1884 2362
127 233 262 319 Nr.
297 242 433 326 55.

1328 243 1683 315 1784
46 409 533 523 Zürcher

1277 403 1757 525 Zeitung

156 611 411 668 Samstag

1288 606 1367 655 den
1385 618 1446 656 10.
1461 603 1727 663 Heumonat.

290 839 657 885 Frankreich.

87 884 193 922 Paris
202 897 212 920 ,
221 890 308 918 vom
325 893 355 917 2.
367 884 470 924 Julii.
507 885 569 919 Die
579 882 751 923 königlichen
768 884 888 923 Schau¬

47 922 147 963 spieler
165 921 280 961 führten
304 924 410 965 gestern
433 926 478 956 die
497 922 677 961 Druiden,
699 924 744 956 ein
757 924 887 960 Trauer¬

47 963 117 1000 spiel
150 965 199 995 des
220 964 318 1005 Herrn
343 961 371 997 le
400 964 511 999 Blank
536 964 609 999 auf,
631 964 686 995 das
710 962 758 999 seit
773 963 884 1003 einigen

46 1002 166 1042 Jahren
186 1002 318 1036 verboten
338 1009 411 1035 war.
453 1004 521 1038 Der
537 1001 656 1040 Beyfall
672 1009 734 1037 war
749 1002 887 1041 ausseror¬

47 1039 188 1077 dentlich.
214 1041 297 1077 Dem
311 1034 505 1084 schwedischen
515 1038 722 1079 Monarchen,
743 1042 792 1075 der
809 1041 885 1075 keine

49 1079 257 1118 empfindelnde
271 1081 473 1118 Drathpuppe
493 1081 525 1117 ist
538 1087 548 1119 -
569 1083 629 1114 und
648 1076 714 1115 dem
735 1082 819 1118 Graf
828 1088 885 1114 von

47 1117 152 1155 Artois
182 1117 348 1158 entstürzten
379 1120 529 1157 Thränen.
559 1120 682 1159 Nassen
706 1121 807 1158 Auges
831 1120 891 1159 rief

47 1160 105 1192 das
118 1158 277 1197 Publikum
298 1161 351 1193 den
366 1159 514 1197 Verfasser
528 1159 631 1197 hervor
647 1161 705 1193 und
723 1158 818 1194 krönte
835 1156 886 1198 ihn

47 1198 106 1230 mit
130 1200 195 1231 dem
211 1198 353 1232 lautesten
380 1199 510 1234 Beyfall.
554 1200 697 1234 Beynahe
719 1200 799 1232 jeden
818 1201 887 1234 Tag

48 1236 181 1276 erscheint
201 1239 250 1271 der
275 1234 516 1275 liebenswürdige
542 1235 683 1273 Reisende
704 1235 747 1270 im
767 1235 888 1271 Schau¬

47 1274 119 1313 spiel
144 1289 180 1297 —
191 1277 262 1309 aber
292 1277 385 1314 gewiß
409 1275 492 1312 ist's,
523 1274 579 1312 daß
605 1274 674 1313 dieß
697 1281 753 1309 nur
777 1275 889 1309 Neben¬

49 1310 134 1353 zweck
148 1313 181 1349 ist
198 1327 237 1337 —
258 1317 317 1347 und
331 1316 388 1353 daß
404 1315 436 1347 in
451 1317 499 1347 der
511 1313 893 1349 Kabinets-Dämmerung

50 1349 138 1387 vieles
162 1354 308 1391 vorgeht,
338 1355 394 1387 das
415 1356 485 1390 noch
511 1353 571 1387 kein
589 1352 673 1389 Blick
694 1355 790 1391 irgend
813 1353 891 1386 eines

49 1390 229 1429 Schreibers
248 1393 278 1425 in
303 1393 441 1427 Merkurs
458 1394 548 1428 Bude
566 1392 767 1432 durchgeblickt
782 1393 898 1428 hat.—

49 1431 117 1467 Der
140 1431 224 1469 Graf
240 1438 297 1464 von
316 1432 419 1467 Artois
436 1431 487 1467 hat
500 1431 544 1464 die
564 1432 759 1470 letztgemeldte
774 1431 890 1467 Streit¬

52 1469 130 1508 sache
144 1478 313 1509 gewonnen.
335 1486 373 1493 —
400 1469 560 1509 Künftigen
578 1472 725 1508 Sonntag
747 1468 801 1503 den
823 1472 892 1507 4ten

48 1508 136 1548 Julii
168 1512 281 1543 werden
309 1510 353 1542 die
379 1511 493 1550 Herren
522 1509 623 1545 Abbés
648 1510 802 1546 Mtollan
830 1510 890 1542 und

50 1548 194 1590 Janinet
218 1548 279 1581 eine
302 1549 441 1586 Luftreise
464 1549 604 1585 machen,
628 1555 707 1587 wozu
735 1549 789 1582 wir
809 1549 895 1585 ihnen

50 1594 110 1621 von
122 1588 232 1628 Herzen
250 1590 337 1627 guten
356 1588 449 1623 Wind
464 1587 678 1626 wünschen. —
700 1588 797 1627 Franz
814 1589 897 1623 Tou¬

50 1634 183 1666 rangeau
215 1628 260 1661 ein
290 1627 513 1666 Zimmermann
527 1642 537 1662 ,
565 1628 613 1660 der
639 1627 690 1664 sich
712 1627 837 1663 wirklich
862 1627 898 1660 in

50 1667 147 1708 Pont
175 1666 235 1703 St.
259 1666 428 1706 Maxencel
445 1664 570 1703 aufhält
573 1675 593 1701 ,
611 1664 670 1704 hat
683 1663 774 1704 zwölf
794 1665 896 1705 Perso¬

51 1714 109 1740 nen
133 1708 188 1739 das
209 1706 301 1742 Leben
322 1710 449 1746 gerettet.
492 1706 601 1742 Gleich
615 1708 746 1739 vertraut
762 1705 816 1738 mit
828 1706 893 1739 dem

51 1745 147 1786 Feuer
169 1747 228 1779 und
236 1745 317 1779 dem
324 1746 439 1784 Wasser
461 1745 554 1782 entriß
573 1746 615 1781 Er
637 1745 716 1784 zehen
738 1745 893 1782 Menschen

51 1788 108 1820 den
121 1785 265 1825 Fluthen,
288 1788 349 1819 und
364 1794 438 1826 zwey
454 1786 508 1818 den
532 1785 700 1825 Flammen.
740 1785 807 1822 Vor
818 1792 893 1824 zwey

51 1825 174 1862 Jahren
193 1827 244 1859 ritt
261 1826 308 1859 ein
325 1825 500 1864 Führmann
511 1826 561 1864 des
574 1819 689 1863 Nachts
705 1831 756 1861 um
774 1824 831 1863 eilf
832 1822 898 1870 Uhr

52 1864 124 1901 über
143 1866 188 1898 die
198 1864 256 1903 alte
267 1864 389 1903 Brücke.
414 1861 472 1902 Ein
485 1859 696 1903 fürchterliches
711 1867 765 1904 mit
773 1867 893 1902 Sturm

53 1906 116 1940 und
129 1905 283 1945 Schlossen
302 1901 472 1945 vereinigtes
485 1905 631 1942 Gewitter
644 1899 739 1945 stürzte
756 1904 814 1943 ihn
820 1906 894 1946 vom

53 1946 148 1985 Pferd
181 1946 268 1983 herab
294 1950 325 1980 in
355 1947 409 1979 den
438 1942 532 1986 Fluß.
587 1945 814 1989 Tourangeau
845 1946 894 1986 lag

51 1979 139 2022 schon
145 1982 198 2021 im
209 1980 317 2023 Bette,
337 1986 385 2023 als
397 1986 439 2023 Er
456 1985 545 2026 Hülfe
555 1988 639 2022 rufen
654 1986 747 2024 hörte.
769 1986 894 2024 Schnell

53 2024 140 2063 stürzt
154 2033 182 2059 er
207 2025 255 2064 sich
276 2026 308 2060 in
329 2028 382 2061 den
403 2027 540 2064 Strom,
562 2024 672 2065 kämpft
693 2026 752 2060 eine
769 2026 897 2063 Viertel¬

53 2057 898 2107 stunde mit den aufgewühlten Fluthen und bringt
55 2105 112 2137 den
133 2105 233 2140 Mann
258 2104 391 2147 glücklich
409 2106 475 2140 an's
504 2105 583 2145 Ufer.
625 2103 673 2143 Es
695 2106 726 2145 ist
744 2107 805 2140 eine
822 2099 897 2148 Her¬

56 2144 228 2184 zenswonne
241 2164 250 2187 ,
272 2148 326 2183 den
339 2147 443 2184 Mann
466 2149 562 2184 davon
580 2145 710 2188 erzählen
732 2155 765 2188 zu
788 2145 877 2187 hören
887 2164 897 2188 ,

921 842 976 876 wie
1003 849 1033 875 er
1058 840 1109 878 erst
1132 840 1185 874 den
1206 840 1371 877 Geretteten
1392 839 1472 877 nicht
1489 837 1584 877 fande
1706 836 1760 874 ,
1593 848 1607 875 und
1621 839 1690 872 ihn

919 884 980 917 nur
989 884 1086 916 wenn
1088 881 1140 909 es
1140 879 1233 921 blitzte
1241 876 1300 919 sah
1310 889 1353 905 —
1354 877 1422 912 und
1428 881 1482 917 der
1488 877 1599 917 Hagel
1601 878 1665 914 auf
1666 877 1758 913 seinen

918 919 1044 960 Rücken
1049 917 1167 956 stürtzte.
1197 918 1287 958 Vor
1292 922 1427 956 weniger
1432 917 1504 956 Zeit
1513 919 1617 952 führte
1624 919 1695 952 ein
1702 917 1768 955 Po¬

917 958 1034 994 stillion
1043 958 1121 988 vier
1134 957 1245 997 Pferde
1252 974 1268 996 ,
1279 959 1333 994 die
1349 963 1391 994 and
1404 960 1477 993 dem
1482 959 1580 993 Hals
1580 958 1764 989 aneinander

923 1001 1080 1033 gebunden
1093 1004 1200 1031 waren
1202 1018 1219 1035 ,
1230 1003 1278 1032 in
1281 996 1349 1034 den
1357 996 1456 1038 Fluss.
1489 997 1539 1034 Er
1545 996 1617 1030 kam
1627 999 1671 1028 in
1686 1003 1762 1025 einen

918 1044 987 1066 vier
998 1040 1064 1071 und
1073 1043 1206 1079 zwanzig
1216 1039 1346 1075 Schuhe
1356 1036 1459 1074 tiefen
1457 1038 1602 1072 Schlund
1601 1052 1634 1072 ,
1639 1032 1705 1075 der
1705 1033 1767 1076 ihn

918 1080 984 1112 und
998 1076 1049 1111 die
1065 1075 1179 1117 Pferde
1195 1077 1384 1114 verschlang.
1427 1078 1556 1108 Schnell
1572 1080 1655 1111 warf
1665 1074 1772 1115 Tou¬

922 1119 1082 1154 rangeau
1099 1115 1162 1154 Hut
1176 1122 1242 1153 und
1256 1116 1348 1155 Rock
1349 1115 1473 1158 beyseite
1485 1127 1501 1152 ,
1527 1119 1644 1155 sprang
1652 1113 1693 1151 in
1704 1112 1773 1148 den

926 1153 1004 1194 Fluss
1020 1162 1095 1190 und
1101 1157 1179 1191 kam
1185 1156 1256 1195 mit
1260 1159 1340 1194 dem
1361 1157 1515 1194 Postillion
1537 1157 1673 1190 unterm
1672 1152 1767 1188 Arme

921 1195 1037 1227 zurück.
1068 1195 1145 1222 Als
1144 1194 1220 1225 man
1221 1192 1284 1223 ihn
1289 1191 1383 1230 fragte
1395 1203 1418 1227 ,
1421 1189 1485 1221 ob
1492 1190 1552 1225 ihn
1546 1186 1626 1219 der
1619 1191 1776 1233 Postmei¬

919 1229 991 1260 ster
993 1232 1084 1265 auch
1086 1226 1180 1268 dafür
1193 1226 1317 1267 belohnt
1329 1222 1412 1268 habe
1416 1245 1439 1265 ,
1443 1222 1534 1267 sagte
1539 1227 1600 1270 Er
1598 1229 1681 1269 ganz
1682 1227 1777 1268 kalt:

918 1268 1013 1306 Ach,
1020 1274 1108 1309 was
1122 1264 1322 1310 Belohnung
1316 1267 1352 1308 !
1353 1263 1431 1316 Ich
1433 1262 1505 1304 bin
1505 1266 1674 1304 zufrieden
1677 1284 1696 1308 ,
1701 1263 1777 1308 daß

928 1307 1018 1349 Herr
1025 1308 1142 1342 Payen
1147 1307 1256 1346 seinen
1268 1301 1396 1343 Knecht
1415 1313 1522 1350 wegen
1523 1311 1590 1352 den
1599 1311 1771 1351 ersoffenen

926 1348 1058 1383 Pferden
1063 1345 1151 1387 nicht
1155 1348 1282 1384 strafte.

1201 1388 1496 1428 Holland

965 1427 1069 1473 Haag
1079 1444 1091 1465 ,
1112 1428 1173 1464 den
1188 1428 1288 1466 25sten
1303 1424 1417 1468 Junii.
1458 1427 1548 1466 Unser
1559 1426 1712 1469 Bündniß
1703 1419 1777 1465 mit

930 1463 1112 1505 Frankreich
1111 1467 1212 1506 rückt
1218 1474 1272 1506 gar
1292 1466 1372 1506 nicht
1393 1466 1466 1506 nach
1481 1467 1586 1505 unfern
1606 1466 1773 1506 Wünschen

931 1512 995 1540 vor.
1036 1506 1098 1542 Die
1128 1507 1273 1543 Antwort
1296 1507 1348 1542 des
1372 1508 1472 1547 Herrn
1495 1513 1553 1540 von
1578 1507 1774 1550 Vergennes

934 1545 991 1582 auf
1016 1545 1062 1578 die
1090 1542 1265 1586 Vorschläge
1297 1547 1406 1584 unsrer
1427 1544 1711 1586 Bevollmächtigten
1733 1547 1774 1584 ist

936 1585 1028 1622 nichts
1042 1583 1173 1625 weniger
1194 1585 1241 1619 als
1254 1583 1366 1626 günstig
1381 1594 1420 1619 --
1441 1588 1510 1620 und'
1524 1584 1701 1624 überhaupt
1704 1586 1774 1618 will

935 1624 985 1662 sich
1004 1625 1179 1662 Frankreich
1197 1625 1252 1658 mit
1275 1627 1332 1659 uns
1350 1632 1421 1664 ganz
1435 1627 1494 1659 und
1512 1633 1567 1665 gar
1585 1626 1662 1663 nicht
1683 1623 1775 1665 näher

935 1663 1087 1701 einlassen,
1108 1663 1155 1696 bis
1172 1664 1267 1701 unsere
1285 1665 1507 1703 Streitigkeiten
1519 1665 1577 1699 mit
1594 1666 1661 1699 dem
1673 1664 1776 1705 Kaiser

935 1703 1065 1742 beendigt
1087 1703 1152 1740 sind.
1195 1699 1249 1739 So
1261 1704 1390 1746 schutzlos
1405 1711 1463 1738 von
1478 1704 1593 1743 aussen,
1615 1711 1674 1740 von
1686 1707 1776 1741 innen

934 1741 1076 1781 zerrissen,
1082 1740 1136 1781 mit
1150 1742 1225 1776 einer
1237 1741 1449 1781 fürchterlichen
1464 1743 1576 1783 Machtim
1576 1739 1631 1784 im
1638 1746 1777 1785 Streike,

935 1779 1006 1821 ohne
1021 1784 1140 1821 wahren
1156 1782 1370 1823 Patriotismus
1384 1784 1419 1822 ist
1439 1785 1523 1822 unsre
1548 1784 1626 1824 Lage
1646 1785 1691 1820 die
1714 1794 1779 1821 ver¬

935 1821 1063 1860 wickelste
1085 1823 1144 1856 und
1168 1821 1327 1862 kritischte,
1347 1824 1393 1858 die
1414 1825 1537 1865 gedacht
1560 1824 1674 1864 werden
1688 1826 1777 1862 kann.

936 1863 986 1903 In
997 1865 1045 1899 der
1065 1862 1151 1900 ersten
1165 1864 1394 1905 Versammlung
1414 1866 1465 1899 der
1477 1866 1612 1904 Staaten
1622 1869 1685 1900 von
1696 1864 1782 1908 Hol¬

936 1905 1006 1937 land
1027 1904 1076 1942 soll
1097 1903 1172 1939 über
1177 1902 1229 1943 die
1246 1905 1398 1941 Antwort
1394 1903 1451 1943 des
1464 1901 1664 1944 französischen
1682 1906 1779 1948 Hofes

938 1944 1105 1983 gesprochen
1133 1945 1256 1979 werden.
1313 1943 1416 1982 Neben
1439 1940 1543 1982 diesem
1568 1944 1682 1980 werden
1704 1939 1778 1985 auch

936 1983 1009 2019 nebst
1036 1985 1085 2018 der
1104 1984 1241 2019 Antwort
1261 1985 1318 2024 auf
1333 1988 1388 2019 das
1404 1984 1577 2023 Schreiben
1580 1983 1646 2015 des
1657 1985 1778 2027 Königs

934 2031 992 2058 von
1013 2024 1150 2064 Preussen
1174 2041 1183 2062 ,
1204 2024 1255 2059 die
1269 2025 1570 2066 Gegenforderungen
1582 2027 1634 2060 des
1645 2028 1778 2065 Staats

932 2072 974 2099 an
998 2064 1051 2098 den
1075 2060 1176 2104 Kaiser
1198 2064 1256 2103 auf
1277 2067 1347 2103 dem
1365 2067 1462 2105 Tapet
1488 2065 1655 2103 erscheinen.
1710 2068 1778 2104 Und

939 2104 1010 2141 diese
1034 2105 1118 2141 sollen
1138 2104 1237 2144 gewiss
1243 2106 1368 2145 ziemlich
1384 2105 1564 2145 vollwichtig
1576 2106 1656 2145 seyn.
1684 2106 1778 2144 Denn

939 2145 985 2181 die
1009 2146 1110 2182 Stadt
1133 2145 1314 2186 Amsterdam
1343 2147 1392 2188 soll
1414 2146 1501 2183 allein
1532 2153 1590 2183 von
1614 2147 1777 2185 Millionen
