3118 4606
67 125 708 390 Neue
803 106 2963 440 Zürcher-Zeitung.

401 433 586 457 Abonnement.

589 461 694 490 Jährlich.
716 461 730 485 6
737 461 806 485 Mon.
827 459 843 483 3
843 459 917 483 Mon.

70 486 164 513 Zürich
179 492 253 516 (wenn
260 490 291 513 die
300 489 395 517 Zeitung
409 488 507 517 abgeholt
517 488 582 515 wird)
582 488 626 515 Fr.
626 488 689 515 16.—
711 489 751 515 Fr.
751 489 804 515 8.—
824 487 866 513 Fr.
866 487 918 513 4.50

72 511 189 538 Schweiz
206 517 248 542 (bei
262 515 321 539 allen
334 517 495 543 Postbureaux)
598 533 609 542 „
629 519 690 538 21.—
721 518 739 544 „
739 518 804 544 10.50
834 531 844 541 „
869 516 917 536 5.50

70 539 183 566 Italien
193 543 330 571 (Bestellung
338 544 370 566 bei
381 547 416 566 der
425 542 564 569 Expedition)
598 559 610 569 „
630 546 691 565 31.—
722 545 738 570 „
738 545 805 570 15.50
834 558 844 568 „
869 543 918 563 8.50

71 567 231 595 Frankreich
247 571 385 600 (Bestellung
393 571 413 593 b.
419 573 437 593 d.
443 567 582 597 Expedition)
600 586 611 596 „
631 573 692 593 38.—
724 587 734 597 „
746 573 805 593 19.—
836 585 845 595 „
857 570 918 589 10.—

205 607 567 635 Deutsch-österreichischer
598 607 785 634 Postverband

86 642 115 665 zu
130 638 251 663 abonniren
265 640 299 662 bei
311 643 350 663 den
366 639 463 667 dortigen
477 638 627 664 Postbureaux
636 645 663 668 zu
672 639 789 668 folgenden
799 637 890 663 Preisen
901 643 907 657 :

73 663 171 689 Jährlich
201 666 213 690 7
224 666 288 690 Thlr.
299 669 323 688 10
331 666 391 695 Sgr.
406 669 430 688 14
438 666 460 692 fl.
468 668 493 687 25
500 666 531 688 kr.
541 665 597 693 südd.
605 665 643 690 W.
658 666 683 690 18
691 666 713 690 fl.
721 664 749 693 28
749 664 782 693 kr
782 664 836 693 östr.
836 664 918 693 Whrg.

74 693 88 712 6
96 691 192 716 Monate
200 696 235 721 3
235 696 253 721 „
296 695 339 720 20
339 695 364 720 „
420 695 441 719 7
441 695 455 719 „
471 695 495 714 18
510 710 520 719 „
559 710 568 720 „
615 694 624 720 „
672 695 688 720 9
688 695 712 720 „
712 695 755 720 14
755 695 793 720 „
793 695 816 720 „
876 709 885 719 „

73 718 95 744 3
95 718 194 744 Monate
202 724 213 742 1
243 738 253 748 „
296 723 322 742 25
355 738 365 746 „
421 722 434 741 3
445 737 454 746 „
471 722 495 741 46
509 737 520 746 „
560 737 569 747 „
615 737 625 747 „
673 721 691 747 4
691 721 712 747 „
712 721 756 747 57
756 721 775 747 „
807 736 817 746 „

345 758 402 784 Für
427 761 521 781 andere
547 758 646 782 Länder

130 787 172 814 sind
187 788 342 818 Bestellungen
354 795 383 811 an
397 789 427 812 die
443 789 572 816 Expedition
587 789 611 811 in
625 789 700 816 Zürich
716 790 863 819 einzusenden.

1161 539 1584 600 Einundfünfzigster
1619 537 1865 597 Jahrgang.

2483 429 2606 456 Inserate

2121 460 2165 489 sind
2186 467 2213 484 an
2235 460 2416 488 Haasenstein
2446 462 2498 482 und
2518 460 2627 488 Vogler
2653 461 2676 484 in
2699 461 2785 487 Zürich,
2808 461 2883 488 Basel,
2905 461 2976 490 Genf,

2170 488 2299 517 Stuttgart,
2315 487 2445 514 Frankfurt,
2459 487 2547 514 Berlin,
2561 486 2682 516 Hamburg
2698 494 2725 511 rc.
2739 494 2768 511 rc.
2781 484 2927 517 einzusenden.

2121 514 2374 543 Insertionspreis
2395 514 2434 541 für
2453 515 2484 537 die
2499 514 2596 545 Schweiz
2609 518 2636 538 20
2653 516 2701 541 Rp.
2701 516 2740 541 die
2758 515 2899 545 vierspaltige
2909 515 2976 545 Zeile;

2234 542 2274 570 für
2287 543 2328 565 das
2341 537 2445 564 Autland
2461 543 2486 562 25
2503 542 2558 569 Cts.,
2572 545 2586 564 7
2599 543 2697 573 Kreuzer
2710 545 2762 566 oder
2777 545 2791 565 2
2804 542 2863 572 Sgr.

2304 616 2402 640 Bureau
2415 618 2455 640 der
2469 616 2602 640 Redaktion:
2616 616 2760 646 Marktgasse,
2774 617 2794 639 8.

1242 697 1532 768 Zweites
1569 695 1793 758 Blatt.

2122 690 2169 718 Für
2183 692 2220 715 den
2233 691 2336 720 Montag
2350 689 2405 714 wird
2420 690 2453 713 die
2471 690 2567 720 Zeitung
2583 690 2672 716 einmal,
2689 691 2728 718 für
2743 688 2787 714 alle
2806 689 2900 719 übrigen
2913 689 2976 719 Tage

2415 717 2519 747 zweimal
2532 718 2676 747 ausgegeben.

2333 789 2438 819 Einzelne
2454 788 2584 813 Nummern
2598 790 2667 816 kosten
2680 792 2706 811 10
2719 790 2764 815 Rp.

140 872 405 931 Zürich,

1101 862 1420 931 Donnerstag,
1454 863 1538 918 19.
1568 860 1788 919 Oktober
1820 863 1976 920 1871.

2646 858 2769 928 Nr.
2798 864 2937 927 536

293 1051 772 1112 Tagesbericht

388 1130 452 1152 vom
474 1123 519 1153 18.
540 1121 669 1156 Oktober.

135 1166 195 1201 Die
224 1178 282 1202 von
312 1168 358 1202 der
393 1168 630 1211 „Independance
660 1170 759 1213 belge"
793 1169 883 1210 letzter
915 1167 996 1210 Tage

65 1210 276 1256 veröffentlichte
318 1214 376 1247 und
419 1223 475 1246 von
515 1218 575 1248 uns
618 1215 721 1249 bereits
756 1214 820 1256 kurz
855 1214 996 1254 erwähnte

63 1254 386 1301 Korrespondenz
396 1259 520 1301 zwischen
534 1260 593 1292 dem
605 1260 728 1293 Kabinet
742 1258 913 1298 Napoleons
935 1258 992 1292 III.

61 1301 124 1334 und
136 1302 195 1337 dem
207 1305 398 1347 Intriganten
409 1303 508 1337 Oskar
519 1303 712 1345 Lessines,
726 1304 774 1337 der
786 1304 939 1345 Napoleon
951 1304 993 1337 die

64 1344 269 1391 Königskrone
303 1359 358 1383 von
382 1349 504 1390 Belgien
533 1352 703 1391 angetragen
738 1350 794 1391 hat,
831 1349 917 1391 macht
950 1349 993 1382 die

67 1388 176 1427 Runde
200 1395 233 1428 in
255 1396 303 1428 der
325 1393 513 1434 europäischen
538 1392 637 1434 Presse
664 1394 721 1427 und
744 1394 817 1427 wird
839 1403 896 1427 von
920 1395 993 1427 allen

65 1433 217 1481 Blättern,
244 1440 316 1480 ohne
337 1437 505 1478 Unterschied
527 1437 600 1479 ihrer
624 1439 777 1481 politischen
799 1439 901 1482 Farbe,
927 1439 993 1481 nach

67 1479 228 1516 Verdienen
248 1482 469 1525 gebrandmarkt.
495 1482 552 1516 Die
569 1484 796 1526 veröffentlichten
813 1484 993 1518 Dokumente

64 1523 154 1566 dieses
178 1527 333 1561 Skandals
356 1527 476 1570 scheinen
491 1528 606 1570 wirklich
631 1529 793 1572 authentisch
818 1538 851 1571 zu
873 1529 939 1571 sein,
956 1530 993 1562 da

65 1567 127 1610 ihre
151 1570 308 1614 Unechtheit
328 1572 376 1606 bis
410 1582 461 1615 zur
483 1572 601 1606 Stunde
623 1575 687 1616 noch
718 1583 775 1608 von
798 1575 886 1607 keiner
910 1574 994 1607 Seite

68 1614 188 1658 ernstlich
212 1617 359 1660 bestritten,
383 1617 538 1660 geschweige
562 1619 634 1652 denn
655 1619 852 1661 nachgewiesen
875 1619 994 1652 worden

64 1657 109 1699 ist.
135 1660 216 1704 Nicht
240 1663 295 1704 daß
318 1663 361 1696 ein
384 1663 483 1705 junger
506 1662 702 1704 überspannter
726 1663 918 1705 Taugenichts
942 1663 994 1694 den

62 1702 245 1748 lächerlichen
268 1707 380 1749 Einfall
404 1708 486 1750 hatte,
519 1708 564 1741 die
586 1708 745 1750 Herrschaft
768 1708 837 1740 über
861 1708 880 1738 5
907 1706 992 1739 Mill.

61 1746 147 1788 freier
170 1751 285 1794 Bürger
307 1753 394 1786 einem
417 1752 538 1793 fremden
561 1752 736 1794 Monarchen
761 1751 937 1793 anzubieten,
962 1750 995 1792 ist

65 1796 108 1834 es,
144 1799 207 1829 was
244 1798 285 1830 die
307 1796 533 1838 Korrespondenz
562 1796 637 1829 einer
673 1796 778 1836 ernsten
802 1797 993 1839 Erwähnung

66 1840 157 1882 werth
179 1843 275 1884 macht,
300 1842 417 1884 sondern
440 1841 482 1874 die
515 1839 568 1882 fast
600 1841 797 1884 unglaubliche
834 1841 991 1883 Thatsache,

66 1883 123 1923 daß
148 1885 299 1927 Napoleon
322 1886 378 1919 III.
415 1885 465 1927 auf
500 1886 540 1918 die
576 1886 750 1928 erbärmliche
783 1886 924 1928 Intrigue
948 1885 991 1917 be¬

64 1927 154 1972 gierig
177 1931 290 1974 einging
314 1933 371 1964 und
396 1931 432 1972 sie
454 1931 518 1973 zwei
540 1931 637 1972 Jahre
660 1933 727 1973 lang
751 1930 907 1971 fortspann,
945 1930 991 1963 bis

62 1971 109 2014 ihr
131 1975 178 2009 der
200 1975 491 2019 deutsch-französische
513 1976 597 2017 Krieg
629 1976 672 2008 ein
708 1975 883 2016 gründliches
910 1974 992 2008 Ende

59 2019 174 2060 machte.
217 2021 284 2053 Mit
307 2021 390 2061 Recht
414 2020 472 2061 sind
496 2020 535 2052 die
560 2019 766 2062 angesehensten
799 2019 992 2061 französischen

60 2061 212 2103 Journale
244 2065 312 2097 über
347 2064 414 2105 diese
447 2073 513 2097 neue
536 2063 718 2108 Enthüllung
753 2066 799 2098 der
823 2065 992 2106 kaiserlichen

60 2106 174 2146 Politik
196 2110 305 2151 empört
327 2110 384 2142 und
409 2108 508 2150 führen
540 2109 577 2148 sie
600 2110 648 2142 der
671 2110 781 2152 eigenen
804 2109 919 2142 Nation
944 2110 992 2142 als

59 2159 151 2184 neuen
174 2154 376 2196 beschämenden
400 2153 518 2186 Beweis
544 2153 629 2192 dafür
653 2163 704 2187 vor
728 2154 841 2195 Angen,
876 2153 934 2195 daß
959 2155 992 2194 sie

60 2196 106 2227 20
131 2196 225 2241 Jahre
249 2199 318 2240 lang
342 2199 401 2236 ihre
426 2196 556 2238 Geschicke
588 2197 617 2229 in
642 2199 683 2230 die
705 2198 808 2241 Hände
844 2198 913 2239 nicht
937 2208 992 2231 nur

61 2240 140 2274 eines
164 2243 307 2287 gemeinen
334 2241 574 2284 „Intriganten,"
599 2242 717 2284 sondern
740 2243 816 2276 eines
845 2243 992 2285 „Dumm¬

60 2285 179 2329 kopfes"
204 2289 295 2331 gelegt
318 2288 402 2330 hatte.

126 2339 226 2373 Oskar
251 2339 371 2380 Lessines
396 2338 506 2371 erwarb
528 2338 578 2379 sich
594 2339 645 2372 den
661 2339 773 2382 Zutritt
787 2349 851 2382 zum
866 2340 989 2373 Kabinet

55 2382 108 2416 des
131 2384 249 2427 Kaisers
272 2384 369 2425 damit,
386 2383 444 2424 daß
458 2393 487 2416 er
502 2384 551 2415 den
569 2383 679 2427 Antrag
696 2385 805 2426 machte,
824 2386 853 2417 in
870 2385 988 2425 Brüssel

55 2432 140 2462 unter
164 2431 223 2463 dem
250 2430 362 2462 Namen
389 2428 517 2470 „Caira"
542 2428 587 2460 ein
609 2428 696 2462 Blatt
719 2439 752 2471 zu
777 2430 913 2472 gründen,
934 2432 988 2463 das

56 2472 239 2516 Rochefort's
267 2473 441 2516 „Lanterne"
466 2482 500 2514 zu
522 2472 679 2515 bekämpfen
702 2475 787 2515 hätte.
836 2474 912 2507 Dies
926 2484 989 2507 war

56 2526 107 2551 am
120 2520 173 2553 27.
190 2520 272 2563 Juni
290 2519 385 2551 1868.
411 2517 556 2558 Während
573 2518 616 2550 die
633 2518 792 2558 Gesandten
804 2519 988 2562 Frankreichs

55 2562 89 2595 in
112 2564 243 2608 Belgien,
267 2563 353 2606 zuerst
375 2563 452 2606 Herr
476 2561 604 2604 Guitart,
634 2563 724 2605 später
747 2564 984 2606 Lagueronniere,

60 2607 113 2649 auf
136 2610 300 2652 Verlangen
324 2610 372 2641 des
387 2607 505 2648 Kaisers
522 2606 763 2651 Erkundigungen
779 2610 849 2641 über
863 2608 986 2650 Lessines

57 2652 201 2697 einzogen,
235 2655 338 2698 gelang
362 2656 393 2686 es
431 2652 588 2694 inzwischen
609 2654 671 2687 dem
695 2654 822 2694 Letztern,
849 2654 897 2686 der
921 2656 986 2695 auch

57 2696 135 2730 einen
160 2700 263 2734 Orden
298 2705 354 2732 von
388 2698 437 2730 der
461 2697 617 2740 Exkönigin
646 2698 777 2740 Isabella
810 2708 845 2740 zu
870 2699 987 2732 erobern

55 2743 170 2786 gewußt
193 2747 277 2788 hatte,
294 2744 375 2785 durch
399 2742 521 2783 fremden
537 2743 662 2785 Einfluß
684 2745 722 2776 im
740 2743 880 2776 Sommer
902 2745 986 2776 1869

53 2786 113 2820 eine
137 2790 264 2832 Audienz
288 2789 359 2822 beim
382 2788 482 2830 Kaiser
506 2787 659 2828 Napoleon
681 2798 714 2829 zu
738 2789 882 2830 erlangen.
932 2789 986 2822 Bei

52 2830 140 2873 dieser
165 2834 383 2878 Angelegenheit
406 2843 468 2866 war
491 2836 531 2873 es,
555 2833 611 2875 daß
636 2833 757 2874 Lessines
775 2833 927 2874 Napoleon
946 2834 987 2867 die

52 2875 152 2910 Krone
175 2889 232 2912 von
257 2879 379 2921 Belgien
403 2882 507 2920 antrug
530 2879 589 2911 und
611 2879 670 2911 eine
697 2877 748 2919 auf
772 2878 813 2911 die
838 2878 987 2913 Annexion

52 2919 197 2964 Belgiens
219 2923 376 2965 abzielende
400 2922 557 2965 Broschüre
593 2923 811 2964 auszuarbeiten
835 2922 984 2966 versprach.

52 2964 112 2998 Am
136 2968 190 3001 26.
206 2968 280 3010 Juli
302 2968 364 3000 kam
386 2967 464 2999 dann
487 2968 536 2999 der
549 2966 649 3004 Kaiser
671 2968 701 3001 in
723 2969 777 3001 den
799 2968 888 3010 Besitz
905 2969 987 3009 dieser

49 3009 217 3055 Broschüre,
243 3013 288 3046 die
312 3013 362 3045 mit
381 3012 468 3044 einem
481 3011 637 3053 Schreiben
661 3022 717 3046 von
742 3013 868 3054 Lessines
893 3013 984 3047 einbe-

51 3055 146 3097 gleitet
177 3068 249 3099 war,
286 3057 375 3098 dessen
398 3056 533 3098 Eingang
566 3056 709 3100 folgender
734 3058 852 3101 Maßen
875 3059 983 3093 lautet:

56 3100 174 3140 „Sire!
220 3103 277 3144 Ich
312 3102 380 3144 habe
415 3102 457 3134 die
492 3101 576 3143 Ehre,
614 3104 672 3136 eine
695 3103 794 3136 Arbeit
829 3113 868 3136 an
892 3103 984 3137 Euere

53 3144 195 3189 Majestät
218 3146 401 3190 abzusenden,
438 3147 518 3179 deren
552 3146 682 3188 schönster
716 3148 795 3189 Lohn
829 3151 861 3181 es
896 3149 983 3190 wäre,

51 3198 136 3223 wenn
160 3193 197 3234 ich
222 3194 259 3235 sie
288 3192 355 3225 Ew.
380 3190 520 3233 Majestät
545 3201 596 3234 zur
618 3193 824 3236 Befriedigung
849 3195 984 3236 gereichen

50 3233 133 3276 sehen
156 3240 266 3271 würde.
292 3237 355 3270 Der
379 3237 477 3278 Ruhm
503 3236 567 3270 Ew.
588 3237 727 3280 Majestät
750 3239 850 3271 würde
873 3240 984 3281 gekrönt

50 3280 134 3323 durch
169 3283 211 3316 die
234 3282 385 3324 Annahme
420 3282 478 3314 und
503 3282 695 3326 Ausführung
725 3284 831 3317 meines
858 3284 981 3325 Planes.

1056 969 1153 1012 Möge
1177 968 1253 1002 Eure
1275 969 1416 1011 Majestät
1449 968 1500 1010 ihn
1522 966 1606 1009 daher
1640 967 1713 1000 einer
1740 968 1897 1011 ernstlichen
1923 969 1982 1003 Er¬

1055 1015 1182 1058 wägung
1216 1014 1371 1057 würdigen.
1421 1013 1501 1046 Was
1534 1012 1601 1055 mich
1622 1012 1737 1054 betrifft,
1772 1013 1801 1054 so
1825 1014 1922 1048 würde
1945 1015 1982 1058 ich

1056 1061 1132 1094 mein
1156 1060 1241 1094 Leben
1266 1059 1311 1099 für
1336 1059 1414 1093 Eure
1437 1056 1579 1099 Majestät
1609 1058 1667 1091 und
1691 1057 1737 1098 für
1759 1058 1815 1092 das
1838 1058 1983 1103 Gelingen

1055 1106 1104 1139 der
1137 1106 1227 1147 Ideen
1261 1104 1406 1146 hingeben,
1442 1103 1487 1135 die
1507 1101 1600 1144 Ihrer
1621 1102 1762 1145 Dynastie
1794 1104 1854 1136 und
1875 1104 1983 1146 Ihrem

1055 1150 1179 1192 Ansehen
1203 1150 1245 1183 bei
1269 1150 1317 1182 der
1341 1147 1485 1190 Nachwelt
1507 1146 1536 1189 so
1558 1147 1735 1189 beförderlich
1758 1148 1815 1189 sein
1837 1150 1979 1182 werden."

1053 1195 1179 1238 Lessines
1203 1194 1346 1236 verspricht
1367 1194 1408 1226 im
1426 1192 1577 1234 Weiteren,
1591 1193 1644 1225 alle
1667 1191 1712 1234 für
1728 1192 1773 1225 die
1788 1192 1983 1237 Ausführung

1052 1242 1103 1274 des
1129 1241 1243 1283 Planes
1276 1237 1482 1280 erforderlichen
1506 1237 1637 1271 Arbeiten
1673 1237 1730 1270 und
1755 1237 1857 1280 Reisen
1879 1237 1980 1279 seiner¬

1051 1285 1118 1327 seits
1142 1286 1199 1319 und
1223 1282 1274 1325 auf
1296 1283 1386 1326 eigene
1410 1282 1513 1325 Kosten
1543 1292 1576 1325 zu
1600 1282 1719 1324 machen,
1757 1283 1816 1316 und
1851 1283 1983 1326 verlangt

1051 1330 1101 1371 für
1124 1331 1193 1372 seine
1216 1328 1332 1371 Dienste
1355 1328 1429 1362 keine
1444 1328 1545 1361 andere
1560 1326 1735 1370 Belohnung
1752 1327 1800 1361 als
1819 1328 1874 1362 das
1889 1328 1982 1372 Kreuz

1051 1376 1102 1409 der
1125 1374 1325 1418 Ehrenlegion.

1123 1431 1196 1471 Daß
1213 1430 1366 1471 Napoleon
1380 1429 1500 1470 wirklich
1523 1428 1572 1470 auf
1588 1429 1638 1462 den
1658 1428 1885 1470 verrätherischen
1901 1428 1985 1470 Plan

1053 1476 1104 1510 des
1120 1476 1292 1518 27jährigen
1308 1475 1495 1507 Abenteurers
1518 1474 1680 1515 einzugehen
1701 1474 1771 1515 nicht
1794 1473 1983 1516 verschmähte,

1054 1521 1184 1560 beweisen
1224 1521 1266 1552 die
1305 1518 1536 1559 veröffentlichten
1573 1518 1672 1558 Briefe
1708 1519 1756 1551 der
1792 1518 1985 1561 französischen

1054 1564 1273 1606 Gesandtschaft,
1297 1565 1419 1596 woraus
1441 1563 1612 1604 hervorgeht,
1642 1561 1700 1603 daß
1729 1563 1777 1595 der
1800 1563 1897 1604 Kaiser
1920 1564 1986 1606 noch

1053 1611 1121 1650 nach
1145 1610 1204 1642 dem
1229 1606 1386 1649 Empfange
1409 1608 1457 1640 der
1480 1605 1684 1649 Lessines'schen
1706 1606 1848 1647 Brochure
1871 1607 1914 1641 bei
1939 1608 1986 1642 der

1055 1651 1263 1694 Gesandtschaft
1297 1654 1352 1685 das
1382 1652 1528 1694 Begehren
1558 1660 1608 1685 um
1638 1651 1808 1694 Aufschlüsse
1842 1653 1911 1686 über
1945 1654 1987 1687 die

1056 1697 1270 1741 Persönlichkeit
1302 1698 1359 1730 und
1388 1696 1490 1738 soziale
1514 1696 1651 1739 Stellung
1675 1696 1794 1738 Lessines
1824 1698 1986 1741 wiederholt

1055 1747 1203 1776 erneuerte.
1252 1742 1309 1776 Ein
1334 1742 1507 1784 kläglicheres
1530 1740 1664 1784 Zeugniß
1696 1743 1767 1775 kann
1802 1745 1834 1775 es
1864 1742 1913 1784 für
1943 1743 1986 1777 die

1056 1788 1168 1826 Politik
1188 1789 1238 1821 des
1261 1786 1445 1829 Kaiserreichs
1475 1786 1546 1828 nicht
1572 1786 1656 1830 geben
1687 1787 1734 1821 als
1758 1787 1827 1830 diese
1849 1787 1984 1831 Lessines-¬

1055 1833 1174 1875 Affaire.

1123 1888 1254 1921 Admiral
1279 1886 1430 1929 Gueydon,
1456 1886 1710 1928 Civilgouverneur
1731 1888 1789 1920 von
1813 1888 1983 1930 Algier,

1052 1931 1097 1972 ist,
1129 1934 1181 1966 wie
1211 1932 1397 1974 telegraphisch
1431 1931 1508 1973 schon
1539 1933 1677 1973 gemeldet,
1708 1932 1810 1965 wieder
1832 1941 1888 1966 von
1912 1933 1984 1966 Ver¬

1053 1977 1150 2018 sailles
1173 1977 1222 2018 auf
1244 1977 1333 2019 seinen
1358 1976 1463 2018 Posten
1485 1976 1572 2018 dahin
1595 1977 1743 2019 abgereist.
1791 1977 1851 2011 Die
1873 1977 1985 2019 schönen

1053 2022 1241 2065 Hoffnungen
1272 2022 1348 2060 aber,
1380 2022 1422 2054 die
1453 2030 1521 2054 man
1553 2030 1590 2054 an
1622 2021 1709 2061 seinen
1732 2022 1847 2055 Namen
1877 2022 1987 2064 knüpfte

1052 2069 1111 2101 und
1135 2068 1177 2101 die
1192 2067 1274 2101 darin
1292 2066 1446 2109 bestanden,
1471 2067 1515 2099 die
1532 2066 1816 2100 Militär-Autorität
1839 2068 1869 2101 in
1886 2068 1986 2111 Algier

1053 2114 1193 2154 nunmehr
1223 2113 1303 2152 durch
1336 2112 1377 2145 die
1398 2111 1645 2154 Zivil-Autorität
1675 2112 1817 2152 entthront
1841 2122 1875 2154 zu
1898 2113 1982 2155 sehen,

1054 2156 1171 2198 scheinen
1194 2157 1223 2190 in
1248 2158 1335 2200 Folge
1358 2158 1403 2190 der
1428 2156 1657 2200 diesbezüglichen
1682 2157 1712 2190 in
1728 2157 1884 2197 Versailles
1907 2158 1983 2200 statt¬

1054 2202 1188 2243 gehabten
1204 2201 1402 2244 Berathungen
1427 2202 1495 2235 über
1518 2202 1560 2235 die
1582 2202 1824 2244 Reorganisation
1848 2203 1895 2236 der
1912 2203 1984 2237 Ver¬

1055 2249 1185 2289 waltung
1206 2248 1308 2280 wieder
1330 2257 1364 2289 zu
1386 2247 1548 2288 schwinden.
1587 2246 1653 2280 Wie
1669 2253 1715 2280 der
1733 2248 1870 2289 „Siecle"
1889 2248 1986 2291 wissen

1055 2292 1126 2333 will,
1153 2292 1258 2325 bleiben
1280 2292 1322 2325 die
1336 2295 1499 2325 erwarteten
1516 2291 1667 2333 Reformen
1684 2292 1849 2334 einstweilen
1864 2297 1983 2336 vertagt,

1054 2337 1121 2370 weil
1152 2337 1193 2370 die
1216 2337 1389 2380 Regierung,
1422 2339 1474 2370 den
1498 2336 1730 2379 Einwendungen
1754 2337 1983 2380 Mac-Mahons

1054 2380 1154 2422 Gehör
1188 2382 1302 2424 gebend,
1347 2383 1426 2422 durch
1470 2382 1513 2414 die
1546 2381 1682 2424 sofortige
1705 2381 1903 2425 Einführung
1937 2384 1987 2417 der

1054 2424 1296 2459 Civil-Autorität
1319 2426 1347 2459 in
1372 2427 1420 2459 den
1446 2425 1638 2469 afrikanischen
1653 2427 1794 2460 Kolonien
1818 2428 1862 2461 die
1886 2429 1986 2462 Armee

1053 2479 1087 2512 zu
1112 2471 1296 2513 mißstimmen
1319 2471 1473 2513 befürchtet.

1121 2525 1338 2568 Englische
1367 2525 1479 2559 Blätter
1508 2527 1664 2567 erwähnten
1694 2526 1788 2568 jüngst
1817 2527 1894 2560 eines
1926 2528 1983 2561 viel

1049 2570 1224 2603 verbreiteten
1241 2570 1392 2610 Gerüchtes
1414 2580 1472 2604 von
1487 2570 1561 2603 einer
1576 2571 1982 2615 konservativ-demokratischen

1051 2614 1166 2657 Allianz
1188 2615 1238 2654 auf
1261 2615 1510 2657 sozialpolitischem
1528 2615 1628 2650 Gebiet
1650 2616 1775 2658 zwischen
1791 2617 1981 2659 Mitgliedern

1051 2658 1098 2692 der
1122 2660 1294 2702 Torypartei
1325 2662 1382 2694 und
1411 2660 1542 2703 Führern
1572 2662 1621 2694 der
1652 2662 1788 2695 Arbeiter.
1835 2662 1981 2704 Während

1052 2703 1100 2737 der
1138 2705 1316 2747 „Observer"
1361 2715 1414 2738 nur
1459 2715 1516 2738 von
1554 2706 1747 2749 diesbezüglich
1783 2706 1981 2749 stattgehabten

1051 2750 1319 2793 Unterhandlungen
1343 2750 1439 2792 wissen
1463 2751 1564 2792 wollte,
1589 2751 1656 2784 aber
1678 2753 1728 2784 den
1744 2751 1883 2794 Abschluß
1908 2754 1981 2787 einer

1051 2794 1167 2838 Allianz
1191 2795 1370 2838 bezweifelte,
1399 2795 1483 2838 suchte
1509 2796 1624 2838 „Daily
1648 2796 1758 2830 News"
1785 2807 1818 2839 zu
1841 2797 1980 2840 beweisen,

1050 2839 1106 2880 daß
1148 2842 1196 2873 der
1230 2840 1323 2882 Sache
1365 2841 1437 2883 jeder
1471 2841 1603 2883 politische
1639 2841 1833 2884 Hintergrund
1868 2843 1980 2886 abgehe.

1051 2883 1161 2926 Ebenso
1193 2885 1298 2918 betonte
1333 2886 1380 2919 der
1412 2886 1529 2928 „Daily
1565 2887 1761 2929 Telegraph",
1806 2887 1863 2929 daß
1897 2888 1982 2931 dieses

1051 2928 1192 2970 Bündniß
1215 2931 1266 2963 mit
1290 2932 1338 2963 der
1355 2931 1553 2971 Parteipolitik
1574 2932 1661 2972 nichts
1684 2942 1718 2974 zu
1740 2933 1810 2974 thun
1834 2933 1902 2975 habe
1922 2935 1982 2967 und

1049 2974 1097 3017 sich
1122 2976 1243 3018 lediglich
1267 2976 1372 3018 darauf
1393 2976 1564 3019 beschränke,
1593 2978 1639 3010 die
1661 2977 1851 3019 Staatshülfe
1881 2979 1912 3012 in
1933 2982 1983 3012 der

1049 3018 1167 3062 sozialen
1200 3021 1291 3064 Frage
1325 3031 1359 3063 zu
1389 3023 1540 3055 erweitern.
1588 3022 1649 3056 Ein
1678 3023 1801 3065 heutiges
1833 3023 1982 3058 Londoner

1049 3063 1225 3107 Telegramm
1259 3066 1358 3100 meldet
1388 3077 1467 3108 nun,
1502 3067 1558 3108 daß
1588 3068 1710 3110 mehrere
1732 3068 1901 3111 Mitglieder
1932 3070 1982 3103 der

1049 3109 1217 3153 Torypartei
1242 3112 1283 3144 die
1308 3111 1450 3153 Nachricht
1474 3113 1657 3153 dementiren,
1693 3113 1749 3154 daß
1781 3113 1815 3155 sie
1847 3114 1898 3147 mit
1929 3115 1981 3148 den

1050 3154 1208 3189 Vertretern
1244 3158 1291 3189 der
1316 3156 1547 3198 Arbeiterklassen
1579 3158 1622 3191 ein
1648 3158 1788 3198 Bündniß
1820 3158 1981 3201 geschlossen

1048 3200 1146 3241 haben.
1196 3201 1296 3240 Dieses
1321 3202 1454 3235 Dementi
1485 3203 1591 3244 schließt
1621 3203 1704 3242 indeß
1727 3203 1796 3245 nicht
1818 3207 1891 3245 aus,
1924 3206 1981 3246 daß

1048 3245 1316 3289 Unterhandlungen
1334 3246 1545 3289 stattgefunden,
1571 3248 1619 3288 die,
1639 3249 1690 3281 wie
1707 3249 1839 3290 gemeldet
1854 3250 1979 3291 worden,

1046 3290 1100 3324 das
1125 3292 1265 3334 praktische
1290 3291 1434 3335 Ergebniß
1470 3293 1578 3335 hatten,
1613 3293 1670 3335 daß
1702 3303 1768 3327 man
1799 3294 1847 3336 sich
1878 3295 1980 3329 bereits

2047 974 2118 1008 über
2147 982 2238 1017 genau
2269 972 2400 1016 redigirte
2430 971 2599 1016 Vorschläge
2628 982 2664 1016 zu
2694 972 2827 1015 Gunsten
2856 972 2903 1006 der
2931 971 2988 1006 Ar¬

2047 1019 2133 1053 beiter
2153 1017 2349 1062 verständigte,
2373 1017 2417 1051 die
2439 1018 2502 1052 dem
2519 1017 2691 1060 Parlament
2713 1018 2857 1061 vorgelegt
2878 1017 2990 1051 werden

2047 1064 2143 1108 sollen.

2114 1118 2163 1161 In
2197 1117 2404 1160 München
2436 1115 2473 1159 ist
2502 1126 2551 1151 am
2581 1117 2716 1161 Montag
2749 1118 2800 1151 der
2831 1114 2987 1159 bayerische

2046 1162 2177 1206 Landtag
2209 1172 2305 1206 wegen
2341 1163 2388 1197 der
2413 1161 2581 1205 Eröffnung
2613 1163 2664 1196 des
2694 1162 2833 1205 deutschen
2868 1160 2988 1203 Reichs¬

2050 1209 2224 1248 parlaments
2247 1211 2359 1251 vertagt
2381 1208 2508 1242 worden.
2547 1207 2638 1242 Wäre
2662 1207 2721 1241 dies
2744 1208 2815 1250 nicht
2837 1206 2988 1250 geschehen,

2048 1252 2078 1293 so
2101 1253 2208 1294 würde,
2241 1254 2296 1287 wie
2319 1262 2387 1287 man
2411 1253 2460 1286 der
2494 1253 2595 1296 „Allg.
2618 1252 2711 1296 Ztg."
2749 1256 2807 1287 aus
2841 1251 2991 1293 München

2050 1296 2170 1339 schreibt,
2200 1297 2241 1330 die
2264 1297 2433 1340 patriotische
2459 1297 2578 1340 Partei,
2616 1297 2669 1340 auf
2691 1297 2733 1331 die
2756 1297 2990 1340 Beantwortung

2049 1342 2099 1375 der
2123 1342 2281 1384 Herz'schen
2304 1342 2532 1385 Interpellation
2564 1351 2623 1377 von
2660 1343 2744 1377 Seite
2778 1343 2828 1377 des
2863 1342 2991 1377 Staats¬

2048 1386 2256 1429 ministeriums
2281 1387 2310 1420 in
2346 1388 2394 1420 der
2416 1388 2552 1422 Kammer
2574 1389 2630 1422 den
2655 1388 2770 1431 Antrag
2793 1387 2844 1430 auf
2866 1387 2909 1421 die
2933 1385 2990 1421 Er¬

2048 1431 2165 1475 lassung
2200 1432 2275 1465 einer
2310 1431 2424 1474 Adresse
2458 1441 2497 1465 an
2531 1434 2583 1467 den
2615 1433 2714 1476 König
2748 1433 2855 1476 gestellt
2888 1431 2990 1474 haben.

2051 1477 2209 1519 Darüber,
2239 1479 2307 1511 was
2332 1486 2393 1510 nun
2415 1477 2481 1519 nach
2503 1478 2562 1511 dem
2586 1477 2924 1521 Wiederzusammentritt
2944 1477 2993 1512 der

2050 1522 2187 1556 Kammer
2221 1521 2270 1563 für
2305 1521 2433 1563 Schritte
2464 1522 2494 1555 in
2528 1522 2610 1565 dieser
2643 1523 2861 1566 Angelegenheit
2891 1522 2992 1565 gethan

2051 1567 2164 1600 werden
2186 1566 2289 1608 sollen,
2326 1566 2363 1610 sei
2397 1575 2467 1600 man
2500 1568 2678 1610 vorderhand
2711 1569 2779 1611 noch
2810 1568 2882 1611 nicht
2904 1567 2992 1611 einig.

2054 1610 2162 1654 Gewiß
2185 1612 2250 1645 aber
2274 1611 2318 1654 ist,
2345 1611 2400 1654 daß
2424 1611 2468 1645 die
2490 1612 2673 1653 ministerielle
2696 1613 2832 1648 Antwort
2850 1614 2902 1648 den
2925 1611 2991 1655 Pa¬

2049 1658 2154 1690 trioten
2176 1656 2275 1699 schwer
2298 1655 2351 1699 auf
2373 1657 2435 1690 dem
2460 1656 2575 1700 Magen
2599 1657 2667 1700 liegt
2700 1659 2759 1692 und
2793 1659 2851 1699 daß
2881 1658 2917 1701 sie
2939 1657 2991 1702 sich

2049 1701 2136 1744 dieses
2160 1702 2287 1735 Druckes
2310 1701 2337 1744 je
2361 1702 2424 1745 eher
2445 1701 2474 1744 je
2496 1702 2581 1736 lieber
2605 1703 2778 1745 entledigten.
2815 1704 2876 1738 Die
2897 1702 2992 1737 ultra¬

2048 1750 2186 1780 montane
2211 1747 2422 1790 „Donauztg."
2448 1746 2561 1789 erklärt,
2589 1748 2639 1781 der
2662 1747 2757 1790 Bruch
2781 1749 2907 1792 zwischen
2928 1748 2992 1783 dem

2049 1791 2247 1830 Ministerium
2280 1792 2340 1826 und
2363 1791 2448 1835 dieser
2473 1791 2575 1835 Partei
2607 1792 2643 1835 sei
2677 1794 2815 1836 nunmehr
2848 1794 2893 1828 ein
2914 1794 2989 1828 voll¬

2047 1836 2198 1880 ständiger.

2115 1891 2164 1933 In
2198 1892 2243 1924 der
2277 1890 2638 1934 österreichischen
2661 1892 2921 1936 Verfassungskrise
2955 1893 2990 1938 ist

2051 1936 2259 1978 augenblicklich
2285 1936 2345 1969 eine
2368 1935 2465 1978 Pause
2488 1937 2662 1979 eingetreten,
2699 1937 2794 1971 indem
2818 1938 2859 1971 die
2882 1938 2991 1973 Beant¬

2050 1984 2186 2023 wortung
2209 1982 2253 2014 der
2278 1980 2433 2023 czechischen
2449 1981 2564 2024 Adresse
2578 1983 2708 2025 dadurch,
2733 1983 2791 2026 daß
2814 1983 2858 2017 die
2880 1982 2991 2026 böhmi¬

2049 2024 2121 2068 schen
2146 2025 2474 2068 Ausgleichsvorschläge
2503 2035 2591 2069 zuvor
2623 2028 2688 2070 noch
2711 2028 2786 2061 einer
2809 2028 2991 2071 einläßlichen

2048 2071 2107 2104 und
2131 2070 2322 2113 umfassenden
2347 2070 2489 2113 Prüfung
2518 2072 2577 2105 und
2601 2071 2788 2116 Würdigung
2810 2073 2992 2109 unterbreitet

2048 2116 2159 2149 werden
2181 2116 2278 2159 sollen,
2304 2116 2446 2158 verzögert
2470 2117 2575 2150 wurde.
2601 2117 2680 2160 Nach
2703 2118 2748 2151 der
2763 2118 2826 2160 „N.
2838 2118 2891 2162 Fr.
2909 2118 2990 2160 Pr."

2048 2161 2126 2194 wäre
2150 2161 2189 2194 im
2206 2160 2407 2203 Ministerium
2430 2160 2490 2194 eine
2506 2162 2720 2206 Schwankung,
2745 2163 2812 2197 aber
2834 2164 2901 2206 noch
2916 2164 2992 2199 keine

2049 2205 2204 2248 Wendung
2229 2207 2402 2248 eingetreten.
2449 2205 2530 2240 Vom
2555 2207 2691 2241 Rücktritt
2721 2208 2928 2251 Hohenwart's
2950 2208 2988 2251 sei

2048 2251 2122 2284 keine
2147 2251 2234 2292 Rede,
2256 2250 2337 2293 wohl
2361 2250 2427 2284 aber
2448 2259 2506 2285 von
2523 2252 2764 2296 einermöglichen
2780 2253 2988 2296 Modifikation

2048 2295 2140 2339 seines
2164 2295 2394 2339 Ministeriums.

2286 2394 2746 2449 Eidgenossenschaft

2111 2490 2150 2522 —
2171 2490 2552 2529 Bundesrevision.
2586 2492 2671 2524 Ueber
2685 2492 2725 2524 die
2747 2493 2811 2526 vom
2833 2493 2993 2527 Grütli¬

2049 2531 2175 2562 verein
2206 2531 2235 2562 in
2254 2530 2384 2570 Zürich
2413 2533 2599 2570 veranstaltete
2630 2533 2841 2574 Versammlung
2870 2534 2992 2575 berichtet

2049 2571 2095 2602 der
2119 2571 2302 2609 „Landbote",
2325 2572 2379 2612 daß
2399 2572 2510 2610 dieselbe
2531 2573 2570 2604 im
2591 2572 2781 2613 Allgemeinen
2802 2575 2852 2606 den
2868 2574 2991 2615 Charak¬

2049 2615 2089 2643 ter
2117 2613 2162 2643 der
2191 2612 2351 2653 gleichzeitig
2381 2612 2410 2644 in
2432 2612 2537 2645 andern
2560 2613 2683 2645 Städten
2707 2615 2899 2655 abgehaltenen
2921 2616 2989 2649 Ver¬

2049 2652 2236 2692 sammlungen
2249 2652 2334 2691 dieses
2350 2652 2468 2684 Vereins
2486 2653 2568 2694 hatte.
2597 2654 2654 2692 Im
2668 2654 2864 2695 Wesentlichen
2877 2657 2987 2690 wurden

2048 2685 2090 2724 die
2122 2693 2293 2734 vorgelegten
2325 2693 2465 2731 Postulate
2498 2704 2706 2735 angenommen.
2754 2695 2825 2727 Das
2858 2696 2987 2737 Postulat

2048 2733 2191 2772 betreffend
2224 2734 2262 2765 die
2295 2733 2419 2773 Zivilehe
2449 2734 2542 2766 wurde
2571 2736 2634 2767 aber
2665 2735 2750 2773 dahin
2783 2738 2900 2777 ergänzt,
2931 2737 2986 2778 daß

2048 2774 2226 2812 ausdrücklich
2260 2774 2304 2806 die
2335 2775 2571 2816 Unabhängigkeit
2601 2776 2650 2807 des
2683 2777 2797 2817 Rechtes
2832 2786 2881 2817 zur
2912 2776 2985 2817 Ehe¬

2047 2814 2197 2855 schließung
2222 2825 2272 2846 von
2295 2814 2346 2846 den
2369 2815 2734 2857 Vermögensverhältnissen
2762 2818 2819 2848 und
2847 2817 2888 2849 die
2915 2818 2987 2851 obli¬

2047 2855 2191 2895 gatorische
2213 2855 2337 2895 Zivilehe
2364 2856 2499 2896 gefordert
2523 2857 2602 2888 wird.
2646 2857 2827 2897 Rücksichtlich
2859 2858 2904 2890 der
2932 2848 2987 2893 das

2048 2888 2309 2936 Erziehungswesen
2337 2896 2516 2935 betreffenden
2544 2897 2634 2938 Frage
2661 2898 2741 2935 stellte
2770 2899 2817 2937 sich
2845 2898 2889 2930 die
2919 2899 2989 2933 Ver¬

2048 2936 2200 2976 sammlung
2229 2937 2273 2975 auf
2295 2937 2346 2968 den
2369 2937 2555 2978 gemäßigtern
2578 2938 2756 2978 Standpunkt
2781 2939 2829 2970 der
2854 2939 2985 2980 schweize¬

2046 2977 2145 3016 rischen
2164 2976 2475 3019 Lehrerversammlung,
2505 2978 2557 3009 mit
2576 2978 2727 3019 Betonung
2754 2979 2805 3010 des
2833 2982 2985 3021 unentgelt¬

2047 3017 2128 3057 lichen
2148 3017 2204 3049 und
2227 3018 2451 3059 obligatorischen
2473 3017 2846 3059 Primarschulunterrichtes,
2877 3022 2933 3053 und
2953 3022 2986 3055 in

2047 3058 2139 3098 Bezug
2168 3058 2217 3097 auf
2244 3059 2285 3090 die
2315 3058 2643 3100 Auswanderungsfrage
2675 3060 2768 3091 wurde
2799 3061 2842 3092 die
2871 3050 2983 3100 Formel

2049 3097 2269 3138 „Organisation
2291 3099 2338 3130 der
2354 3099 2587 3140 Auswanderung
2601 3099 2682 3139 durch
2706 3101 2755 3131 den
2769 3100 2875 3133 Bund"
2898 3102 2983 3142 dahin

2047 3139 2217 3179 abgeändert,
2245 3140 2299 3178 daß
2328 3139 2388 3171 dem
2408 3139 2492 3170 Bund
2521 3148 2578 3170 nur
2604 3140 2648 3171 die
2672 3141 2907 3184 „Überwachung
2933 3143 2983 3176 des

2049 3180 2400 3218 Auswanderungswesens
2421 3179 2475 3210 und
2498 3180 2539 3212 die
2555 3181 2761 3222 Unterstützung
2783 3183 2880 3222 solider
2900 3183 2988 3217 Kolo¬

2048 3220 2320 3261 nisationsprojekte"
2343 3219 2444 3260 zufiele.

2107 3287 2147 3293 —
2170 3271 2246 3302 Aus
2266 3269 2338 3302 dem
2362 3269 2656 3312 Bundesrath,
2677 3272 2800 3313 Sitzung
2814 3282 2841 3304 v.
2858 3274 2907 3305 18.
2921 3272 2990 3308 Okt.

2047 3310 2110 3343 Der
2131 3311 2272 3351 schweizer.
2303 3309 2465 3349 Konsul
2497 3311 2528 3343 in
2560 3311 2696 3351 Havre
2728 3316 2818 3344 warnt
2847 3313 2989 3355 schweizer.

365 3446 536 3498 Feuilleton
566 3449 681 3488 1871.

327 3621 465 3656 Pariser
483 3620 711 3658 Herbstbriefe.

108 3667 243 3696 Moden
263 3662 335 3691 und
355 3662 520 3697 Verkehr.
540 3662 830 3697 Verschwindende
849 3665 986 3699 Spuren

53 3707 113 3735 der
132 3702 430 3741 Schreckenszeit.
468 3703 546 3730 Das
565 3702 665 3737 Geld.
703 3704 806 3739 (Korr.)
837 3714 896 3732 -cc-
933 3706 986 3733 Der

53 3747 151 3776 Monat
169 3746 278 3776 Oktober
306 3743 333 3774 ist
362 3742 498 3777 vorzüglich
526 3742 565 3770 der
585 3743 684 3772 Monat
700 3744 743 3772 des
764 3745 984 3781 Modegeschäftes,

51 3789 103 3816 und
124 3797 195 3817 wenn
214 3787 245 3822 ich
265 3785 293 3812 in
312 3784 366 3811 dem
380 3783 469 3810 Artikel
487 3783 650 3812 bewanderter
670 3785 741 3818 wäre,
762 3785 849 3813 könnte
869 3787 901 3821 ich
919 3786 985 3820 Ihre

52 3826 194 3861 Leserinnen
214 3825 372 3859 unterhalten
391 3824 438 3850 mit
455 3823 497 3851 der
516 3823 676 3861 Aufzählung
702 3826 767 3853 einer
795 3826 910 3861 hübschen
931 3828 985 3855 An¬

49 3869 106 3903 zahl
124 3878 199 3898 neuer
217 3866 306 3897 Roben
326 3864 378 3892 und
396 3863 608 3898 Kleiderformen,
631 3866 714 3901 welche
732 3867 803 3901 heute
820 3867 846 3894 in
868 3866 907 3894 der
924 3867 983 3895 viel¬

48 3910 180 3943 geprüften
197 3905 347 3945 Hauptstadt
367 3904 408 3932 der
427 3904 532 3936 Moden,
553 3908 610 3939 trotz
629 3906 669 3934 der
689 3907 852 3943 ungünstigen
872 3907 983 3942 Zeitver¬

48 3948 180 3984 hältnisse,
208 3951 256 3977 das
277 3946 339 3981 Licht
364 3946 404 3971 der
422 3944 487 3972 Welt
515 3945 603 3972 erblickt
623 3947 700 3980 haben
720 3962 753 3966 —
773 3955 855 3982 genau
883 3948 928 3975 wie
955 3948 982 3975 in

51 3989 156 4019 anderen
174 3988 338 4027 glücklicheren
356 3985 463 4020 Jahren.
500 3986 552 4016 Auf
577 3986 625 4014 den
642 3988 834 4021 Promenaden,
863 3988 890 4016 in
916 3989 982 4016 allen

54 4025 182 4066 Auslagen
210 4032 250 4058 der
278 4026 398 4064 zahllosen
426 4025 642 4061 Etablissements,
678 4028 853 4064 Nachmittags
882 4029 908 4056 in
936 4031 982 4057 den

51 4067 137 4097 wieder
154 4071 214 4104 stark
231 4069 383 4098 bevölkerten
402 4065 516 4099 Champs
536 4066 647 4101 Elysees,
677 4067 704 4095 in
721 4068 768 4096 den
788 4069 909 4104 Theatern
927 4070 982 4097 und

51 4104 81 4132 in
98 4107 142 4136 den
159 4109 357 4146 Privatzirkeln:
384 4106 550 4140 allenthalben
576 4107 638 4141 stößt
665 4115 725 4136 man
752 4109 797 4140 auf
825 4109 983 4145 Erzeugnisse

50 4145 94 4173 der
113 4152 218 4186 neuesten
245 4150 300 4179 und
328 4146 497 4178 allerneuesten
516 4146 605 4175 Mode.
641 4149 712 4176 Man
739 4149 804 4177 kann
832 4151 890 4178 aber
917 4150 981 4185 nicht

48 4188 138 4223 gerade
163 4197 212 4220 aus
239 4192 315 4224 dieser
342 4188 506 4223 Erscheinung
531 4187 600 4216 einen
629 4190 725 4224 Schluß
753 4190 834 4225 ziehen
862 4191 907 4222 aus
934 4191 981 4219 den

47 4226 304 4268 wiedererwachenden
317 4229 447 4265 Leichtsinn
466 4228 507 4256 der
520 4228 628 4264 Pariser,
646 4231 711 4258 denn
724 4232 792 4266 mehr
811 4233 852 4259 als
872 4231 900 4259 in
918 4232 982 4264 jeder

46 4268 156 4296 anderen
169 4271 247 4302 Stadt
266 4274 309 4302 der
321 4271 388 4299 Welt
406 4269 433 4303 ist
452 4268 479 4296 in
492 4269 569 4303 Paris
589 4269 628 4299 die
640 4271 720 4299 Mode
733 4286 768 4291 —
781 4271 904 4307 Geschäft.
921 4272 981 4300 Nur

46 4308 88 4337 ein
118 4308 297 4350 Eingeweihter
325 4313 412 4340 könnte
439 4313 492 4338 uns
518 4318 540 4345 z.
559 4311 592 4338 B.
611 4313 750 4346 andeuten,
780 4313 901 4347 welche
926 4313 981 4341 und

44 4348 111 4379 wie
130 4350 222 4380 viele
238 4362 290 4382 von
310 4354 357 4381 den
376 4353 500 4387 eleganten
520 4351 739 4389 Spaziergängern
757 4353 811 4381 und
823 4354 935 4389 Fahrern
953 4354 980 4381 in

42 4391 93 4419 den
122 4389 237 4425 Champs
270 4394 373 4429 Elysees
399 4400 450 4420 nur
476 4391 668 4427 umherflaniren
696 4393 748 4421 und
779 4393 909 4428 kutschiren
937 4394 981 4422 im

39 4432 234 4467 Interesse
250 4433 314 4462 des
334 4432 565 4468 Geschäftes,
586 4434 641 4461 und
658 4442 732 4462 wenn
750 4435 838 4470 Ihnen
856 4439 921 4463 etwa
939 4435 979 4463 ein

40 4472 166 4508 eleganter
183 4473 247 4509 Herr
264 4474 292 4502 in
320 4475 398 4503 einem
416 4473 574 4507 funkelneuen
593 4473 815 4511 Herbstüberzieher
832 4475 885 4503 eine
902 4476 980 4505 Karte

39 4513 70 4542 in
88 4512 127 4542 die
143 4513 221 4550 Hand
239 4514 336 4549 drückt,
363 4515 410 4550 auf
435 4515 533 4550 welcher
559 4518 622 4544 etwa
639 4516 677 4545 die
695 4516 844 4553 beifolgende
862 4516 980 4546 Reklame

1053 3391 1082 3418 zu
1096 3384 1157 3415 lesen
1177 3385 1219 3416 ist:
1240 3386 1264 3412 A
1283 3385 1455 3413 l’Union
1475 3386 1542 3413 des
1562 3386 1740 3415 Nations
1740 3386 1790 3415 23
1804 3388 1885 3415 Boul.
1904 3389 1987 3416 Pois¬

1054 3425 1186 3452 sonnière
1205 3425 1257 3460 23,
1284 3426 1484 3453 Manufacture
1503 3425 1730 3454 d'Habilements
1757 3436 1831 3463 pour
1853 3429 1985 3456 Hommes

1053 3467 1082 3491 et
1109 3466 1238 3494 Femmes
1251 3486 1259 3500 ,
1286 3468 1365 3494 seule
1396 3468 1506 3494 maison
1535 3468 1662 3495 vendant
1678 3467 1696 3494 à
1713 3468 1811 3494 moitié
1833 3469 1898 3504 prix
1911 3489 1918 3496 .
1933 3488 1985 3497 ...

1052 3505 1120 3532 dann
1141 3507 1259 3541 brauchen
1274 3507 1323 3534 Sie
1342 3507 1384 3541 sich
1404 3515 1448 3542 gar
1469 3508 1530 3541 nicht
1550 3515 1579 3542 zu
1591 3510 1729 3542 wundern;
1747 3508 1811 3535 denn
1824 3508 1865 3536 der
1878 3510 1985 3544 elegante

1050 3545 1126 3582 junge
1145 3547 1209 3582 Herr
1225 3547 1251 3576 ist
1271 3549 1390 3575 entweder
1408 3549 1448 3575 der
1469 3548 1645 3583 Eigenthümer
1664 3548 1721 3576 oder
1739 3549 1779 3576 der
1798 3549 1852 3581 erste
1864 3550 1983 3578 Kommis

1052 3586 1077 3613 in
1095 3590 1150 3615 dem
1170 3588 1293 3622 Geschäfte
1324 3597 1369 3624 „zu
1389 3589 1431 3616 den
1452 3589 1604 3625 vereinigten
1624 3589 1779 3618 Nationen".
1816 3590 1869 3618 Wie
1888 3599 1928 3624 er,
1958 3592 1983 3625 so

1050 3627 1133 3663 wissen
1161 3630 1218 3664 noch
1237 3630 1363 3665 Hunderte
1391 3638 1440 3658 von
1461 3630 1507 3658 den
1536 3630 1632 3665 schönen
1654 3631 1900 3667 Toilette-Trägern
1929 3633 1982 3660 und

1051 3668 1223 3705 Trägerinnen
1241 3672 1288 3697 das
1309 3671 1465 3706 Angenehme
1483 3671 1528 3698 mit
1547 3671 1601 3700 dem
1621 3672 1758 3707 Nützlichen
1779 3680 1809 3707 zu
1828 3673 1980 3708 verbinden;

1050 3717 1097 3737 nur
1117 3711 1214 3745 machen
1234 3711 1265 3745 sie
1284 3714 1312 3739 es
1331 3711 1393 3746 nicht
1413 3712 1462 3739 alle
1480 3712 1506 3739 in
1526 3712 1550 3745 so
1569 3712 1733 3747 auffallender
1744 3713 1796 3741 und
1808 3713 1981 3748 zudringlicher

1049 3750 1134 3783 Weise.

1101 3789 1143 3817 Es
1161 3789 1189 3818 ist
1209 3789 1279 3825 sogar
1296 3798 1327 3825 zu
1346 3790 1468 3822 erkennen,
1490 3791 1537 3825 daß
1556 3790 1597 3819 der
1614 3791 1715 3826 Pariser
1734 3791 1980 3820 Mode-Commerce

1048 3828 1075 3857 in
1092 3829 1182 3864 diesem
1201 3831 1279 3865 Jahre
1297 3830 1399 3866 größere
1416 3831 1619 3867 Anstrengungen
1650 3832 1743 3867 macht,
1771 3833 1813 3859 als
1837 3832 1866 3859 in
1892 3832 1979 3868 irgend

1047 3869 1124 3898 einem
1144 3878 1399 3906 vorangegangenen;
1429 3871 1496 3899 denn
1514 3875 1541 3899 es
1560 3872 1587 3906 ist
1600 3872 1652 3906 ihm
1666 3872 1753 3899 darum
1771 3879 1801 3906 zu
1821 3872 1901 3906 thun,
1930 3872 1978 3906 sein

1047 3909 1133 3943 schwer
1152 3912 1276 3945 bedrohtes
1296 3911 1406 3947 Prestige
1423 3911 1451 3939 in
1471 3912 1575 3947 Europa
1594 3912 1680 3939 wieder
1705 3919 1738 3946 zu
1755 3912 1893 3947 gewinnen.
1928 3913 1979 3947 Im

1046 3951 1144 3986 Herbste
1172 3952 1250 3983 stellen
1281 3952 1323 3985 sich
1353 3952 1377 3979 in
1400 3953 1479 3986 Paris
1504 3953 1541 3980 die
1560 3955 1672 3988 Agenten
1689 3952 1742 3980 und
1761 3952 1917 3987 Agentinnen
1936 3953 1978 3981 der

1046 3991 1154 4024 fremden
1174 3992 1385 4028 Modengeschäfte
1403 3994 1457 4025 ein,
1479 3997 1529 4021 aus
1550 3993 1683 4029 England,
1704 3996 1755 4020 aus
1773 3992 1900 4027 Amerika,
1926 3998 1977 4023 aus

1044 4032 1157 4067 Holland
1185 4034 1236 4061 und
1265 4034 1369 4070 Belgien
1390 4035 1440 4062 und
1459 4036 1519 4069 auch
1539 4035 1625 4063 wieder
1644 4037 1693 4062 aus
1713 4034 1896 4068 Deutschland,
1926 4039 1977 4064 aus

1047 4079 1086 4100 der
1104 4074 1216 4109 Schweiz
1233 4075 1285 4102 und
1303 4078 1354 4102 aus
1367 4076 1464 4110 Italien
1485 4075 1537 4103 und
1556 4078 1605 4103 aus
1618 4075 1741 4107 Rußland
1754 4075 1806 4103 und
1820 4075 1977 4106 Rumänien.

1045 4113 1098 4142 Alle
1117 4115 1178 4148 diese
1196 4114 1266 4143 Leute
1285 4116 1374 4143 wollen
1392 4116 1449 4151 reich
1463 4116 1564 4144 beladen
1584 4116 1628 4143 mit
1648 4116 1692 4143 den
1711 4115 1822 4149 neuesten
1834 4116 1977 4151 Produkten

1044 4155 1089 4183 des
1108 4156 1209 4190 Pariser
1227 4156 1392 4191 Geschmackes
1410 4157 1436 4185 in
1455 4157 1508 4193 ihre
1519 4156 1620 4191 Heimat
1640 4156 1758 4190 entlassen
1775 4157 1881 4185 werden.
1917 4158 1977 4186 Von

1045 4194 1135 4231 solchen
1154 4196 1269 4224 Kennern
1289 4196 1345 4231 hört
1363 4205 1422 4224 man
1440 4197 1588 4232 versichern,
1618 4197 1668 4229 daß
1694 4197 1744 4225 das
1763 4197 1888 4226 Material
1904 4199 1977 4234 heuer

1044 4237 1180 4273 allerdings
1201 4237 1262 4273 nicht
1280 4238 1305 4271 so
1324 4238 1426 4273 reichlich
1444 4238 1590 4273 vorhanden
1607 4238 1638 4273 sei
1657 4238 1702 4266 wie
1721 4238 1748 4266 in
1760 4239 1865 4267 anderen
1877 4240 1976 4275 Zeiten;

1043 4277 1101 4305 aber
1119 4281 1177 4305 was
1206 4278 1241 4306 die
1261 4279 1367 4314 Formen
1393 4278 1443 4307 und
1463 4279 1575 4307 Modelle
1594 4280 1747 4315 anbelangt,
1773 4280 1912 4316 überhaupt
1938 4280 1976 4308 die

1045 4326 1142 4352 „neuen
1160 4319 1267 4353 Ideen",
1295 4320 1320 4352 so
1349 4320 1411 4352 leiste
1436 4322 1524 4356 gerade
1552 4320 1579 4349 in
1604 4321 1683 4354 diesen
1707 4321 1824 4354 Punkten
1842 4321 1921 4354 Paris
1947 4321 1975 4349 in

1043 4358 1129 4390 diesem
1148 4360 1244 4395 Herbste
1263 4360 1446 4396 Vorzügliches,
1466 4361 1493 4394 ja
1511 4364 1536 4389 es
1559 4362 1617 4395 habe
1636 4362 1680 4397 sich
1697 4362 1804 4392 dießmal
1823 4361 1888 4393 selbst
1905 4361 1974 4390 über¬

1043 4399 1143 4433 troffen.
1163 4401 1234 4428 Allen
1253 4401 1354 4433 Respekt
1372 4410 1419 4430 vor
1435 4401 1483 4429 den
1503 4402 1601 4436 Pariser
1616 4402 1751 4433 Künstlern
1761 4402 1770 4429 !
1787 4402 1853 4429 Aber
1870 4404 1900 4429 es
1910 4402 1975 4431 wird

1042 4440 1114 4468 leider
1133 4441 1223 4468 immer
1240 4441 1310 4469 Leute
1328 4442 1421 4477 geben,
1445 4442 1532 4477 welche
1549 4442 1615 4478 ihren
1634 4442 1789 4474 wundersam
1809 4442 1974 4478 komplizirten

1042 4481 1339 4517 Geschmacksrichtungen
1358 4482 1422 4518 nicht
1438 4490 1471 4517 zu
1491 4482 1572 4518 folgen
1591 4483 1626 4511 im
1646 4482 1749 4511 Stande
1766 4482 1837 4516 sind,
1866 4483 1919 4511 und
1937 4483 1976 4512 die

1040 4529 1064 4558 z.
1081 4521 1115 4551 B.
1136 4523 1188 4551 eine
1208 4531 1269 4551 neue
1287 4523 1516 4560 Damenhufform,
1546 4523 1629 4561 welche
1657 4524 1701 4560 sich
1718 4523 1766 4553 wie
1791 4523 1844 4553 eine
1861 4524 1977 4562 englische

2050 3389 2164 3424 Pastete,
2184 3389 2241 3417 aber
2258 3389 2306 3417 mit
2323 3388 2382 3424 zwei
2401 3389 2501 3425 Etagen
2520 3390 2573 3418 und
2591 3390 2639 3418 mit
2657 3390 2735 3418 einem
2753 3390 2848 3419 kleinen
2865 3392 2990 3422 Blumen¬

2049 3433 2144 3466 garten,
2163 3431 2275 3465 aufbaut,
2295 3430 2338 3463 für
2356 3429 2410 3458 eine
2428 3430 2550 3466 harmlose
2571 3431 2746 3465 Monstrosität
2763 3432 2911 3468 anschauen.
2945 3435 2990 3471 Zu

2048 3471 2094 3499 den
2112 3471 2196 3507 Hüten
2223 3470 2328 3505 scheinen
2355 3478 2419 3499 neue
2439 3471 2658 3507 Seidenchignons
2677 3471 2723 3506 „in
2741 3472 2853 3506 Locken",
2871 3474 2918 3503 mit
2936 3476 2990 3510 gol¬

2048 3511 2124 3539 denen
2143 3511 2254 3539 Sternen
2271 3510 2378 3545 bespickt,
2397 3519 2429 3547 zu
2448 3512 2566 3547 gehören,
2586 3511 2669 3546 welche
2687 3514 2814 3549 angethan
2833 3514 2904 3548 sind,
2923 3514 2990 3547 jedes

2048 3552 2232 3587 Damengesicht
2259 3551 2306 3579 mit
2336 3551 2415 3580 einem
2444 3552 2592 3587 fabelhaften
2619 3552 2720 3589 Glanze
2747 3554 2807 3582 oder
2834 3555 2881 3583 mit
2909 3555 2990 3585 einem

2046 3592 2191 3628 neuartigen
2208 3592 2401 3628 Heiligenschein
2420 3600 2450 3628 zu
2468 3592 2600 3628 umgeben.
2619 3594 2687 3629 Auch
2702 3593 2739 3622 die
2751 3594 2862 3626 neuesten
2874 3595 2991 3625 Damen¬

2046 3633 2138 3666 roben,
2163 3633 2389 3669 zusammengesetzt
2417 3636 2466 3661 aus
2494 3633 2544 3661 drei
2573 3633 2626 3662 und
2656 3635 2709 3663 vier
2735 3635 2913 3670 verschiedenen
2934 3637 2989 3667 und

2045 3674 2139 3701 bunten
2158 3674 2279 3707 Stoffen,
2310 3674 2357 3702 mit
2376 3674 2493 3709 zahllosen
2513 3674 2627 3702 Volants
2648 3675 2701 3703 und
2720 3676 2831 3711 gehoben
2849 3676 2922 3712 durch
2941 3677 2990 3708 den

2044 3714 2118 3745 alten,
2138 3714 2337 3750 aufgewärmten
2362 3714 2410 3741 cul
2429 3714 2464 3740 de
2482 3714 2586 3749 Paris,
2612 3715 2716 3747 dürften
2744 3716 2823 3745 einem
2842 3717 2988 3753 schlichteren

2045 3754 2196 3790 Geschmacke
2213 3756 2256 3783 als
2273 3755 2329 3784 dem
2356 3754 2398 3782 der
2423 3753 2595 3789 französischen
2613 3755 2826 3785 Mode-Denker
2854 3757 2927 3794 kaum
2945 3765 2989 3794 zu¬

2043 3795 2125 3831 sagen.
2140 3796 2195 3832 Für
2206 3797 2255 3825 das
2268 3794 2519 3830 Sonnenschirmchen
2528 3795 2577 3824 mit
2589 3796 2690 3832 langem
2703 3797 2785 3831 Stock,
2796 3797 2842 3826 den
2854 3798 2990 3829 modernen

2043 3837 2322 3872 Damen-Spazierstock
2348 3835 2433 3871 scheint
2461 3843 2524 3864 man
2552 3837 2633 3872 Ersatz
2664 3837 2787 3873 gefunden
2812 3846 2844 3874 zu
2862 3838 2943 3874 haben
2959 3838 2988 3869 in

2043 3877 2252 3913 außerordentlich
2270 3877 2363 3904 bunten
2381 3875 2603 3911 Herbstparasols,
2634 3877 2673 3906 die
2696 3885 2747 3906 nur
2774 3878 2811 3907 im
2838 3877 2989 3916 Verhältniß

2043 3918 2120 3954 stehen
2139 3926 2170 3953 zu
2197 3918 2251 3946 dem
2268 3917 2331 3945 oben
2355 3915 2521 3951 bezeichneten
2546 3917 2690 3953 Kopfputze.
2728 3918 2785 3953 Fast
2813 3918 2858 3954 hat
2883 3921 2913 3947 es
2939 3918 2988 3948 den

2043 3959 2178 3995 Anschein,
2206 3959 2247 3986 als
2273 3965 2346 3985 wenn
2365 3956 2465 3991 Paris,
2495 3959 2600 3994 welches
2618 3959 2660 3993 seit
2680 3959 2758 3987 einem
2776 3959 2846 3995 Jahr
2864 3958 2985 3997 beiläufig

2041 4008 2092 4028 nur
2110 4000 2168 4035 noch
2188 3999 2228 4026 der
2248 3997 2413 4030 Trauerfarbe
2431 3998 2562 4035 gehuldigt
2583 3999 2641 4034 hat,
2672 3999 2715 4034 sich
2744 3999 2850 4035 plötzlich
2877 3999 2925 4029 mit
2949 4007 2986 4030 er¬

2041 4041 2147 4077 hobener
2173 4039 2226 4071 Lust
2254 4038 2299 4066 den
2328 4038 2425 4066 bunten
2444 4039 2545 4074 Farben
2570 4040 2659 4068 wieder
2686 4040 2821 4076 zuwenden
2838 4040 2912 4069 wolle
2930 4042 2984 4071 und

2041 4089 2107 4117 zwar
2129 4080 2174 4108 den
2202 4079 2366 4114 grellbunten.
2406 4079 2472 4108 Aber
2500 4080 2537 4108 im
2563 4080 2671 4110 Grunde
2695 4081 2755 4116 auch
2782 4081 2852 4116 mehr
2877 4081 2920 4114 für
2947 4080 2987 4112 die

2041 4121 2148 4153 Moden,
2167 4119 2207 4153 für
2226 4121 2274 4147 das
2292 4119 2417 4154 Geschäft,
2438 4120 2504 4149 denn
2524 4121 2600 4157 große
2610 4120 2694 4155 Kreise
2711 4128 2764 4150 von
2777 4121 2896 4157 Bürgem
2904 4121 2985 4158 haben

2039 4162 2078 4191 die
2096 4160 2304 4196 Trauerkleidung
2324 4161 2384 4197 noch
2404 4161 2467 4197 nicht
2485 4162 2613 4198 abgelegt,
2640 4161 2694 4191 und
2722 4161 2795 4191 dabei
2823 4162 2929 4198 scheinen
2947 4162 2986 4194 die

2040 4203 2140 4238 Frauen
2159 4200 2198 4228 die
2214 4200 2421 4237 Hartnäckigeren
2439 4209 2469 4237 zu
2489 4201 2547 4236 sein.

2094 4241 2154 4270 Seit
2173 4241 2219 4269 den
2239 4241 2364 4277 unseligen
2378 4242 2467 4278 Tagen
2486 4241 2529 4271 der
2540 4242 2684 4271 Kommune
2700 4242 2746 4279 hat
2762 4242 2805 4272 der
2823 4242 2985 4281 Verkehr

2038 4283 2066 4312 in
2084 4283 2126 4312 der
2143 4283 2294 4318 Hauptstadt
2313 4283 2373 4319 noch
2393 4283 2457 4319 nicht
2475 4283 2522 4312 den
2540 4284 2707 4320 Aufschwung
2726 4292 2875 4320 genommen
2892 4284 2939 4313 wie
2956 4284 2984 4315 in

2038 4324 2116 4358 diesen
2129 4324 2324 4360 Oktobertagen.
2356 4324 2505 4360 Anfänglich
2527 4325 2595 4358 trüb,
2613 4324 2671 4361 kühl
2689 4325 2743 4353 und
2760 4325 2892 4361 regnerisch
2904 4325 2984 4361 haben

2038 4365 2071 4400 sie
2088 4365 2131 4400 sich
2157 4365 2209 4400 jetzt
2234 4365 2369 4401 erfreulich,
2400 4365 2470 4400 schön
2494 4366 2549 4394 und
2574 4365 2664 4401 sonnig
2687 4365 2804 4401 gestaltet,
2832 4367 2897 4395 und,
2910 4373 2984 4396 wenn

2037 4413 2098 4434 man
2126 4406 2199 4440 heute
2222 4406 2268 4435 auf
2291 4406 2332 4434 die
2358 4405 2436 4440 Place
2461 4406 2489 4433 de
2514 4406 2541 4434 la
2559 4405 2688 4434 Concorde
2713 4406 2889 4443 hinübergeht,
2917 4406 2982 4436 kann

2037 4454 2101 4475 man
2120 4447 2163 4482 sich
2183 4447 2274 4483 endlich
2290 4447 2381 4475 wieder
2399 4446 2493 4476 einmal
2504 4447 2683 4483 zurückversetzt
2701 4446 2787 4482 fühlen
2805 4447 2834 4475 in
2852 4447 2891 4475 die
2902 4447 2982 4476 leben¬

2037 4487 2131 4523 digsten
2151 4487 2221 4524 Tage
2237 4495 2289 4516 von
2305 4487 2390 4522 Paris
2411 4507 2485 4516 ....
2522 4488 2572 4517 Die
2591 4487 2748 4521 Aristokratie
2764 4488 2809 4516 des
2826 4488 2906 4516 Adels
2928 4487 2981 4518 und

2038 4528 2092 4558 des,
2104 4529 2211 4558 Beutels
2229 4529 2272 4566 hat
2288 4528 2334 4566 sich
2349 4528 2439 4558 wieder
2456 4528 2589 4566 eingestellt
2607 4529 2660 4559 und
2678 4529 2717 4558 die
2728 4529 2796 4567 Zahl
2807 4528 2849 4559 der
2861 4529 2981 4566 Fremden
