3875 5551
112 69 190 123 Nr.
228 65 360 130 327.
436 66 642 141 Erstes
676 71 882 138 Blatt.

1518 77 2050 156 Neunundfünfzigster
2086 84 2372 161 Jahrgang.

2904 90 3240 170 Mittwoch,
3276 98 3372 162 16.
3408 99 3560 171 Juli
3596 103 3742 168 1879
3740 144 3764 170 .

182 161 1012 620 Neue
1059 166 3730 756 Zürcher-Zeitung

1857 730 1982 808 und

1113 841 1914 1070 schweizerisches
1977 849 2746 1065 Handelsblatt

265 721 785 758 Abonnementspreise.

651 769 667 792 3
667 769 771 792 Monate.
801 770 814 791 6.
823 770 922 793 Monate.

112 805 208 836 Zürich
220 807 290 831 (wenn
304 805 338 828 die
352 805 447 833 Zeitung
461 805 557 833 abgeholt
571 807 637 831 wird)
664 806 702 834 Fr.
719 809 774 829 5.50
799 806 838 833 Fr.
853 807 924 828 10.—

114 834 226 861 Schweiz
241 833 368 860 (Bestellung
383 833 438 855 beim
453 834 591 860 Postbureau)
607 849 613 855 .
643 849 647 854 .
678 849 686 858 „
719 835 774 857 6.75
813 849 823 859 „
854 835 923 856 12.50

139 862 173 885 do.
202 861 279 886 (direkte
290 860 413 887 Bestellung
427 860 459 882 bei
474 861 508 883 der
523 861 649 887 Expedition

203 888 248 910 und
257 887 328 915 Bezug
343 889 405 909 unter
419 888 581 914 Privatadresse)
603 905 610 911 .
639 904 645 910 .
673 904 682 914 „
714 889 772 912 7.50
810 904 820 915 „
850 890 923 911 14.—

111 916 314 944 Deutschland
328 914 458 942 (Bestellung
473 916 527 938 beim
542 916 646 942 Postamt)
660 915 704 939 Mk.
713 918 771 938 7.05

112 943 410 973 Oesterreich-Ungarn
421 942 489 969 (Best.
489 942 518 969 b.
518 942 620 969 Postamt)
629 943 651 970 fl.
651 943 674 970 d.
712 943 772 970 5.64

113 971 290 998 Frankreich,
301 970 409 995 Italien
420 970 464 992 und
475 970 548 998 übrige
557 971 651 993 Staaten

203 999 240 1021 des
255 997 501 1024 Weltpostvereins
516 998 599 1024 (direkte
612 998 652 1021 Be¬

205 1026 292 1055 stellung
307 1025 339 1048 bei
352 1025 387 1048 der
403 1025 537 1053 Expedition)
573 1042 579 1048 .
608 1042 614 1049 .
644 1041 652 1050 .
665 1028 704 1056 Fr.
711 1029 781 1052 11.50
805 1029 843 1058 Fr.
857 1031 926 1052 22.—

3092 755 3572 791 Insertionsgebühr.

3264 802 3404 828 Annonce»:

2927 826 2973 853 Für
2986 826 3018 849 die
3033 827 3123 855 Schweiz
3137 829 3163 849 20
3173 827 3221 855 Rp.,
3237 828 3272 855 für
3286 831 3326 850 das
3336 829 3438 851 Ausland
3447 830 3474 851 25
3483 828 3528 856 Rp.
3543 830 3590 852 oder
3603 831 3631 854 20
3640 831 3744 859 Pfennige

3202 861 3237 882 per
3252 856 3393 883 sechsspaltige
3404 857 3469 882 Zeile.

3063 883 3190 910 Reclamen
3204 889 3231 905 rc.
3247 884 3321 908 (unter
3335 883 3381 904 dem
3394 883 3605 912 Redaktionsstrich):

3126 913 3153 932 50
3167 910 3208 937 Rp.
3223 915 3259 937 per
3273 910 3409 937 vierspaltige
3427 911 3542 939 Petitzeile.

2926 935 3024 963 Inserate
3039 938 3083 960 und
3093 938 3206 960 Reclamen
3216 938 3261 965 sind
3272 937 3408 964 einzusenden
3428 943 3456 959 an
3465 939 3498 961 die
3511 940 3744 969 Annoncenexpedition

2927 966 2968 985 von
2989 963 3067 987 Orell
3085 964 3170 992 Füßli
3188 965 3207 987 &
3226 965 3280 987 Cie.
3300 964 3329 986 in
3349 964 3446 991 Zürich
3469 966 3514 988 und
3534 967 3615 989 werden
3630 970 3689 994 durch
3705 970 3746 993 alle

3042 992 3131 1021 übrigen
3145 992 3259 1014 bekannten
3275 992 3487 1021 Annoncenbureaux
3505 995 3629 1019 vermittelt.

3123 1019 3196 1042 Presi
3210 1021 3249 1043 der
3264 1019 3382 1047 einzelnen
3397 1021 3550 1049 Nummern:

2994 1047 3091 1074 Einfache
3112 1048 3139 1069 10
3153 1047 3200 1073 Rp.,
3222 1048 3263 1069 mit
3277 1047 3366 1075 Beilage
3384 1048 3410 1070 15
3424 1048 3473 1075 Rp.,
3495 1050 3591 1077 doppelte
3606 1054 3633 1075 20
3647 1052 3689 1080 Rp.

168 1124 380 1178 Täglich,
411 1123 505 1166 mit
534 1125 845 1180 Ausnahme
872 1128 957 1170 des
984 1129 1267 1185 Sonntags,
1298 1133 1603 1187 zweimalige
1629 1134 1886 1188 Ausgabe.

2121 1138 2349 1190 Büreau
2380 1142 2466 1183 der
2493 1141 2809 1193 Redaktion:
2851 1145 3190 1202 Brunngasse
3217 1148 3322 1201 Nr.
3351 1152 3382 1189 2
3412 1149 3470 1191 in
3498 1147 3690 1203 Zürich.

266 1262 836 1327 Tagesbericht

429 1342 496 1371 vom
523 1340 575 1371 15.
599 1338 682 1377 Juli.

179 1392 320 1433 Nachdem
344 1392 391 1425 der
417 1392 606 1433 deutsche
630 1392 779 1436 Reichstag
794 1393 862 1434 nach
885 1394 987 1436 langer

113 1438 291 1482 mühevoller
331 1438 390 1471 und
431 1437 653 1479 wahrscheinlich
685 1439 755 1479 auch
787 1440 987 1473 undankbarer

115 1486 217 1522 Arbeit
254 1483 601 1525 auseinandergegangen,
642 1484 812 1526 konzentrirt
848 1484 898 1526 sich
936 1486 989 1519 das

117 1529 270 1574 öffentliche
292 1528 382 1562 Leben
407 1528 456 1561 des
480 1529 590 1563 Landes
614 1529 687 1570 nicht
711 1530 790 1571 mehr
814 1530 846 1562 in
868 1531 986 1569 Berlin,

118 1587 185 1612 man
210 1574 288 1615 wirft
301 1574 369 1615 auch
392 1574 495 1607 wieder
508 1574 600 1608 Blicke
623 1574 689 1615 nach
714 1576 767 1609 den
782 1575 989 1616 verschiedenen

120 1621 323 1664 Einzelstaaten
348 1620 408 1652 und
433 1620 606 1661 Provinzen.
633 1621 678 1654 So
704 1630 819 1663 erregen
842 1621 922 1662 heute
946 1621 989 1654 die

122 1665 310 1709 Verhältnisse
326 1666 375 1697 der
386 1665 628 1699 ultramontanen
641 1666 742 1708 Partei
764 1667 797 1699 in
820 1666 989 1700 Baiern

121 1716 215 1755 unsere
237 1710 495 1751 Aufmerksamkeit,
532 1711 632 1752 welche
665 1711 825 1753 allerdings
859 1712 914 1746 mit
937 1713 989 1745 den

124 1758 248 1804 jüngsten
271 1756 591 1799 Parteigruppirungen
615 1756 657 1790 im
679 1757 847 1798 Reichstage
879 1759 989 1798 Zusam¬

126 1804 304 1845 menhängen,
343 1801 411 1834 aber
435 1801 493 1834 eine
518 1812 589 1843 ganz
627 1802 855 1844 eigentümliche
878 1801 990 1843 Gestalt

129 1849 286 1889 annehmen.
336 1846 408 1886 Daß
430 1847 553 1888 nämlich
585 1848 640 1880 das
662 1848 806 1887 Zentrum
830 1848 861 1881 in
882 1848 989 1882 Berlin

126 1897 174 1936 auf
194 1892 371 1928 Bismarck's
394 1891 478 1925 Seite
502 1895 635 1934 getreten,
663 1892 766 1935 behagt
800 1894 849 1926 der
886 1895 988 1934 extrem

121 1939 269 1980 römischen
304 1937 449 1978 Richtung
483 1938 558 1977 nicht
591 1938 634 1971 im
658 1937 837 1981 Geringsten.
883 1939 925 1973 Es
957 1939 990 1979 ist

122 1994 178 2022 von
200 1984 275 2027 jeher
310 1983 355 2016 ein
379 1982 541 2024 Grundzug
564 1984 605 2016 im
630 1983 781 2024 Charakter
817 1985 865 2017 des
888 1984 990 2018 Ultra¬

121 2030 349 2066 montanismus,
374 2028 432 2068 daß
457 2037 484 2060 er
507 2028 558 2069 sich
571 2029 623 2068 auf
647 2029 697 2062 das
710 2030 785 2064 Volk
809 2030 893 2071 stützt,
919 2030 991 2071 ohne

121 2078 210 2119 besten
235 2073 418 2115 Gläubigkeit
447 2082 475 2105 er
496 2073 528 2114 ja
562 2074 724 2115 überhaupt
759 2075 834 2115 nicht
867 2074 991 2117 bestehen

120 2125 202 2161 kann,
228 2120 287 2153 und
310 2120 340 2159 so
362 2120 471 2152 können
493 2119 556 2160 ihm
578 2120 854 2162 unvolksthümliche
875 2120 990 2154 Anord¬

121 2176 237 2209 nungen
259 2166 319 2199 und
344 2164 568 2206 Einrichtungen
590 2165 716 2199 niemals
741 2165 871 2207 gefallen.
921 2165 991 2206 Daß

120 2224 155 2256 zu
178 2211 284 2254 solchen
320 2211 373 2242 das
409 2219 478 2242 neue
501 2210 650 2251 Zollgesetz
683 2211 744 2244 und
779 2211 827 2243 der
850 2210 991 2252 Zolltarif

121 2259 253 2302 gehören,
276 2255 375 2294 bedarf
398 2255 488 2288 keines
511 2255 694 2296 Nachweises.
732 2256 802 2289 Eine
826 2255 989 2298 Maßregel,

121 2304 204 2344 durch
239 2301 338 2341 welche
368 2300 423 2333 das
446 2300 520 2333 Volk
555 2301 768 2343 benachtheiligt
802 2302 883 2339 wird,
920 2302 991 2342 muß

121 2352 183 2383 dem
208 2346 433 2381 Klerikalismus
464 2344 560 2387 ebenso
594 2346 716 2387 zuwider
751 2347 808 2386 sein
842 2347 894 2380 wie
929 2347 991 2380 dem

121 2393 334 2435 Sozialismus.
381 2390 453 2430 Daß
476 2390 529 2423 das
553 2391 693 2430 Zentrum
730 2392 815 2432 dieser
838 2392 992 2433 Maßregel

121 2439 298 2483 zugestimmt
309 2436 369 2478 hat,
394 2436 500 2469 nimmt
523 2436 583 2477 ihm
599 2436 690 2476 seinen
704 2437 992 2477 populär-klerikalen

123 2485 284 2527 Charakter,
321 2481 380 2515 und
419 2481 475 2521 daß
510 2482 559 2514 der
593 2482 810 2515 ultramontane
845 2482 917 2516 Adel
952 2483 993 2515 im

121 2531 273 2571 Reichstag
294 2525 380 2567 durch
404 2527 458 2559 das
479 2527 586 2568 Organ
609 2528 659 2559 des
680 2527 778 2568 Herrn
802 2532 861 2560 von
884 2527 992 2568 Schor¬

121 2574 286 2615 lemer-Alst
311 2577 341 2605 es
364 2575 466 2613 wagte,
495 2571 702 2613 geringschätzig
728 2578 784 2605 von
808 2572 871 2605 dem
897 2574 992 2614 „soge¬

121 2623 250 2656 nannten
273 2627 373 2652 armen
396 2618 516 2651 Mann"
556 2627 589 2658 zu
621 2616 754 2658 sprechen,
790 2617 825 2658 ist
859 2618 992 2658 geradezu

123 2669 169 2701 ein
202 2664 383 2705 Faustschlag
420 2671 504 2704 gegen
538 2663 582 2695 die
615 2662 775 2703 katholische
798 2662 897 2703 Kirche
932 2663 991 2696 und

123 2709 292 2750 namentlich
329 2718 415 2749 gegen
444 2708 504 2748 ihre
538 2707 662 2746 soziale,
683 2708 736 2745 auf
759 2707 997 2748 Wohlthätigkeit

123 2757 266 2796 gerichtete
288 2753 437 2795 Lichtseite.
475 2752 517 2785 Es
539 2751 630 2784 bildet
652 2749 700 2791 sich
724 2751 812 2791 daher
834 2750 938 2785 bereits
962 2752 994 2785 in

125 2800 239 2833 Baiern
263 2800 334 2838 (und
357 2799 400 2830 die
426 2797 549 2838 ohnehin
583 2797 633 2835 für
662 2796 761 2837 soziale
783 2796 897 2837 Fragen
933 2797 993 2838 sehr

127 2843 348 2884 empfänglichen
360 2842 542 2883 Rheinlande
565 2842 674 2874 werden
689 2841 767 2882 wohl
788 2840 858 2874 bald
881 2842 990 2884 folgen)

126 2890 186 2922 eine
211 2889 311 2927 extrem
336 2886 495 2928 katholische
531 2886 589 2918 und
612 2886 758 2928 vorläufig
780 2886 899 2928 zugleich
924 2893 991 2927 Par¬

124 2931 474 2973 tikularistisch-bairische,
506 2931 606 2972 reichs-
631 2931 689 2964 und
724 2931 992 2972 preußenfeindliche

122 2977 298 3019 Opposition
324 2986 408 3018 gegen
444 2976 495 3010 das
519 2977 661 3017 Zentrum
687 2982 743 3011 aus
777 2978 839 3010 und
872 2978 906 3018 sie
942 2978 992 3018 hat

122 3026 204 3066 ihren
231 3022 316 3063 ersten
342 3022 444 3063 Erfolg
478 3022 580 3055 bereits
603 3022 636 3055 in
660 3022 705 3055 der
737 3032 784 3055 am
811 3025 863 3055 12.
887 3022 914 3056 d.
941 3024 990 3056 M.

122 3081 157 3112 zu
192 3067 337 3108 Kemnath
373 3067 612 3108 stattgefundenen
648 3068 739 3109 Wahl
772 3068 820 3101 des
854 3068 993 3109 Pfarrers

126 3113 272 3155 Schäffler
293 3113 325 3145 in
350 3112 401 3144 den
426 3112 575 3153 bairischen
599 3113 727 3155 Landtag
751 3123 784 3154 zu
808 3113 991 3155 verzeichnen,

120 3159 222 3200 welche
255 3158 309 3191 mit
347 3159 411 3189 107
449 3167 533 3200 gegen
570 3160 611 3190 18
637 3159 785 3192 Stimmen
819 3168 855 3198 zu
877 3159 993 3193 Stande

121 3207 194 3239 kam.
243 3203 342 3243 Dieser
365 3202 467 3236 Mann
491 3203 594 3237 Gottes
622 3204 681 3245 hat,
718 3214 769 3237 um
791 3204 860 3245 auch
884 3204 915 3237 in
940 3204 992 3237 den

120 3250 273 3291 Reichstag
292 3257 327 3289 zu
351 3248 498 3289 gelangen,
535 3250 566 3281 in
590 3249 654 3282 dem
676 3255 731 3284 von
756 3249 815 3290 ihm
840 3249 992 3291 redigirten

120 3294 270 3336 religiösen
293 3293 506 3333 Wochenblatte
534 3296 621 3333 „Das
637 3295 748 3336 Kreuz"
776 3295 921 3336 folgendes
946 3295 990 3329 in¬

120 3341 268 3382 teressante
297 3340 475 3380 Programm
510 3340 683 3381 aufgestellt:
738 3342 786 3379 „1.
811 3340 867 3380 Ich
901 3341 992 3374 werde

119 3389 162 3420 im
185 3383 361 3425 Reichstage,
385 3385 439 3424 auf
461 3384 523 3419 dem
547 3385 777 3427 Syllabus
800 3385 914 3425 fußend,
953 3395 992 3418 an

119 3434 174 3465 den
188 3429 377 3469 Grundsätzen
400 3430 460 3461 und
484 3430 603 3471 Rechten
629 3431 676 3464 der
697 3430 878 3472 katholischen
891 3431 991 3471 Kirche

117 3475 278 3518 festhalten.
317 3476 346 3505 2.
371 3474 427 3513 Ich
451 3477 540 3508 werde
564 3477 667 3509 keinem
689 3476 846 3518 Beschluße
867 3475 991 3517 beistim¬

118 3531 195 3559 men,
222 3520 270 3552 der
293 3518 337 3550 die
361 3518 461 3558 Rechte
482 3522 596 3561 unseres
607 3522 802 3556 Vaterlandes
826 3522 991 3555 Baiern

117 3568 192 3601 über
230 3564 273 3596 die
305 3562 541 3606 Bestimmungen
578 3567 625 3599 der
661 3567 816 3608 Versailler
851 3567 991 3608 Verträge

117 3613 231 3653 hinaus
256 3608 384 3646 antastet.
428 3610 457 3640 3.
481 3610 536 3650 Ich
559 3613 650 3645 werde
674 3613 715 3646 die
740 3613 791 3653 auf
816 3612 989 3654 gesetzlichem

113 3659 207 3697 Wege
220 3652 476 3693 durchzuführende
487 3655 770 3700 Wiederherstellung
782 3658 831 3690 der
854 3657 989 3690 vollen

118 3697 384 3740 Selbstständigkeit
420 3698 547 3733 Baierns
581 3703 650 3744 nach
674 3704 796 3744 Kräften
834 3702 987 3744 anstreben.

117 3751 150 3780 4.
177 3744 234 3784 Ich
265 3743 355 3776 werde
390 3742 453 3774 dem
477 3744 618 3783 Zentrum
654 3749 692 3782 im
715 3748 881 3790 Reichstage
914 3747 990 3789 nicht

113 3791 263 3825 beitreten.
310 3786 368 3826 Ich
394 3786 473 3826 halte
506 3789 643 3832 vielmehr
676 3794 719 3827 die
743 3795 877 3835 Bildung
912 3793 989 3826 einer

112 3833 270 3874 bairischen
293 3832 432 3871 Fraktion
456 3833 504 3871 für
528 3835 715 3881 nothwendig.
766 3844 794 3873 5.
820 3839 875 3879 Ich
897 3839 989 3872 werde

112 3881 172 3915 mit
196 3880 258 3912 dem
282 3878 427 3918 Zentrum
462 3877 601 3918 stimmen,
639 3882 666 3921 so
689 3886 731 3923 oft
766 3885 826 3918 und
861 3885 888 3924 so
922 3884 989 3917 weit

113 3929 173 3960 das
190 3924 332 3965 Gewissen
357 3922 413 3955 mir
437 3922 484 3956 als
507 3924 696 3966 katholischem
711 3930 836 3971 Priester
859 3930 916 3962 und
941 3929 989 3962 als

1032 1251 1194 1295 Unterthan
1218 1253 1265 1287 des
1281 1253 1397 1296 Königs
1421 1259 1477 1288 von
1501 1255 1623 1295 Baiern,
1649 1255 1730 1296 sowie
1754 1256 1803 1290 als
1829 1257 1903 1290 Ver¬

1032 1298 1117 1331 treter
1140 1299 1190 1331 des
1213 1299 1453 1340 steuerzahlenden
1465 1300 1572 1334 Volkes
1597 1305 1627 1334 es
1646 1300 1767 1335 erlaubt.
1796 1301 1903 1342 Wahr¬

1033 1342 1088 1380 heit
1112 1343 1170 1376 und
1195 1343 1301 1385 Recht!
1349 1345 1415 1378 Und
1439 1345 1564 1386 Freiheit
1595 1346 1645 1386 für
1666 1346 1822 1388 Wahrheit
1845 1347 1903 1380 und

1034 1388 1157 1429 Recht!"
1209 1390 1275 1424 Das
1299 1389 1442 1430 Zentrum
1465 1391 1633 1433 vertheidigt
1655 1392 1706 1433 sich
1729 1392 1813 1432 durch
1845 1393 1902 1433 sein

1034 1433 1239 1475 Hauptorgan,
1274 1434 1317 1467 die
1345 1435 1557 1475 „Germania",
1584 1446 1667 1478 gegen
1694 1436 1738 1471 die
1773 1437 1833 1478 ihm
1857 1447 1903 1479 ge¬

1033 1478 1160 1520 machten
1175 1480 1334 1521 Vorwürfe
1356 1481 1467 1515 mittels
1489 1481 1539 1515 der
1550 1482 1758 1525 Behauptung,
1783 1483 1829 1516 bei
1851 1483 1905 1517 den

1034 1524 1195 1564 schlimmen
1241 1526 1422 1567 finanziellen
1459 1526 1626 1568 Zuständen
1670 1528 1717 1560 der
1763 1528 1906 1569 deutschen

1034 1570 1162 1603 Staaten
1186 1570 1257 1611 habe
1280 1580 1351 1605 man
1374 1581 1432 1605 nur
1455 1572 1500 1604 die
1515 1572 1607 1613 Wahl
1631 1572 1740 1615 gehabt,
1768 1574 1906 1607 entweder

1035 1614 1076 1648 die
1100 1615 1221 1648 direkten
1236 1616 1362 1650 Steuern
1386 1627 1422 1657 zu
1446 1617 1618 1658 verdoppeln
1641 1619 1706 1652 oder
1722 1619 1764 1652 die
1777 1619 1905 1660 Finanz¬

1035 1659 1104 1701 zölle
1152 1661 1346 1703 einzufahren.
1376 1680 1412 1685 —
1440 1663 1506 1696 Aus
1544 1664 1592 1696 der
1630 1664 1905 1698 nationalliberalen

1034 1706 1137 1747 Partei
1159 1707 1221 1747 sind
1243 1707 1273 1740 in
1289 1708 1380 1749 Folge
1396 1708 1446 1741 des
1467 1709 1626 1750 gegenüber
1636 1706 1713 1743 Völk
1734 1709 1906 1752 geäußerten

1037 1751 1209 1785 Bedauerns
1234 1753 1274 1784 16
1299 1753 1410 1786 weitere
1433 1754 1603 1794 Mitglieder
1635 1756 1814 1796 ausgetreten
1845 1755 1905 1787 und

1036 1796 1151 1837 dieselbe
1171 1798 1246 1830 kann
1269 1797 1361 1831 damit
1384 1798 1432 1831 als
1455 1799 1485 1832 in
1510 1798 1586 1841 ihrer
1609 1798 1770 1842 bisherigen
1795 1800 1905 1840 Gestalt

1036 1842 1180 1883 aufgelöst
1204 1841 1352 1884 betrachtet
1374 1844 1494 1877 werden.

1105 1887 1171 1921 Das
1197 1887 1382 1929 allgemeinste
1406 1889 1546 1930 Interesse
1573 1889 1662 1930 nahm
1686 1889 1718 1929 in
1741 1890 1907 1929 Frank¬

1037 1932 1141 1973 reich
1164 1933 1320 1975 Sonntags
1344 1934 1387 1967 die
1411 1934 1496 1975 große
1513 1934 1612 1968 Revue
1635 1939 1691 1968 von
1713 1934 1906 1977 Longchamps

1038 1978 1067 2010 in
1091 1978 1248 2019 Anspruch.
1283 1979 1341 2013 Die
1365 1981 1523 2020 Truppen,
1558 1979 1657 2020 welche
1692 1989 1731 2013 an
1766 1980 1906 2021 derselben

1038 2022 1244 2065 theilnahmen,
1267 2024 1416 2066 bestanden
1440 2028 1495 2058 aus
1522 2026 1561 2057 51
1580 2024 1769 2059 Bataillonen
1794 2026 1907 2067 Infan¬

1038 2068 1104 2101 terie
1129 2069 1160 2102 in
1185 2071 1204 2101 3
1230 2069 1400 2109 Kolonnen,
1441 2072 1479 2102 16
1506 2070 1656 2104 Batterien
1679 2070 1829 2104 Artillerie
1852 2072 1907 2104 mit

1039 2115 1079 2146 96
1105 2113 1248 2148 Kanonen
1284 2115 1345 2148 und
1381 2117 1424 2148 39
1448 2114 1664 2154 Schwadronen
1686 2116 1853 2150 Kavallerie
1875 2117 1907 2150 in

1040 2161 1057 2191 5
1081 2159 1253 2198 Kolonnen,
1289 2161 1454 2201 zusammen
1489 2162 1612 2199 22,000
1636 2161 1735 2194 Mann
1770 2162 1831 2195 und
1863 2164 1905 2194 96

1039 2203 1186 2246 Geschütze.
1224 2205 1284 2239 Der
1309 2205 1436 2239 General
1458 2205 1563 2239 Baron
1587 2211 1616 2238 v.
1640 2207 1786 2247 Aymard,
1824 2206 1907 2240 Gou¬

1039 2254 1159 2283 verneur
1193 2255 1250 2283 von
1281 2250 1391 2291 Paris,
1428 2251 1631 2284 kommandirte
1664 2251 1706 2284 die
1740 2252 1906 2293 Heerschau,

1038 2294 1136 2335 welche
1169 2295 1361 2336 ungetheilten
1393 2295 1505 2334 Beifall
1540 2296 1608 2337 fand
1642 2297 1700 2329 und
1732 2297 1819 2339 große
1849 2298 1907 2331 Be¬

1039 2340 1196 2382 geisterung
1231 2340 1396 2382 hervorrief.
1432 2342 1492 2375 Der
1524 2342 1673 2383 Präsident
1695 2342 1742 2375 der
1766 2342 1909 2382 Republik

1038 2385 1087 2425 hat
1111 2385 1179 2426 nach
1206 2385 1318 2427 Schluß
1343 2387 1389 2419 der
1414 2387 1512 2420 Revue
1547 2387 1590 2420 ein
1615 2386 1768 2427 Schreiben
1794 2397 1831 2420 an
1855 2388 1908 2420 den

1040 2429 1273 2472 Kriegsminister
1307 2432 1452 2473 gerichtet,
1486 2432 1519 2464 in
1542 2432 1668 2473 welchem
1692 2442 1722 2464 er
1752 2432 1908 2474 demselben

1039 2474 1110 2515 seine
1135 2476 1341 2519 Anerkennung
1373 2476 1443 2510 über
1466 2477 1508 2510 die
1532 2478 1664 2519 Haltung
1695 2478 1744 2510 der
1767 2479 1908 2518 Truppen

1041 2521 1208 2561 ausspricht.

1107 2564 1248 2603 Nachdem
1271 2563 1314 2597 die
1336 2564 1633 2604 Deputirtenkammer
1655 2574 1703 2597 am
1727 2564 1909 2599 Sonnabend

1040 2607 1091 2640 das
1117 2607 1205 2650 Gesetz
1236 2608 1305 2641 über
1329 2609 1371 2642 die
1394 2610 1635 2651 Reorganisation
1666 2610 1715 2644 des
1738 2611 1908 2644 Staats¬

1040 2653 1193 2694 rathes,
1220 2654 1270 2686 wie
1283 2658 1313 2686 es
1325 2655 1373 2687 der
1384 2656 1481 2688 Senat
1493 2655 1665 2696 beschlossen,
1690 2663 1908 2697 angenommen,

1040 2697 1112 2730 wird
1137 2698 1262 2738 dasselbe,
1283 2707 1347 2731 nun
1362 2700 1403 2731 im
1419 2699 1569 2740 amtlichen
1580 2701 1681 2732 Blatte
1695 2700 1909 2740 veröffentlicht.

1041 2741 1119 2782 Nach
1153 2742 1306 2783 demselben
1341 2743 1415 2776 wird
1449 2744 1492 2776 die
1527 2744 1607 2785 Zahl
1640 2744 1687 2777 der
1721 2745 1910 2785 ordentlichen

1041 2787 1234 2829 Staatsräthe
1255 2793 1312 2821 von
1337 2791 1378 2821 22
1400 2790 1452 2829 auf
1476 2791 1519 2821 32
1544 2789 1652 2830 erhöht.
1680 2791 1742 2823 Der
1758 2790 1910 2831 Minister¬

1041 2831 1105 2873 rath
1142 2832 1191 2873 hat
1216 2842 1262 2865 am
1288 2835 1340 2867 14.
1365 2834 1392 2866 d.
1419 2834 1467 2867 M.
1505 2834 1609 2868 bereits
1639 2834 1745 2877 sowohl
1776 2836 1821 2868 die
1843 2836 1911 2877 zehn

1041 2886 1132 2909 neuen
1144 2878 1312 2919 Mitglieder
1336 2881 1468 2918 ernannt,
1494 2879 1543 2913 als
1566 2882 1651 2913 unter
1674 2880 1726 2913 den
1748 2881 1911 2923 bisherigen

1043 2922 1135 2963 (meist
1158 2923 1388 2965 legitimistischen
1413 2925 1471 2957 und
1495 2924 1775 2967 bonapartistischen)
1812 2927 1844 2959 in
1867 2936 1910 2959 re¬

1041 2966 1271 3009 publikanischem
1296 2969 1394 3003 Sinne
1418 2970 1488 3009 stark
1512 2971 1704 3013 aufgeräumt.

1106 3018 1165 3050 Am
1191 3020 1244 3051 14.
1260 3018 1347 3057 Juli,
1371 3020 1434 3052 dem
1457 3021 1637 3061 neunzigsten
1660 3019 1837 3062 Jahrestage
1861 3021 1909 3053 des

1040 3062 1427 3104 Bastillensturmes,
1446 3065 1560 3105 feierten
1572 3066 1616 3098 die
1633 3066 1807 3107 Kammern;
1825 3068 1909 3099 unter

1041 3107 1100 3139 dem
1126 3108 1214 3141 Volke
1238 3109 1303 3141 aber
1335 3110 1404 3151 ging
1428 3109 1564 3149 derselbe,
1590 3111 1645 3143 mit
1667 3111 1839 3151 Ausnahme
1862 3112 1910 3144 der

1039 3152 1206 3194 radikalsten
1241 3155 1418 3196 Stadttheile
1451 3161 1509 3189 von
1544 3156 1654 3197 Paris,
1691 3156 1818 3197 ziemlich
1851 3156 1910 3197 still

1040 3198 1170 3231 vorüber.

1104 3246 1167 3278 Der
1189 3245 1279 3287 Prinz
1302 3246 1478 3285 Jerome
1514 3247 1548 3288 ist
1571 3248 1728 3288 Sonntags
1750 3248 1853 3280 wieder
1875 3248 1908 3280 in

1038 3289 1130 3330 Paris
1154 3291 1333 3332 eingetroffen
1357 3292 1417 3325 und
1440 3292 1489 3333 hat
1513 3292 1584 3332 seine
1608 3292 1703 3325 beiden
1717 3292 1822 3335 Söhne
1845 3299 1900 3332 per¬

1038 3335 1141 3376 sönlich
1163 3336 1195 3368 in
1220 3336 1277 3377 ihre
1301 3337 1426 3378 Pension
1449 3337 1666 3379 zurückgeführt.
1709 3338 1771 3372 Der
1801 3339 1900 3376 „Mor¬

1037 3380 1189 3423 ningpost"
1219 3382 1329 3424 zufolge
1363 3383 1442 3424 hätte
1471 3383 1517 3415 die
1539 3383 1671 3424 Kaiserin
1694 3383 1822 3425 Eugenie
1855 3384 1908 3416 den

1038 3425 1160 3467 Wunsch
1192 3427 1387 3467 ausgedrückt,
1425 3428 1474 3461 den
1498 3428 1625 3470 Prinzen
1648 3428 1767 3467 Jerome
1791 3438 1826 3469 zu
1850 3438 1906 3461 em¬

1038 3471 1182 3513 pfangen;
1210 3472 1328 3512 derselbe
1352 3476 1429 3506 wäre
1452 3473 1529 3513 aber,
1554 3474 1626 3515 ohne
1641 3474 1690 3514 sich
1707 3482 1757 3514 zur
1773 3474 1907 3515 Kaiserin

1038 3525 1071 3556 zu
1093 3515 1225 3558 begeben,
1249 3517 1316 3558 nach
1340 3519 1458 3551 London
1481 3519 1691 3560 zurückgekehrt.

1103 3557 1171 3589 Das
1195 3556 1325 3598 amtliche
1348 3558 1437 3591 Blatt
1467 3558 1515 3591 der
1545 3557 1742 3599 französischen
1765 3557 1907 3597 Republik

1037 3600 1148 3642 enthält
1170 3602 1250 3634 einen
1265 3602 1381 3643 Bericht
1405 3603 1454 3635 des
1476 3603 1633 3644 Ministers
1657 3603 1702 3635 der
1727 3603 1905 3644 öffentlichen

1036 3645 1188 3684 Arbeiten,
1216 3647 1380 3689 Freycinet,
1407 3658 1446 3681 an
1470 3649 1523 3682 den
1546 3649 1731 3690 Präsidenten
1765 3648 1837 3681 über
1861 3649 1905 3681 ein

1036 3691 1254 3733 merkwürdiges
1276 3694 1399 3735 Projekt.
1425 3694 1466 3727 Es
1489 3693 1608 3733 handelt
1632 3693 1681 3734 sich
1704 3693 1831 3734 nämlich
1855 3703 1905 3726 um

1036 3735 1126 3776 nichts
1162 3736 1350 3779 Geringeres,
1386 3739 1434 3771 als
1469 3748 1521 3772 um
1556 3740 1616 3771 eine
1651 3738 1814 3780 Eisenbahn
1849 3743 1905 3772 aus

1035 3781 1170 3822 Algerien
1193 3782 1276 3823 durch
1293 3784 1337 3817 die
1352 3785 1524 3826 sogenannte
1538 3785 1639 3824 Wüste
1653 3783 1775 3824 Sahara
1793 3784 1905 3825 (welche

1035 3826 1174 3867 durchaus
1209 3828 1282 3868 nicht
1318 3830 1345 3870 so
1369 3830 1442 3869 wüst
1465 3830 1525 3862 und
1549 3829 1648 3870 sandig
1670 3829 1721 3870 ist,
1758 3830 1812 3862 wie
1836 3839 1904 3862 man

1036 3872 1205 3913 gewöhnlich
1223 3873 1336 3915 glaubt)
1362 3875 1431 3915 nach
1454 3875 1515 3908 dem
1532 3875 1726 3916 Nigerstrom;
1751 3875 1795 3907 die
1812 3875 1905 3916 Länge

1036 3919 1080 3949 der
1103 3917 1280 3958 projektirten
1297 3919 1377 3953 Linie
1399 3920 1512 3960 beträgt
1537 3921 1625 3952 2000
1651 3919 1706 3959 (die
1722 3919 1770 3952 der
1781 3920 1897 3960 Pacific¬

1947 1257 2023 1300 bahn
2058 1264 2116 1293 von
2139 1259 2301 1302 New-York
2335 1262 2404 1303 nach
2429 1262 2500 1296 San
2524 1263 2680 1302 Francisco
2719 1264 2822 1306 6000)

1948 1303 2115 1337 Kilometer.
2152 1306 2219 1340 Das
2235 1306 2348 1347 Projekt
2372 1307 2481 1341 nimmt
2502 1308 2626 1349 zugleich
2651 1309 2710 1341 eine
2727 1309 2823 1349 Eisen¬

1947 1348 2206 1393 bahnverbindung
2221 1351 2350 1392 zwischen
2362 1353 2415 1386 den
2427 1352 2626 1394 französischen
2640 1354 2822 1397 Besitzungen

1949 1403 1997 1427 am
2012 1395 2143 1437 Senegal
2166 1397 2225 1430 und
2247 1397 2311 1429 dem
2326 1397 2415 1440 Niger
2439 1398 2472 1431 in
2496 1398 2636 1440 Aussicht.
2660 1400 2722 1433 Der
2745 1400 2822 1441 Prä¬

1949 1439 2034 1481 sident
2058 1441 2129 1482 setzte
2152 1442 2206 1482 auf
2228 1442 2317 1481 diesen
2333 1442 2447 1483 Bericht
2471 1443 2523 1484 hin
2547 1444 2606 1477 eine
2631 1444 2823 1487 Kommission

1950 1484 2013 1523 ein,
2046 1485 2191 1528 bestehend
2222 1491 2279 1520 aus
2302 1488 2355 1520 den
2379 1488 2557 1529 Ministern,
2594 1490 2657 1522 dem
2681 1489 2824 1524 General-

1949 1535 2128 1571 gouverneur
2151 1537 2209 1565 von
2232 1532 2387 1573 Algerien,
2412 1534 2464 1566 den
2487 1535 2824 1575 Unterstaatssekretären

1950 1575 1997 1608 der
2029 1575 2206 1618 öffentlichen
2228 1577 2364 1612 Arbeiten
2400 1579 2459 1612 und
2495 1579 2544 1612 des
2575 1580 2723 1621 Handels,
2760 1580 2823 1614 dem

1951 1619 2195 1656 Generaldirektor
2215 1623 2262 1655 der
2279 1623 2475 1665 Eisenbahnen
2499 1625 2559 1658 und
2584 1625 2674 1658 vielen
2698 1626 2822 1659 anderen

1950 1666 2140 1707 Mitgliedern
2178 1667 2258 1708 (auch
2283 1668 2393 1709 Lesseps
2426 1669 2550 1710 befindet
2575 1670 2624 1712 sich
2659 1671 2822 1712 darunter),

1950 1711 2005 1744 mit
2025 1711 2073 1744 der
2097 1713 2308 1755 Bestimmung,
2333 1713 2404 1755 diese
2418 1715 2547 1756 Projekte
2569 1725 2605 1757 zu
2620 1716 2746 1757 studiren
2762 1717 2823 1750 und

1951 1756 2169 1797 vorzubereiten.

2017 1805 2079 1839 Der
2103 1805 2228 1846 Khedive
2251 1807 2309 1841 von
2333 1807 2564 1849 Aegypten
2587 1808 2638 1849 hat
2654 1819 2716 1842 nun
2733 1809 2764 1842 in
2781 1810 2824 1843 die

1951 1849 2110 1890 finanzielle
2123 1851 2262 1885 Kontrole
2288 1853 2482 1895 eingewilligt,
2508 1853 2643 1895 verlangt
2666 1854 2742 1892 aber,
2768 1854 2824 1896 daß

1951 1895 1987 1935 sie
2011 1895 2148 1937 ernsthaft
2171 1898 2277 1935 werde,
2315 1906 2366 1931 um
2398 1899 2528 1938 wirksam
2563 1908 2599 1939 zu
2622 1899 2689 1939 sein.
2727 1899 2825 1941 Große

1951 1940 2197 1983 Veränderungen
2231 1942 2291 1983 sind
2323 1943 2363 1976 im
2388 1944 2528 1984 Personal
2560 1944 2607 1977 der
2631 1945 2824 1986 Provinzver¬

1950 1985 2082 2027 waltung
2095 1992 2316 2029 vorgenommen
2329 1989 2453 2022 worden.
2472 1989 2529 2023 Die
2546 1990 2824 2032 Unterhandlungen

1950 2030 2019 2063 über
2043 2031 2085 2064 die
2110 2032 2282 2074 Errichtung
2314 2033 2389 2067 einer
2420 2034 2666 2068 internationalen
2690 2035 2824 2075 Liquida¬

1950 2075 2207 2119 tionskommission
2231 2078 2339 2111 dauern
2362 2080 2423 2120 fort
2446 2080 2506 2112 und
2530 2080 2642 2113 werden
2666 2080 2733 2113 bald
2758 2082 2826 2115 an's

1949 2121 2017 2161 Ziel
2039 2123 2188 2164 gelangen.
2224 2124 2392 2166 Frankreich
2415 2126 2474 2158 und
2499 2125 2635 2166 England
2657 2126 2823 2169 verlangen,

1951 2167 2007 2206 daß
2030 2168 2076 2200 der
2100 2167 2375 2209 Investiturfirman
2400 2170 2448 2203 des
2472 2170 2599 2211 Khedive
2628 2171 2683 2204 alle
2706 2171 2739 2205 in
2762 2172 2825 2205 dem

1951 2211 2074 2251 Firman
2098 2218 2155 2247 von
2183 2215 2267 2247 1873
2295 2214 2476 2256 enthaltenen
2499 2215 2679 2257 Privilegien
2710 2216 2825 2250 wieder¬

1950 2257 2082 2297 herstelle.
2114 2259 2194 2299 Doch
2218 2259 2303 2300 geben
2327 2260 2361 2300 sie
2386 2270 2437 2301 zu,
2464 2260 2521 2301 daß
2545 2261 2607 2294 dem
2632 2262 2749 2295 Sultan
2772 2262 2826 2296 das

1951 2302 2037 2343 Recht
2060 2303 2188 2345 gewahrt
2210 2305 2316 2343 werde,
2352 2305 2397 2338 die
2424 2306 2530 2339 Stärke
2565 2306 2612 2339 der
2648 2306 2826 2348 ägyptischen

1950 2347 2053 2380 Armee
2084 2348 2145 2380 und
2179 2349 2274 2388 Flotte
2309 2358 2344 2390 zu
2377 2350 2552 2390 bestimmen.
2591 2352 2671 2385 Man
2706 2352 2827 2394 zweifelt

1950 2393 2079 2434 trotzdem
2104 2402 2142 2426 an
2167 2394 2214 2426 der
2237 2394 2392 2435 Annahme
2414 2396 2462 2428 der
2486 2396 2733 2438 westmächtlichen
2750 2398 2826 2437 For¬

1952 2437 2095 2479 derungen
2119 2444 2176 2471 von
2201 2439 2283 2473 Seite
2307 2440 2354 2472 der
2378 2440 2491 2482 Pforte.

2097 2550 2173 2600 Vom
2202 2550 2443 2604 eidgenössischen
2471 2552 2674 2605 Schützenfest.

2543 2620 2631 2656 Basel,
2652 2622 2695 2650 14.
2714 2621 2788 2656 Juli.

2001 2659 2034 2693 S.
2059 2660 2127 2693 Das
2150 2662 2215 2700 Fest
2237 2664 2313 2694 wäre
2333 2671 2381 2694 am
2399 2663 2624 2702 „Vertropfen",
2649 2669 2733 2696 wenn
2755 2664 2830 2704 nicht

1954 2705 2000 2737 die
2022 2705 2213 2744 Festkomites,
2253 2707 2296 2738 die
2331 2707 2477 2749 Schützen,
2513 2707 2613 2748 welche
2648 2708 2708 2748 ihre
2731 2709 2829 2749 Stiche

1954 2749 2023 2789 noch
2044 2750 2120 2791 nicht
2142 2751 2266 2792 gemacht
2289 2751 2349 2784 und
2361 2753 2408 2785 ein
2430 2752 2533 2794 großer
2549 2753 2636 2792 Theil
2658 2753 2706 2786 der
2718 2754 2830 2787 Basler

1955 2795 2153 2837 Bevölkerung
2165 2796 2233 2837 noch
2245 2797 2347 2829 immer
2359 2798 2444 2839 festen
2456 2797 2558 2831 Stand
2570 2798 2684 2839 hielten.
2710 2798 2829 2838 Gestern

1955 2840 2016 2880 sind
2039 2840 2082 2873 die
2105 2841 2242 2881 Walliser
2277 2842 2336 2874 und
2370 2843 2415 2875 die
2444 2843 2587 2876 liberalen
2610 2844 2736 2884 Tessiner
2760 2845 2827 2883 fort,

1955 2885 2035 2924 heute
2058 2886 2102 2918 die
2124 2886 2268 2927 Havresen
2292 2887 2351 2920 und
2374 2888 2418 2921 die
2440 2887 2734 2930 Basellandschäftler.
2767 2890 2829 2924 Der

1958 2929 2089 2970 Abschied
2114 2936 2171 2965 von
2184 2932 2235 2964 den
2248 2932 2409 2973 Franzosen
2432 2939 2495 2966 war
2507 2933 2634 2974 herzlich,
2659 2934 2711 2967 wie
2735 2938 2764 2967 es
2776 2936 2830 2968 den

1955 2975 2154 3018 Angehörigen
2178 2978 2274 3018 zweier
2299 2978 2475 3017 Republiken
2499 2979 2623 3019 geziemt,
2660 2980 2703 3012 die
2727 2980 2829 3014 mitten

1957 3023 2041 3053 unter
2065 3021 2117 3054 den
2142 3022 2176 3063 sie
2192 3022 2382 3064 umgebenden
2396 3024 2598 3064 Monarchien,
2623 3024 2667 3057 die
2690 3025 2749 3057 eine
2760 3026 2828 3067 nach

1956 3065 2098 3106 früheren,
2135 3067 2178 3100 die
2203 3068 2304 3100 andere
2337 3069 2406 3110 nach
2433 3069 2682 3110 kurzverflossenen
2705 3070 2829 3112 heftigen

1956 3112 2103 3145 Stürmen
2126 3113 2231 3152 endlich
2244 3113 2287 3146 die
2310 3113 2405 3153 sichere
2416 3114 2529 3153 Straße
2541 3122 2706 3155 gewonnen,
2731 3116 2829 3156 welche

1955 3156 2044 3189 allein
2078 3157 2122 3189 die
2144 3158 2249 3192 Völker
2283 3168 2348 3198 zum
2372 3159 2456 3199 Heile
2487 3159 2580 3199 führt.
2632 3160 2750 3201 „Gehen
2772 3162 2829 3195 wir

1954 3202 2043 3240 diesen
2066 3203 2140 3243 Weg
2163 3204 2384 3242 miteinander",
2410 3205 2490 3246 sagte
2490 3205 2551 3246 Hr.
2566 3205 2668 3247 Jungk
2692 3206 2725 3246 in
2725 3206 2828 3246 seinen

1955 3246 2225 3287 Abschiedsworten,
2265 3249 2336 3287 „den
2359 3254 2418 3282 uns
2452 3250 2500 3282 der
2525 3249 2714 3292 Allmächtige
2748 3251 2828 3292 selbst

1955 3292 2097 3333 gewiesen.
2145 3294 2203 3327 Die
2226 3294 2352 3335 Schweiz
2388 3295 2422 3335 ist
2444 3295 2515 3334 stark
2546 3295 2630 3336 durch
2654 3296 2697 3328 die
2723 3297 2828 3336 Opfer¬

1954 3337 2118 3379 freudigkeit
2142 3338 2202 3380 iher
2225 3339 2337 3380 Söhne.
2386 3340 2462 3373 Aber
2498 3346 2582 3373 wenn
2613 3340 2725 3381 schwere
2749 3343 2829 3383 Tage

1954 3382 2137 3423 herannahen
2171 3384 2280 3424 sollten,
2317 3386 2408 3418 werde
2431 3385 2506 3418 Gott
2539 3385 2610 3419 über
2632 3386 2679 3427 ihr
2701 3387 2762 3419 und
2785 3388 2829 3420 die

1954 3428 2131 3468 französische
2144 3429 2285 3468 Republik
2305 3429 2394 3464 neben
2417 3430 2463 3471 ihr
2487 3431 2575 3470 sein."
2603 3432 2660 3464 Als
2683 3432 2731 3464 der
2747 3432 2827 3469 fran¬

1953 3473 2062 3514 zösische
2077 3474 2273 3515 Wortführer,
2300 3475 2354 3514 Hr.
2368 3476 2489 3517 Langer,
2515 3475 2655 3515 ebenfalls
2667 3477 2714 3509 der
2726 3477 2825 3511 Dank¬

1954 3518 2057 3551 barkeit
2091 3519 2141 3559 für
2164 3520 2208 3552 die
2243 3520 2413 3561 freundliche
2438 3521 2615 3561 Aufnahme,
2652 3522 2704 3554 den
2728 3531 2828 3564 gegen¬

1956 3564 2071 3604 seitigen
2095 3565 2303 3605 Sympathien,
2339 3566 2402 3599 dem
2432 3566 2614 3608 zukünftigen
2636 3568 2828 3607 Zusammen¬

1953 3608 2038 3649 gehen
2061 3608 2155 3642 beider
2178 3610 2323 3644 Nationen
2357 3618 2487 3644 warmen
2510 3612 2655 3645 Ausdruck
2685 3612 2827 3654 verliehen

1953 3654 2030 3695 hatte
2054 3655 2114 3687 und
2138 3655 2182 3689 ein
2208 3655 2341 3696 Lebehoch
2365 3657 2418 3697 auf
2440 3657 2485 3689 die
2498 3656 2625 3698 Schweiz
2649 3657 2825 3699 ausbrachte,

1952 3700 1981 3738 so
2005 3700 2121 3732 wurden
2147 3701 2190 3733 die
2214 3701 2364 3735 Stimmen
2400 3702 2447 3734 der
2471 3702 2633 3743 Franzosen
2658 3708 2715 3735 von
2739 3703 2827 3737 denen

1953 3744 2001 3776 der
2025 3745 2206 3784 anwesenden
2228 3746 2385 3788 Schweizer
2421 3747 2476 3779 mit
2508 3746 2600 3787 ihrem
2622 3747 2694 3788 ohne
2717 3748 2827 3782 weitere

1952 3790 2049 3822 Ordre
2071 3796 2130 3823 von
2153 3791 2233 3830 selbst
2254 3791 2470 3832 losbrechenden
2489 3792 2595 3835 „Vive
2617 3793 2652 3826 la
2663 3793 2824 3828 France!“

1954 3835 2020 3867 weit
2042 3835 2188 3869 übertönt.
2228 3836 2306 3877 Auch
2329 3837 2371 3870 die
2396 3837 2683 3878 Basellandschäftler
2706 3840 2825 3872 konnten

1952 3880 2006 3919 fast
2029 3880 2102 3921 nicht
2125 3881 2193 3920 fort.
2220 3882 2282 3921 Erst
2307 3881 2361 3923 gab
2387 3887 2416 3915 es
2439 3882 2508 3923 zwei
2531 3883 2826 3925 freundnachbarliche

1953 3925 2080 3965 offizielle
2104 3926 2293 3967 Ansprachen,
2319 3928 2374 3967 daß
2399 3937 2468 3960 man
2492 3927 2612 3967 scheiden
2636 3929 2733 3969 müsse,
2759 3929 2826 3962 aber

2871 1273 2935 1314 doch
2958 1273 3139 1309 beieinander
3149 1275 3239 1310 bleibe
3263 1277 3323 1311 und
3342 1282 3399 1311 von
3424 1279 3515 1313 einem
3539 1281 3745 1322 gemeinsamen

2870 1319 2960 1352 Band
2993 1321 3197 1363 umschlungen
3230 1323 3323 1355 werde
3346 1323 3405 1356 und
3441 1324 3520 1357 dann
3544 1326 3640 1359 wurde
3664 1328 3749 1370 abge¬

2870 1373 2966 1405 zogen.
3013 1366 3071 1399 Als
3094 1367 3150 1399 wir
3173 1366 3240 1401 aber
3271 1367 3342 1407 nach
3366 1369 3507 1411 ungefähr
3532 1370 3606 1404 einer
3630 1372 3750 1408 Stunde

2871 1409 2903 1442 in
2938 1409 2981 1442 die
3004 1411 3149 1451 Festhütte
3183 1412 3290 1451 kamen,
3329 1414 3365 1446 da
3388 1419 3451 1448 war
3486 1416 3554 1455 noch
3579 1416 3638 1449 eine
3661 1427 3749 1459 ganze

2871 1454 2959 1496 große
2971 1455 3198 1500 Versammlung
3210 1458 3401 1497 beieinander,
3427 1459 3498 1493 über
3522 1461 3568 1493 der
3592 1461 3635 1495 die
3647 1464 3749 1504 Fahne

2870 1500 2919 1532 der
2941 1500 3185 1543 Basellandschaft
3206 1503 3305 1543 wehte.
3335 1504 3482 1545 Zwischen
3497 1505 3581 1546 durch
3605 1508 3752 1543 erblickten

2870 1545 2925 1577 wir
2949 1545 3083 1587 Flaschen
3120 1548 3175 1580 mit
3198 1548 3400 1589 Silberhälsen
3425 1551 3484 1583 und
3509 1551 3668 1592 Eiskühler,
3706 1555 3750 1593 so¬

2870 1590 2923 1623 wie
2958 1591 3029 1624 viele
3052 1592 3340 1635 Komitemitglieder,
3376 1596 3436 1628 und
3464 1596 3517 1636 auf
3541 1596 3630 1630 einem
3654 1598 3751 1640 Tische

2872 1636 2950 1675 stand
2977 1637 3020 1670 ein
3044 1638 3345 1679 Basellandschäftler,
3378 1639 3448 1681 hielt
3472 1641 3532 1674 eine
3555 1641 3649 1682 schöne
3671 1645 3750 1678 Rede

2870 1681 2930 1714 und
2953 1680 3063 1723 brachte
3086 1683 3239 1725 schließlich
3264 1684 3310 1717 ein
3334 1685 3514 1719 donnerndes
3531 1687 3607 1728 Hoch
3632 1690 3683 1729 auf
3707 1690 3752 1724 die

2871 1725 3062 1761 Stadtbasler
3096 1733 3163 1766 aus,
3200 1729 3231 1762 in
3267 1729 3323 1763 das
3358 1730 3400 1762 die
3434 1732 3533 1772 Musik
3567 1737 3624 1767 von
3659 1734 3752 1775 ihrem

2871 1771 3013 1812 Pavillon
3048 1777 3105 1806 aus
3131 1774 3311 1815 einstimmte,
3349 1775 3396 1808 als
3420 1776 3456 1809 ob
3482 1781 3511 1809 es
3536 1777 3595 1818 ihre
3619 1778 3750 1820 offizielle

2871 1816 2978 1857 Pflicht
3000 1819 3131 1859 gewesen.
3179 1819 3220 1853 Es
3244 1820 3365 1861 versteht
3386 1821 3448 1862 sich,
3485 1822 3543 1862 daß
3571 1823 3639 1864 auch
3663 1825 3754 1865 sofort

2873 1862 2917 1894 ein
2930 1862 3135 1902 Baselstädtler
3159 1866 3211 1904 auf
3234 1865 3286 1898 den
3311 1865 3391 1906 Tisch
3423 1867 3531 1909 sprang
3554 1868 3613 1901 und
3637 1869 3680 1902 die
3705 1879 3753 1912 ge¬

2871 1907 2984 1947 haltene
3007 1909 3084 1942 Rede
3118 1910 3223 1948 sammt
3258 1911 3322 1943 dem
3348 1911 3545 1952 „Hochleben"
3585 1914 3640 1947 mit
3675 1915 3753 1949 einer

2871 1962 2964 1985 neuen
2999 1954 3051 1993 auf
3086 1954 3131 1987 die
3155 1955 3321 1996 Landschaft
3356 1958 3477 1998 vergalt.
3526 1958 3574 1991 So
3605 1960 3672 2001 ging
3697 1961 3752 1994 das

2872 1997 2971 2030 bittere
2994 1998 3134 2039 Scheiden
3169 2006 3221 2034 vor
3244 2001 3305 2042 sich.
3348 2019 3382 2024 —
3423 2003 3485 2042 Auf
3516 2003 3565 2036 der
3587 2005 3752 2046 Plattform

2873 2043 2922 2075 des
2957 2044 3175 2085 Schießstandes
3213 2052 3311 2079 waren
3355 2046 3444 2087 diesen
3479 2048 3662 2091 Nachmittag
3697 2059 3751 2092 gar

2873 2088 2947 2121 keine
2959 2089 3079 2129 Fahnen
3102 2090 3183 2131 mehr
3206 2101 3241 2132 zu
3257 2091 3348 2132 sehen,
3373 2092 3448 2134 nicht
3472 2094 3580 2127 einmal
3603 2095 3682 2136 mehr
3706 2096 3751 2129 die

2873 2134 3086 2176 eidgenössische.
3111 2136 3193 2173 Nun,
3218 2137 3255 2178 sie
3266 2138 3379 2171 werden
3401 2138 3434 2172 in
3449 2141 3534 2180 guter
3546 2139 3752 2183 Verwahrung

2871 2179 2939 2219 sein.

2925 2232 3003 2262 Beim
3023 2233 3242 2270 Mittagsbankett
3260 2235 3361 2271 brachte
3380 2236 3422 2266 der
3441 2237 3519 2273 greise
3537 2238 3586 2267 Dr.
3599 2238 3753 2270 Brenner

2873 2272 2919 2301 den
2947 2273 3023 2306 ersten
3043 2274 3131 2309 Toast.
3169 2275 3205 2304 Er
3232 2275 3314 2311 freute
3342 2276 3395 2311 sich,
3425 2275 3475 2312 daß
3499 2278 3568 2313 nicht
3586 2287 3638 2309 nur
3656 2280 3685 2309 in
3704 2281 3747 2310 der

2873 2313 2995 2350 Schweiz,
3015 2315 3122 2349 sondern
3142 2315 3202 2352 auch
3221 2317 3250 2346 in
3260 2317 3316 2346 dem
3335 2317 3384 2352 fast
3402 2326 3467 2354 ganz
3477 2318 3642 2355 katholischen
3653 2321 3751 2356 Frank¬

2872 2354 2935 2388 reich
2954 2355 3041 2390 Front
3059 2358 3169 2392 gemacht
3181 2359 3260 2388 werde
3279 2367 3357 2394 gegen
3375 2359 3413 2389 die
3436 2360 3579 2396 kirchlichen
3590 2361 3748 2398 Uebergriffe

2872 2395 2925 2424 und
2945 2395 2987 2425 der
3004 2396 3149 2432 Unterricht
3168 2397 3209 2427 der
3227 2398 3336 2434 Jugend
3359 2399 3400 2429 der
3419 2400 3529 2435 Klerisei
3548 2402 3675 2437 möglichst
3695 2404 3748 2432 ent¬

2871 2444 2949 2471 zogen
2968 2437 3056 2472 werde,
3075 2438 3163 2473 welche
3181 2438 3235 2475 ihre
3247 2439 3407 2476 Intoleranz
3427 2442 3479 2470 und
3494 2441 3568 2477 ihren
3577 2442 3639 2478 Haß
3658 2443 3686 2472 in
3700 2444 3750 2473 alle

2873 2476 3045 2513 bürgerlichen
3063 2478 3239 2515 Verhältnisse
3267 2486 3328 2509 vom
3351 2481 3484 2517 Taufstein
3511 2481 3556 2511 bis
3582 2491 3640 2517 zum
3659 2483 3749 2513 Grabe

2872 2516 3045 2553 hineintrage.

3057 2558 3209 2593 „Enchelica
3226 2561 3281 2589 und
3298 2560 3435 2596 Syllabus

3052 2599 3098 2633 Ist
3118 2599 3279 2636 Schweizern
3298 2602 3353 2631 eine
3371 2601 3444 2637 harte
3462 2603 3543 2638 Nuß!

3055 2639 3122 2667 Non
3141 2642 3323 2675 possumus!»

2874 2692 2933 2721 Das
2952 2692 3106 2727 Vaterland,
3126 2693 3174 2722 das
3192 2694 3254 2724 über
3273 2695 3321 2724 den
3340 2695 3463 2729 Parteien
3482 2698 3580 2733 glänze,
3604 2699 3659 2729 lebe
3684 2700 3758 2742 hoch,

2874 2732 2957 2767 schloß
2985 2734 3026 2762 der
3044 2734 3155 2763 Redner.
3185 2749 3217 2754 —
3245 2736 3296 2771 Hr.
3316 2735 3417 2772 Wirth,
3446 2737 3572 2767 Redaktor
3596 2739 3640 2769 des
3662 2741 3750 2777 ‟Frei¬

2873 2773 3021 2809 müthigen"
3042 2774 3071 2804 in
3080 2775 3221 2810 Pfäffikon,
3240 2776 3402 2812 verkündigte
3413 2778 3442 2807 in
3460 2779 3620 2813 poesievoller
3630 2781 3746 2817 Sprache

2873 2814 2921 2842 das
2940 2813 2992 2843 Lob
3011 2815 3054 2844 der
3073 2816 3188 2851 Freiheit
3206 2817 3258 2846 und
3278 2817 3513 2853 Vaterlandsliebe,
3533 2820 3579 2853 die,
3599 2822 3647 2850 wie
3665 2822 3749 2852 Vater

2874 2854 2958 2889 Rhein
2978 2855 3015 2885 die
3033 2856 3235 2893 schweizerischen
3243 2857 3374 2892 Kantone,
3392 2862 3445 2888 uns
3464 2860 3513 2889 alle
3533 2860 3683 2898 umschlinge
3702 2864 3746 2893 als

2874 2895 2915 2924 ein
2934 2895 3057 2931 Gedanke,
3076 2897 3119 2926 als
3139 2898 3180 2926 ein
3199 2898 3303 2932 Strom,
3331 2899 3373 2928 der
3391 2901 3437 2929 all'
3457 2900 3504 2930 den
3523 2901 3673 2936 Egoismus,
3702 2905 3749 2934 den

2873 2936 3084 2973 aristokratischen
3102 2938 3213 2973 Dünkel,
3231 2939 3281 2968 alle
3299 2939 3471 2975 Knechtschaft
3489 2942 3544 2971 und
3562 2943 3612 2972 alle
3630 2943 3746 2979 Scheide¬

2872 2976 2970 3009 wände,
2999 2978 3087 3014 welche
3113 2982 3167 3007 uns
3189 2979 3250 3014 noch
3267 2981 3377 3009 trennen
3394 2980 3510 3015 könnten,
3540 2984 3677 3019 wegraffen
3694 2985 3749 3014 und

2874 3018 2932 3046 weit
2950 3018 3046 3052 hinaus
3065 3019 3094 3048 in
3113 3018 3153 3048 die
3171 3019 3253 3055 Ferne
3281 3020 3320 3049 die
3340 3020 3493 3058 Grundsätze
3518 3022 3571 3051 und
3589 3022 3684 3058 Ideale
3704 3025 3747 3054 der

2873 3058 2988 3094 Freiheit
3015 3060 3069 3089 und
3096 3060 3139 3089 der
3158 3060 3324 3096 allgemeinen
3343 3061 3628 3100 Völkerverbrüderung
3656 3068 3747 3101 tragen

2872 3100 2960 3129 werde.
2993 3100 3090 3134 Diesem
3109 3101 3219 3130 Strome
3238 3102 3294 3136 galt
3313 3102 3367 3137 sein
3386 3102 3472 3137 Toast.

2928 3141 3007 3170 Dann
3026 3141 3110 3170 betrat
3130 3141 3255 3178 Redaktor
3273 3142 3375 3178 Hohl
3396 3147 3449 3173 von
3468 3144 3549 3177 Bern,
3578 3145 3620 3174 er
3638 3146 3748 3175 mittler¬

2872 3180 2946 3209 weile
2963 3185 3014 3210 von
3032 3181 3116 3214 seinen
3134 3180 3353 3218 journalistischen
3370 3181 3494 3219 Kollegen
3511 3184 3585 3220 Hals
3602 3186 3665 3216 über
3674 3187 3748 3223 Kopf

2872 3229 2904 3256 zu
2922 3221 2990 3251 einer
2999 3222 3065 3251 Rede
3084 3222 3187 3257 gepreßt
3205 3225 3306 3253 worden
3327 3228 3392 3256 war,
3411 3232 3457 3253 um
3475 3224 3514 3253 die
3524 3224 3590 3260 Ehre
3610 3227 3652 3255 der
3661 3227 3747 3263 Presse

2872 3271 2904 3296 zu
2914 3263 3001 3297 retten,
3021 3263 3059 3292 die
3070 3263 3196 3293 Tribüne.
3218 3265 3300 3300 „Dem
3319 3265 3398 3300 freien
3408 3266 3498 3296 Mann
3511 3267 3560 3295 das
3569 3267 3628 3301 freie
3639 3268 3745 3304 Wort",

2872 3303 2944 3331 laute
2972 3303 3010 3333 die
3028 3304 3118 3340 Devise
3139 3305 3180 3334 der
3199 3305 3392 3341 Rednerbühne,
3421 3307 3489 3342 sagte
3508 3316 3543 3342 er,
3566 3307 3624 3338 aber
3643 3318 3669 3338 er
3688 3309 3747 3345 gehe

2872 3343 2932 3378 noch
2951 3344 3036 3373 weiter
3046 3345 3098 3374 und
3118 3345 3191 3381 sage:
3214 3347 3295 3381 .Dem
3315 3346 3393 3381 freien
3404 3347 3483 3376 Wort
3502 3348 3544 3377 ein
3563 3348 3636 3383 freies
3647 3349 3751 3379 Volk!"

2872 3384 2923 3413 Die
2940 3384 3025 3421 Presse
3042 3386 3147 3421 bedürfe
3164 3385 3191 3421 ja
3209 3386 3281 3422 wohl
3299 3387 3369 3415 eines
3387 3387 3467 3422 freien
3485 3388 3587 3422 Volkes,
3616 3395 3691 3419 wenn
3708 3390 3743 3424 sie

2871 3424 2925 3458 ihre
2943 3424 3017 3460 hehre
3037 3426 3156 3462 Aufgabe
3175 3427 3282 3462 erfüllen
3301 3427 3370 3462 solle,
3389 3428 3457 3458 eines
3476 3428 3578 3461 Volkes,
3600 3429 3648 3459 das
3667 3433 3693 3459 es
3707 3439 3744 3459 er¬

2872 3466 2962 3500 tragen
2988 3468 3066 3501 möge,
3095 3471 3170 3495 wenn
3198 3467 3235 3497 die
3255 3467 3401 3503 Propheten
3430 3469 3471 3497 der
3491 3469 3575 3504 Presse
3597 3474 3647 3499 aus
3666 3471 3747 3504 seiner

2871 3505 2972 3540 eigenen
2991 3507 3072 3536 Mitte
3099 3507 3236 3542 auftreten,
3264 3513 3317 3537 von
3346 3509 3388 3537 der
3405 3509 3503 3544 Kanzel
3522 3509 3744 3547 heruntersteigen,

2872 3549 2922 3574 aus
2940 3546 2982 3576 der
3000 3547 3097 3582 Schule
3114 3547 3323 3582 herauskommen
3351 3549 3402 3578 und
3427 3549 3480 3585 ihm
3499 3551 3559 3579 Das
3578 3551 3661 3588 sagen,
3688 3556 3747 3582 was

2870 3587 2904 3619 sie
2930 3587 2978 3622 auf
3004 3588 3048 3617 der
3065 3588 3174 3623 Kanzel,
3201 3590 3230 3619 in
3257 3589 3300 3618 der
3318 3589 3415 3624 Schule
3442 3590 3510 3626 nicht
3531 3591 3619 3625 lehren
3637 3593 3745 3622 können.

2870 3627 2921 3656 Sie
2940 3627 3041 3663 bedürfe
3060 3628 3128 3658 eines
3138 3629 3240 3663 Volkes,
3260 3630 3307 3658 das
3321 3633 3348 3658 es
3358 3629 3509 3665 überwinde,
3530 3636 3604 3661 wenn
3616 3633 3645 3666 sie
3655 3633 3742 3667 Ideen

2870 3668 2968 3703 bringe,
2997 3669 3035 3698 die
3062 3671 3107 3698 den
3136 3670 3359 3707 augenblicklichen
3386 3670 3578 3706 Verhältnissen
3606 3675 3659 3703 und
3688 3675 3744 3704 An¬

2870 3708 3027 3745 schauungen
3046 3710 3105 3739 weit
3123 3712 3299 3751 vorangingen
3324 3711 3377 3740 und
3397 3712 3468 3747 Ziele
3486 3713 3638 3747 aussteckten,
3667 3715 3746 3745 denen

2870 3757 2932 3777 man
2959 3757 3010 3779 nur
3037 3750 3203 3786 nachstreben,
3231 3753 3262 3785 sie
3281 3752 3342 3781 aber
3361 3752 3406 3784 erst
3436 3753 3472 3781 im
3490 3753 3570 3788 Laufe
3587 3759 3641 3783 von
3659 3755 3745 3790 Jahr¬

2868 3788 2979 3824 zehnden
2998 3791 3116 3826 erreichen
3137 3792 3220 3821 könne.
3258 3793 3309 3822 Ein
3327 3792 3403 3827 freies
3421 3793 3490 3823 Volk
3508 3795 3588 3830 müsse
3612 3795 3673 3831 auch
3693 3796 3748 3825 eine

2869 3830 2979 3864 schlechte
2997 3831 3090 3865 Presse,
3118 3832 3171 3861 eine
3190 3833 3273 3867 Presse
3293 3833 3335 3861 der
3358 3833 3433 3869 Lüge,
3463 3835 3505 3863 der
3524 3834 3742 3872 Verdächtigung,

2870 3870 2913 3899 der
2931 3870 3084 3907 Zwietracht
3108 3872 3217 3908 besiegen
3234 3874 3287 3902 und
3306 3875 3454 3909 auswerfen
3472 3875 3579 3910 können,
3607 3885 3651 3905 um
3672 3878 3745 3906 deren

2869 3907 2945 3936 unter
2963 3907 3010 3936 das
3028 3908 3095 3937 Volk
3113 3909 3250 3943 geworfene
3269 3909 3361 3945 giftige
3379 3910 3572 3941 Samenkörner
3591 3913 3746 3948 unschädlich

2869 3955 2902 3981 zu
2919 3947 3025 3983 machen.
3062 3949 3116 3977 Der
3135 3948 3291 3985 Sprechende
3314 3949 3415 3984 brachte
3435 3951 3546 3986 deßhalb
3565 3952 3646 3988 seinen
3666 3954 3746 3988 Toast

401 4093 574 4144 Feuilleton
603 4093 700 4140 1879.

209 4239 508 4275 Naturforschende
528 4240 733 4277 Gesellschaft
753 4242 883 4278 Zürich.

484 4295 616 4331 (Schluß).

163 4343 230 4380 Jede
249 4338 424 4377 systematische
442 4339 629 4375 Untersuchung
659 4339 725 4370 eines
750 4340 894 4372 Erdbebens
913 4344 986 4379 muß,

105 4386 158 4417 wie
177 4387 202 4413 es
222 4379 334 4414 Seebach
353 4378 465 4414 versucht
489 4380 543 4414 hat,
573 4380 668 4415 darauf
685 4381 821 4417 ausgehen,
849 4382 912 4419 Lage
931 4384 985 4413 und

104 4429 192 4465 Form
211 4423 256 4452 des
273 4420 575 4456 Erschütterungsherdes
592 4430 624 4457 zu
644 4421 795 4456 bestimmen.
835 4423 899 4454 Dies
918 4425 984 4454 kann

105 4465 249 4504 geschehen:

164 4502 191 4537 1)
210 4498 295 4533 Durch
314 4497 582 4533 Zeitbestimmungen.
615 4499 762 4530 Verbinden
781 4501 832 4530 wir
851 4503 896 4538 auf
914 4503 984 4532 einer

103 4545 187 4575 Karte
206 4538 320 4577 jeweilen
340 4537 379 4566 die
392 4537 490 4571 Punkte
510 4539 559 4566 mit
578 4538 703 4574 einander,
724 4542 812 4576 welche
832 4542 983 4579 gleichzeitig

102 4580 251 4619 erschüttert
270 4577 384 4609 wurden,
412 4577 439 4611 so
467 4577 580 4612 erhalten
599 4579 650 4608 wir
675 4580 850 4617 konzentrische
868 4583 983 4619 Kurven,

101 4623 193 4659 welche
213 4622 260 4650 den
286 4616 479 4651 Erdbebenherd
506 4618 642 4653 umfahren
670 4622 722 4650 und
749 4622 780 4651 in
803 4623 883 4657 seiner
900 4625 984 4661 Form

101 4665 176 4699 mehr
195 4662 255 4692 oder
283 4658 393 4692 weniger
413 4665 496 4691 genau
520 4659 685 4694 umzeichnen.
723 4662 775 4691 Die
792 4663 983 4701 Schwierigkeit

99 4706 166 4741 liegt
186 4705 214 4732 in
228 4702 274 4730 den
287 4696 555 4735 Zeitbestimmungen.
587 4699 636 4727 Die
650 4700 912 4738 Sternwartenuhren
927 4706 983 4740 sind

99 4755 134 4782 zu
153 4741 263 4779 spärlich
282 4739 370 4776 gesäet,
389 4737 428 4766 die
447 4736 702 4773 Telegraphenuhren
723 4741 798 4776 gehen
818 4744 933 4778 meistens
954 4746 982 4775 in

101 4786 187 4824 Folge
206 4779 400 4819 ungenügender
420 4776 595 4813 Behandlung
613 4779 680 4814 nicht
703 4789 787 4816 genau
806 4791 896 4819 genug,
915 4785 982 4815 denn

100 4831 130 4857 es
148 4824 257 4861 handelt
274 4822 319 4858 sich
338 4820 394 4855 hier
411 4826 457 4846 um
475 4818 639 4853 zuverlässige
657 4819 819 4856 Bruchtheile
838 4823 904 4852 einer
922 4825 980 4853 Mi¬

98 4869 172 4898 nute.
210 4864 282 4893 Man
301 4861 368 4897 sucht
396 4857 569 4894 gegenwärtig
588 4859 649 4894 nach
668 4862 849 4897 zuverlässigen
869 4863 980 4894 Mitteln

97 4909 155 4938 und
174 4905 327 4940 Apparaten
347 4910 393 4938 zur
411 4898 646 4935 Zeitbestimmung.
679 4901 728 4929 Die
748 4902 856 4936 Theorie
875 4903 903 4938 ist
923 4906 979 4939 gut,

96 4949 139 4978 die
159 4945 258 4980 Praxis
287 4951 398 4980 genauer
419 4939 646 4975 Zeitbestimmung
675 4949 707 4969 an
738 4943 867 4977 möglichst
896 4944 979 4973 vielen

96 4988 220 5022 Punkten
241 4985 301 5014 aber
320 4982 380 5017 noch
399 4981 466 5015 nicht
485 4981 576 5016 gelöst.

155 5026 187 5060 2)
227 5023 313 5058 Durch
341 5021 519 5055 Stoßstärken.
569 5017 707 5047 Verbindet
743 5028 803 5048 man
837 5022 885 5050 alle
911 5022 980 5051 Orte

96 5066 207 5103 gleicher
227 5063 386 5098 Stoßstärke,
418 5063 442 5093 so
462 5060 544 5095 erhält
564 5067 625 5087 man
645 5058 697 5088 eine
724 5059 842 5095 ähnliche
861 5061 978 5092 Kurven¬

95 5107 194 5141 schaar,
224 5105 273 5135 wie
292 5103 366 5135 durch
386 5102 425 5131 die
444 5099 673 5137 Zeitbestimmung
697 5100 751 5128 und
772 5101 835 5129 kann
855 5106 903 5131 aus
923 5103 977 5132 der¬

93 5147 182 5183 selben
202 5146 269 5180 Lage
288 5145 341 5174 und
356 5144 437 5179 Form
457 5142 498 5171 des
510 5139 809 5175 Erschütterungsherdes
823 5141 976 5175 bestimmen.

94 5189 158 5224 Zur
178 5184 517 5221 Stoßstärkenbestimmung
547 5182 632 5213 leisten
653 5180 787 5216 zahlreiche
814 5181 977 5217 verschiedene

92 5230 242 5263 Apparate,
263 5227 349 5261 welche
368 5226 396 5254 in
426 5223 516 5260 großer
535 5223 607 5258 Zahl
637 5222 798 5258 aufzustellen
828 5222 890 5256 sind,
918 5229 975 5252 vor¬

93 5268 217 5304 treffliche
237 5268 358 5303 Dienste;
388 5266 449 5294 aber
477 5265 537 5299 auch
558 5264 596 5293 die
622 5263 703 5293 vielen
723 5263 860 5299 Angaben,
888 5265 976 5299 welche

91 5310 136 5339 ein
156 5309 200 5339 der
219 5308 396 5345 Wissenschaft
426 5314 499 5342 gerne
517 5304 673 5340 dienstbares
691 5304 833 5340 Publikum
857 5304 916 5335 über
936 5306 975 5335 die

1032 4020 1187 4056 Wirkungen
1218 4021 1260 4049 des
1286 4020 1399 4055 Bebens,
1429 4023 1475 4051 das
1503 4022 1537 4057 sie
1564 4022 1703 4057 beobachtet
1732 4022 1825 4058 haben,
1854 4025 1905 4051 uns

1032 4060 1139 4095 machen,
1168 4062 1262 4090 können
1290 4062 1446 4097 vortrefflich
1471 4062 1499 4091 in
1536 4063 1611 4098 dieser
1644 4062 1725 4097 Weise
1756 4062 1906 4097 verwerthet

1033 4101 1138 4131 werden.

1085 4142 1113 4176 3)
1136 4142 1221 4176 Durch
1235 4141 1465 4178 Stoßrichtungen.
1497 4143 1582 4179 Trägt
1600 4152 1662 4172 man
1681 4143 1719 4172 die
1732 4143 1906 4179 beobachteten

1033 4182 1252 4218 Stoßrichtungen
1279 4183 1326 4218 auf
1354 4183 1423 4212 einer
1442 4183 1523 4213 Karte
1551 4184 1600 4217 ein,
1629 4183 1681 4212 und
1700 4185 1847 4219 verlängert
1866 4184 1905 4218 sie,

1032 4224 1058 4258 so
1076 4223 1200 4259 schneiden
1220 4224 1251 4256 sie
1269 4223 1313 4260 sich
1341 4225 1378 4254 im
1396 4224 1508 4258 Gebiete,
1537 4226 1613 4254 unter
1633 4224 1745 4258 welchem
1773 4226 1818 4254 der
1835 4225 1906 4261 Herd

1034 4265 1093 4300 liegt
1114 4281 1147 4285 —
1168 4265 1230 4294 bald
1249 4265 1317 4301 mehr
1336 4266 1364 4295 in
1384 4266 1464 4295 einem
1482 4265 1590 4300 Punkte,
1620 4265 1681 4294 bald
1700 4266 1770 4299 mehr
1789 4266 1818 4295 in
1838 4266 1906 4295 einer

1033 4305 1111 4340 Zone.
1152 4305 1288 4341 Wichtiger
1316 4315 1362 4341 zur
1390 4306 1702 4342 Richtungsbestimmung
1731 4306 1774 4334 als
1801 4306 1848 4335 das
1867 4305 1905 4340 oft

1033 4345 1082 4374 irre
1101 4346 1214 4382 geleitete
1233 4346 1329 4382 Gefühl
1357 4347 1411 4381 sind
1432 4345 1557 4382 Angaben
1576 4346 1640 4375 über
1663 4346 1700 4375 die
1720 4346 1858 4382 Richtung,
1877 4346 1906 4375 in

1033 4386 1134 4419 welcher
1154 4387 1286 4421 Tableaux
1315 4396 1348 4416 an
1368 4387 1410 4416 der
1440 4387 1537 4421 Wand,
1564 4387 1760 4423 Hängelampen
1789 4388 1849 4416 oder
1868 4386 1906 4416 die

1033 4427 1181 4464 Flüssigkeit
1208 4429 1238 4458 in
1265 4427 1379 4464 Gefäßen
1412 4428 1564 4464 schwankte;
1601 4428 1641 4457 die
1669 4427 1806 4464 Richtung,
1844 4428 1905 4463 nach

1032 4468 1133 4502 welcher
1146 4469 1315 4505 Gegenstände
1328 4468 1480 4505 umgefallen
1497 4470 1557 4499 oder
1570 4468 1713 4505 verschoben
1732 4469 1835 4499 worden
1849 4469 1903 4503 sind

1032 4516 1063 4536 rc.
1090 4508 1220 4544 Messende
1240 4510 1369 4544 Apparate
1388 4510 1484 4538 können
1503 4512 1563 4546 gute
1582 4510 1682 4540 Dienste
1700 4509 1796 4544 leisten.

1083 4549 1163 4580 Stets
1181 4551 1299 4585 bedürfen
1328 4550 1379 4580 wir
1406 4559 1438 4586 zu
1467 4551 1514 4581 den
1537 4551 1806 4588 Herdbestimmungen
1836 4551 1903 4580 einer

1030 4589 1124 4625 großen
1145 4591 1216 4627 Zahl
1235 4596 1284 4620 von
1302 4591 1527 4627 Beobachtungen,
1550 4592 1597 4621 wie
1617 4592 1649 4627 sie
1667 4600 1718 4621 nur
1742 4595 1820 4621 unter
1839 4591 1903 4627 kräf¬

1029 4631 1093 4665 tiger
1112 4632 1244 4668 Mithülfe
1261 4632 1362 4667 unserer
1380 4632 1499 4668 Freunde
1519 4633 1556 4662 im
1574 4632 1716 4667 Publikum
1735 4641 1767 4668 zu
1785 4632 1902 4666 erhalten

1029 4671 1090 4705 sind.
1130 4673 1180 4702 Ein
1199 4672 1327 4708 möglichst
1341 4673 1471 4707 einfacher,
1491 4673 1572 4702 keiner
1584 4673 1902 4708 Unterhaltungssorgfalt

1029 4712 1199 4748 bedürfender,
1220 4713 1370 4750 wohlfeiler,
1382 4714 1574 4749 registrirender
1586 4714 1714 4748 Apparat,
1735 4714 1776 4743 der
1786 4714 1816 4743 in
1836 4714 1903 4743 einer

1028 4752 1122 4787 großen
1143 4755 1214 4789 Zahl
1244 4760 1293 4784 von
1313 4755 1482 4790 Exemplaren
1511 4755 1652 4790 aufgestellt
1682 4756 1779 4784 werden
1805 4756 1901 4790 könnte,

1027 4792 1058 4824 ist
1077 4793 1119 4823 bis
1139 4794 1189 4832 jetzt
1220 4795 1277 4831 noch
1307 4796 1373 4830 nicht
1402 4796 1432 4825 in
1461 4796 1656 4832 befriedigender
1674 4795 1756 4831 Weise
1780 4796 1901 4831 erfunden

1025 4833 1137 4862 worden.

1083 4870 1245 4907 Unterdessen
1272 4873 1354 4908 haben
1383 4873 1536 4910 italienische
1562 4874 1615 4903 und
1635 4874 1820 4909 österreichische
1839 4874 1904 4904 Geo¬

1028 4908 1100 4943 logen
1121 4911 1175 4940 eine
1193 4912 1288 4948 Menge
1307 4920 1358 4943 von
1377 4923 1458 4943 neuen
1471 4915 1650 4950 Beziehungen
1669 4916 1710 4944 der
1729 4915 1861 4945 Erdbeben
1874 4924 1905 4951 zu

1028 4949 1073 4977 den
1091 4950 1163 4985 schon
1190 4952 1371 4987 vorhandenen
1399 4954 1616 4990 Verschiebungen
1636 4955 1857 4991 (Dislokationen)
1876 4957 1904 4986 in

1027 4989 1069 5016 der
1082 4989 1207 5019 Erdrinde
1228 4992 1359 5026 gefunden.
1391 4994 1461 5028 Auch
1475 4995 1575 5030 frühere
1588 4996 1800 5032 Beobachtungen
1815 4996 1903 5030 weisen

1025 5028 1074 5063 auf
1089 5029 1169 5065 solche
1185 5031 1243 5065 hin.
1279 5032 1342 5062 Wir
1372 5042 1472 5063 nennen
1490 5036 1551 5071 kurz
1576 5036 1616 5065 die
1644 5037 1777 5071 folgenden
1796 5037 1904 5072 Erschei¬

1024 5077 1126 5105 nungen
1138 5079 1146 5099 :

1081 5114 1105 5147 1)
1125 5114 1169 5148 In
1188 5114 1235 5143 den
1249 5114 1333 5149 Alpen
1344 5117 1396 5145 und
1407 5117 1461 5145 dem
1474 5118 1615 5153 Appennin
1629 5119 1683 5155 gibt
1702 5123 1729 5149 es
1741 5121 1902 5154 Querbeben,

1024 5152 1109 5187 welche
1129 5154 1303 5190 zonenförmig
1334 5163 1395 5189 quer
1414 5157 1488 5192 durch
1518 5159 1566 5187 das
1585 5159 1695 5194 Gebirge
1714 5159 1837 5195 hindurch
1857 5162 1901 5196 sich

1023 5193 1165 5223 verbreiten
1183 5194 1238 5222 und
1256 5194 1428 5230 Längsbeben,
1458 5197 1545 5232 welche
1563 5199 1737 5235 zonenförmig
1756 5201 1835 5235 längs
1855 5202 1901 5231 den

1023 5232 1112 5263 Ketten
1134 5233 1178 5268 sich
1197 5233 1339 5268 hinziehen.
1377 5236 1432 5264 Der
1450 5236 1521 5272 Herd
1541 5239 1582 5266 der
1600 5239 1751 5268 Querbeben
1769 5241 1831 5274 fällt
1851 5241 1899 5270 mit

1022 5274 1089 5302 einer
1107 5282 1170 5309 quer
1188 5274 1263 5308 durch
1290 5275 1337 5303 das
1357 5274 1469 5311 Gebirge
1487 5278 1613 5312 gehenden
1644 5279 1711 5312 schon
1738 5281 1823 5314 längst
1842 5286 1898 5309 vor¬

1021 5313 1152 5349 handenen
1164 5314 1439 5351 Verschiebungsfläche
1449 5317 1601 5351 zusammen,
1615 5317 1737 5355 derjenige
1747 5320 1789 5348 der
1799 5321 1898 5355 Längs¬

1953 4031 2031 4060 beben
2049 4032 2097 4061 mit
2116 4033 2162 4062 den
2175 4032 2377 4068 Faltenbrüchen
2391 4035 2443 4063 und
2457 4034 2696 4070 Faltenstauungen
2711 4035 2753 4063 der
2767 4036 2829 4065 Erd¬

1953 4072 2025 4102 rinde
2044 4072 2079 4101 im
2099 4071 2218 4109 Gebirge.

2008 4105 2036 4139 2)
2064 4106 2115 4135 Die
2133 4106 2236 4136 Stellen
2263 4108 2375 4141 stärkster
2394 4108 2591 4143 Erschütterung
2616 4108 2765 4144 verschieben
2785 4108 2829 4144 sich

1954 4147 2074 4182 allmälig
2102 4147 2130 4176 in
2159 4147 2310 4182 bestimmter
2338 4148 2467 4184 Richtung
2496 4148 2617 4183 während
2636 4149 2703 4178 einer
2734 4157 2828 4185 ganzen

1954 4187 2186 4222 Erdbebenperiode
2213 4188 2259 4222 auf
2290 4189 2333 4217 der
2360 4189 2645 4224 Verschiebungsfläche,
2674 4189 2761 4223 welche
2790 4190 2829 4219 bei

1952 4228 2104 4257 Querbeben
2132 4236 2193 4264 quer
2213 4229 2286 4263 durch
2314 4229 2353 4259 die
2376 4230 2577 4266 Gebirgsketten,
2606 4230 2645 4259 bei
2663 4229 2828 4265 Längsbeben

1953 4268 2000 4297 den
2018 4268 2109 4298 Ketten
2127 4270 2234 4305 entlang
2253 4269 2319 4305 geht.

2009 4315 2036 4350 3)
2055 4315 2186 4345 Erdbeben
2200 4317 2253 4351 sind
2266 4317 2294 4345 in
2309 4316 2441 4352 Gegenden
2455 4326 2497 4346 am
2512 4317 2661 4353 häufigsten,
2680 4318 2707 4347 in
2722 4318 2829 4354 welchen

1953 4356 2013 4390 noch
2032 4356 2060 4385 in
2079 4355 2191 4393 jüngster
2204 4357 2262 4393 Zeit
2281 4358 2357 4391 starke
2370 4357 2676 4393 Niveauschwankungen,
2696 4359 2830 4393 besonders

1953 4396 2103 4432 Hebungen,
2123 4397 2262 4432 beobachtet
2276 4397 2379 4428 worden
2399 4398 2452 4432 sind
2470 4397 2608 4433 (Sizilien,
2628 4398 2764 4434 Westküste
2777 4406 2830 4430 von

1953 4437 2126 4466 Südamerika
2145 4437 2190 4472 rc.)

2007 4482 2035 4516 4)
2064 4482 2114 4511 Die
2133 4481 2263 4512 Erdbeben
2291 4482 2345 4517 sind
2364 4483 2403 4517 oft
2421 4488 2472 4512 von
2501 4483 2646 4514 dauernden
2669 4485 2829 4522 Lagerungs¬

1953 4523 2158 4557 veränderungen
2179 4523 2207 4552 in
2226 4523 2266 4552 der
2285 4522 2411 4553 Erdrinde
2428 4523 2554 4559 begleitet.
2589 4525 2625 4554 Es
2644 4525 2699 4559 sind
2712 4526 2741 4555 in
2754 4526 2830 4562 dieser

1953 4563 2080 4599 Richtung
2100 4563 2240 4599 beobachtet
2258 4564 2377 4594 worden:

2008 4623 2033 4644 a.
2062 4614 2194 4651 Plötzliche
2212 4614 2354 4650 Hebungen
2372 4624 2408 4645 an
2426 4615 2523 4649 Küsten
2542 4616 2598 4652 sehr
2616 4616 2715 4653 häufig.

2006 4660 2035 4690 b.
2061 4660 2193 4697 Plötzliche
2212 4660 2367 4696 Senkungen
2386 4670 2422 4690 an
2441 4660 2537 4695 Küsten
2556 4662 2666 4698 ziemlich
2686 4662 2785 4699 häufig.

2007 4715 2030 4735 c.
2061 4706 2179 4740 Spalten
2208 4705 2243 4734 im
2271 4705 2363 4735 Boden
2391 4706 2421 4736 in
2449 4707 2635 4743 gesetzmäßiger
2665 4708 2828 4743 Anordnung

2062 4746 2177 4780 meistens
2196 4746 2308 4781 parallel
2326 4755 2357 4781 zu
2377 4747 2424 4777 den
2437 4747 2538 4777 Ketten.

2008 4784 2036 4814 d.
2061 4784 2426 4821 Horizontalverschiebungen
2438 4786 2477 4819 (in
2488 4786 2638 4820 Cilabrien,
2649 4786 2728 4818 1783,
2744 4787 2829 4816 wurde

2062 4825 2103 4854 ein
2122 4825 2264 4859 Landstrich
2292 4825 2341 4854 mit
2361 4835 2397 4855 ca.
2420 4828 2470 4855 100
2488 4825 2608 4861 Häusern
2628 4834 2673 4855 um
2694 4825 2726 4860 ½
2747 4826 2829 4856 Meile

2062 4865 2206 4900 verschoben
2225 4867 2277 4895 und
2298 4866 2326 4895 in
2346 4867 2387 4896 der
2408 4867 2490 4895 Stadt
2504 4866 2651 4901 Catanzaro
2671 4868 2776 4897 wurden
2790 4868 2829 4897 die

2062 4907 2202 4936 Quartiere
2221 4915 2285 4942 ganz
2304 4907 2432 4941 verstellt).

2005 4964 2030 4984 e.
2061 4953 2351 4989 Vertikalverschiebung
2378 4962 2413 4983 an
2441 4953 2571 4987 Spalten,
2601 4954 2714 4986 meistens
2744 4955 2827 4985 indem

2060 4994 2173 5030 jeweilen
2203 4995 2244 5023 der
2271 4994 2454 5028 Spaltenrand
2482 4994 2529 5028 aus
2555 4995 2598 5024 der
2625 4995 2734 5031 gleichen
2753 4995 2828 5026 Seite

2059 5035 2199 5071 gegenüber
2218 5035 2269 5063 dem
2289 5034 2385 5063 andern
2405 5034 2499 5069 gesenkt
2519 5034 2644 5070 erscheint.

2005 5080 2024 5108 f.
2059 5080 2209 5114 Ausweisen
2236 5085 2286 5108 von
2305 5078 2471 5115 Hügelketten
2500 5080 2551 5114 (bei
2561 5081 2675 5110 Sindree
2695 5082 2766 5110 1819
2785 5083 2828 5112 der

2060 5120 2238 5155 Ullah-Bund,
2257 5119 2340 5153 ferner
2359 5121 2456 5149 einmal
2476 5121 2504 5149 in
2528 5121 2717 5155 Deutschland).

2005 5173 2034 5202 g.
2061 5165 2111 5193 Die
2140 5164 2242 5194 Gebiete
2269 5163 2318 5192 mit
2347 5165 2507 5200 ungestörten
2536 5165 2714 5200 Schichtlagen
2744 5166 2827 5200 (Ruß¬

2058 5205 2123 5233 land
2141 5204 2183 5238 rc.)
2203 5204 2300 5233 werden
2319 5212 2369 5233 nur
2396 5205 2450 5238 sehr
2468 5204 2546 5238 selten
2565 5210 2616 5233 von
2636 5205 2768 5235 Erdbeben
2788 5207 2827 5235 be¬

2057 5244 2161 5278 troffen,
2181 5244 2220 5272 die
2237 5243 2372 5279 gefalteten
2387 5244 2490 5273 Gebiete
2510 5244 2552 5272 der
2565 5245 2692 5273 Erdrinde
2710 5245 2765 5279 sehr
2778 5246 2825 5280 oft.

2057 5284 2108 5312 Die
2136 5283 2214 5319 große
2241 5284 2379 5318 Mehrzahl
2408 5284 2666 5319 mitteleuropäischer
2693 5285 2824 5314 Erdbeben

2056 5332 2077 5358 z.
2096 5324 2132 5352 B.
2153 5325 2213 5357 fällt
2233 5323 2277 5357 aus
2297 5324 2438 5358 Appennin
2457 5325 2511 5351 und
2531 5324 2627 5358 Alpen.

2930 4036 3002 4072 Diese
3015 4037 3112 4071 Punkte
3132 4039 3183 4067 alle
3195 4039 3306 4074 sprechen
3319 4040 3405 4075 dafür,
3426 4041 3476 4075 daß
3489 4042 3540 4071 wir
3553 4043 3581 4072 in
3593 4044 3638 4074 den
3652 4048 3753 4082 meisten

2875 4076 3005 4106 Erdbeben
3024 4078 3062 4107 die
3081 4079 3182 4108 weitere
3200 4080 3372 4116 Ausbildung
3391 4081 3534 4118 derjenigen
3554 4084 3752 4119 Dislokationen

2876 4116 3116 4154 (Verschiebungen)
3137 4119 3167 4148 in
3186 4120 3228 4150 der
3247 4121 3375 4150 Erdrinde
3394 4122 3492 4158 fühlen,
3517 4124 3603 4159 welche
3622 4135 3668 4161 zur
3687 4128 3753 4164 Auf¬

2875 4158 2985 4194 stauung
3013 4159 3056 4188 der
3075 4159 3187 4196 Gebirge
3214 4161 3317 4197 geführt
3346 4161 3399 4196 hat.
3437 4163 3488 4193 Sie
3516 4164 3570 4198 sind
3598 4165 3635 4195 die
3655 4168 3751 4202 Aeuße¬

2874 4206 2974 4233 rungen
2994 4200 3036 4228 der
3064 4200 3123 4233 stets
3142 4200 3203 4237 noch
3222 4202 3340 4238 langsam
3369 4205 3444 4233 unter
3462 4205 3554 4238 unsern
3574 4206 3664 4242 Füßen
3683 4208 3749 4243 fort¬

2875 4238 3037 4273 schreitenden
3050 4240 3285 4278 Gebirgsstauung,
3305 4243 3346 4271 ein
3360 4243 3480 4279 Resultat
3499 4245 3555 4279 also
3574 4247 3615 4275 des
3628 4247 3752 4283 Schrum¬

2874 4280 3119 4317 pfungsvorganges
3139 4283 3240 4317 unseres
3259 4284 3318 4316 stets
3332 4284 3417 4314 weiter
3437 4285 3480 4320 sich
3500 4285 3671 4319 abkühlenden
3684 4289 3752 4325 Pla¬

2875 4322 2957 4350 neten.
2996 4322 3040 4350 Ob
3059 4322 3109 4351 wir
3129 4326 3182 4352 uns
3200 4324 3272 4353 dabei
3296 4324 3343 4352 das
3364 4324 3502 4354 Erdinnere
3521 4326 3608 4364 flüssig
3627 4329 3686 4358 oder
3704 4330 3749 4365 fest

2876 4369 2908 4396 zu
2927 4361 3016 4391 denken
3034 4362 3125 4396 haben,
3146 4362 3176 4397 ist
3195 4364 3248 4393 eine
3267 4364 3435 4400 Streitfrage,
3455 4367 3542 4400 welche
3561 4368 3635 4404 unser
3654 4369 3754 4405 Thema

2877 4410 2925 4437 gar
2943 4402 3009 4437 nicht
3027 4403 3104 4432 direkt
3125 4403 3238 4438 berührt.

2931 4442 2969 4472 Es
2988 4443 3043 4479 gibt
3061 4444 3122 4472 aber
3142 4444 3201 4479 noch
3220 4445 3309 4474 andere
3323 4445 3405 4474 Arten
3424 4446 3467 4476 der
3480 4446 3621 4484 Erdbeben,
3641 4450 3680 4480 die
3693 4452 3752 4486 frei¬

2875 4482 2924 4517 lich
2943 4483 2994 4513 viel
3012 4483 3107 4513 lokaler
3126 4484 3189 4519 sind,
3216 4485 3260 4514 als
3284 4485 3323 4514 die
3352 4485 3530 4521 besprochenen
3558 4489 3750 4521 Dislokations¬

2875 4524 2953 4553 beben
2973 4525 3024 4553 und
3043 4524 3103 4559 auch
3132 4524 3184 4554 viel
3202 4526 3312 4561 weniger
3331 4525 3423 4563 häufig
3443 4528 3575 4559 eintreten.
3612 4531 3676 4560 Dies
3695 4533 3749 4567 sind

2876 4565 2914 4593 die
2933 4564 3104 4599 vulkanischen
3123 4565 3263 4600 Erdbeben,
3292 4566 3381 4602 welche
3408 4567 3523 4603 jeweilen
3553 4570 3598 4599 den
3626 4572 3748 4607 größeren

2874 4605 3132 4640 Vulkaneruptionen
3161 4607 3322 4643 vorangehen
3362 4609 3414 4638 und
3447 4609 3486 4638 die
3514 4610 3749 4649 Erschütterungen,

2874 4644 2962 4678 welche
2980 4645 3021 4680 hie
3047 4646 3101 4675 und
3120 4646 3155 4675 da
3183 4648 3257 4683 durch
3275 4648 3504 4685 Höhleneinstürze
3531 4651 3662 4687 entstehen.
3699 4654 3751 4683 Die

2874 4685 2951 4720 große
2971 4685 3110 4722 Mehrzahl
3129 4687 3173 4716 der
3186 4689 3316 4718 Erdbeben
3336 4689 3393 4723 läßt
3412 4698 3461 4725 gar
3473 4691 3558 4720 keinen
3571 4692 3676 4723 direkten
3694 4694 3749 4730 Zu¬

2874 4726 3056 4762 sammenhang
3075 4727 3123 4756 mit
3143 4728 3317 4765 vulkanischen
3333 4729 3535 4765 Erscheinungen
3555 4732 3712 4768 nachweisen.

2930 4766 2981 4796 Die
2999 4767 3130 4797 Erdbeben
3160 4770 3290 4804 enthalten
3318 4770 3348 4799 in
3376 4770 3448 4806 ihren
3468 4771 3668 4809 Erscheinungen
3687 4775 3747 4810 noch

2874 4806 3011 4842 zahlreiche
3029 4808 3146 4843 Räthsel,
3166 4818 3200 4839 an
3219 4811 3292 4839 deren
3304 4810 3404 4847 Lösung
3423 4811 3469 4847 sich
3488 4812 3548 4845 noch
3564 4812 3688 4843 Niemand
3707 4823 3748 4850 ge¬

2873 4848 2944 4882 wagt
2963 4847 3019 4883 hat.
3056 4850 3095 4878 Es
3113 4849 3169 4882 sind
3188 4851 3226 4879 die
3244 4851 3390 4880 dauernden
3402 4852 3697 4889 Bodenverschiebungen
3708 4855 3750 4884 bei

2874 4887 2921 4917 den
2940 4890 3040 4924 meisten
3053 4890 3185 4920 Erdbeben
3204 4891 3263 4926 noch
3282 4900 3313 4927 zu
3333 4891 3431 4927 messen,
3451 4893 3498 4922 das
3511 4892 3602 4923 Gebiet
3622 4894 3745 4926 derselben

2874 4928 2938 4962 muß
2958 4935 3007 4959 von
3026 4929 3181 4966 demjenigen
3201 4932 3277 4966 Theil
3297 4932 3448 4968 abgegrenzt
3467 4934 3572 4964 werden,
3601 4935 3686 4968 wohin
3705 4934 3746 4964 die

2875 4968 3071 5006 Erschütterung
3085 4970 3145 4999 blos
3164 4971 3238 5007 durch
3251 4972 3374 5006 elastische
3387 4973 3593 5009 Fortpflanzung
3605 4975 3745 5009 gekommen

2874 5009 2921 5044 ist;
2940 5009 2979 5038 die
2998 5011 3078 5039 lokale
3097 5011 3244 5048 Bewegung
3273 5013 3314 5041 der
3335 5012 3401 5042 Erde
3419 5013 3459 5042 bei
3488 5014 3595 5048 heftigen
3614 5013 3748 5043 Erdbeben

2873 5049 2934 5083 (wie
2952 5049 3095 5085 furchtbare
3121 5052 3234 5088 Schläge
3260 5058 3313 5082 von
3341 5055 3429 5087 unten,
3456 5055 3515 5082 oder
3542 5053 3590 5081 wie
3616 5053 3657 5082 ein
3681 5059 3742 5083 vom

2874 5090 2974 5119 Sturm
2994 5092 3151 5127 gepeitschtes
3165 5093 3247 5128 Meer)
3267 5093 3297 5127 ist
3315 5094 3377 5128 noch
3396 5103 3460 5130 ganz
3472 5094 3600 5122 unerklärt
3613 5094 3665 5123 und
3683 5095 3746 5123 viel¬

2875 5130 2946 5164 leicht
2966 5132 3044 5166 lassen
3063 5132 3108 5167 sich
3127 5132 3188 5167 noch
3206 5142 3267 5162 neue
3285 5132 3668 5168 Herdbestimmungsmethoden
3687 5134 3745 5167 auf¬

2874 5170 2969 5204 finden.
3007 5172 3088 5206 Jedes
3107 5172 3216 5207 einzelne
3235 5174 3367 5203 Erdbeben
3386 5173 3473 5207 bedarf
3492 5173 3560 5201 einer
3579 5173 3745 5208 eingehenden

2872 5210 3072 5247 Untersuchung,
3101 5212 3140 5241 die
3159 5214 3271 5247 zunächst
3291 5214 3372 5249 Form
3391 5214 3443 5242 und
3462 5213 3527 5247 Lage
3547 5214 3589 5241 des
3608 5214 3747 5248 Erschütte¬

2872 5251 3043 5286 rungsherdes
3062 5252 3115 5280 und
3134 5253 3213 5288 dessen
3226 5254 3403 5287 Beziehungen
3415 5262 3473 5287 zum
3486 5254 3669 5289 anatomischen
3683 5255 3747 5283 Bau

2870 5292 2914 5319 der
2933 5291 3034 5326 Gegend
3048 5292 3180 5325 aufsuchen
3199 5293 3253 5327 soll.
3293 5294 3352 5321 Das
3366 5293 3474 5322 Weitere
3488 5294 3554 5322 wird
3569 5294 3611 5328 sich
3626 5295 3746 5329 allmälig

2870 5330 2918 5359 mit
2937 5331 2979 5359 der
2997 5331 3123 5366 Häufung
3144 5332 3186 5360 des
3205 5332 3538 5368 Beobachtungsmaterials
3559 5334 3669 5369 ergeben.
