<?xml version="1.0" encoding="UTF-8" standalone="yes"?>
<PcGts xmlns="http://schema.primaresearch.org/PAGE/gts/pagecontent/2013-07-15" xmlns:xsi="http://www.w3.org/2001/XMLSchema-instance" xsi:schemaLocation="http://schema.primaresearch.org/PAGE/gts/pagecontent/2013-07-15 http://schema.primaresearch.org/PAGE/gts/pagecontent/2013-07-15/pagecontent.xsd">
    <Metadata>
        <Creator></Creator>
        <Created>2017-12-08T13:16:33.135+01:00</Created>
        <LastChange>2018-12-05T09:23:42.701+01:00</LastChange>
        <Comments>
                Measurement unit: pixel
                PrimaryLanguage: German
                Language: GermanStandard
                Producer: ABBYY FineReader Engine 11</Comments>
<!--         _TranskribusMetadata docId="49765" pageId="2140807" pageNr="6" tsid="6336134" status="GT" userId="10592" imgUrl="https://dbis-thure.uibk.ac.at/f/Get?id=XTAPRAMJBRROVNWPTKWVDCLZ&amp;fileType=view" xmlUrl="https://dbis-thure.uibk.ac.at/f/Get?id=BUZQHGUKKOFGAUSTASPZBFQR" imageId="1322265"/_ -->
    </Metadata>
    <Page imageFilename="0006_nzz_17851102_0_0_a1_p1_1.tif" imageWidth="1932" imageHeight="2362">
        <PrintSpace>
            <Coords points="0,0 1932,0 1932,2362 0,2362"/>
        </PrintSpace>
        <ReadingOrder>
            <OrderedGroup id="ro_1547249139118" caption="Regions reading order">
                <RegionRefIndexed index="0" regionRef="region_1512777248543_62"/>
                <RegionRefIndexed index="1" regionRef="r_2_1"/>
                <RegionRefIndexed index="2" regionRef="region_1512777216115_59"/>
                <RegionRefIndexed index="3" regionRef="r_4_1"/>
                <RegionRefIndexed index="5" regionRef="r_6_1"/>
                <RegionRefIndexed index="6" regionRef="r_6_4"/>
                <RegionRefIndexed index="7" regionRef="r_9_2"/>
                <RegionRefIndexed index="8" regionRef="r_9_3"/>
                <RegionRefIndexed index="11" regionRef="region_1512778691277_86"/>
                <RegionRefIndexed index="12" regionRef="r_12_3"/>
                <RegionRefIndexed index="13" regionRef="r_15_2"/>
            </OrderedGroup>
        </ReadingOrder>
        <TextRegion id="region_1512777248543_62" custom="readingOrder {index:0;}">
            <Coords points="1320,293 1714,293 1714,392 1320,392"/>
            <TextLine id="line_1512777255828_63" custom="readingOrder {index:0;}">
                <Coords points="1329,293 1722,293 1722,382 1329,382"/>
                <Baseline points="1350,366 1705,356"/>
                <Word id="word_1512777260496_64" custom="readingOrder {index:0;}">
                    <Coords points="1341,300 1725,300 1725,376 1341,376"/>
                    <TextEquiv>
                        <Unicode>1785.</Unicode>
                    </TextEquiv>
                </Word>
                <TextEquiv>
                    <Unicode>1785.</Unicode>
                </TextEquiv>
            </TextLine>
            <TextEquiv>
                <Unicode>1785.</Unicode>
            </TextEquiv>
        </TextRegion>
        <TextRegion type="paragraph" id="r_2_1" custom="readingOrder {index:1;}">
            <Coords points="59,307 461,315 451,416 49,408"/>
            <TextLine id="tl_1" primaryLanguage="German" custom="readingOrder {index:0;}">
                <Coords points="146,305 505,310 503,412 144,407"/>
                <Baseline points="153,383 428,378"/>
                <Word id="w_w1aab1b3b2b1b1ab7" language="German" custom="readingOrder {index:0;}">
                    <Coords points="129,304 296,301 298,398 131,401"/>
                    <TextEquiv>
                        <Unicode>Nr.</Unicode>
                    </TextEquiv>
                    <TextStyle fontFamily="Times New Roman" fontSize="26.0"/>
                </Word>
                <Word id="word_1512777138913_58" custom="readingOrder {index:1;}">
                    <Coords points="311,300 423,300 423,390 311,390"/>
                    <TextEquiv>
                        <Unicode>88</Unicode>
                    </TextEquiv>
                </Word>
                <TextEquiv>
                    <Unicode>Nr. 88</Unicode>
                </TextEquiv>
            </TextLine>
            <TextEquiv>
                <Unicode>Nr. 88</Unicode>
            </TextEquiv>
        </TextRegion>
        <TextRegion id="region_1512777216115_59" custom="readingOrder {index:2;}">
            <Coords points="82,475 550,475 550,616 82,616"/>
            <TextLine id="line_1512777222710_60" custom="readingOrder {index:0;}">
                <Coords points="84,485 549,485 549,611 84,611"/>
                <Baseline points="82,601 546,583"/>
                <Word id="word_1512777228034_61" custom="readingOrder {index:0;}">
                    <Coords points="85,495 543,495 543,612 85,612"/>
                    <TextEquiv>
                        <Unicode>Zürcher</Unicode>
                    </TextEquiv>
                </Word>
                <TextEquiv>
                    <Unicode>Zürcher</Unicode>
                </TextEquiv>
            </TextLine>
            <TextEquiv>
                <Unicode>Zürcher</Unicode>
            </TextEquiv>
        </TextRegion>
        <TextRegion type="paragraph" id="r_4_1" custom="readingOrder {index:3;}">
            <Coords points="148,677 463,677 463,752 148,752"/>
            <TextLine id="tl_3" primaryLanguage="German" custom="readingOrder {index:0;}">
                <Coords points="149,678 462,678 462,751 149,751"/>
                <Baseline points="152,736 465,736"/>
                <Word id="w_w1aab1b7b2b1b1ab1" language="German" custom="readingOrder {index:0;}">
                    <Coords points="149,678 462,678 462,751 149,751"/>
                    <TextEquiv>
                        <Unicode>Mitwoch,</Unicode>
                    </TextEquiv>
                    <TextStyle fontFamily="Times New Roman" fontSize="15.0"/>
                </Word>
                <TextEquiv>
                    <Unicode>Mitwoch,</Unicode>
                </TextEquiv>
                <TextStyle fontFamily="Times New Roman" fontSize="15.0"/>
            </TextLine>
            <TextEquiv>
                <Unicode>Mitwoch,</Unicode>
            </TextEquiv>
        </TextRegion>
        <GraphicRegion id="r_5" custom="readingOrder {index:4;}">
            <Coords points="259,176 1774,176 1774,861 259,861"/>
        </GraphicRegion>
        <TextRegion type="paragraph" id="r_6_1" custom="readingOrder {index:5;} structure {type:paragraph;}">
            <Coords points="1306,481 1779,485 1771,580 1298,576"/>
            <TextLine id="tl_4" primaryLanguage="German" custom="readingOrder {index:0;}">
                <Coords points="1290,460 1795,460 1795,597 1291,596"/>
                <Baseline points="1312,573 1782,562"/>
                <Word id="w_w1aab1c11b2b1b1ab1" language="German" custom="readingOrder {index:0;}">
                    <Coords points="1311,485 1778,483 1774,566 1307,568"/>
                    <TextEquiv>
                        <Unicode>Zeitung</Unicode>
                    </TextEquiv>
                    <TextStyle fontFamily="Times New Roman" fontSize="15.0" bold="true"/>
                </Word>
                <TextEquiv>
                    <Unicode>Zeitung</Unicode>
                </TextEquiv>
                <TextStyle fontFamily="Times New Roman" fontSize="15.0" bold="true"/>
            </TextLine>
            <TextEquiv>
                <Unicode>Zeitung</Unicode>
            </TextEquiv>
        </TextRegion>
        <TextRegion type="paragraph" id="r_6_4" custom="readingOrder {index:6;}">
            <Coords points="1311,653 1771,653 1781,728 1321,728"/>
            <TextLine id="tl_7" primaryLanguage="German" custom="readingOrder {index:0;}">
                <Coords points="1337,649 1770,654 1770,739 1337,734"/>
                <Baseline points="1345,718 1761,705"/>
                <Word id="word_1512777417387_65" custom="readingOrder {index:0;}">
                    <Coords points="1330,664 1423,664 1423,727 1330,727"/>
                    <TextEquiv>
                        <Unicode>den</Unicode>
                    </TextEquiv>
                </Word>
                <Word id="word_1512777419236_66" custom="readingOrder {index:1;}">
                    <Coords points="1431,664 1499,664 1499,718 1431,718"/>
                    <TextEquiv>
                        <Unicode>2.</Unicode>
                    </TextEquiv>
                </Word>
                <Word id="w_w1aab1c11b2b7b1ab1" language="German" custom="readingOrder {index:2;}">
                    <Coords points="1505,647 1770,655 1770,739 1505,731"/>
                    <TextEquiv>
                        <Unicode>Winterm.</Unicode>
                    </TextEquiv>
                    <TextStyle fontFamily="Times New Roman" fontSize="15.0"/>
                </Word>
                <TextEquiv>
                    <Unicode>den 2. Winterm.</Unicode>
                </TextEquiv>
                <TextStyle fontFamily="Times New Roman" fontSize="15.0"/>
            </TextLine>
            <TextEquiv>
                <Unicode>den 2. Winterm.</Unicode>
            </TextEquiv>
        </TextRegion>
        <TextRegion type="paragraph" id="r_9_2" custom="readingOrder {index:7;}">
            <Coords points="202,889 933,889 933,945 202,945"/>
            <TextLine id="tl_12" primaryLanguage="German" custom="readingOrder {index:0;}">
                <Coords points="305,889 684,885 684,939 305,943"/>
                <Baseline points="316,934 679,930"/>
                <Word id="w_w1aab1c17b2b3b1ab5" language="German" custom="readingOrder {index:0;}">
                    <Coords points="279,895 714,893 714,941 279,943"/>
                    <TextEquiv>
                        <Unicode>Frankreich.</Unicode>
                    </TextEquiv>
                    <TextStyle fontFamily="Times New Roman" fontSize="14.0"/>
                </Word>
                <TextEquiv>
                    <Unicode>Frankreich.</Unicode>
                </TextEquiv>
            </TextLine>
            <TextEquiv>
                <Unicode>Frankreich.</Unicode>
            </TextEquiv>
        </TextRegion>
        <TextRegion type="paragraph" id="r_9_3" custom="readingOrder {index:8;}">
            <Coords points="73,929 914,929 927,1471 86,1471"/>
            <TextLine id="tl_13" primaryLanguage="German" custom="readingOrder {index:0;}">
                <Coords points="115,930 909,930 909,982 115,982"/>
                <Baseline points="115,971 911,965"/>
                <Word id="w_w1aab1c17b2b5b1ab1" language="German" custom="readingOrder {index:0;}">
                    <Coords points="115,936 241,936 241,982 115,982"/>
                    <TextEquiv>
                        <Unicode>Paris,</Unicode>
                    </TextEquiv>
                    <TextStyle fontFamily="Times New Roman" fontSize="15.0"/>
                </Word>
                <Word id="w_w1aab1c17b2b5b1ac11" language="German" custom="readingOrder {index:1;}">
                    <Coords points="263,936 326,936 326,974 263,974"/>
                    <TextEquiv>
                        <Unicode>den</Unicode>
                    </TextEquiv>
                    <TextStyle fontFamily="Times New Roman" fontSize="15.0"/>
                </Word>
                <Word id="word_1512777608262_67" custom="readingOrder {index:2;}">
                    <Coords points="334,937 398,937 398,972 334,972"/>
                    <TextEquiv>
                        <Unicode>21.</Unicode>
                    </TextEquiv>
                </Word>
                <Word id="w_w1aab1c17b2b5b1ac21" language="German" custom="readingOrder {index:3;}">
                    <Coords points="417,933 550,933 550,976 417,976"/>
                    <TextEquiv>
                        <Unicode>Oktob.</Unicode>
                    </TextEquiv>
                    <TextStyle fontFamily="Times New Roman" fontSize="15.0"/>
                </Word>
                <Word id="w_w1aab1c17b2b5b1ac33" language="German" custom="readingOrder {index:4;}">
                    <Coords points="580,934 674,934 674,972 580,972"/>
                    <TextEquiv>
                        <Unicode>Nach</Unicode>
                    </TextEquiv>
                    <TextStyle fontFamily="Times New Roman" fontSize="15.0"/>
                </Word>
                <Word id="w_w1aab1c17b2b5b1ac43" language="German" custom="readingOrder {index:5;}">
                    <Coords points="696,931 825,931 825,970 696,970"/>
                    <TextEquiv>
                        <Unicode>Briefen</Unicode>
                    </TextEquiv>
                    <TextStyle fontFamily="Times New Roman" fontSize="15.0"/>
                </Word>
                <Word id="w_w1aab1c17b2b5b1ac59" language="German" custom="readingOrder {index:6;}">
                    <Coords points="841,930 909,930 909,966 841,966"/>
                    <TextEquiv>
                        <Unicode>aus</Unicode>
                    </TextEquiv>
                    <TextStyle fontFamily="Times New Roman" fontSize="15.0"/>
                </Word>
                <TextEquiv>
                    <Unicode>Paris, den 21. Oktob. Nach Briefen aus</Unicode>
                </TextEquiv>
                <TextStyle fontFamily="Times New Roman" fontSize="15.0"/>
            </TextLine>
            <TextLine id="tl_14" primaryLanguage="German" custom="readingOrder {index:1;}">
                <Coords points="74,970 910,970 910,1014 74,1014"/>
                <Baseline points="79,1014 910,1001"/>
                <Word id="w_w1aab1c17b2b5b3ab1" language="German" custom="readingOrder {index:0;}">
                    <Coords points="74,977 242,977 242,1014 74,1014"/>
                    <TextEquiv>
                        <Unicode>Newhafen</Unicode>
                    </TextEquiv>
                    <TextStyle fontFamily="Times New Roman" fontSize="15.0"/>
                </Word>
                <Word id="w_w1aab1c17b2b5b3ac21" language="German" custom="readingOrder {index:1;}">
                    <Coords points="261,975 290,975 290,1010 261,1010"/>
                    <TextEquiv>
                        <Unicode>in</Unicode>
                    </TextEquiv>
                    <TextStyle fontFamily="Times New Roman" fontSize="15.0"/>
                </Word>
                <Word id="w_w1aab1c17b2b5b3ac27" language="German" custom="readingOrder {index:2;}">
                    <Coords points="310,974 524,974 524,1010 310,1010"/>
                    <TextEquiv>
                        <Unicode>Nordamerika</Unicode>
                    </TextEquiv>
                    <TextStyle fontFamily="Times New Roman" fontSize="15.0"/>
                </Word>
                <Word id="w_w1aab1c17b2b5b3ac51" language="German" custom="readingOrder {index:3;}">
                    <Coords points="535,981 605,981 605,1006 535,1006"/>
                    <TextEquiv>
                        <Unicode>vom</Unicode>
                    </TextEquiv>
                    <TextStyle fontFamily="Times New Roman" fontSize="15.0"/>
                </Word>
                <Word id="w_w1aab1c17b2b5b3ac61" language="German" custom="readingOrder {index:4;}">
                    <Coords points="628,977 711,977 711,1008 628,1008"/>
                    <TextEquiv>
                        <Unicode>l5ten</Unicode>
                    </TextEquiv>
                    <TextStyle fontFamily="Times New Roman" fontSize="15.0"/>
                </Word>
                <Word id="w_w1aab1c17b2b5b3ac73" language="German" custom="readingOrder {index:5;}">
                    <Coords points="726,971 835,971 835,1010 726,1010"/>
                    <TextEquiv>
                        <Unicode>August</Unicode>
                    </TextEquiv>
                    <TextStyle fontFamily="Times New Roman" fontSize="15.0"/>
                </Word>
                <Word id="w_w1aab1c17b2b5b3ac87" language="German" custom="readingOrder {index:6;}">
                    <Coords points="857,970 910,970 910,1007 857,1007"/>
                    <TextEquiv>
                        <Unicode>sol¬</Unicode>
                    </TextEquiv>
                    <TextStyle fontFamily="Times New Roman" fontSize="15.0"/>
                </Word>
                <TextEquiv>
                    <Unicode>Newhafen in Nordamerika vom 15ten August sol¬</Unicode>
                </TextEquiv>
                <TextStyle fontFamily="Times New Roman" fontSize="15.0"/>
            </TextLine>
            <TextLine id="tl_15" primaryLanguage="German" custom="readingOrder {index:2;}">
                <Coords points="76,1006 913,1006 913,1055 76,1055"/>
                <Baseline points="76,1049 913,1041"/>
                <Word id="w_w1aab1c17b2b5b5ab1" language="German" custom="readingOrder {index:0;}">
                    <Coords points="76,1017 125,1017 125,1054 76,1054"/>
                    <TextEquiv>
                        <Unicode>len</Unicode>
                    </TextEquiv>
                    <TextStyle fontFamily="Times New Roman" fontSize="15.0"/>
                </Word>
                <Word id="w_w1aab1c17b2b5b5ab9" language="German" custom="readingOrder {index:1;}">
                    <Coords points="141,1023 207,1023 207,1048 141,1048"/>
                    <TextEquiv>
                        <Unicode>vom</Unicode>
                    </TextEquiv>
                    <TextStyle fontFamily="Times New Roman" fontSize="15.0"/>
                </Word>
                <Word id="w_w1aab1c17b2b5b5ac17" language="German" custom="readingOrder {index:2;}">
                    <Coords points="224,1024 251,1024 251,1046 224,1046"/>
                    <TextEquiv>
                        <Unicode>1.</Unicode>
                    </TextEquiv>
                    <TextStyle fontFamily="Times New Roman" fontSize="15.0"/>
                </Word>
                <Word id="w_w1aab1c17b2b5b5ac23" language="German" custom="readingOrder {index:3;}">
                    <Coords points="267,1011 407,1009 407,1052 267,1054"/>
                    <TextEquiv>
                        <Unicode>Septbr.</Unicode>
                    </TextEquiv>
                    <TextStyle fontFamily="Times New Roman" fontSize="15.0"/>
                </Word>
                <Word id="word_1512777740795_68" custom="readingOrder {index:4;}">
                    <Coords points="411,1014 464,1014 464,1046 411,1046"/>
                    <TextEquiv>
                        <Unicode>an</Unicode>
                    </TextEquiv>
                </Word>
                <Word id="w_w1aab1c17b2b5b5ac49" language="German" custom="readingOrder {index:5;}">
                    <Coords points="479,1008 546,1008 546,1050 479,1050"/>
                    <TextEquiv>
                        <Unicode>alle</Unicode>
                    </TextEquiv>
                    <TextStyle fontFamily="Times New Roman" fontSize="15.0"/>
                </Word>
                <Word id="word_1512777743917_69" custom="readingOrder {index:6;}">
                    <Coords points="544,1009 706,1009 706,1045 544,1045"/>
                    <TextEquiv>
                        <Unicode>Seehafen</Unicode>
                    </TextEquiv>
                </Word>
                <Word id="w_w1aab1c17b2b5b5ac71" language="German" custom="readingOrder {index:7;}">
                    <Coords points="713,1011 766,1011 766,1046 713,1046"/>
                    <TextEquiv>
                        <Unicode>der</Unicode>
                    </TextEquiv>
                    <TextStyle fontFamily="Times New Roman" fontSize="15.0"/>
                </Word>
                <Word id="w_w1aab1c17b2b5b5ac79" language="German" custom="readingOrder {index:8;}">
                    <Coords points="785,1014 839,1010 839,1045 785,1049"/>
                    <TextEquiv>
                        <Unicode>13.</Unicode>
                    </TextEquiv>
                    <TextStyle fontFamily="Times New Roman" fontSize="15.0"/>
                </Word>
                <Word id="word_1512777746839_70" custom="readingOrder {index:9;}">
                    <Coords points="844,1009 917,1009 917,1046 844,1046"/>
                    <TextEquiv>
                        <Unicode>ver¬</Unicode>
                    </TextEquiv>
                </Word>
                <TextEquiv>
                    <Unicode>len vom 1. Septbr. an alle Seehafen der 13. ver¬</Unicode>
                </TextEquiv>
                <TextStyle fontFamily="Times New Roman" fontSize="15.0"/>
            </TextLine>
            <TextLine id="tl_16" primaryLanguage="German" custom="readingOrder {index:3;}">
                <Coords points="76,1046 913,1046 913,1099 76,1099"/>
                <Baseline points="76,1086 912,1082"/>
                <Word id="w_w1aab1c17b2b5b7ab1" language="German" custom="readingOrder {index:0;}">
                    <Coords points="76,1053 207,1053 207,1099 76,1099"/>
                    <TextEquiv>
                        <Unicode>einigten</Unicode>
                    </TextEquiv>
                    <TextStyle fontFamily="Times New Roman" fontSize="15.0"/>
                </Word>
                <Word id="w_w1aab1c17b2b5b7ac13" language="German" custom="readingOrder {index:1;}">
                    <Coords points="226,1054 361,1054 361,1089 226,1089"/>
                    <TextEquiv>
                        <Unicode>Staaten</Unicode>
                    </TextEquiv>
                    <TextStyle fontFamily="Times New Roman" fontSize="15.0"/>
                </Word>
                <Word id="w_w1aab1c17b2b5b7ac29" language="German" custom="readingOrder {index:2;}">
                    <Coords points="368,1049 427,1049 427,1090 368,1090"/>
                    <TextEquiv>
                        <Unicode>für</Unicode>
                    </TextEquiv>
                    <TextStyle fontFamily="Times New Roman" fontSize="15.0"/>
                </Word>
                <Word id="w_w1aab1c17b2b5b7ac35" language="German" custom="readingOrder {index:3;}">
                    <Coords points="444,1050 496,1050 496,1086 444,1086"/>
                    <TextEquiv>
                        <Unicode>die</Unicode>
                    </TextEquiv>
                    <TextStyle fontFamily="Times New Roman" fontSize="15.0"/>
                </Word>
                <Word id="w_w1aab1c17b2b5b7ac43" language="German" custom="readingOrder {index:4;}">
                    <Coords points="512,1047 682,1048 682,1090 512,1089"/>
                    <TextEquiv>
                        <Unicode>englischen</Unicode>
                    </TextEquiv>
                    <TextStyle fontFamily="Times New Roman" fontSize="15.0"/>
                </Word>
                <Word id="word_1512777836737_71" custom="readingOrder {index:5;}">
                    <Coords points="689,1049 818,1049 818,1089 689,1089"/>
                    <TextEquiv>
                        <Unicode>Schiffe</Unicode>
                    </TextEquiv>
                </Word>
                <Word id="w_w1aab1c17b2b5b7ac81" language="German" custom="readingOrder {index:6;}">
                    <Coords points="834,1046 913,1046 913,1090 834,1090"/>
                    <TextEquiv>
                        <Unicode>ohne</Unicode>
                    </TextEquiv>
                    <TextStyle fontFamily="Times New Roman" fontSize="15.0"/>
                </Word>
                <TextEquiv>
                    <Unicode>einigten Staaten für die englischen Schiffe ohne</Unicode>
                </TextEquiv>
                <TextStyle fontFamily="Times New Roman" fontSize="15.0"/>
            </TextLine>
            <TextLine id="tl_17" primaryLanguage="German" custom="readingOrder {index:4;}">
                <Coords points="77,1084 912,1084 912,1138 77,1138"/>
                <Baseline points="80,1130 911,1118"/>
                <Word id="w_w1aab1c17b2b5b9ab1" language="German" custom="readingOrder {index:0;}">
                    <Coords points="77,1093 258,1093 258,1133 77,1133"/>
                    <TextEquiv>
                        <Unicode>Unterschied</Unicode>
                    </TextEquiv>
                    <TextStyle fontFamily="Times New Roman" fontSize="15.0"/>
                </Word>
                <Word id="w_w1aab1c17b2b5b9ac23" language="German" custom="readingOrder {index:1;}">
                    <Coords points="287,1089 461,1089 461,1137 287,1137"/>
                    <TextEquiv>
                        <Unicode>geschlossen</Unicode>
                    </TextEquiv>
                    <TextStyle fontFamily="Times New Roman" fontSize="15.0"/>
                </Word>
                <Word id="w_w1aab1c17b2b5b9ac45" language="German" custom="readingOrder {index:2;}">
                    <Coords points="479,1088 551,1088 551,1127 479,1127"/>
                    <TextEquiv>
                        <Unicode>seyn.</Unicode>
                    </TextEquiv>
                    <TextStyle fontFamily="Times New Roman" fontSize="15.0"/>
                </Word>
                <Word id="w_w1aab1c17b2b5b9ac57" language="German" custom="readingOrder {index:3;}">
                    <Coords points="601,1088 756,1088 756,1126 601,1126"/>
                    <TextEquiv>
                        <Unicode>Englische</Unicode>
                    </TextEquiv>
                    <TextStyle fontFamily="Times New Roman" fontSize="15.0"/>
                </Word>
                <Word id="w_w1aab1c17b2b5b9ac77" language="German" custom="readingOrder {index:4;}">
                    <Coords points="788,1085 912,1085 912,1122 788,1122"/>
                    <TextEquiv>
                        <Unicode>Blätter</Unicode>
                    </TextEquiv>
                    <TextStyle fontFamily="Times New Roman" fontSize="15.0"/>
                </Word>
                <TextEquiv>
                    <Unicode>Unterschied geschlossen seyn. Englische Blätter</Unicode>
                </TextEquiv>
                <TextStyle fontFamily="Times New Roman" fontSize="15.0"/>
            </TextLine>
            <TextLine id="tl_18" primaryLanguage="German" custom="readingOrder {index:5;}">
                <Coords points="71,1117 912,1117 916,1165 75,1165"/>
                <Baseline points="73,1166 912,1156"/>
                <Word id="w_w1aab1c17b2b7b1ab1" language="German" custom="readingOrder {index:0;}">
                    <Coords points="71,1132 205,1132 207,1168 73,1168"/>
                    <TextEquiv>
                        <Unicode>melden</Unicode>
                    </TextEquiv>
                    <TextStyle fontFamily="Times New Roman" fontSize="29.0"/>
                </Word>
                <Word id="w_w1aab1c17b2b7b1b1b1" language="German" custom="readingOrder {index:1;}">
                    <Coords points="226,1128 305,1126 305,1166 226,1168"/>
                    <TextEquiv>
                        <Unicode>noch</Unicode>
                    </TextEquiv>
                    <TextStyle fontFamily="Times New Roman" fontSize="15.0"/>
                </Word>
                <Word id="word_1512778054081_72" custom="readingOrder {index:2;}">
                    <Coords points="313,1128 433,1128 433,1165 313,1165"/>
                    <TextEquiv>
                        <Unicode>nichts</Unicode>
                    </TextEquiv>
                </Word>
                <Word id="w_w1aab1c17b2b7b1b1c23" language="German" custom="readingOrder {index:3;}">
                    <Coords points="447,1127 556,1127 556,1165 447,1165"/>
                    <TextEquiv>
                        <Unicode>davon.</Unicode>
                    </TextEquiv>
                    <TextStyle fontFamily="Times New Roman" fontSize="15.0"/>
                </Word>
                <Word id="word_1512778086536_73" custom="readingOrder {index:4;}">
                    <Coords points="575,1138 618,1138 618,1150 575,1150"/>
                    <TextEquiv>
                        <Unicode>—</Unicode>
                    </TextEquiv>
                </Word>
                <Word id="w_w1aab1c17b2b7b1b1c37" language="German" custom="readingOrder {index:5;}">
                    <Coords points="625,1119 747,1120 747,1170 625,1169"/>
                    <TextEquiv>
                        <Unicode>Von</Unicode>
                    </TextEquiv>
                    <TextStyle fontFamily="Times New Roman" fontSize="15.0"/>
                </Word>
                <Word id="word_1512778089769_74" custom="readingOrder {index:6;}">
                    <Coords points="750,1122 918,1122 918,1161 750,1161"/>
                    <TextEquiv>
                        <Unicode>Franklins</Unicode>
                    </TextEquiv>
                </Word>
                <TextEquiv>
                    <Unicode>melden noch nichts davon. — Von Franklins</Unicode>
                </TextEquiv>
            </TextLine>
            <TextLine id="tl_19" primaryLanguage="German" custom="readingOrder {index:6;}">
                <Coords points="69,1164 912,1160 912,1203 69,1207"/>
                <Baseline points="73,1200 911,1195"/>
                <Word id="w_w1aab1c17b2b7b3ab1" language="German" custom="readingOrder {index:0;}">
                    <Coords points="80,1166 238,1164 238,1201 80,1203"/>
                    <TextEquiv>
                        <Unicode>Rückkunft</Unicode>
                    </TextEquiv>
                    <TextStyle fontFamily="Times New Roman" fontSize="15.0"/>
                </Word>
                <Word id="w_w1aab1c17b2b7b3ab9" language="German" custom="readingOrder {index:1;}">
                    <Coords points="255,1167 330,1167 330,1201 255,1201"/>
                    <TextEquiv>
                        <Unicode>nach</Unicode>
                    </TextEquiv>
                    <TextStyle fontFamily="Times New Roman" fontSize="15.0"/>
                </Word>
                <Word id="w_w1aab1c17b2b7b3ac21" language="German" custom="readingOrder {index:2;}">
                    <Coords points="348,1164 483,1164 483,1199 348,1199"/>
                    <TextEquiv>
                        <Unicode>Amerika</Unicode>
                    </TextEquiv>
                    <TextStyle fontFamily="Times New Roman" fontSize="15.0"/>
                </Word>
                <Word id="w_w1aab1c17b2b7b3ac37" language="German" custom="readingOrder {index:3;}">
                    <Coords points="503,1162 567,1162 567,1198 503,1198"/>
                    <TextEquiv>
                        <Unicode>hoft</Unicode>
                    </TextEquiv>
                    <TextStyle fontFamily="Times New Roman" fontSize="15.0"/>
                </Word>
                <Word id="w_w1aab1c17b2b7b3ac47" language="German" custom="readingOrder {index:4;}">
                    <Coords points="591,1170 660,1170 660,1198 591,1198"/>
                    <TextEquiv>
                        <Unicode>man</Unicode>
                    </TextEquiv>
                    <TextStyle fontFamily="Times New Roman" fontSize="15.0"/>
                </Word>
                <Word id="w_w1aab1c17b2b7b3ac55" language="German" custom="readingOrder {index:5;}">
                    <Coords points="675,1161 738,1161 738,1196 675,1196"/>
                    <TextEquiv>
                        <Unicode>viel</Unicode>
                    </TextEquiv>
                    <TextStyle fontFamily="Times New Roman" fontSize="15.0"/>
                </Word>
                <Word id="w_w1aab1c17b2b7b3ac65" language="German" custom="readingOrder {index:6;}">
                    <Coords points="755,1162 912,1162 912,1199 755,1199"/>
                    <TextEquiv>
                        <Unicode>ersprichli¬</Unicode>
                    </TextEquiv>
                    <TextStyle fontFamily="Times New Roman" fontSize="15.0"/>
                </Word>
                <TextEquiv>
                    <Unicode>Rückkunft nach Amerika hoft man viel ersprichli¬</Unicode>
                </TextEquiv>
                <TextStyle fontFamily="Times New Roman" fontSize="15.0"/>
            </TextLine>
            <TextLine id="tl_20" primaryLanguage="German" custom="readingOrder {index:7;}">
                <Coords points="79,1198 914,1198 914,1244 79,1244"/>
                <Baseline points="79,1240 912,1231"/>
                <Word id="w_w1aab1c17b2b7b5ab1" language="German" custom="readingOrder {index:0;}">
                    <Coords points="79,1216 144,1216 144,1244 79,1244"/>
                    <TextEquiv>
                        <Unicode>ches</Unicode>
                    </TextEquiv>
                    <TextStyle fontFamily="Times New Roman" fontSize="15.0"/>
                </Word>
                <Word id="w_w1aab1c17b2b7b5ab7" language="German" custom="readingOrder {index:1;}">
                    <Coords points="163,1214 210,1214 210,1240 163,1240"/>
                    <TextEquiv>
                        <Unicode>für</Unicode>
                    </TextEquiv>
                    <TextStyle fontFamily="Times New Roman" fontSize="15.0"/>
                </Word>
                <Word id="w_w1aab1c17b2b7b5ac13" language="German" custom="readingOrder {index:2;}">
                    <Coords points="231,1203 318,1203 318,1239 231,1239"/>
                    <TextEquiv>
                        <Unicode>diesen</Unicode>
                    </TextEquiv>
                    <TextStyle fontFamily="Times New Roman" fontSize="15.0"/>
                </Word>
                <Word id="w_w1aab1c17b2b7b5ac29" language="German" custom="readingOrder {index:3;}">
                    <Coords points="335,1205 438,1205 438,1239 335,1239"/>
                    <TextEquiv>
                        <Unicode>jungen</Unicode>
                    </TextEquiv>
                    <TextStyle fontFamily="Times New Roman" fontSize="15.0"/>
                </Word>
                <Word id="w_w1aab1c17b2b7b5ac43" language="German" custom="readingOrder {index:4;}">
                    <Coords points="457,1200 627,1200 627,1239 457,1239"/>
                    <TextEquiv>
                        <Unicode>Freystaat,</Unicode>
                    </TextEquiv>
                    <TextStyle fontFamily="Times New Roman" fontSize="15.0"/>
                </Word>
                <Word id="w_w1aab1c17b2b7b5ac65" language="German" custom="readingOrder {index:5;}">
                    <Coords points="651,1202 699,1202 699,1234 651,1234"/>
                    <TextEquiv>
                        <Unicode>der</Unicode>
                    </TextEquiv>
                    <TextStyle fontFamily="Times New Roman" fontSize="15.0"/>
                </Word>
                <Word id="w_w1aab1c17b2b7b5ac73" language="German" custom="readingOrder {index:6;}">
                    <Coords points="720,1202 788,1202 788,1237 720,1237"/>
                    <TextEquiv>
                        <Unicode>noch</Unicode>
                    </TextEquiv>
                    <TextStyle fontFamily="Times New Roman" fontSize="15.0"/>
                </Word>
                <Word id="w_w1aab1c17b2b7b5ac83" language="German" custom="readingOrder {index:7;}">
                    <Coords points="810,1207 914,1207 914,1233 810,1233"/>
                    <TextEquiv>
                        <Unicode>immer</Unicode>
                    </TextEquiv>
                    <TextStyle fontFamily="Times New Roman" fontSize="15.0"/>
                </Word>
                <TextEquiv>
                    <Unicode>ches für diesen jungen Freystaat, der noch immer</Unicode>
                </TextEquiv>
                <TextStyle fontFamily="Times New Roman" fontSize="15.0"/>
            </TextLine>
            <TextLine id="tl_22" primaryLanguage="German" custom="readingOrder {index:8;}">
                <Coords points="78,1245 917,1242 917,1280 78,1283"/>
                <Baseline points="77,1280 916,1275"/>
                <Word id="word_1512778433447_75" custom="readingOrder {index:0;}">
                    <Coords points="76,1249 141,1249 141,1281 76,1281"/>
                    <TextEquiv>
                        <Unicode>mit</Unicode>
                    </TextEquiv>
                </Word>
                <Word id="word_1512778435797_76" custom="readingOrder {index:1;}">
                    <Coords points="147,1245 209,1245 209,1278 147,1278"/>
                    <TextEquiv>
                        <Unicode>sich</Unicode>
                    </TextEquiv>
                </Word>
                <Word id="word_1512778438097_77" custom="readingOrder {index:2;}">
                    <Coords points="213,1242 311,1242 311,1280 213,1280"/>
                    <TextEquiv>
                        <Unicode>selber</Unicode>
                    </TextEquiv>
                </Word>
                <Word id="word_1512778440101_78" custom="readingOrder {index:3;}">
                    <Coords points="314,1241 443,1241 443,1280 314,1280"/>
                    <TextEquiv>
                        <Unicode>uneinig</Unicode>
                    </TextEquiv>
                </Word>
                <Word id="word_1512778442315_79" custom="readingOrder {index:4;}">
                    <Coords points="455,1240 508,1240 508,1274 455,1274"/>
                    <TextEquiv>
                        <Unicode>ist.</Unicode>
                    </TextEquiv>
                </Word>
                <Word id="word_1512778444193_80" custom="readingOrder {index:5;}">
                    <Coords points="534,1238 631,1238 631,1278 534,1278"/>
                    <TextEquiv>
                        <Unicode>Man</Unicode>
                    </TextEquiv>
                </Word>
                <Word id="word_1512778447545_81" custom="readingOrder {index:6;}">
                    <Coords points="645,1235 715,1235 715,1277 645,1277"/>
                    <TextEquiv>
                        <Unicode>hoft</Unicode>
                    </TextEquiv>
                </Word>
                <Word id="word_1512778449683_82" custom="readingOrder {index:7;}">
                    <Coords points="721,1255 738,1255 738,1280 721,1280"/>
                    <TextEquiv>
                        <Unicode>,</Unicode>
                    </TextEquiv>
                </Word>
                <Word id="word_1512778451947_83" custom="readingOrder {index:8;}">
                    <Coords points="753,1238 816,1238 816,1278 753,1278"/>
                    <TextEquiv>
                        <Unicode>Er</Unicode>
                    </TextEquiv>
                </Word>
                <Word id="word_1512778454432_84" custom="readingOrder {index:9;}">
                    <Coords points="819,1236 919,1236 919,1276 819,1276"/>
                    <TextEquiv>
                        <Unicode>werde</Unicode>
                    </TextEquiv>
                </Word>
                <TextEquiv>
                    <Unicode>mit sich selber uneinig ist. Man hoft, Er werde</Unicode>
                </TextEquiv>
            </TextLine>
            <TextLine id="tl_23" primaryLanguage="German" custom="readingOrder {index:9;}">
                <Coords points="81,1274 915,1274 915,1319 81,1319"/>
                <Baseline points="82,1316 918,1307"/>
                <Word id="w_w1aab1c23b2b3b1ab1" language="German" custom="readingOrder {index:0;}">
                    <Coords points="81,1284 139,1284 139,1316 81,1316"/>
                    <TextEquiv>
                        <Unicode>den</Unicode>
                    </TextEquiv>
                    <TextStyle fontFamily="Times New Roman" fontSize="15.0"/>
                </Word>
                <Word id="w_w1aab1c23b2b3b1ab7" language="German" custom="readingOrder {index:1;}">
                    <Coords points="156,1283 291,1283 291,1316 156,1316"/>
                    <TextEquiv>
                        <Unicode>Staaten</Unicode>
                    </TextEquiv>
                    <TextStyle fontFamily="Times New Roman" fontSize="15.0"/>
                </Word>
                <Word id="w_w1aab1c23b2b3b1ac23" language="German" custom="readingOrder {index:2;}">
                    <Coords points="314,1277 471,1277 471,1318 314,1318"/>
                    <TextEquiv>
                        <Unicode>begreiflich</Unicode>
                    </TextEquiv>
                    <TextStyle fontFamily="Times New Roman" fontSize="15.0"/>
                </Word>
                <Word id="w_w1aab1c23b2b3b1ac47" language="German" custom="readingOrder {index:3;}">
                    <Coords points="487,1280 624,1280 624,1314 487,1314"/>
                    <TextEquiv>
                        <Unicode>machen,</Unicode>
                    </TextEquiv>
                    <TextStyle fontFamily="Times New Roman" fontSize="15.0"/>
                </Word>
                <Word id="w_w1aab1c23b2b3b1ac63" language="German" custom="readingOrder {index:4;}">
                    <Coords points="647,1279 702,1279 702,1314 647,1314"/>
                    <TextEquiv>
                        <Unicode>daß</Unicode>
                    </TextEquiv>
                    <TextStyle fontFamily="Times New Roman" fontSize="15.0"/>
                </Word>
                <Word id="w_w1aab1c23b2b3b1ac71" language="German" custom="readingOrder {index:5;}">
                    <Coords points="714,1278 798,1278 798,1315 714,1315"/>
                    <TextEquiv>
                        <Unicode>ihnen</Unicode>
                    </TextEquiv>
                    <TextStyle fontFamily="Times New Roman" fontSize="15.0"/>
                </Word>
                <Word id="w_w1aab1c23b2b3b1ac83" language="German" custom="readingOrder {index:6;}">
                    <Coords points="811,1278 915,1278 915,1315 811,1315"/>
                    <TextEquiv>
                        <Unicode>Pflicht</Unicode>
                    </TextEquiv>
                    <TextStyle fontFamily="Times New Roman" fontSize="15.0"/>
                </Word>
                <TextEquiv>
                    <Unicode>den Staaten begreiflich machen, daß ihnen Pflicht</Unicode>
                </TextEquiv>
                <TextStyle fontFamily="Times New Roman" fontSize="15.0"/>
            </TextLine>
            <TextLine id="tl_24" primaryLanguage="German" custom="readingOrder {index:10;}">
                <Coords points="80,1313 920,1313 920,1357 80,1357"/>
                <Baseline points="81,1355 919,1349"/>
                <Word id="w_w1aab1c23b2b3b3ab1" language="German" custom="readingOrder {index:0;}">
                    <Coords points="80,1322 144,1322 144,1357 80,1357"/>
                    <TextEquiv>
                        <Unicode>und</Unicode>
                    </TextEquiv>
                    <TextStyle fontFamily="Times New Roman" fontSize="15.0"/>
                </Word>
                <Word id="w_w1aab1c23b2b3b3ab7" language="German" custom="readingOrder {index:1;}">
                    <Coords points="154,1320 233,1320 233,1356 154,1356"/>
                    <TextEquiv>
                        <Unicode>Ehre</Unicode>
                    </TextEquiv>
                    <TextStyle fontFamily="Times New Roman" fontSize="15.0"/>
                </Word>
                <Word id="w_w1aab1c23b2b3b3ac17" language="German" custom="readingOrder {index:2;}">
                    <Coords points="246,1317 367,1317 367,1356 246,1356"/>
                    <TextEquiv>
                        <Unicode>gebiete,</Unicode>
                    </TextEquiv>
                    <TextStyle fontFamily="Times New Roman" fontSize="15.0"/>
                </Word>
                <Word id="w_w1aab1c23b2b3b3ac35" language="German" custom="readingOrder {index:3;}">
                    <Coords points="391,1317 452,1317 452,1353 391,1353"/>
                    <TextEquiv>
                        <Unicode>ihre</Unicode>
                    </TextEquiv>
                    <TextStyle fontFamily="Times New Roman" fontSize="15.0"/>
                </Word>
                <Word id="w_w1aab1c23b2b3b3ac45" language="German" custom="readingOrder {index:4;}">
                    <Coords points="467,1317 620,1317 620,1353 467,1353"/>
                    <TextEquiv>
                        <Unicode>Schulden</Unicode>
                    </TextEquiv>
                    <TextStyle fontFamily="Times New Roman" fontSize="15.0"/>
                </Word>
                <Word id="w_w1aab1c23b2b3b3ac63" language="German" custom="readingOrder {index:5;}">
                    <Coords points="634,1323 666,1323 666,1354 634,1354"/>
                    <TextEquiv>
                        <Unicode>zu</Unicode>
                    </TextEquiv>
                    <TextStyle fontFamily="Times New Roman" fontSize="15.0"/>
                </Word>
                <Word id="w_w1aab1c23b2b3b3ac69" language="German" custom="readingOrder {index:6;}">
                    <Coords points="685,1317 815,1317 815,1353 685,1353"/>
                    <TextEquiv>
                        <Unicode>bezahlen</Unicode>
                    </TextEquiv>
                    <TextStyle fontFamily="Times New Roman" fontSize="15.0"/>
                </Word>
                <Word id="w_w1aab1c23b2b3b3ac87" language="German" custom="readingOrder {index:7;}">
                    <Coords points="827,1316 920,1316 920,1352 827,1352"/>
                    <TextEquiv>
                        <Unicode>(was</Unicode>
                    </TextEquiv>
                    <TextStyle fontFamily="Times New Roman" fontSize="15.0"/>
                </Word>
                <TextEquiv>
                    <Unicode>und Ehre gebiete, ihre Schulden zu bezahlen (was</Unicode>
                </TextEquiv>
                <TextStyle fontFamily="Times New Roman" fontSize="15.0"/>
            </TextLine>
            <TextLine id="tl_25" primaryLanguage="German" custom="readingOrder {index:11;}">
                <Coords points="79,1350 915,1350 915,1397 79,1397"/>
                <Baseline points="78,1397 918,1387"/>
                <Word id="w_w1aab1c23b2b3b5ab1" language="German" custom="readingOrder {index:0;}">
                    <Coords points="79,1360 128,1360 128,1394 79,1394"/>
                    <TextEquiv>
                        <Unicode>sie</Unicode>
                    </TextEquiv>
                    <TextStyle fontFamily="Times New Roman" fontSize="15.0"/>
                </Word>
                <Word id="w_w1aab1c23b2b3b5ab7" language="German" custom="readingOrder {index:1;}">
                    <Coords points="138,1360 241,1360 241,1394 138,1394"/>
                    <TextEquiv>
                        <Unicode>vorher</Unicode>
                    </TextEquiv>
                    <TextStyle fontFamily="Times New Roman" fontSize="15.0"/>
                </Word>
                <Word id="w_w1aab1c23b2b3b5ac21" language="German" custom="readingOrder {index:2;}">
                    <Coords points="257,1357 334,1357 334,1394 257,1394"/>
                    <TextEquiv>
                        <Unicode>nicht</Unicode>
                    </TextEquiv>
                    <TextStyle fontFamily="Times New Roman" fontSize="15.0"/>
                </Word>
                <Word id="w_w1aab1c23b2b3b5ac33" language="German" custom="readingOrder {index:3;}">
                    <Coords points="355,1353 442,1353 442,1391 355,1391"/>
                    <TextEquiv>
                        <Unicode>hören</Unicode>
                    </TextEquiv>
                    <TextStyle fontFamily="Times New Roman" fontSize="15.0"/>
                </Word>
                <Word id="w_w1aab1c23b2b3b5ac45" language="German" custom="readingOrder {index:4;}">
                    <Coords points="459,1356 621,1356 621,1392 459,1392"/>
                    <TextEquiv>
                        <Unicode>wollten:)</Unicode>
                    </TextEquiv>
                    <TextStyle fontFamily="Times New Roman" fontSize="15.0"/>
                </Word>
                <Word id="w_w1aab1c23b2b3b5ac65" language="German" custom="readingOrder {index:5;}">
                    <Coords points="634,1355 840,1355 840,1393 634,1393"/>
                    <TextEquiv>
                        <Unicode>Washington</Unicode>
                    </TextEquiv>
                    <TextStyle fontFamily="Times New Roman" fontSize="15.0"/>
                </Word>
                <Word id="w_w1aab1c23b2b3b5ac87" language="German" custom="readingOrder {index:6;}">
                    <Coords points="855,1352 915,1352 915,1388 855,1388"/>
                    <TextEquiv>
                        <Unicode>und</Unicode>
                    </TextEquiv>
                    <TextStyle fontFamily="Times New Roman" fontSize="15.0"/>
                </Word>
                <TextEquiv>
                    <Unicode>sie vorher nicht hören wollten: ) Washington und</Unicode>
                </TextEquiv>
                <TextStyle fontFamily="Times New Roman" fontSize="15.0"/>
            </TextLine>
            <TextLine id="tl_26" primaryLanguage="German" custom="readingOrder {index:12;}">
                <Coords points="82,1388 921,1388 921,1437 82,1437"/>
                <Baseline points="82,1430 917,1424"/>
                <Word id="w_w1aab1c23b2b3b7ab1" language="German" custom="readingOrder {index:0;}">
                    <Coords points="82,1396 225,1396 225,1437 82,1437"/>
                    <TextEquiv>
                        <Unicode>Franklin</Unicode>
                    </TextEquiv>
                    <TextStyle fontFamily="Times New Roman" fontSize="15.0"/>
                </Word>
                <Word id="w_w1aab1c23b2b3b7ac19" language="German" custom="readingOrder {index:1;}">
                    <Coords points="244,1395 300,1395 300,1433 244,1433"/>
                    <TextEquiv>
                        <Unicode>sind</Unicode>
                    </TextEquiv>
                    <TextStyle fontFamily="Times New Roman" fontSize="15.0"/>
                </Word>
                <Word id="w_w1aab1c23b2b3b7ac29" language="German" custom="readingOrder {index:2;}">
                    <Coords points="316,1402 378,1402 378,1428 316,1428"/>
                    <TextEquiv>
                        <Unicode>nun</Unicode>
                    </TextEquiv>
                    <TextStyle fontFamily="Times New Roman" fontSize="15.0"/>
                </Word>
                <Word id="w_w1aab1c23b2b3b7ac37" language="German" custom="readingOrder {index:3;}">
                    <Coords points="400,1391 583,1391 583,1430 400,1430"/>
                    <TextEquiv>
                        <Unicode>ausgesöhnt.</Unicode>
                    </TextEquiv>
                    <TextStyle fontFamily="Times New Roman" fontSize="15.0"/>
                </Word>
                <Word id="w_w1aab1c23b2b3b7ac63" language="German" custom="readingOrder {index:4;}">
                    <Coords points="626,1393 707,1393 707,1427 626,1427"/>
                    <TextEquiv>
                        <Unicode>Man</Unicode>
                    </TextEquiv>
                    <TextStyle fontFamily="Times New Roman" fontSize="15.0"/>
                </Word>
                <Word id="w_w1aab1c23b2b3b7ac71" language="German" custom="readingOrder {index:5;}">
                    <Coords points="731,1394 865,1397 865,1430 731,1427"/>
                    <TextEquiv>
                        <Unicode>erwartet</Unicode>
                    </TextEquiv>
                    <TextStyle fontFamily="Times New Roman" fontSize="15.0"/>
                </Word>
                <Word id="word_1512778637250_85" custom="readingOrder {index:6;}">
                    <Coords points="871,1395 917,1395 917,1425 871,1425"/>
                    <TextEquiv>
                        <Unicode>in</Unicode>
                    </TextEquiv>
                </Word>
                <TextEquiv>
                    <Unicode>Franklin sind nun ausgesöhnt. Man erwartet in</Unicode>
                </TextEquiv>
                <TextStyle fontFamily="Times New Roman" fontSize="15.0"/>
            </TextLine>
            <TextLine id="tl_27" primaryLanguage="German" custom="readingOrder {index:13;}">
                <Coords points="84,1428 800,1423 800,1470 84,1475"/>
                <Baseline points="85,1472 798,1465"/>
                <Word id="w_w1aab1c23b2b3b9ab1" language="German" custom="readingOrder {index:0;}">
                    <Coords points="84,1438 200,1438 200,1475 84,1475"/>
                    <TextEquiv>
                        <Unicode>kurzen</Unicode>
                    </TextEquiv>
                    <TextStyle fontFamily="Times New Roman" fontSize="15.0"/>
                </Word>
                <Word id="w_w1aab1c23b2b3b9ab9" language="German" custom="readingOrder {index:1;}">
                    <Coords points="216,1435 272,1435 272,1467 216,1467"/>
                    <TextEquiv>
                        <Unicode>den</Unicode>
                    </TextEquiv>
                    <TextStyle fontFamily="Times New Roman" fontSize="15.0"/>
                </Word>
                <Word id="w_w1aab1c23b2b3b9ac17" language="German" custom="readingOrder {index:2;}">
                    <Coords points="296,1433 424,1433 424,1469 296,1469"/>
                    <TextEquiv>
                        <Unicode>General</Unicode>
                    </TextEquiv>
                    <TextStyle fontFamily="Times New Roman" fontSize="15.0"/>
                </Word>
                <Word id="w_w1aab1c23b2b3b9ac33" language="German" custom="readingOrder {index:3;}">
                    <Coords points="440,1430 615,1430 615,1467 440,1467"/>
                    <TextEquiv>
                        <Unicode>Maillebois</Unicode>
                    </TextEquiv>
                    <TextStyle fontFamily="Times New Roman" fontSize="15.0"/>
                </Word>
                <Word id="w_w1aab1c23b2b3b9ac55" language="German" custom="readingOrder {index:4;}">
                    <Coords points="639,1433 668,1433 668,1465 639,1465"/>
                    <TextEquiv>
                        <Unicode>in</Unicode>
                    </TextEquiv>
                    <TextStyle fontFamily="Times New Roman" fontSize="15.0"/>
                </Word>
                <Word id="w_w1aab1c23b2b3b9ac61" language="German" custom="readingOrder {index:5;}">
                    <Coords points="692,1432 794,1432 794,1470 692,1470"/>
                    <TextEquiv>
                        <Unicode>Paris.</Unicode>
                    </TextEquiv>
                    <TextStyle fontFamily="Times New Roman" fontSize="15.0"/>
                </Word>
                <TextEquiv>
                    <Unicode>kurzen den General Maillebois in Paris.</Unicode>
                </TextEquiv>
                <TextStyle fontFamily="Times New Roman" fontSize="15.0"/>
            </TextLine>
            <TextEquiv>
                <Unicode>Paris, den 21. Oktob. Nach Briefen aus
Newhafen in Nordamerika vom 15ten August sol¬
len vom 1. Septbr. an alle Seehafen der 13. ver¬
einigten Staaten für die englischen Schiffe ohne
Unterschied geschlossen seyn. Englische Blätter
melden noch nichts davon. — Von Franklins
Rückkunft nach Amerika hoft man viel ersprichli¬
ches für diesen jungen Freystaat, der noch immer
mit sich selber uneinig ist. Man hoft, Er werde
den Staaten begreiflich machen, daß ihnen Pflicht
und Ehre gebiete, ihre Schulden zu bezahlen (was
sie vorher nicht hören wollten: ) Washington und
Franklin sind nun ausgesöhnt. Man erwartet in
kurzen den General Maillebois in Paris.</Unicode>
            </TextEquiv>
        </TextRegion>
        <GraphicRegion id="r_10" custom="readingOrder {index:9;}">
            <Coords points="946,997 1042,997 1042,1075 946,1075"/>
        </GraphicRegion>
        <GraphicRegion id="r_11" custom="readingOrder {index:10;}">
            <Coords points="831,1242 891,1242 891,1272 831,1272"/>
        </GraphicRegion>
        <TextRegion id="region_1512778691277_86" custom="readingOrder {index:11;}">
            <Coords points="361,1469 644,1469 644,1512 361,1512"/>
            <TextLine id="line_1512778703488_88" custom="readingOrder {index:0;}">
                <Coords points="370,1459 634,1458 634,1508 370,1509"/>
                <Baseline points="371,1506 634,1503"/>
                <Word id="word_1512778707797_89" custom="readingOrder {index:0;}">
                    <Coords points="370,1467 644,1467 644,1506 370,1506"/>
                    <TextEquiv>
                        <Unicode>Holland</Unicode>
                    </TextEquiv>
                </Word>
                <TextEquiv>
                    <Unicode>Holland.</Unicode>
                </TextEquiv>
            </TextLine>
            <TextEquiv>
                <Unicode>Holland.</Unicode>
            </TextEquiv>
        </TextRegion>
        <TextRegion type="paragraph" id="r_12_3" custom="readingOrder {index:12;}">
            <Coords points="84,1504 921,1504 930,2213 93,2213"/>
            <TextLine id="tl_28" primaryLanguage="German" custom="readingOrder {index:0;}">
                <Coords points="126,1505 918,1505 918,1551 126,1551"/>
                <Baseline points="126,1552 918,1541"/>
                <Word id="w_w1aab1c23b2b5b1ab1" language="German" custom="readingOrder {index:0;}">
                    <Coords points="126,1512 201,1510 201,1549 126,1551"/>
                    <TextEquiv>
                        <Unicode>Aus</Unicode>
                    </TextEquiv>
                    <TextStyle fontFamily="Times New Roman" fontSize="15.0"/>
                </Word>
                <Word id="word_1512778772145_90" custom="readingOrder {index:1;}">
                    <Coords points="203,1509 294,1509 294,1547 203,1547"/>
                    <TextEquiv>
                        <Unicode>dem</Unicode>
                    </TextEquiv>
                </Word>
                <Word id="w_w1aab1c23b2b5b1ac17" language="German" custom="readingOrder {index:2;}">
                    <Coords points="299,1510 418,1510 418,1550 299,1550"/>
                    <TextEquiv>
                        <Unicode>Haag,</Unicode>
                    </TextEquiv>
                    <TextStyle fontFamily="Times New Roman" fontSize="15.0"/>
                </Word>
                <Word id="w_w1aab1c23b2b5b1ac31" language="German" custom="readingOrder {index:3;}">
                    <Coords points="429,1515 515,1515 515,1542 429,1542"/>
                    <TextEquiv>
                        <Unicode>vom</Unicode>
                    </TextEquiv>
                    <TextStyle fontFamily="Times New Roman" fontSize="15.0"/>
                </Word>
                <Word id="w_w1aab1c23b2b5b1ac39" language="German" custom="readingOrder {index:4;}">
                    <Coords points="535,1513 622,1513 622,1544 535,1544"/>
                    <TextEquiv>
                        <Unicode>18ten</Unicode>
                    </TextEquiv>
                    <TextStyle fontFamily="Times New Roman" fontSize="15.0"/>
                </Word>
                <Word id="w_w1aab1c23b2b5b1ac47" language="German" custom="readingOrder {index:5;}">
                    <Coords points="633,1508 757,1508 757,1547 633,1547"/>
                    <TextEquiv>
                        <Unicode>Octob.</Unicode>
                    </TextEquiv>
                    <TextStyle fontFamily="Times New Roman" fontSize="15.0"/>
                </Word>
                <Word id="w_w1aab1c23b2b5b1ac61" language="German" custom="readingOrder {index:6;}">
                    <Coords points="792,1506 918,1506 918,1545 792,1545"/>
                    <TextEquiv>
                        <Unicode>Gestern</Unicode>
                    </TextEquiv>
                    <TextStyle fontFamily="Times New Roman" fontSize="15.0"/>
                </Word>
                <TextEquiv>
                    <Unicode>Aus dem Haag, vom 18ten Octob. Gestern</Unicode>
                </TextEquiv>
                <TextStyle fontFamily="Times New Roman" fontSize="15.0"/>
            </TextLine>
            <TextLine id="tl_29" primaryLanguage="German" custom="readingOrder {index:1;}">
                <Coords points="87,1543 917,1543 917,1592 87,1592"/>
                <Baseline points="89,1589 916,1579"/>
                <Word id="w_w1aab1c23b2b5b3ab1" language="German" custom="readingOrder {index:0;}">
                    <Coords points="87,1552 174,1552 174,1592 87,1592"/>
                    <TextEquiv>
                        <Unicode>gieng</Unicode>
                    </TextEquiv>
                    <TextStyle fontFamily="Times New Roman" fontSize="15.0"/>
                </Word>
                <Word id="w_w1aab1c23b2b5b3ac13" language="German" custom="readingOrder {index:1;}">
                    <Coords points="185,1552 234,1552 234,1589 185,1589"/>
                    <TextEquiv>
                        <Unicode>die</Unicode>
                    </TextEquiv>
                    <TextStyle fontFamily="Times New Roman" fontSize="15.0"/>
                </Word>
                <Word id="w_w1aab1c23b2b5b3ac21" language="German" custom="readingOrder {index:2;}">
                    <Coords points="249,1548 436,1548 436,1589 249,1589"/>
                    <TextEquiv>
                        <Unicode>Ratification</Unicode>
                    </TextEquiv>
                    <TextStyle fontFamily="Times New Roman" fontSize="15.0"/>
                </Word>
                <Word id="w_w1aab1c23b2b5b3ac41" language="German" custom="readingOrder {index:3;}">
                    <Coords points="444,1548 500,1548 500,1584 444,1584"/>
                    <TextEquiv>
                        <Unicode>der</Unicode>
                    </TextEquiv>
                    <TextStyle fontFamily="Times New Roman" fontSize="15.0"/>
                </Word>
                <Word id="w_w1aab1c23b2b5b3ac49" language="German" custom="readingOrder {index:4;}">
                    <Coords points="513,1545 833,1547 833,1586 513,1584"/>
                    <TextEquiv>
                        <Unicode>Präliminar-Artikel</Unicode>
                    </TextEquiv>
                    <TextStyle fontFamily="Times New Roman" fontSize="15.0"/>
                </Word>
                <Word id="w_w1aab1c23b2b5b3ac89" language="German" custom="readingOrder {index:5;}">
                    <Coords points="839,1548 917,1548 917,1583 839,1583"/>
                    <TextEquiv>
                        <Unicode>nach</Unicode>
                    </TextEquiv>
                    <TextStyle fontFamily="Times New Roman" fontSize="15.0"/>
                </Word>
                <TextEquiv>
                    <Unicode>gieng die Ratification der Präliminar-Artikel nach</Unicode>
                </TextEquiv>
                <TextStyle fontFamily="Times New Roman" fontSize="15.0"/>
            </TextLine>
            <TextLine id="tl_30" primaryLanguage="German" custom="readingOrder {index:2;}">
                <Coords points="85,1581 920,1581 920,1629 85,1629"/>
                <Baseline points="85,1630 918,1620"/>
                <Word id="w_w1aab1c23b2b5b5ab1" language="German" custom="readingOrder {index:0;}">
                    <Coords points="85,1593 182,1593 182,1627 85,1627"/>
                    <TextEquiv>
                        <Unicode>Paris</Unicode>
                    </TextEquiv>
                    <TextStyle fontFamily="Times New Roman" fontSize="15.0"/>
                </Word>
                <Word id="w_w1aab1c23b2b5b5ac13" language="German" custom="readingOrder {index:1;}">
                    <Coords points="191,1589 231,1589 231,1623 191,1623"/>
                    <TextEquiv>
                        <Unicode>ab</Unicode>
                    </TextEquiv>
                    <TextStyle fontFamily="Times New Roman" fontSize="15.0"/>
                </Word>
                <Word id="w_w1aab1c23b2b5b5ac19" language="German" custom="readingOrder {index:2;}">
                    <Coords points="247,1603 290,1603 290,1611 247,1611"/>
                    <TextEquiv>
                        <Unicode>—</Unicode>
                    </TextEquiv>
                    <TextStyle fontFamily="Times New Roman" fontSize="15.0"/>
                </Word>
                <Word id="w_w1aab1c23b2b5b5ac23" language="German" custom="readingOrder {index:3;}">
                    <Coords points="311,1589 370,1589 370,1624 311,1624"/>
                    <TextEquiv>
                        <Unicode>und</Unicode>
                    </TextEquiv>
                    <TextStyle fontFamily="Times New Roman" fontSize="15.0"/>
                </Word>
                <Word id="w_w1aab1c23b2b5b5ac31" language="German" custom="readingOrder {index:4;}">
                    <Coords points="385,1593 448,1593 448,1622 385,1622"/>
                    <TextEquiv>
                        <Unicode>nun</Unicode>
                    </TextEquiv>
                    <TextStyle fontFamily="Times New Roman" fontSize="15.0"/>
                </Word>
                <Word id="w_w1aab1c23b2b5b5ac39" language="German" custom="readingOrder {index:5;}">
                    <Coords points="462,1586 556,1586 556,1624 462,1624"/>
                    <TextEquiv>
                        <Unicode>haben</Unicode>
                    </TextEquiv>
                    <TextStyle fontFamily="Times New Roman" fontSize="15.0"/>
                </Word>
                <Word id="w_w1aab1c23b2b5b5ac51" language="German" custom="readingOrder {index:6;}">
                    <Coords points="562,1586 623,1586 623,1619 562,1619"/>
                    <TextEquiv>
                        <Unicode>alle</Unicode>
                    </TextEquiv>
                    <TextStyle fontFamily="Times New Roman" fontSize="15.0"/>
                </Word>
                <Word id="w_w1aab1c23b2b5b5ac61" language="German" custom="readingOrder {index:7;}">
                    <Coords points="634,1582 838,1582 838,1626 634,1626"/>
                    <TextEquiv>
                        <Unicode>holländische</Unicode>
                    </TextEquiv>
                    <TextStyle fontFamily="Times New Roman" fontSize="15.0"/>
                </Word>
                <Word id="w_w1aab1c23b2b5b5ac81" language="German" custom="readingOrder {index:8;}">
                    <Coords points="845,1582 920,1582 920,1624 845,1624"/>
                    <TextEquiv>
                        <Unicode>Feh¬</Unicode>
                    </TextEquiv>
                    <TextStyle fontFamily="Times New Roman" fontSize="15.0"/>
                </Word>
                <TextEquiv>
                    <Unicode>Paris ab — und nun haben alle holländische Feh¬</Unicode>
                </TextEquiv>
                <TextStyle fontFamily="Times New Roman" fontSize="15.0"/>
            </TextLine>
            <TextLine id="tl_31" primaryLanguage="German" custom="readingOrder {index:3;}">
                <Coords points="88,1623 918,1623 918,1666 88,1666"/>
                <Baseline points="87,1663 917,1655"/>
                <Word id="w_w1aab1c23b2b5b7ab1" language="German" custom="readingOrder {index:0;}">
                    <Coords points="88,1630 145,1630 145,1664 88,1664"/>
                    <TextEquiv>
                        <Unicode>den</Unicode>
                    </TextEquiv>
                    <TextStyle fontFamily="Times New Roman" fontSize="15.0"/>
                </Word>
                <Word id="w_w1aab1c23b2b5b7ab9" language="German" custom="readingOrder {index:1;}">
                    <Coords points="170,1627 219,1627 219,1663 170,1663"/>
                    <TextEquiv>
                        <Unicode>ein</Unicode>
                    </TextEquiv>
                    <TextStyle fontFamily="Times New Roman" fontSize="15.0"/>
                </Word>
                <Word id="w_w1aab1c23b2b5b7ac13" language="German" custom="readingOrder {index:2;}">
                    <Coords points="238,1628 346,1628 346,1663 238,1663"/>
                    <TextEquiv>
                        <Unicode>Ende,</Unicode>
                    </TextEquiv>
                    <TextStyle fontFamily="Times New Roman" fontSize="15.0"/>
                </Word>
                <Word id="w_w1aab1c23b2b5b7ac25" language="German" custom="readingOrder {index:3;}">
                    <Coords points="358,1626 412,1626 412,1661 358,1661"/>
                    <TextEquiv>
                        <Unicode>die</Unicode>
                    </TextEquiv>
                    <TextStyle fontFamily="Times New Roman" fontSize="15.0"/>
                </Word>
                <Word id="w_w1aab1c23b2b5b7ac35" language="German" custom="readingOrder {index:4;}">
                    <Coords points="429,1626 671,1626 671,1664 429,1664"/>
                    <TextEquiv>
                        <Unicode>ausgenommen,</Unicode>
                    </TextEquiv>
                    <TextStyle fontFamily="Times New Roman" fontSize="15.0"/>
                </Word>
                <Word id="w_w1aab1c23b2b5b7ac63" language="German" custom="readingOrder {index:5;}">
                    <Coords points="706,1625 749,1625 749,1655 706,1655"/>
                    <TextEquiv>
                        <Unicode>die</Unicode>
                    </TextEquiv>
                    <TextStyle fontFamily="Times New Roman" fontSize="15.0"/>
                </Word>
                <Word id="w_w1aab1c23b2b5b7ac71" language="German" custom="readingOrder {index:6;}">
                    <Coords points="766,1625 838,1625 838,1661 766,1661"/>
                    <TextEquiv>
                        <Unicode>noch</Unicode>
                    </TextEquiv>
                    <TextStyle fontFamily="Times New Roman" fontSize="15.0"/>
                </Word>
                <Word id="w_w1aab1c23b2b5b7ac81" language="German" custom="readingOrder {index:7;}">
                    <Coords points="859,1625 918,1625 918,1655 859,1655"/>
                    <TextEquiv>
                        <Unicode>im¬</Unicode>
                    </TextEquiv>
                    <TextStyle fontFamily="Times New Roman" fontSize="15.0"/>
                </Word>
                <TextEquiv>
                    <Unicode>den ein Ende, die ausgenommen, die noch im¬</Unicode>
                </TextEquiv>
                <TextStyle fontFamily="Times New Roman" fontSize="15.0"/>
            </TextLine>
            <TextLine id="tl_32" primaryLanguage="German" custom="readingOrder {index:4;}">
                <Coords points="88,1659 917,1659 917,1707 88,1707"/>
                <Baseline points="88,1704 917,1695"/>
                <Word id="w_w1aab1c23b2b5b9ab1" language="German" custom="readingOrder {index:0;}">
                    <Coords points="88,1674 151,1674 151,1705 88,1705"/>
                    <TextEquiv>
                        <Unicode>mer</Unicode>
                    </TextEquiv>
                    <TextStyle fontFamily="Times New Roman" fontSize="15.0"/>
                </Word>
                <Word id="w_w1aab1c23b2b5b9ab9" language="German" custom="readingOrder {index:1;}">
                    <Coords points="175,1667 217,1667 217,1703 175,1703"/>
                    <TextEquiv>
                        <Unicode>im</Unicode>
                    </TextEquiv>
                    <TextStyle fontFamily="Times New Roman" fontSize="15.0"/>
                </Word>
                <Word id="w_w1aab1c23b2b5b9ac15" language="German" custom="readingOrder {index:2;}">
                    <Coords points="245,1663 366,1663 366,1706 245,1706"/>
                    <TextEquiv>
                        <Unicode>Innern</Unicode>
                    </TextEquiv>
                    <TextStyle fontFamily="Times New Roman" fontSize="15.0"/>
                </Word>
                <Word id="w_w1aab1c23b2b5b9ac23" language="German" custom="readingOrder {index:3;}">
                    <Coords points="385,1663 440,1663 440,1699 385,1699"/>
                    <TextEquiv>
                        <Unicode>der</Unicode>
                    </TextEquiv>
                    <TextStyle fontFamily="Times New Roman" fontSize="15.0"/>
                </Word>
                <Word id="w_w1aab1c23b2b5b9ac31" language="German" custom="readingOrder {index:4;}">
                    <Coords points="462,1662 614,1662 614,1701 462,1701"/>
                    <TextEquiv>
                        <Unicode>Republik</Unicode>
                    </TextEquiv>
                    <TextStyle fontFamily="Times New Roman" fontSize="15.0"/>
                </Word>
                <Word id="word_1512778953707_91" custom="readingOrder {index:5;}">
                    <Coords points="624,1660 812,1660 812,1698 624,1698"/>
                    <TextEquiv>
                        <Unicode>fortdauern.</Unicode>
                    </TextEquiv>
                </Word>
                <Word id="w_w1aab1c23b2b5b9ac71" language="German" custom="readingOrder {index:6;}">
                    <Coords points="843,1660 917,1660 917,1700 843,1700"/>
                    <TextEquiv>
                        <Unicode>Zur</Unicode>
                    </TextEquiv>
                    <TextStyle fontFamily="Times New Roman" fontSize="15.0"/>
                </Word>
                <TextEquiv>
                    <Unicode>mer im Innern der Republik fortdauern. Zur</Unicode>
                </TextEquiv>
                <TextStyle fontFamily="Times New Roman" fontSize="15.0"/>
            </TextLine>
            <TextLine id="tl_33" primaryLanguage="German" custom="readingOrder {index:5;}">
                <Coords points="87,1697 917,1697 917,1746 87,1746"/>
                <Baseline points="87,1741 917,1734"/>
                <Word id="w_w1aab1c25b2b1b1ab1" language="German" custom="readingOrder {index:0;}">
                    <Coords points="87,1706 441,1705 441,1745 87,1746"/>
                    <TextEquiv>
                        <Unicode>Friedens-Ratifikation</Unicode>
                    </TextEquiv>
                    <TextStyle fontFamily="Times New Roman" fontSize="15.0"/>
                </Word>
                <Word id="w_w1aab1c25b2b1b1ac45" language="German" custom="readingOrder {index:1;}">
                    <Coords points="447,1703 586,1703 586,1739 447,1739"/>
                    <TextEquiv>
                        <Unicode>stimmten</Unicode>
                    </TextEquiv>
                    <TextStyle fontFamily="Times New Roman" fontSize="15.0"/>
                </Word>
                <Word id="w_w1aab1c25b2b1b1ac63" language="German" custom="readingOrder {index:2;}">
                    <Coords points="607,1702 657,1702 657,1737 607,1737"/>
                    <TextEquiv>
                        <Unicode>bey</Unicode>
                    </TextEquiv>
                    <TextStyle fontFamily="Times New Roman" fontSize="15.0"/>
                </Word>
                <Word id="w_w1aab1c25b2b1b1ac71" language="German" custom="readingOrder {index:3;}">
                    <Coords points="672,1712 680,1712 680,1734 672,1734"/>
                    <TextEquiv>
                        <Unicode>:</Unicode>
                    </TextEquiv>
                    <TextStyle fontFamily="Times New Roman" fontSize="15.0"/>
                </Word>
                <Word id="w_w1aab1c25b2b1b1ac75" language="German" custom="readingOrder {index:4;}">
                    <Coords points="698,1701 762,1698 762,1738 698,1741"/>
                    <TextEquiv>
                        <Unicode>Die</Unicode>
                    </TextEquiv>
                    <TextStyle fontFamily="Times New Roman" fontSize="15.0"/>
                </Word>
                <Word id="word_1512779122677_92" custom="readingOrder {index:5;}">
                    <Coords points="766,1699 920,1699 920,1734 766,1734"/>
                    <TextEquiv>
                        <Unicode>Provin¬</Unicode>
                    </TextEquiv>
                </Word>
                <TextEquiv>
                    <Unicode>Friedens-Ratifikation stimmten bey: Die Provin¬</Unicode>
                </TextEquiv>
                <TextStyle fontFamily="Times New Roman" fontSize="15.0"/>
            </TextLine>
            <TextLine id="tl_34" primaryLanguage="German" custom="readingOrder {index:6;}">
                <Coords points="88,1739 918,1739 918,1786 88,1786"/>
                <Baseline points="89,1782 917,1771"/>
                <Word id="w_w1aab1c25b2b1b3ab1" language="German" custom="readingOrder {index:0;}">
                    <Coords points="88,1753 147,1753 147,1785 88,1785"/>
                    <TextEquiv>
                        <Unicode>zen</Unicode>
                    </TextEquiv>
                    <TextStyle fontFamily="Times New Roman" fontSize="15.0"/>
                </Word>
                <Word id="w_w1aab1c25b2b1b3ab7" language="German" custom="readingOrder {index:1;}">
                    <Coords points="162,1743 329,1743 329,1786 162,1786"/>
                    <TextEquiv>
                        <Unicode>Holland,</Unicode>
                    </TextEquiv>
                    <TextStyle fontFamily="Times New Roman" fontSize="15.0"/>
                </Word>
                <Word id="w_w1aab1c25b2b1b3ac25" language="German" custom="readingOrder {index:2;}">
                    <Coords points="348,1743 492,1743 492,1780 348,1780"/>
                    <TextEquiv>
                        <Unicode>Utrecht,</Unicode>
                    </TextEquiv>
                    <TextStyle fontFamily="Times New Roman" fontSize="15.0"/>
                </Word>
                <Word id="w_w1aab1c25b2b1b3ac43" language="German" custom="readingOrder {index:3;}">
                    <Coords points="508,1741 677,1741 677,1783 508,1783"/>
                    <TextEquiv>
                        <Unicode>Obereyffel</Unicode>
                    </TextEquiv>
                    <TextStyle fontFamily="Times New Roman" fontSize="15.0"/>
                </Word>
                <Word id="w_w1aab1c25b2b1b3ac65" language="German" custom="readingOrder {index:4;}">
                    <Coords points="691,1741 763,1741 763,1776 691,1776"/>
                    <TextEquiv>
                        <Unicode>und</Unicode>
                    </TextEquiv>
                    <TextStyle fontFamily="Times New Roman" fontSize="15.0"/>
                </Word>
                <Word id="w_w1aab1c25b2b1b3ac73" language="German" custom="readingOrder {index:5;}">
                    <Coords points="772,1740 918,1740 918,1777 772,1777"/>
                    <TextEquiv>
                        <Unicode>Grönin¬</Unicode>
                    </TextEquiv>
                    <TextStyle fontFamily="Times New Roman" fontSize="15.0"/>
                </Word>
                <TextEquiv>
                    <Unicode>zen Holland, Utrecht, Obereyffel und Grönin¬</Unicode>
                </TextEquiv>
                <TextStyle fontFamily="Times New Roman" fontSize="15.0"/>
            </TextLine>
            <TextLine id="tl_35" primaryLanguage="German" custom="readingOrder {index:7;}">
                <Coords points="91,1776 917,1776 917,1828 91,1828"/>
                <Baseline points="91,1821 919,1812"/>
                <Word id="w_w1aab1c25b2b1b5ab1" language="German" custom="readingOrder {index:0;}">
                    <Coords points="91,1791 167,1791 167,1828 91,1828"/>
                    <TextEquiv>
                        <Unicode>gen.</Unicode>
                    </TextEquiv>
                    <TextStyle fontFamily="Times New Roman" fontSize="15.0"/>
                </Word>
                <Word id="w_w1aab1c25b2b1b5ac11" language="German" custom="readingOrder {index:1;}">
                    <Coords points="206,1783 310,1783 310,1819 206,1819"/>
                    <TextEquiv>
                        <Unicode>Durch</Unicode>
                    </TextEquiv>
                    <TextStyle fontFamily="Times New Roman" fontSize="15.0"/>
                </Word>
                <Word id="w_w1aab1c25b2b1b5ac23" language="German" custom="readingOrder {index:2;}">
                    <Coords points="331,1781 484,1781 484,1819 331,1819"/>
                    <TextEquiv>
                        <Unicode>Mehrheit</Unicode>
                    </TextEquiv>
                    <TextStyle fontFamily="Times New Roman" fontSize="15.0"/>
                </Word>
                <Word id="w_w1aab1c25b2b1b5ac41" language="German" custom="readingOrder {index:3;}">
                    <Coords points="502,1782 551,1782 551,1816 502,1816"/>
                    <TextEquiv>
                        <Unicode>der</Unicode>
                    </TextEquiv>
                    <TextStyle fontFamily="Times New Roman" fontSize="15.0"/>
                </Word>
                <Word id="w_w1aab1c25b2b1b5ac49" language="German" custom="readingOrder {index:4;}">
                    <Coords points="575,1778 732,1776 732,1821 575,1823"/>
                    <TextEquiv>
                        <Unicode>Stimmen</Unicode>
                    </TextEquiv>
                    <TextStyle fontFamily="Times New Roman" fontSize="15.0"/>
                </Word>
                <Word id="word_1512779198856_93" custom="readingOrder {index:5;}">
                    <Coords points="739,1779 841,1779 841,1815 739,1815"/>
                    <TextEquiv>
                        <Unicode>gieng</Unicode>
                    </TextEquiv>
                </Word>
                <Word id="w_w1aab1c25b2b1b5ac75" language="German" custom="readingOrder {index:6;}">
                    <Coords points="858,1778 917,1778 917,1814 858,1814"/>
                    <TextEquiv>
                        <Unicode>also</Unicode>
                    </TextEquiv>
                    <TextStyle fontFamily="Times New Roman" fontSize="15.0"/>
                </Word>
                <TextEquiv>
                    <Unicode>gen. Durch Mehrheit der Stimmen gieng also</Unicode>
                </TextEquiv>
                <TextStyle fontFamily="Times New Roman" fontSize="15.0"/>
            </TextLine>
            <TextLine id="tl_36" primaryLanguage="German" custom="readingOrder {index:8;}">
                <Coords points="86,1811 917,1811 917,1862 86,1862"/>
                <Baseline points="86,1856 917,1856"/>
                <Word id="w_w1aab1c25b2b1b7ab1" language="German" custom="readingOrder {index:0;}">
                    <Coords points="86,1824 138,1824 138,1862 86,1862"/>
                    <TextEquiv>
                        <Unicode>die</Unicode>
                    </TextEquiv>
                    <TextStyle fontFamily="Times New Roman" fontSize="15.0"/>
                </Word>
                <Word id="w_w1aab1c25b2b1b7ab9" language="German" custom="readingOrder {index:1;}">
                    <Coords points="158,1822 265,1817 265,1855 158,1860"/>
                    <TextEquiv>
                        <Unicode>Sache</Unicode>
                    </TextEquiv>
                    <TextStyle fontFamily="Times New Roman" fontSize="15.0"/>
                </Word>
                <Word id="word_1512779238565_94" custom="readingOrder {index:2;}">
                    <Coords points="273,1821 380,1821 380,1857 273,1857"/>
                    <TextEquiv>
                        <Unicode>durch.</Unicode>
                    </TextEquiv>
                </Word>
                <Word id="w_w1aab1c25b2b1b7ac31" language="German" custom="readingOrder {index:3;}">
                    <Coords points="408,1814 470,1814 470,1859 408,1859"/>
                    <TextEquiv>
                        <Unicode>Da</Unicode>
                    </TextEquiv>
                    <TextStyle fontFamily="Times New Roman" fontSize="15.0"/>
                </Word>
                <Word id="w_w1aab1c25b2b1b7ac37" language="German" custom="readingOrder {index:4;}">
                    <Coords points="481,1822 524,1822 524,1855 481,1855"/>
                    <TextEquiv>
                        <Unicode>es</Unicode>
                    </TextEquiv>
                    <TextStyle fontFamily="Times New Roman" fontSize="15.0"/>
                </Word>
                <Word id="w_w1aab1c25b2b1b7ac41" language="German" custom="readingOrder {index:5;}">
                    <Coords points="536,1818 624,1818 624,1859 536,1859"/>
                    <TextEquiv>
                        <Unicode>nicht</Unicode>
                    </TextEquiv>
                    <TextStyle fontFamily="Times New Roman" fontSize="15.0"/>
                </Word>
                <Word id="word_1512779243214_95" custom="readingOrder {index:6;}">
                    <Coords points="631,1822 691,1822 691,1860 631,1860"/>
                    <TextEquiv>
                        <Unicode>um</Unicode>
                    </TextEquiv>
                </Word>
                <Word id="word_1512779246418_96" custom="readingOrder {index:7;}">
                    <Coords points="700,1819 919,1819 919,1856 700,1856"/>
                    <TextEquiv>
                        <Unicode>Abschliessung</Unicode>
                    </TextEquiv>
                </Word>
                <TextEquiv>
                    <Unicode>die Sache durch. Da es nicht um Abschliessung</Unicode>
                </TextEquiv>
                <TextStyle fontFamily="Times New Roman" fontSize="15.0"/>
            </TextLine>
            <TextLine id="tl_37" primaryLanguage="German" custom="readingOrder {index:9;}">
                <Coords points="89,1855 919,1855 919,1900 89,1900"/>
                <Baseline points="89,1896 917,1893"/>
                <Word id="w_w1aab1c25b2b1b9ab1" language="German" custom="readingOrder {index:0;}">
                    <Coords points="89,1863 171,1863 171,1900 89,1900"/>
                    <TextEquiv>
                        <Unicode>eines</Unicode>
                    </TextEquiv>
                    <TextStyle fontFamily="Times New Roman" fontSize="15.0"/>
                </Word>
                <Word id="w_w1aab1c25b2b1b9ac13" language="German" custom="readingOrder {index:1;}">
                    <Coords points="188,1860 353,1860 353,1899 188,1899"/>
                    <TextEquiv>
                        <Unicode>förmlichen</Unicode>
                    </TextEquiv>
                    <TextStyle fontFamily="Times New Roman" fontSize="15.0"/>
                </Word>
                <Word id="w_w1aab1c25b2b1b9ac35" language="German" custom="readingOrder {index:2;}">
                    <Coords points="371,1858 530,1858 530,1897 371,1897"/>
                    <TextEquiv>
                        <Unicode>Friedens,</Unicode>
                    </TextEquiv>
                    <TextStyle fontFamily="Times New Roman" fontSize="15.0"/>
                </Word>
                <Word id="w_w1aab1c25b2b1b9ac55" language="German" custom="readingOrder {index:3;}">
                    <Coords points="549,1860 671,1860 671,1897 549,1897"/>
                    <TextEquiv>
                        <Unicode>sondern</Unicode>
                    </TextEquiv>
                    <TextStyle fontFamily="Times New Roman" fontSize="15.0"/>
                </Word>
                <Word id="w_w1aab1c25b2b1b9ac71" language="German" custom="readingOrder {index:4;}">
                    <Coords points="692,1865 747,1865 747,1892 692,1892"/>
                    <TextEquiv>
                        <Unicode>nur</Unicode>
                    </TextEquiv>
                    <TextStyle fontFamily="Times New Roman" fontSize="15.0"/>
                </Word>
                <Word id="w_w1aab1c25b2b1b9ac79" language="German" custom="readingOrder {index:5;}">
                    <Coords points="771,1866 822,1866 822,1891 771,1891"/>
                    <TextEquiv>
                        <Unicode>um</Unicode>
                    </TextEquiv>
                    <TextStyle fontFamily="Times New Roman" fontSize="15.0"/>
                </Word>
                <Word id="w_w1aab1c25b2b1b9ac85" language="German" custom="readingOrder {index:6;}">
                    <Coords points="840,1855 919,1855 919,1894 840,1894"/>
                    <TextEquiv>
                        <Unicode>Bey¬</Unicode>
                    </TextEquiv>
                    <TextStyle fontFamily="Times New Roman" fontSize="15.0"/>
                </Word>
                <TextEquiv>
                    <Unicode>eines förmlichen Friedens, sondern nur um Bey¬</Unicode>
                </TextEquiv>
                <TextStyle fontFamily="Times New Roman" fontSize="15.0"/>
            </TextLine>
            <TextLine id="tl_38" primaryLanguage="German" custom="readingOrder {index:10;}">
                <Coords points="90,1894 920,1894 920,1939 90,1939"/>
                <Baseline points="90,1936 917,1933"/>
                <Word id="w_w1aab1c25b2b1c11ab1" language="German" custom="readingOrder {index:0;}">
                    <Coords points="90,1901 199,1901 199,1939 90,1939"/>
                    <TextEquiv>
                        <Unicode>legung</Unicode>
                    </TextEquiv>
                    <TextStyle fontFamily="Times New Roman" fontSize="15.0"/>
                </Word>
                <Word id="w_w1aab1c25b2b1c11ac15" language="German" custom="readingOrder {index:1;}">
                    <Coords points="209,1900 318,1900 318,1938 209,1938"/>
                    <TextEquiv>
                        <Unicode>ewiger</Unicode>
                    </TextEquiv>
                    <TextStyle fontFamily="Times New Roman" fontSize="15.0"/>
                </Word>
                <Word id="w_w1aab1c25b2b1c11ac29" language="German" custom="readingOrder {index:2;}">
                    <Coords points="333,1897 560,1898 560,1937 333,1936"/>
                    <TextEquiv>
                        <Unicode>Streitigkeiten</Unicode>
                    </TextEquiv>
                    <TextStyle fontFamily="Times New Roman" fontSize="15.0"/>
                </Word>
                <Word id="word_1512779356198_97" custom="readingOrder {index:3;}">
                    <Coords points="563,1902 603,1902 603,1935 563,1935"/>
                    <TextEquiv>
                        <Unicode>zu</Unicode>
                    </TextEquiv>
                </Word>
                <Word id="w_w1aab1c25b2b1c11ac53" language="German" custom="readingOrder {index:4;}">
                    <Coords points="610,1899 682,1899 682,1936 610,1936"/>
                    <TextEquiv>
                        <Unicode>thun</Unicode>
                    </TextEquiv>
                    <TextStyle fontFamily="Times New Roman" fontSize="15.0"/>
                </Word>
                <Word id="w_w1aab1c25b2b1c11ac63" language="German" custom="readingOrder {index:5;}">
                    <Coords points="697,1905 782,1905 782,1934 697,1934"/>
                    <TextEquiv>
                        <Unicode>war,</Unicode>
                    </TextEquiv>
                    <TextStyle fontFamily="Times New Roman" fontSize="15.0"/>
                </Word>
                <Word id="w_w1aab1c25b2b1c11ac73" language="German" custom="readingOrder {index:6;}">
                    <Coords points="801,1898 828,1898 828,1933 801,1933"/>
                    <TextEquiv>
                        <Unicode>so</Unicode>
                    </TextEquiv>
                    <TextStyle fontFamily="Times New Roman" fontSize="15.0"/>
                </Word>
                <Word id="w_w1aab1c25b2b1c11ac79" language="German" custom="readingOrder {index:7;}">
                    <Coords points="842,1901 919,1901 919,1931 842,1931"/>
                    <TextEquiv>
                        <Unicode>wur¬</Unicode>
                    </TextEquiv>
                    <TextStyle fontFamily="Times New Roman" fontSize="15.0"/>
                </Word>
                <TextEquiv>
                    <Unicode>legung ewiger Streitigkeiten zu thun war, so wur¬</Unicode>
                </TextEquiv>
                <TextStyle fontFamily="Times New Roman" fontSize="15.0"/>
            </TextLine>
            <TextLine id="tl_39" primaryLanguage="German" custom="readingOrder {index:11;}">
                <Coords points="92,1932 921,1932 921,1985 92,1985"/>
                <Baseline points="92,1974 918,1969"/>
                <Word id="w_w1aab1c27b2b1b1ab1" language="German" custom="readingOrder {index:0;}">
                    <Coords points="92,1939 130,1939 130,1975 92,1975"/>
                    <TextEquiv>
                        <Unicode>de</Unicode>
                    </TextEquiv>
                    <TextStyle fontFamily="Times New Roman" fontSize="15.0"/>
                </Word>
                <Word id="w_w1aab1c27b2b1b1ab7" language="German" custom="readingOrder {index:1;}">
                    <Coords points="151,1940 223,1940 223,1985 151,1985"/>
                    <TextEquiv>
                        <Unicode>auch</Unicode>
                    </TextEquiv>
                    <TextStyle fontFamily="Times New Roman" fontSize="15.0"/>
                </Word>
                <Word id="w_w1aab1c27b2b1b1ac15" language="German" custom="readingOrder {index:2;}">
                    <Coords points="235,1947 290,1947 290,1974 235,1974"/>
                    <TextEquiv>
                        <Unicode>nur</Unicode>
                    </TextEquiv>
                    <TextStyle fontFamily="Times New Roman" fontSize="15.0"/>
                </Word>
                <Word id="w_w1aab1c27b2b1b1ac23" language="German" custom="readingOrder {index:3;}">
                    <Coords points="313,1940 380,1940 380,1975 313,1975"/>
                    <TextEquiv>
                        <Unicode>nach</Unicode>
                    </TextEquiv>
                    <TextStyle fontFamily="Times New Roman" fontSize="15.0"/>
                </Word>
                <Word id="w_w1aab1c27b2b1b1ac33" language="German" custom="readingOrder {index:4;}">
                    <Coords points="399,1937 446,1937 446,1972 399,1972"/>
                    <TextEquiv>
                        <Unicode>der</Unicode>
                    </TextEquiv>
                    <TextStyle fontFamily="Times New Roman" fontSize="15.0"/>
                </Word>
                <Word id="w_w1aab1c27b2b1b1ac41" language="German" custom="readingOrder {index:5;}">
                    <Coords points="459,1937 679,1937 679,1977 459,1977"/>
                    <TextEquiv>
                        <Unicode>holländischen</Unicode>
                    </TextEquiv>
                    <TextStyle fontFamily="Times New Roman" fontSize="15.0"/>
                </Word>
                <Word id="w_w1aab1c27b2b1b1ac63" language="German" custom="readingOrder {index:6;}">
                    <Coords points="697,1933 921,1933 921,1973 697,1973"/>
                    <TextEquiv>
                        <Unicode>Staatsverfas¬</Unicode>
                    </TextEquiv>
                    <TextStyle fontFamily="Times New Roman" fontSize="15.0"/>
                </Word>
                <TextEquiv>
                    <Unicode>de auch nur nach der holländischen Staatsverfas¬</Unicode>
                </TextEquiv>
                <TextStyle fontFamily="Times New Roman" fontSize="15.0"/>
            </TextLine>
            <TextLine id="tl_40" primaryLanguage="German" custom="readingOrder {index:12;}">
                <Coords points="87,1972 918,1972 918,2020 87,2020"/>
                <Baseline points="87,2013 918,2010"/>
                <Word id="w_w1aab1c27b2b1b3ab1" language="German" custom="readingOrder {index:0;}">
                    <Coords points="87,1977 167,1977 167,2017 87,2017"/>
                    <TextEquiv>
                        <Unicode>sung</Unicode>
                    </TextEquiv>
                    <TextStyle fontFamily="Times New Roman" fontSize="15.0"/>
                </Word>
                <Word id="w_w1aab1c27b2b1b3ab9" language="German" custom="readingOrder {index:1;}">
                    <Coords points="181,1977 332,1977 332,2015 181,2015"/>
                    <TextEquiv>
                        <Unicode>Mehrheit</Unicode>
                    </TextEquiv>
                    <TextStyle fontFamily="Times New Roman" fontSize="15.0"/>
                </Word>
                <Word id="w_w1aab1c27b2b1b3ac27" language="German" custom="readingOrder {index:2;}">
                    <Coords points="348,1978 398,1978 398,2012 348,2012"/>
                    <TextEquiv>
                        <Unicode>der</Unicode>
                    </TextEquiv>
                    <TextStyle fontFamily="Times New Roman" fontSize="15.0"/>
                </Word>
                <Word id="w_w1aab1c27b2b1b3ac35" language="German" custom="readingOrder {index:3;}">
                    <Coords points="415,1976 573,1976 573,2011 415,2011"/>
                    <TextEquiv>
                        <Unicode>Stimmen</Unicode>
                    </TextEquiv>
                    <TextStyle fontFamily="Times New Roman" fontSize="15.0"/>
                </Word>
                <Word id="w_w1aab1c27b2b1b3ac51" language="German" custom="readingOrder {index:4;}">
                    <Coords points="589,1993 598,1993 598,2013 589,2013"/>
                    <TextEquiv>
                        <Unicode>,</Unicode>
                    </TextEquiv>
                    <TextStyle fontFamily="Times New Roman" fontSize="15.0"/>
                </Word>
                <Word id="w_w1aab1c27b2b1b3ac55" language="German" custom="readingOrder {index:5;}">
                    <Coords points="627,1977 702,1977 702,2014 627,2014"/>
                    <TextEquiv>
                        <Unicode>nicht</Unicode>
                    </TextEquiv>
                    <TextStyle fontFamily="Times New Roman" fontSize="15.0"/>
                </Word>
                <Word id="w_w1aab1c27b2b1b3ac67" language="German" custom="readingOrder {index:6;}">
                    <Coords points="722,1975 918,1975 918,2015 722,2015"/>
                    <TextEquiv>
                        <Unicode>Einstimmig¬</Unicode>
                    </TextEquiv>
                    <TextStyle fontFamily="Times New Roman" fontSize="15.0"/>
                </Word>
                <TextEquiv>
                    <Unicode>sung Mehrheit der Stimmen, nicht Einstimmig¬</Unicode>
                </TextEquiv>
                <TextStyle fontFamily="Times New Roman" fontSize="15.0"/>
            </TextLine>
            <TextLine id="tl_41" primaryLanguage="German" custom="readingOrder {index:13;}">
                <Coords points="93,2006 920,2006 920,2057 93,2057"/>
                <Baseline points="93,2052 920,2052"/>
                <Word id="w_w1aab1c27b2b1b5ab1" language="German" custom="readingOrder {index:0;}">
                    <Coords points="93,2011 149,2011 149,2055 93,2055"/>
                    <TextEquiv>
                        <Unicode>keit</Unicode>
                    </TextEquiv>
                    <TextStyle fontFamily="Times New Roman" fontSize="15.0"/>
                </Word>
                <Word id="w_w1aab1c27b2b1b5ab9" language="German" custom="readingOrder {index:1;}">
                    <Coords points="165,2017 314,2017 314,2054 165,2054"/>
                    <TextEquiv>
                        <Unicode>erfordert.</Unicode>
                    </TextEquiv>
                    <TextStyle fontFamily="Times New Roman" fontSize="15.0"/>
                </Word>
                <Word id="w_w1aab1c27b2b1b5ac29" language="German" custom="readingOrder {index:2;}">
                    <Coords points="366,2012 434,2010 434,2053 366,2055"/>
                    <TextEquiv>
                        <Unicode>Der</Unicode>
                    </TextEquiv>
                    <TextStyle fontFamily="Times New Roman" fontSize="15.0"/>
                </Word>
                <Word id="word_1512779518932_98" custom="readingOrder {index:3;}">
                    <Coords points="444,2012 642,2012 642,2051 444,2051"/>
                    <TextEquiv>
                        <Unicode>Preußische</Unicode>
                    </TextEquiv>
                </Word>
                <Word id="w_w1aab1c27b2b1b5ac61" language="German" custom="readingOrder {index:4;}">
                    <Coords points="647,2014 792,2014 792,2053 647,2053"/>
                    <TextEquiv>
                        <Unicode>Gesandte</Unicode>
                    </TextEquiv>
                    <TextStyle fontFamily="Times New Roman" fontSize="15.0"/>
                </Word>
                <Word id="w_w1aab1c27b2b1b5ac79" language="German" custom="readingOrder {index:5;}">
                    <Coords points="812,2016 920,2016 920,2052 812,2052"/>
                    <TextEquiv>
                        <Unicode>Baron</Unicode>
                    </TextEquiv>
                    <TextStyle fontFamily="Times New Roman" fontSize="15.0"/>
                </Word>
                <TextEquiv>
                    <Unicode>keit erfordert. Der Preußische Gesandte Baron</Unicode>
                </TextEquiv>
                <TextStyle fontFamily="Times New Roman" fontSize="15.0"/>
            </TextLine>
            <TextLine id="tl_42" primaryLanguage="German" custom="readingOrder {index:14;}">
                <Coords points="90,2050 919,2050 919,2096 90,2096"/>
                <Baseline points="90,2092 919,2092"/>
                <Word id="w_w1aab1c27b2b1b7ab1" language="German" custom="readingOrder {index:0;}">
                    <Coords points="90,2059 154,2059 154,2092 90,2092"/>
                    <TextEquiv>
                        <Unicode>von</Unicode>
                    </TextEquiv>
                    <TextStyle fontFamily="Times New Roman" fontSize="15.0"/>
                </Word>
                <Word id="w_w1aab1c27b2b1b7ab7" language="German" custom="readingOrder {index:1;}">
                    <Coords points="173,2055 364,2055 364,2095 173,2095"/>
                    <TextEquiv>
                        <Unicode>Thulemeyer</Unicode>
                    </TextEquiv>
                    <TextStyle fontFamily="Times New Roman" fontSize="15.0"/>
                </Word>
                <Word id="w_w1aab1c27b2b1b7ac29" language="German" custom="readingOrder {index:2;}">
                    <Coords points="386,2054 497,2054 497,2094 386,2094"/>
                    <TextEquiv>
                        <Unicode>besucht</Unicode>
                    </TextEquiv>
                    <TextStyle fontFamily="Times New Roman" fontSize="15.0"/>
                </Word>
                <Word id="w_w1aab1c27b2b1b7ac45" language="German" custom="readingOrder {index:3;}">
                    <Coords points="510,2055 571,2055 571,2089 510,2089"/>
                    <TextEquiv>
                        <Unicode>den</Unicode>
                    </TextEquiv>
                    <TextStyle fontFamily="Times New Roman" fontSize="15.0"/>
                </Word>
                <Word id="w_w1aab1c27b2b1b7ac55" language="German" custom="readingOrder {index:4;}">
                    <Coords points="581,2054 675,2054 675,2092 581,2092"/>
                    <TextEquiv>
                        <Unicode>Gros</Unicode>
                    </TextEquiv>
                    <TextStyle fontFamily="Times New Roman" fontSize="15.0"/>
                </Word>
                <Word id="w_w1aab1c27b2b1b7ac63" language="German" custom="readingOrder {index:5;}">
                    <Coords points="692,2054 919,2054 919,2093 692,2093"/>
                    <TextEquiv>
                        <Unicode>Pensionnarius</Unicode>
                    </TextEquiv>
                    <TextStyle fontFamily="Times New Roman" fontSize="15.0"/>
                </Word>
                <TextEquiv>
                    <Unicode>von Thulemeyer besucht den Gros Pensionnarius</Unicode>
                </TextEquiv>
                <TextStyle fontFamily="Times New Roman" fontSize="15.0"/>
            </TextLine>
            <TextLine id="tl_43" primaryLanguage="German" custom="readingOrder {index:15;}">
                <Coords points="93,2089 923,2089 923,2142 93,2142"/>
                <Baseline points="95,2130 925,2130"/>
                <Word id="w_w1aab1c27b2b1b9ab1" language="German" custom="readingOrder {index:0;}">
                    <Coords points="94,2096 154,2096 154,2134 94,2134"/>
                    <TextEquiv>
                        <Unicode>von</Unicode>
                    </TextEquiv>
                    <TextStyle fontFamily="Times New Roman" fontSize="15.0" bold="true"/>
                </Word>
                <Word id="w_w1aab1c27b2b1b9ab9" language="German" custom="readingOrder {index:1;}">
                    <Coords points="165,2089 316,2089 316,2141 165,2141"/>
                    <TextEquiv>
                        <Unicode>Holland</Unicode>
                    </TextEquiv>
                    <TextStyle fontFamily="Times New Roman" fontSize="15.0" bold="true"/>
                </Word>
                <Word id="word_1512780037446_99" custom="readingOrder {index:2;}">
                    <Coords points="321,2093 422,2093 422,2131 321,2131"/>
                    <TextEquiv>
                        <Unicode>öfters</Unicode>
                    </TextEquiv>
                </Word>
                <Word id="word_1512780038744_100" custom="readingOrder {index:3;}">
                    <Coords points="420,2109 447,2109 447,2126 420,2126"/>
                    <TextEquiv>
                        <Unicode>,</Unicode>
                    </TextEquiv>
                </Word>
                <Word id="word_1512780040230_101" custom="readingOrder {index:4;}">
                    <Coords points="461,2095 530,2095 530,2131 461,2131"/>
                    <TextEquiv>
                        <Unicode>um</Unicode>
                    </TextEquiv>
                </Word>
                <Word id="word_1512780042021_102" custom="readingOrder {index:5;}">
                    <Coords points="532,2091 588,2091 588,2131 532,2131"/>
                    <TextEquiv>
                        <Unicode>die</Unicode>
                    </TextEquiv>
                </Word>
                <Word id="word_1512780044615_103" custom="readingOrder {index:6;}">
                    <Coords points="612,2094 857,2094 857,2134 612,2134"/>
                    <TextEquiv>
                        <Unicode>Beantwortung</Unicode>
                    </TextEquiv>
                </Word>
                <Word id="word_1512780046461_104" custom="readingOrder {index:7;}">
                    <Coords points="864,2095 921,2095 921,2131 864,2131"/>
                    <TextEquiv>
                        <Unicode>der</Unicode>
                    </TextEquiv>
                </Word>
                <TextEquiv>
                    <Unicode>von Holland öfters, um die Beantwortung der</Unicode>
                </TextEquiv>
                <TextStyle fontFamily="Times New Roman" fontSize="15.0" bold="true"/>
            </TextLine>
            <TextLine id="tl_44" primaryLanguage="German" custom="readingOrder {index:16;}">
                <Coords points="91,2126 924,2126 924,2181 91,2181"/>
                <Baseline points="91,2171 924,2171"/>
                <Word id="w_w1aab1c27b2b1c11ab1" language="German" custom="readingOrder {index:0;}">
                    <Coords points="91,2130 208,2130 208,2176 91,2176"/>
                    <TextEquiv>
                        <Unicode>Briefe</Unicode>
                    </TextEquiv>
                    <TextStyle fontFamily="Times New Roman" fontSize="15.0"/>
                </Word>
                <Word id="word_1512780090517_105" custom="readingOrder {index:1;}">
                    <Coords points="210,2132 313,2132 313,2169 210,2169"/>
                    <TextEquiv>
                        <Unicode>seines</Unicode>
                    </TextEquiv>
                </Word>
                <Word id="w_w1aab1c27b2b1c11ac25" language="German" custom="readingOrder {index:2;}">
                    <Coords points="316,2130 435,2130 435,2173 316,2173"/>
                    <TextEquiv>
                        <Unicode>Königs</Unicode>
                    </TextEquiv>
                    <TextStyle fontFamily="Times New Roman" fontSize="15.0"/>
                </Word>
                <Word id="w_w1aab1c27b2b1c11b1b1" language="German" custom="readingOrder {index:3;}">
                    <Coords points="452,2141 486,2141 486,2172 452,2172"/>
                    <TextEquiv>
                        <Unicode>zu</Unicode>
                    </TextEquiv>
                    <TextStyle fontFamily="Times New Roman" fontSize="15.0" bold="true" italic="true"/>
                </Word>
                <Word id="w_w1aab1c27b2b1c11b2b3" language="German" custom="readingOrder {index:4;}">
                    <Coords points="497,2133 651,2133 651,2169 497,2169"/>
                    <TextEquiv>
                        <Unicode>betreiben.</Unicode>
                    </TextEquiv>
                    <TextStyle fontFamily="Times New Roman" fontSize="15.0"/>
                </Word>
                <Word id="w_w1aab1c27b2b1c11b2c25" language="German" custom="readingOrder {index:5;}">
                    <Coords points="684,2133 767,2133 767,2175 684,2175"/>
                    <TextEquiv>
                        <Unicode>Ihre</Unicode>
                    </TextEquiv>
                    <TextStyle fontFamily="Times New Roman" fontSize="15.0"/>
                </Word>
                <Word id="w_w1aab1c27b2b1c11b2c31" language="German" custom="readingOrder {index:6;}">
                    <Coords points="780,2131 924,2131 924,2177 780,2177"/>
                    <TextEquiv>
                        <Unicode>hochmö¬</Unicode>
                    </TextEquiv>
                    <TextStyle fontFamily="Times New Roman" fontSize="15.0"/>
                </Word>
                <TextEquiv>
                    <Unicode>Briefe seines Königs zu betreiben. Ihre hochmö¬</Unicode>
                </TextEquiv>
            </TextLine>
            <TextLine id="tl_45" primaryLanguage="German" custom="readingOrder {index:17;}">
                <Coords points="97,2168 923,2168 923,2219 97,2219"/>
                <Baseline points="97,2212 923,2212"/>
                <Word id="w_w1aab1c27b2b1c13ab1" language="German" custom="readingOrder {index:0;}">
                    <Coords points="97,2174 205,2174 205,2212 97,2212"/>
                    <TextEquiv>
                        <Unicode>genden</Unicode>
                    </TextEquiv>
                    <TextStyle fontFamily="Times New Roman" fontSize="15.0"/>
                </Word>
                <Word id="w_w1aab1c27b2b1c13ac15" language="German" custom="readingOrder {index:1;}">
                    <Coords points="225,2172 308,2172 308,2210 225,2210"/>
                    <TextEquiv>
                        <Unicode>sollen</Unicode>
                    </TextEquiv>
                    <TextStyle fontFamily="Times New Roman" fontSize="15.0"/>
                </Word>
                <Word id="w_w1aab1c27b2b1c13ac29" language="German" custom="readingOrder {index:2;}">
                    <Coords points="332,2180 410,2180 410,2212 332,2212"/>
                    <TextEquiv>
                        <Unicode>zwar</Unicode>
                    </TextEquiv>
                    <TextStyle fontFamily="Times New Roman" fontSize="15.0"/>
                </Word>
                <Word id="w_w1aab1c27b2b1c13ac39" language="German" custom="readingOrder {index:3;}">
                    <Coords points="438,2172 568,2172 568,2213 438,2213"/>
                    <TextEquiv>
                        <Unicode>hierüber</Unicode>
                    </TextEquiv>
                    <TextStyle fontFamily="Times New Roman" fontSize="15.0"/>
                </Word>
                <Word id="w_w1aab1c27b2b1c13ac57" language="German" custom="readingOrder {index:4;}">
                    <Coords points="588,2175 657,2175 657,2215 588,2215"/>
                    <TextEquiv>
                        <Unicode>noch</Unicode>
                    </TextEquiv>
                    <TextStyle fontFamily="Times New Roman" fontSize="15.0"/>
                </Word>
                <Word id="w_w1aab1c27b2b1c13ac67" language="German" custom="readingOrder {index:5;}">
                    <Coords points="680,2173 778,2173 778,2210 680,2210"/>
                    <TextEquiv>
                        <Unicode>keinen</Unicode>
                    </TextEquiv>
                    <TextStyle fontFamily="Times New Roman" fontSize="15.0"/>
                </Word>
                <Word id="w_w1aab1c27b2b1c13ac81" language="German" custom="readingOrder {index:6;}">
                    <Coords points="803,2172 923,2172 923,2215 803,2215"/>
                    <TextEquiv>
                        <Unicode>Schluß</Unicode>
                    </TextEquiv>
                    <TextStyle fontFamily="Times New Roman" fontSize="15.0"/>
                </Word>
                <TextEquiv>
                    <Unicode>genden sollen zwar hierüber noch keinen Schluß</Unicode>
                </TextEquiv>
                <TextStyle fontFamily="Times New Roman" fontSize="15.0"/>
            </TextLine>
            <TextEquiv>
                <Unicode>Aus dem Haag, vom 18ten Octob. Gestern
gieng die Ratification der Präliminar-Artikel nach
Paris ab — und nun haben alle holländische Feh¬
den ein Ende, die ausgenommen, die noch im¬
mer im Innern der Republik fortdauern. Zur
Friedens-Ratifikation stimmten bey: Die Provin¬
zen Holland, Utrecht, Obereyffel und Grönin¬
gen. Durch Mehrheit der Stimmen gieng also
die Sache durch. Da es nicht um Abschliessung
eines förmlichen Friedens, sondern nur um Bey¬
legung ewiger Streitigkeiten zu thun war, so wur¬
de auch nur nach der holländischen Staatsverfas¬
sung Mehrheit der Stimmen, nicht Einstimmig¬
keit erfordert. Der Preußische Gesandte Baron
von Thulemeyer besucht den Gros Pensionnarius
von Holland öfters, um die Beantwortung der
Briefe seines Königs zu betreiben. Ihre hochmö¬
genden sollen zwar hierüber noch keinen Schluß</Unicode>
            </TextEquiv>
        </TextRegion>
        <TextRegion type="paragraph" id="r_15_2" custom="readingOrder {index:13;}">
            <Coords points="946,878 1802,878 1810,2217 954,2217"/>
            <TextLine id="line_1512780247183_106" custom="readingOrder {index:0;}">
                <Coords points="948,882 1788,882 1788,920 948,920"/>
                <Baseline points="1785,908 948,922"/>
                <Word id="word_1512780433956_111" custom="readingOrder {index:0;}">
                    <Coords points="945,887 1065,887 1065,924 945,924"/>
                    <TextEquiv>
                        <Unicode>gefasst</Unicode>
                    </TextEquiv>
                </Word>
                <Word id="word_1512780435812_112" custom="readingOrder {index:1;}">
                    <Coords points="1075,885 1186,885 1186,926 1075,926"/>
                    <TextEquiv>
                        <Unicode>haben.</Unicode>
                    </TextEquiv>
                </Word>
                <Word id="word_1512780438193_113" custom="readingOrder {index:2;}">
                    <Coords points="1216,881 1286,881 1286,928 1216,928"/>
                    <TextEquiv>
                        <Unicode>Die</Unicode>
                    </TextEquiv>
                </Word>
                <Word id="word_1512780439948_114" custom="readingOrder {index:3;}">
                    <Coords points="1288,880 1439,880 1439,920 1288,920"/>
                    <TextEquiv>
                        <Unicode>Staaten</Unicode>
                    </TextEquiv>
                </Word>
                <Word id="word_1512780441438_115" custom="readingOrder {index:4;}">
                    <Coords points="1456,885 1517,885 1517,917 1456,917"/>
                    <TextEquiv>
                        <Unicode>von</Unicode>
                    </TextEquiv>
                </Word>
                <Word id="word_1512780443281_116" custom="readingOrder {index:5;}">
                    <Coords points="1527,867 1675,867 1675,920 1527,920"/>
                    <TextEquiv>
                        <Unicode>Holland</Unicode>
                    </TextEquiv>
                </Word>
                <Word id="word_1512780445586_117" custom="readingOrder {index:6;}">
                    <Coords points="1673,873 1781,873 1781,914 1673,914"/>
                    <TextEquiv>
                        <Unicode>hinge¬</Unicode>
                    </TextEquiv>
                </Word>
                <TextEquiv>
                    <Unicode>gefasst haben. Die Staaten von Holland hinge¬</Unicode>
                </TextEquiv>
            </TextLine>
            <TextLine id="line_1512780250788_107" custom="readingOrder {index:1;}">
                <Coords points="944,926 1792,911 1789,962 942,963"/>
                <Baseline points="948,960 1780,948"/>
                <Word id="word_1512780448175_118" custom="readingOrder {index:0;}">
                    <Coords points="944,929 1013,929 1013,959 944,959"/>
                    <TextEquiv>
                        <Unicode>gen</Unicode>
                    </TextEquiv>
                </Word>
                <Word id="word_1512780449810_119" custom="readingOrder {index:1;}">
                    <Coords points="1017,924 1087,924 1087,962 1017,962"/>
                    <TextEquiv>
                        <Unicode>sind</Unicode>
                    </TextEquiv>
                </Word>
                <Word id="word_1512780451554_120" custom="readingOrder {index:2;}">
                    <Coords points="1092,920 1149,920 1149,963 1092,963"/>
                    <TextEquiv>
                        <Unicode>im</Unicode>
                    </TextEquiv>
                </Word>
                <Word id="word_1512780454445_121" custom="readingOrder {index:3;}">
                    <Coords points="1153,926 1280,926 1280,961 1153,961"/>
                    <TextEquiv>
                        <Unicode>Begriff</Unicode>
                    </TextEquiv>
                </Word>
                <Word id="word_1512780455890_122" custom="readingOrder {index:4;}">
                    <Coords points="1286,940 1300,940 1300,957 1286,957"/>
                    <TextEquiv>
                        <Unicode>,</Unicode>
                    </TextEquiv>
                </Word>
                <Word id="word_1512780457684_123" custom="readingOrder {index:5;}">
                    <Coords points="1303,921 1384,921 1384,964 1303,964"/>
                    <TextEquiv>
                        <Unicode>dem</Unicode>
                    </TextEquiv>
                </Word>
                <Word id="word_1512780459146_124" custom="readingOrder {index:6;}">
                    <Coords points="1400,920 1497,920 1497,958 1400,958"/>
                    <TextEquiv>
                        <Unicode>König</Unicode>
                    </TextEquiv>
                </Word>
                <Word id="word_1512780460548_125" custom="readingOrder {index:7;}">
                    <Coords points="1509,916 1559,916 1559,962 1509,962"/>
                    <TextEquiv>
                        <Unicode>die</Unicode>
                    </TextEquiv>
                </Word>
                <Word id="word_1512780462244_126" custom="readingOrder {index:8;}">
                    <Coords points="1566,919 1634,919 1634,956 1566,956"/>
                    <TextEquiv>
                        <Unicode>Lage</Unicode>
                    </TextEquiv>
                </Word>
                <Word id="word_1512780465954_127" custom="readingOrder {index:9;}">
                    <Coords points="1648,917 1710,917 1710,954 1648,954"/>
                    <TextEquiv>
                        <Unicode>der</Unicode>
                    </TextEquiv>
                </Word>
                <Word id="word_1512780467520_128" custom="readingOrder {index:10;}">
                    <Coords points="1710,910 1794,910 1794,956 1710,956"/>
                    <TextEquiv>
                        <Unicode>Sa¬</Unicode>
                    </TextEquiv>
                </Word>
                <TextEquiv>
                    <Unicode>gen sind im Begriff, dem König die Lage der Sa¬</Unicode>
                </TextEquiv>
            </TextLine>
            <TextLine id="line_1512780254782_108" custom="readingOrder {index:2;}">
                <Coords points="945,956 1797,956 1792,1004 940,1004"/>
                <Baseline points="955,998 1778,989"/>
                <Word id="word_1512780470516_129" custom="readingOrder {index:0;}">
                    <Coords points="951,969 1003,969 1003,999 951,999"/>
                    <TextEquiv>
                        <Unicode>che</Unicode>
                    </TextEquiv>
                </Word>
                <Word id="word_1512780471802_130" custom="readingOrder {index:1;}">
                    <Coords points="1009,961 1057,961 1057,1009 1009,1009"/>
                    <TextEquiv>
                        <Unicode>so</Unicode>
                    </TextEquiv>
                </Word>
                <Word id="word_1512780501212_132" custom="readingOrder {index:2;}">
                    <Coords points="1045,959 1226,959 1226,997 1045,997"/>
                    <TextEquiv>
                        <Unicode>auszulegen</Unicode>
                    </TextEquiv>
                </Word>
                <Word id="word_1512780502845_133" custom="readingOrder {index:3;}">
                    <Coords points="1228,979 1245,979 1245,1005 1228,1005"/>
                    <TextEquiv>
                        <Unicode>,</Unicode>
                    </TextEquiv>
                </Word>
                <Word id="word_1512780504872_134" custom="readingOrder {index:4;}">
                    <Coords points="1257,963 1328,963 1328,1003 1257,1003"/>
                    <TextEquiv>
                        <Unicode>daß</Unicode>
                    </TextEquiv>
                </Word>
                <Word id="word_1512780740670_154" custom="readingOrder {index:5;}">
                    <Coords points="1329,962 1397,962 1397,997 1329,997"/>
                    <TextEquiv>
                        <Unicode>Alle</Unicode>
                    </TextEquiv>
                </Word>
                <Word id="word_1512780508636_136" custom="readingOrder {index:6;}">
                    <Coords points="1404,955 1479,955 1479,1000 1404,1000"/>
                    <TextEquiv>
                        <Unicode>böse</Unicode>
                    </TextEquiv>
                </Word>
                <Word id="word_1512780744558_155" custom="readingOrder {index:7;}">
                    <Coords points="1478,958 1626,958 1626,994 1478,994"/>
                    <TextEquiv>
                        <Unicode>Gerüchte</Unicode>
                    </TextEquiv>
                </Word>
                <Word id="word_1512780513518_138" custom="readingOrder {index:8;}">
                    <Coords points="1633,976 1643,976 1643,995 1633,995"/>
                    <TextEquiv>
                        <Unicode>,</Unicode>
                    </TextEquiv>
                </Word>
                <Word id="word_1512780515238_139" custom="readingOrder {index:9;}">
                    <Coords points="1657,954 1710,954 1710,991 1657,991"/>
                    <TextEquiv>
                        <Unicode>die</Unicode>
                    </TextEquiv>
                </Word>
                <Word id="word_1512780516772_140" custom="readingOrder {index:10;}">
                    <Coords points="1712,956 1793,956 1793,990 1712,990"/>
                    <TextEquiv>
                        <Unicode>dem</Unicode>
                    </TextEquiv>
                </Word>
                <TextEquiv>
                    <Unicode>che so auszulegen, daß Alle böse Gerüchte, die dem</Unicode>
                </TextEquiv>
            </TextLine>
            <TextLine id="tl_48" primaryLanguage="German" custom="readingOrder {index:3;}">
                <Coords points="946,992 1789,993 1789,1045 946,1044"/>
                <Baseline points="951,1041 1787,1027"/>
                <Word id="word_1512780790962_156" custom="readingOrder {index:0;}">
                    <Coords points="942,1004 1055,1004 1055,1040 942,1040"/>
                    <TextEquiv>
                        <Unicode>König</Unicode>
                    </TextEquiv>
                </Word>
                <Word id="w_w1aab1c29b2b3b3ab5" language="German" custom="readingOrder {index:1;}">
                    <Coords points="1070,1003 1135,1003 1135,1037 1070,1037"/>
                    <TextEquiv>
                        <Unicode>von</Unicode>
                    </TextEquiv>
                    <TextStyle fontFamily="Times New Roman" fontSize="15.0"/>
                </Word>
                <Word id="w_w1aab1c29b2b3b3ac11" language="German" custom="readingOrder {index:2;}">
                    <Coords points="1146,1002 1283,1002 1283,1041 1146,1041"/>
                    <TextEquiv>
                        <Unicode>Feinden</Unicode>
                    </TextEquiv>
                    <TextStyle fontFamily="Times New Roman" fontSize="15.0"/>
                </Word>
                <Word id="word_1512780525379_144" custom="readingOrder {index:3;}">
                    <Coords points="1284,1006 1344,1006 1344,1038 1284,1038"/>
                    <TextEquiv>
                        <Unicode>der</Unicode>
                    </TextEquiv>
                </Word>
                <Word id="word_1512780527288_145" custom="readingOrder {index:4;}">
                    <Coords points="1348,1000 1499,1000 1499,1035 1348,1035"/>
                    <TextEquiv>
                        <Unicode>Republik</Unicode>
                    </TextEquiv>
                </Word>
                <Word id="word_1512780529239_146" custom="readingOrder {index:5;}">
                    <Coords points="1510,997 1702,997 1702,1035 1510,1035"/>
                    <TextEquiv>
                        <Unicode>beygebracht</Unicode>
                    </TextEquiv>
                </Word>
                <Word id="word_1512780532254_147" custom="readingOrder {index:6;}">
                    <Coords points="1703,996 1788,996 1788,1027 1703,1027"/>
                    <TextEquiv>
                        <Unicode>wor¬</Unicode>
                    </TextEquiv>
                </Word>
                <TextEquiv>
                    <Unicode>König von Feinden der Republik beygebracht wor¬</Unicode>
                </TextEquiv>
                <TextStyle fontFamily="Times New Roman" fontSize="15.0"/>
            </TextLine>
            <TextLine id="tl_49" primaryLanguage="German" custom="readingOrder {index:4;}">
                <Coords points="956,1032 1502,1033 1502,1084 956,1083"/>
                <Baseline points="959,1071 1485,1073"/>
                <Word id="word_1512780534381_148" custom="readingOrder {index:0;}">
                    <Coords points="953,1040 1016,1040 1016,1072 953,1072"/>
                    <TextEquiv>
                        <Unicode>den</Unicode>
                    </TextEquiv>
                </Word>
                <Word id="word_1512780535562_149" custom="readingOrder {index:1;}">
                    <Coords points="1020,1053 1043,1053 1043,1073 1020,1073"/>
                    <TextEquiv>
                        <Unicode>,</Unicode>
                    </TextEquiv>
                </Word>
                <Word id="word_1512780537133_150" custom="readingOrder {index:2;}">
                    <Coords points="1048,1041 1107,1041 1107,1073 1048,1073"/>
                    <TextEquiv>
                        <Unicode>wie</Unicode>
                    </TextEquiv>
                </Word>
                <Word id="word_1512780539324_151" custom="readingOrder {index:3;}">
                    <Coords points="1122,1037 1228,1037 1228,1076 1122,1076"/>
                    <TextEquiv>
                        <Unicode>Rebel</Unicode>
                    </TextEquiv>
                </Word>
                <Word id="word_1512780541294_152" custom="readingOrder {index:4;}">
                    <Coords points="1231,1044 1374,1044 1374,1075 1231,1075"/>
                    <TextEquiv>
                        <Unicode>vergeben</Unicode>
                    </TextEquiv>
                </Word>
                <Word id="word_1512780544024_153" custom="readingOrder {index:5;}">
                    <Coords points="1374,1033 1492,1033 1492,1074 1374,1074"/>
                    <TextEquiv>
                        <Unicode>sollen.</Unicode>
                    </TextEquiv>
                </Word>
                <TextEquiv>
                    <Unicode>den, wie Rebel vergeben sollen.</Unicode>
                </TextEquiv>
                <TextStyle fontFamily="Times New Roman" fontSize="15.0"/>
            </TextLine>
            <TextLine id="tl_50" primaryLanguage="German" custom="readingOrder {index:5;}">
                <Coords points="990,1071 1791,1070 1791,1120 990,1121"/>
                <Baseline points="993,1116 1789,1103"/>
                <Word id="w_w1aab1c29b2b3b7ab5" language="German" custom="readingOrder {index:0;}">
                    <Coords points="995,1075 1070,1075 1070,1119 995,1119"/>
                    <TextEquiv>
                        <Unicode>Für</Unicode>
                    </TextEquiv>
                    <TextStyle fontFamily="Times New Roman" fontSize="15.0"/>
                </Word>
                <Word id="w_w1aab1c29b2b3b7ac15" language="German" custom="readingOrder {index:1;}">
                    <Coords points="1079,1076 1145,1075 1145,1116 1079,1117"/>
                    <TextEquiv>
                        <Unicode>den</Unicode>
                    </TextEquiv>
                    <TextStyle fontFamily="Times New Roman" fontSize="15.0"/>
                </Word>
                <Word id="word_1512781037844_158" custom="readingOrder {index:2;}">
                    <Coords points="1146,1082 1414,1082 1414,1116 1146,1116"/>
                    <TextEquiv>
                        <Unicode>unpartheyischen</Unicode>
                    </TextEquiv>
                </Word>
                <Word id="word_1512781040066_159" custom="readingOrder {index:3;}">
                    <Coords points="1415,1075 1580,1075 1580,1115 1415,1115"/>
                    <TextEquiv>
                        <Unicode>Zuschauer</Unicode>
                    </TextEquiv>
                </Word>
                <Word id="word_1512781041826_160" custom="readingOrder {index:4;}">
                    <Coords points="1585,1071 1628,1071 1628,1110 1585,1110"/>
                    <TextEquiv>
                        <Unicode>ist</Unicode>
                    </TextEquiv>
                </Word>
                <Word id="word_1512781043528_161" custom="readingOrder {index:5;}">
                    <Coords points="1629,1072 1671,1072 1671,1108 1629,1108"/>
                    <TextEquiv>
                        <Unicode>es</Unicode>
                    </TextEquiv>
                </Word>
                <Word id="word_1512781045862_162" custom="readingOrder {index:6;}">
                    <Coords points="1676,1068 1729,1068 1729,1108 1676,1108"/>
                    <TextEquiv>
                        <Unicode>ein</Unicode>
                    </TextEquiv>
                </Word>
                <Word id="word_1512781048020_163" custom="readingOrder {index:7;}">
                    <Coords points="1730,1071 1792,1071 1792,1107 1730,1107"/>
                    <TextEquiv>
                        <Unicode>an¬</Unicode>
                    </TextEquiv>
                </Word>
                <TextEquiv>
                    <Unicode>Für den unpartheyischen Zuschauer ist es ein an¬</Unicode>
                </TextEquiv>
            </TextLine>
            <TextLine id="tl_51" primaryLanguage="German" custom="readingOrder {index:6;}">
                <Coords points="948,1106 1789,1106 1789,1158 948,1158"/>
                <Baseline points="952,1154 1789,1150"/>
                <Word id="w_w1aab1c29b2b3b9ab1" language="German" custom="readingOrder {index:0;}">
                    <Coords points="948,1106 1119,1110 1119,1162 948,1158"/>
                    <TextEquiv>
                        <Unicode>genehmes</Unicode>
                    </TextEquiv>
                    <TextStyle fontFamily="Times New Roman" fontSize="15.0"/>
                </Word>
                <Word id="word_1512781166943_165" custom="readingOrder {index:1;}">
                    <Coords points="1135,1114 1316,1114 1316,1152 1135,1152"/>
                    <TextEquiv>
                        <Unicode>Schauspiel</Unicode>
                    </TextEquiv>
                </Word>
                <Word id="word_1512781168608_166" custom="readingOrder {index:2;}">
                    <Coords points="1317,1134 1341,1134 1341,1151 1317,1151"/>
                    <TextEquiv>
                        <Unicode>,</Unicode>
                    </TextEquiv>
                </Word>
                <Word id="word_1512781170128_167" custom="readingOrder {index:3;}">
                    <Coords points="1350,1112 1426,1112 1426,1151 1350,1151"/>
                    <TextEquiv>
                        <Unicode>die</Unicode>
                    </TextEquiv>
                </Word>
                <Word id="word_1512781171808_168" custom="readingOrder {index:4;}">
                    <Coords points="1433,1117 1658,1117 1658,1151 1433,1151"/>
                    <TextEquiv>
                        <Unicode>holländischen</Unicode>
                    </TextEquiv>
                </Word>
                <Word id="word_1512781173580_169" custom="readingOrder {index:5;}">
                    <Coords points="1659,1109 1788,1109 1788,1145 1659,1145"/>
                    <TextEquiv>
                        <Unicode>Blätter</Unicode>
                    </TextEquiv>
                </Word>
                <TextEquiv>
                    <Unicode>genehmes Schauspiel, die holländischen Blätter</Unicode>
                </TextEquiv>
                <TextStyle fontFamily="Times New Roman" fontSize="15.0"/>
            </TextLine>
            <TextLine id="tl_52" primaryLanguage="German" custom="readingOrder {index:7;}">
                <Coords points="960,1146 1789,1146 1789,1198 960,1198"/>
                <Baseline points="962,1188 1791,1188"/>
                <Word id="w_w1aab1c29b2b3c11ab1" language="German" custom="readingOrder {index:0;}">
                    <Coords points="960,1165 1016,1165 1016,1189 960,1189"/>
                    <TextEquiv>
                        <Unicode>von</Unicode>
                    </TextEquiv>
                    <TextStyle fontFamily="Times New Roman" fontSize="15.0"/>
                </Word>
                <Word id="w_w1aab1c29b2b3c11ab9" language="German" custom="readingOrder {index:1;}">
                    <Coords points="1041,1159 1102,1159 1102,1188 1041,1188"/>
                    <TextEquiv>
                        <Unicode>den</Unicode>
                    </TextEquiv>
                    <TextStyle fontFamily="Times New Roman" fontSize="15.0"/>
                </Word>
                <Word id="w_w1aab1c29b2b3c11ac19" language="German" custom="readingOrder {index:2;}">
                    <Coords points="1114,1157 1248,1157 1248,1189 1114,1189"/>
                    <TextEquiv>
                        <Unicode>einander</Unicode>
                    </TextEquiv>
                    <TextStyle fontFamily="Times New Roman" fontSize="15.0"/>
                </Word>
                <Word id="w_w1aab1c29b2b3c11ac37" language="German" custom="readingOrder {index:3;}">
                    <Coords points="1274,1156 1537,1156 1537,1195 1274,1195"/>
                    <TextEquiv>
                        <Unicode>entgegengesetzten</Unicode>
                    </TextEquiv>
                    <TextStyle fontFamily="Times New Roman" fontSize="15.0"/>
                </Word>
                <Word id="w_w1aab1c29b2b3c11ac73" language="German" custom="readingOrder {index:4;}">
                    <Coords points="1554,1151 1720,1151 1720,1189 1554,1189"/>
                    <TextEquiv>
                        <Unicode>Partheyen</Unicode>
                    </TextEquiv>
                    <TextStyle fontFamily="Times New Roman" fontSize="15.0"/>
                </Word>
                <Word id="w_w1aab1c29b2b3c11ac93" language="German" custom="readingOrder {index:5;}">
                    <Coords points="1735,1146 1789,1146 1789,1183 1735,1183"/>
                    <TextEquiv>
                        <Unicode>sich</Unicode>
                    </TextEquiv>
                    <TextStyle fontFamily="Times New Roman" fontSize="15.0"/>
                </Word>
                <TextEquiv>
                    <Unicode>von den einander entgegengesetzten Partheyen sich</Unicode>
                </TextEquiv>
                <TextStyle fontFamily="Times New Roman" fontSize="15.0"/>
            </TextLine>
            <TextLine id="tl_53" primaryLanguage="German" custom="readingOrder {index:8;}">
                <Coords points="954,1186 1791,1186 1791,1236 954,1236"/>
                <Baseline points="954,1232 1791,1224"/>
                <Word id="w_w1aab1c29b2b3c13ab1" language="German" custom="readingOrder {index:0;}">
                    <Coords points="954,1194 1086,1194 1086,1229 954,1229"/>
                    <TextEquiv>
                        <Unicode>darüber</Unicode>
                    </TextEquiv>
                    <TextStyle fontFamily="Times New Roman" fontSize="15.0"/>
                </Word>
                <Word id="w_w1aab1c29b2b3c13ac17" language="German" custom="readingOrder {index:1;}">
                    <Coords points="1098,1197 1173,1197 1173,1233 1098,1233"/>
                    <TextEquiv>
                        <Unicode>noch</Unicode>
                    </TextEquiv>
                    <TextStyle fontFamily="Times New Roman" fontSize="15.0"/>
                </Word>
                <Word id="w_w1aab1c29b2b3c13ac29" language="German" custom="readingOrder {index:2;}">
                    <Coords points="1186,1195 1289,1195 1289,1228 1186,1228"/>
                    <TextEquiv>
                        <Unicode>immer</Unicode>
                    </TextEquiv>
                    <TextStyle fontFamily="Times New Roman" fontSize="15.0"/>
                </Word>
                <Word id="w_w1aab1c29b2b3c13ac41" language="German" custom="readingOrder {index:3;}">
                    <Coords points="1296,1193 1419,1193 1419,1233 1296,1233"/>
                    <TextEquiv>
                        <Unicode>streiten</Unicode>
                    </TextEquiv>
                    <TextStyle fontFamily="Times New Roman" fontSize="15.0"/>
                </Word>
                <Word id="word_1512781260239_170" custom="readingOrder {index:4;}">
                    <Coords points="1421,1196 1457,1196 1457,1231 1421,1231"/>
                    <TextEquiv>
                        <Unicode>zu</Unicode>
                    </TextEquiv>
                </Word>
                <Word id="w_w1aab1c29b2b3c13ac55" language="German" custom="readingOrder {index:5;}">
                    <Coords points="1480,1195 1582,1195 1582,1230 1480,1230"/>
                    <TextEquiv>
                        <Unicode>sehen,</Unicode>
                    </TextEquiv>
                    <TextStyle fontFamily="Times New Roman" fontSize="15.0"/>
                </Word>
                <Word id="w_w1aab1c29b2b3c13ac69" language="German" custom="readingOrder {index:6;}">
                    <Coords points="1597,1190 1644,1192 1644,1226 1597,1224"/>
                    <TextEquiv>
                        <Unicode>ob</Unicode>
                    </TextEquiv>
                    <TextStyle fontFamily="Times New Roman" fontSize="15.0"/>
                </Word>
                <Word id="word_1512781263512_171" custom="readingOrder {index:7;}">
                    <Coords points="1644,1188 1699,1188 1699,1226 1644,1226"/>
                    <TextEquiv>
                        <Unicode>der</Unicode>
                    </TextEquiv>
                </Word>
                <Word id="w_w1aab1c29b2b3c13ac79" language="German" custom="readingOrder {index:8;}">
                    <Coords points="1711,1186 1791,1186 1791,1227 1711,1227"/>
                    <TextEquiv>
                        <Unicode>Frie¬</Unicode>
                    </TextEquiv>
                    <TextStyle fontFamily="Times New Roman" fontSize="15.0"/>
                </Word>
                <TextEquiv>
                    <Unicode>darüber noch immer streiten zu sehen, ob der Frie¬</Unicode>
                </TextEquiv>
                <TextStyle fontFamily="Times New Roman" fontSize="15.0"/>
            </TextLine>
            <TextLine id="tl_54" primaryLanguage="German" custom="readingOrder {index:9;}">
                <Coords points="961,1225 1792,1225 1792,1271 961,1271"/>
                <Baseline points="961,1272 1791,1262"/>
                <Word id="w_w1aab1c29b2b3c15ab1" language="German" custom="readingOrder {index:0;}">
                    <Coords points="961,1234 997,1234 997,1269 961,1269"/>
                    <TextEquiv>
                        <Unicode>de</Unicode>
                    </TextEquiv>
                    <TextStyle fontFamily="Times New Roman" fontSize="15.0"/>
                </Word>
                <Word id="w_w1aab1c29b2b3c15ab7" language="German" custom="readingOrder {index:1;}">
                    <Coords points="1014,1234 1064,1234 1064,1268 1014,1268"/>
                    <TextEquiv>
                        <Unicode>der</Unicode>
                    </TextEquiv>
                    <TextStyle fontFamily="Times New Roman" fontSize="15.0"/>
                </Word>
                <Word id="w_w1aab1c29b2b3c15ac15" language="German" custom="readingOrder {index:2;}">
                    <Coords points="1087,1233 1232,1233 1232,1270 1087,1270"/>
                    <TextEquiv>
                        <Unicode>Republik</Unicode>
                    </TextEquiv>
                    <TextStyle fontFamily="Times New Roman" fontSize="15.0"/>
                </Word>
                <Word id="w_w1aab1c29b2b3c15ac33" language="German" custom="readingOrder {index:3;}">
                    <Coords points="1249,1234 1392,1234 1392,1269 1249,1269"/>
                    <TextEquiv>
                        <Unicode>Schaden</Unicode>
                    </TextEquiv>
                    <TextStyle fontFamily="Times New Roman" fontSize="15.0"/>
                </Word>
                <Word id="w_w1aab1c29b2b3c15ac55" language="German" custom="readingOrder {index:4;}">
                    <Coords points="1416,1234 1486,1234 1486,1266 1416,1266"/>
                    <TextEquiv>
                        <Unicode>oder</Unicode>
                    </TextEquiv>
                    <TextStyle fontFamily="Times New Roman" fontSize="15.0"/>
                </Word>
                <Word id="w_w1aab1c29b2b3c15ac65" language="German" custom="readingOrder {index:5;}">
                    <Coords points="1504,1229 1643,1229 1643,1268 1504,1268"/>
                    <TextEquiv>
                        <Unicode>Vortheil</Unicode>
                    </TextEquiv>
                    <TextStyle fontFamily="Times New Roman" fontSize="15.0"/>
                </Word>
                <Word id="w_w1aab1c29b2b3c15ac81" language="German" custom="readingOrder {index:6;}">
                    <Coords points="1652,1225 1791,1225 1791,1266 1652,1266"/>
                    <TextEquiv>
                        <Unicode>gebracht</Unicode>
                    </TextEquiv>
                    <TextStyle fontFamily="Times New Roman" fontSize="15.0"/>
                </Word>
                <TextEquiv>
                    <Unicode>de der Republik Schaden oder Vortheil gebracht</Unicode>
                </TextEquiv>
                <TextStyle fontFamily="Times New Roman" fontSize="15.0"/>
            </TextLine>
            <TextLine id="tl_55" primaryLanguage="German" custom="readingOrder {index:10;}">
                <Coords points="961,1265 1790,1265 1790,1313 961,1313"/>
                <Baseline points="962,1306 1793,1300"/>
                <Word id="w_w1aab1c29b2b3c17ab1" language="German" custom="readingOrder {index:0;}">
                    <Coords points="961,1273 1044,1273 1044,1310 961,1310"/>
                    <TextEquiv>
                        <Unicode>habe.</Unicode>
                    </TextEquiv>
                    <TextStyle fontFamily="Times New Roman" fontSize="15.0"/>
                </Word>
                <Word id="w_w1aab1c29b2b3c17ac13" language="German" custom="readingOrder {index:1;}">
                    <Coords points="1061,1273 1166,1273 1166,1311 1061,1311"/>
                    <TextEquiv>
                        <Unicode>Indeß</Unicode>
                    </TextEquiv>
                    <TextStyle fontFamily="Times New Roman" fontSize="15.0"/>
                </Word>
                <Word id="w_w1aab1c29b2b3c17ac23" language="German" custom="readingOrder {index:2;}">
                    <Coords points="1179,1273 1269,1273 1269,1310 1179,1310"/>
                    <TextEquiv>
                        <Unicode>einige</Unicode>
                    </TextEquiv>
                    <TextStyle fontFamily="Times New Roman" fontSize="15.0"/>
                </Word>
                <Word id="w_w1aab1c29b2b3c17ac37" language="German" custom="readingOrder {index:3;}">
                    <Coords points="1284,1271 1337,1271 1337,1305 1284,1305"/>
                    <TextEquiv>
                        <Unicode>die</Unicode>
                    </TextEquiv>
                    <TextStyle fontFamily="Times New Roman" fontSize="15.0"/>
                </Word>
                <Word id="w_w1aab1c29b2b3c17ac47" language="German" custom="readingOrder {index:4;}">
                    <Coords points="1348,1275 1436,1275 1436,1310 1348,1310"/>
                    <TextEquiv>
                        <Unicode>ganze</Unicode>
                    </TextEquiv>
                    <TextStyle fontFamily="Times New Roman" fontSize="15.0"/>
                </Word>
                <Word id="w_w1aab1c29b2b3c17ac59" language="German" custom="readingOrder {index:5;}">
                    <Coords points="1442,1271 1532,1271 1532,1308 1442,1308"/>
                    <TextEquiv>
                        <Unicode>Welt</Unicode>
                    </TextEquiv>
                    <TextStyle fontFamily="Times New Roman" fontSize="15.0"/>
                </Word>
                <Word id="w_w1aab1c29b2b3c17ac69" language="German" custom="readingOrder {index:6;}">
                    <Coords points="1540,1270 1662,1270 1662,1301 1540,1301"/>
                    <TextEquiv>
                        <Unicode>bereden</Unicode>
                    </TextEquiv>
                    <TextStyle fontFamily="Times New Roman" fontSize="15.0"/>
                </Word>
                <Word id="w_w1aab1c29b2b3c17ac87" language="German" custom="readingOrder {index:7;}">
                    <Coords points="1668,1265 1790,1265 1790,1300 1668,1300"/>
                    <TextEquiv>
                        <Unicode>wollen,</Unicode>
                    </TextEquiv>
                    <TextStyle fontFamily="Times New Roman" fontSize="15.0"/>
                </Word>
                <TextEquiv>
                    <Unicode>habe. Indeß einige die ganze Welt bereden wollen,</Unicode>
                </TextEquiv>
                <TextStyle fontFamily="Times New Roman" fontSize="15.0"/>
            </TextLine>
            <TextLine id="tl_56" primaryLanguage="German" custom="readingOrder {index:11;}">
                <Coords points="960,1303 1793,1303 1793,1350 960,1350"/>
                <Baseline points="959,1345 1793,1338"/>
                <Word id="w_w1aab1c29b2b3c19ab1" language="German" custom="readingOrder {index:0;}">
                    <Coords points="960,1309 1027,1310 1027,1350 960,1349"/>
                    <TextEquiv>
                        <Unicode>daß</Unicode>
                    </TextEquiv>
                    <TextStyle fontFamily="Times New Roman" fontSize="15.0"/>
                </Word>
                <Word id="word_1512781563504_172" custom="readingOrder {index:1;}">
                    <Coords points="1030,1308 1096,1308 1096,1346 1030,1346"/>
                    <TextEquiv>
                        <Unicode>die</Unicode>
                    </TextEquiv>
                </Word>
                <Word id="w_w1aab1c29b2b3c19ac17" language="German" custom="readingOrder {index:2;}">
                    <Coords points="1109,1309 1346,1309 1346,1349 1109,1349"/>
                    <TextEquiv>
                        <Unicode>Aufopferungen</Unicode>
                    </TextEquiv>
                    <TextStyle fontFamily="Times New Roman" fontSize="15.0"/>
                </Word>
                <Word id="w_w1aab1c29b2b3c19ac43" language="German" custom="readingOrder {index:3;}">
                    <Coords points="1371,1307 1429,1310 1429,1350 1371,1347"/>
                    <TextEquiv>
                        <Unicode>der</Unicode>
                    </TextEquiv>
                    <TextStyle fontFamily="Times New Roman" fontSize="15.0"/>
                </Word>
                <Word id="word_1512781566694_173" custom="readingOrder {index:4;}">
                    <Coords points="1439,1309 1599,1309 1599,1344 1439,1344"/>
                    <TextEquiv>
                        <Unicode>Republik</Unicode>
                    </TextEquiv>
                </Word>
                <Word id="w_w1aab1c29b2b3c19ac65" language="German" custom="readingOrder {index:5;}">
                    <Coords points="1609,1313 1684,1313 1684,1345 1609,1345"/>
                    <TextEquiv>
                        <Unicode>ganz</Unicode>
                    </TextEquiv>
                    <TextStyle fontFamily="Times New Roman" fontSize="15.0"/>
                </Word>
                <Word id="w_w1aab1c29b2b3c19ac75" language="German" custom="readingOrder {index:6;}">
                    <Coords points="1704,1303 1793,1303 1793,1341 1704,1341"/>
                    <TextEquiv>
                        <Unicode>unbe¬</Unicode>
                    </TextEquiv>
                    <TextStyle fontFamily="Times New Roman" fontSize="15.0"/>
                </Word>
                <TextEquiv>
                    <Unicode>daß die Aufopferungen der Republik ganz unbe¬</Unicode>
                </TextEquiv>
                <TextStyle fontFamily="Times New Roman" fontSize="15.0"/>
            </TextLine>
            <TextLine id="tl_57" primaryLanguage="German" custom="readingOrder {index:12;}">
                <Coords points="958,1343 1793,1343 1793,1389 958,1389"/>
                <Baseline points="959,1382 1793,1375"/>
                <Word id="w_w1aab1c29b2b3c21ab1" language="German" custom="readingOrder {index:0;}">
                    <Coords points="958,1348 1081,1348 1081,1383 958,1383"/>
                    <TextEquiv>
                        <Unicode>deutend</Unicode>
                    </TextEquiv>
                    <TextStyle fontFamily="Times New Roman" fontSize="15.0"/>
                </Word>
                <Word id="w_w1aab1c29b2b3c21ac17" language="German" custom="readingOrder {index:1;}">
                    <Coords points="1099,1350 1158,1350 1158,1384 1099,1384"/>
                    <TextEquiv>
                        <Unicode>und</Unicode>
                    </TextEquiv>
                    <TextStyle fontFamily="Times New Roman" fontSize="15.0"/>
                </Word>
                <Word id="w_w1aab1c29b2b3c21ac25" language="German" custom="readingOrder {index:2;}">
                    <Coords points="1169,1350 1217,1350 1217,1381 1169,1381"/>
                    <TextEquiv>
                        <Unicode>der</Unicode>
                    </TextEquiv>
                    <TextStyle fontFamily="Times New Roman" fontSize="15.0"/>
                </Word>
                <Word id="w_w1aab1c29b2b3c21ac33" language="German" custom="readingOrder {index:3;}">
                    <Coords points="1234,1348 1335,1348 1335,1387 1234,1387"/>
                    <TextEquiv>
                        <Unicode>Friede</Unicode>
                    </TextEquiv>
                    <TextStyle fontFamily="Times New Roman" fontSize="15.0"/>
                </Word>
                <Word id="w_w1aab1c29b2b3c21ac47" language="German" custom="readingOrder {index:4;}">
                    <Coords points="1351,1347 1397,1347 1397,1383 1351,1383"/>
                    <TextEquiv>
                        <Unicode>für</Unicode>
                    </TextEquiv>
                    <TextStyle fontFamily="Times New Roman" fontSize="15.0"/>
                </Word>
                <Word id="w_w1aab1c29b2b3c21ac55" language="German" custom="readingOrder {index:5;}">
                    <Coords points="1413,1348 1448,1348 1448,1384 1413,1384"/>
                    <TextEquiv>
                        <Unicode>sie</Unicode>
                    </TextEquiv>
                    <TextStyle fontFamily="Times New Roman" fontSize="15.0"/>
                </Word>
                <Word id="w_w1aab1c29b2b3c21ac63" language="German" custom="readingOrder {index:6;}">
                    <Coords points="1459,1349 1574,1349 1574,1385 1459,1385"/>
                    <TextEquiv>
                        <Unicode>wahrer</Unicode>
                    </TextEquiv>
                    <TextStyle fontFamily="Times New Roman" fontSize="15.0"/>
                </Word>
                <Word id="w_w1aab1c29b2b3c21ac77" language="German" custom="readingOrder {index:7;}">
                    <Coords points="1590,1346 1728,1346 1728,1381 1590,1381"/>
                    <TextEquiv>
                        <Unicode>Gewinn</Unicode>
                    </TextEquiv>
                    <TextStyle fontFamily="Times New Roman" fontSize="15.0"/>
                </Word>
                <Word id="word_1512781623414_174" custom="readingOrder {index:8;}">
                    <Coords points="1726,1348 1799,1348 1799,1383 1726,1383"/>
                    <TextEquiv>
                        <Unicode>wä¬</Unicode>
                    </TextEquiv>
                </Word>
                <TextEquiv>
                    <Unicode>deutend und der Friede für sie wahrer Gewinn wä¬</Unicode>
                </TextEquiv>
                <TextStyle fontFamily="Times New Roman" fontSize="15.0"/>
            </TextLine>
            <TextLine id="tl_58" primaryLanguage="German" custom="readingOrder {index:13;}">
                <Coords points="960,1380 1799,1380 1799,1427 960,1427"/>
                <Baseline points="958,1423 1797,1416"/>
                <Word id="w_w1aab1c29b2b3c23ab1" language="German" custom="readingOrder {index:0;}">
                    <Coords points="960,1396 991,1396 991,1420 960,1420"/>
                    <TextEquiv>
                        <Unicode>re</Unicode>
                    </TextEquiv>
                    <TextStyle fontFamily="Times New Roman" fontSize="15.0"/>
                </Word>
                <Word id="w_w1aab1c29b2b3c23ab7" language="German" custom="readingOrder {index:1;}">
                    <Coords points="1005,1406 1015,1406 1015,1424 1005,1424"/>
                    <TextEquiv>
                        <Unicode>,</Unicode>
                    </TextEquiv>
                    <TextStyle fontFamily="Times New Roman" fontSize="15.0"/>
                </Word>
                <Word id="w_w1aab1c29b2b3c23ac11" language="German" custom="readingOrder {index:2;}">
                    <Coords points="1037,1387 1197,1387 1197,1422 1037,1422"/>
                    <TextEquiv>
                        <Unicode>behaupten</Unicode>
                    </TextEquiv>
                    <TextStyle fontFamily="Times New Roman" fontSize="15.0"/>
                </Word>
                <Word id="w_w1aab1c29b2b3c23ac31" language="German" custom="readingOrder {index:3;}">
                    <Coords points="1216,1388 1322,1388 1322,1424 1216,1424"/>
                    <TextEquiv>
                        <Unicode>andere</Unicode>
                    </TextEquiv>
                    <TextStyle fontFamily="Times New Roman" fontSize="15.0"/>
                </Word>
                <Word id="word_1512781663588_175" custom="readingOrder {index:4;}">
                    <Coords points="1328,1390 1404,1390 1404,1421 1328,1421"/>
                    <TextEquiv>
                        <Unicode>noch</Unicode>
                    </TextEquiv>
                </Word>
                <Word id="w_w1aab1c29b2b3c23ac55" language="German" custom="readingOrder {index:5;}">
                    <Coords points="1410,1387 1521,1387 1521,1420 1410,1420"/>
                    <TextEquiv>
                        <Unicode>immer</Unicode>
                    </TextEquiv>
                    <TextStyle fontFamily="Times New Roman" fontSize="15.0"/>
                </Word>
                <Word id="w_w1aab1c29b2b3c23ac67" language="German" custom="readingOrder {index:6;}">
                    <Coords points="1539,1386 1599,1386 1599,1418 1539,1418"/>
                    <TextEquiv>
                        <Unicode>das</Unicode>
                    </TextEquiv>
                    <TextStyle fontFamily="Times New Roman" fontSize="15.0"/>
                </Word>
                <Word id="w_w1aab1c29b2b3c23ac75" language="German" custom="readingOrder {index:7;}">
                    <Coords points="1608,1380 1799,1380 1799,1423 1608,1423"/>
                    <TextEquiv>
                        <Unicode>Gegentheil.</Unicode>
                    </TextEquiv>
                    <TextStyle fontFamily="Times New Roman" fontSize="15.0"/>
                </Word>
                <TextEquiv>
                    <Unicode>re, behaupten andere noch immer das Gegentheil.</Unicode>
                </TextEquiv>
                <TextStyle fontFamily="Times New Roman" fontSize="15.0"/>
            </TextLine>
            <TextLine id="tl_59" primaryLanguage="German" custom="readingOrder {index:14;}">
                <Coords points="954,1420 1791,1420 1791,1468 954,1468"/>
                <Baseline points="957,1460 1794,1460"/>
                <Word id="w_w1aab1c29b2b3c25ab1" language="German" custom="readingOrder {index:0;}">
                    <Coords points="955,1428 1023,1428 1023,1461 955,1461"/>
                    <TextEquiv>
                        <Unicode>Um</Unicode>
                    </TextEquiv>
                    <TextStyle fontFamily="Times New Roman" fontSize="15.0"/>
                </Word>
                <Word id="w_w1aab1c29b2b3c25ab9" language="German" custom="readingOrder {index:1;}">
                    <Coords points="1033,1425 1086,1425 1086,1459 1033,1459"/>
                    <TextEquiv>
                        <Unicode>die</Unicode>
                    </TextEquiv>
                    <TextStyle fontFamily="Times New Roman" fontSize="15.0"/>
                </Word>
                <Word id="w_w1aab1c29b2b3c25ac17" language="German" custom="readingOrder {index:2;}">
                    <Coords points="1091,1426 1177,1426 1177,1461 1091,1461"/>
                    <TextEquiv>
                        <Unicode>Welt</Unicode>
                    </TextEquiv>
                    <TextStyle fontFamily="Times New Roman" fontSize="15.0"/>
                </Word>
                <Word id="w_w1aab1c29b2b3c25ac27" language="German" custom="readingOrder {index:3;}">
                    <Coords points="1192,1433 1248,1433 1248,1458 1192,1458"/>
                    <TextEquiv>
                        <Unicode>von</Unicode>
                    </TextEquiv>
                    <TextStyle fontFamily="Times New Roman" fontSize="15.0"/>
                </Word>
                <Word id="w_w1aab1c29b2b3c25ac35" language="German" custom="readingOrder {index:4;}">
                    <Coords points="1262,1426 1313,1426 1313,1459 1262,1459"/>
                    <TextEquiv>
                        <Unicode>der</Unicode>
                    </TextEquiv>
                    <TextStyle fontFamily="Times New Roman" fontSize="15.0"/>
                </Word>
                <Word id="w_w1aab1c29b2b3c25ac43" language="German" custom="readingOrder {index:5;}">
                    <Coords points="1323,1427 1430,1427 1430,1466 1323,1466"/>
                    <TextEquiv>
                        <Unicode>letztem</Unicode>
                    </TextEquiv>
                    <TextStyle fontFamily="Times New Roman" fontSize="15.0"/>
                </Word>
                <Word id="w_w1aab1c29b2b3c25ac59" language="German" custom="readingOrder {index:6;}">
                    <Coords points="1447,1427 1650,1427 1650,1463 1447,1463"/>
                    <TextEquiv>
                        <Unicode>Behauptung</Unicode>
                    </TextEquiv>
                    <TextStyle fontFamily="Times New Roman" fontSize="15.0"/>
                </Word>
                <Word id="word_1512781711177_176" custom="readingOrder {index:7;}">
                    <Coords points="1655,1426 1696,1426 1696,1459 1655,1459"/>
                    <TextEquiv>
                        <Unicode>zu</Unicode>
                    </TextEquiv>
                </Word>
                <Word id="w_w1aab1c29b2b3c25ac85" language="German" custom="readingOrder {index:8;}">
                    <Coords points="1704,1420 1791,1420 1791,1457 1704,1457"/>
                    <TextEquiv>
                        <Unicode>über¬</Unicode>
                    </TextEquiv>
                    <TextStyle fontFamily="Times New Roman" fontSize="15.0"/>
                </Word>
                <TextEquiv>
                    <Unicode>Um die Welt von der letztem Behauptung zu über¬</Unicode>
                </TextEquiv>
                <TextStyle fontFamily="Times New Roman" fontSize="15.0"/>
            </TextLine>
            <TextLine id="tl_60" primaryLanguage="German" custom="readingOrder {index:15;}">
                <Coords points="957,1458 1792,1458 1792,1505 957,1505"/>
                <Baseline points="958,1500 1788,1497"/>
                <Word id="w_w1aab1c29b2b3c27ab1" language="German" custom="readingOrder {index:0;}">
                    <Coords points="957,1471 1086,1471 1086,1504 957,1504"/>
                    <TextEquiv>
                        <Unicode>zeugen,</Unicode>
                    </TextEquiv>
                    <TextStyle fontFamily="Times New Roman" fontSize="15.0"/>
                </Word>
                <Word id="w_w1aab1c29b2b3c27ac19" language="German" custom="readingOrder {index:1;}">
                    <Coords points="1095,1464 1180,1464 1180,1501 1095,1501"/>
                    <TextEquiv>
                        <Unicode>stellt</Unicode>
                    </TextEquiv>
                    <TextStyle fontFamily="Times New Roman" fontSize="15.0"/>
                </Word>
                <Word id="word_1512781792346_177" custom="readingOrder {index:2;}">
                    <Coords points="1183,1467 1241,1467 1241,1502 1183,1502"/>
                    <TextEquiv>
                        <Unicode>der</Unicode>
                    </TextEquiv>
                </Word>
                <Word id="w_w1aab1c29b2b3c27ac41" language="German" custom="readingOrder {index:3;}">
                    <Coords points="1252,1464 1400,1464 1400,1503 1252,1503"/>
                    <TextEquiv>
                        <Unicode>Verfasser</Unicode>
                    </TextEquiv>
                    <TextStyle fontFamily="Times New Roman" fontSize="15.0"/>
                </Word>
                <Word id="w_w1aab1c29b2b3c27ac55" language="German" custom="readingOrder {index:4;}">
                    <Coords points="1413,1464 1469,1465 1469,1501 1413,1500"/>
                    <TextEquiv>
                        <Unicode>des</Unicode>
                    </TextEquiv>
                    <TextStyle fontFamily="Times New Roman" fontSize="15.0"/>
                </Word>
                <Word id="word_1512781796326_178" custom="readingOrder {index:5;}">
                    <Coords points="1476,1463 1633,1463 1633,1498 1476,1498"/>
                    <TextEquiv>
                        <Unicode>Kouriers</Unicode>
                    </TextEquiv>
                </Word>
                <Word id="word_1512781798659_179" custom="readingOrder {index:6;}">
                    <Coords points="1640,1470 1713,1470 1713,1493 1640,1493"/>
                    <TextEquiv>
                        <Unicode>vom</Unicode>
                    </TextEquiv>
                </Word>
                <Word id="w_w1aab1c29b2b3c27ac87" language="German" custom="readingOrder {index:7;}">
                    <Coords points="1720,1458 1792,1458 1792,1495 1720,1495"/>
                    <TextEquiv>
                        <Unicode>Nie¬</Unicode>
                    </TextEquiv>
                    <TextStyle fontFamily="Times New Roman" fontSize="15.0"/>
                </Word>
                <TextEquiv>
                    <Unicode>zeugen, stellt der Verfasser des Kouriers vom Nie¬</Unicode>
                </TextEquiv>
                <TextStyle fontFamily="Times New Roman" fontSize="15.0"/>
            </TextLine>
            <TextLine id="tl_61" primaryLanguage="German" custom="readingOrder {index:16;}">
                <Coords points="961,1497 1794,1497 1794,1546 961,1546"/>
                <Baseline points="961,1541 1791,1533"/>
                <Word id="w_w1aab1c29b2b3c29ab1" language="German" custom="readingOrder {index:0;}">
                    <Coords points="961,1504 1106,1504 1106,1541 961,1541"/>
                    <TextEquiv>
                        <Unicode>derrhein</Unicode>
                    </TextEquiv>
                    <TextStyle fontFamily="Times New Roman" fontSize="15.0"/>
                </Word>
                <Word id="word_1512781882534_180" custom="readingOrder {index:1;}">
                    <Coords points="1114,1503 1169,1503 1169,1535 1114,1535"/>
                    <TextEquiv>
                        <Unicode>die</Unicode>
                    </TextEquiv>
                </Word>
                <Word id="w_w1aab1c29b2b3c29ac25" language="German" custom="readingOrder {index:2;}">
                    <Coords points="1188,1502 1273,1499 1273,1540 1188,1543"/>
                    <TextEquiv>
                        <Unicode>ersten</Unicode>
                    </TextEquiv>
                    <TextStyle fontFamily="Times New Roman" fontSize="15.0"/>
                </Word>
                <Word id="word_1512781885283_181" custom="readingOrder {index:3;}">
                    <Coords points="1282,1503 1502,1503 1502,1540 1282,1540"/>
                    <TextEquiv>
                        <Unicode>Forderungen</Unicode>
                    </TextEquiv>
                </Word>
                <Word id="w_w1aab1c29b2b3c29ac63" language="German" custom="readingOrder {index:4;}">
                    <Coords points="1520,1497 1581,1498 1581,1538 1520,1537"/>
                    <TextEquiv>
                        <Unicode>des</Unicode>
                    </TextEquiv>
                    <TextStyle fontFamily="Times New Roman" fontSize="15.0"/>
                </Word>
                <Word id="word_1512781887684_182" custom="readingOrder {index:5;}">
                    <Coords points="1584,1497 1710,1497 1710,1533 1584,1533"/>
                    <TextEquiv>
                        <Unicode>Kaisers</Unicode>
                    </TextEquiv>
                </Word>
                <Word id="word_1512781890018_183" custom="readingOrder {index:6;}">
                    <Coords points="1719,1497 1794,1497 1794,1534 1719,1534"/>
                    <TextEquiv>
                        <Unicode>mit</Unicode>
                    </TextEquiv>
                </Word>
                <TextEquiv>
                    <Unicode>derrhein die ersten Forderungen des Kaisers mit</Unicode>
                </TextEquiv>
                <TextStyle fontFamily="Times New Roman" fontSize="15.0"/>
            </TextLine>
            <TextLine id="tl_62" primaryLanguage="German" custom="readingOrder {index:17;}">
                <Coords points="957,1536 1793,1536 1793,1586 957,1586"/>
                <Baseline points="957,1577 1795,1573"/>
                <Word id="w_w1aab1c29b2b3c31ab1" language="German" custom="readingOrder {index:0;}">
                    <Coords points="957,1545 1014,1545 1014,1575 957,1575"/>
                    <TextEquiv>
                        <Unicode>den</Unicode>
                    </TextEquiv>
                    <TextStyle fontFamily="Times New Roman" fontSize="15.0"/>
                </Word>
                <Word id="w_w1aab1c29b2b3c31ab9" language="German" custom="readingOrder {index:1;}">
                    <Coords points="1029,1542 1430,1540 1430,1580 1029,1582"/>
                    <TextEquiv>
                        <Unicode>Friedens-Präliminarien</Unicode>
                    </TextEquiv>
                    <TextStyle fontFamily="Times New Roman" fontSize="15.0"/>
                </Word>
                <Word id="w_w1aab1c29b2b3c31ac59" language="German" custom="readingOrder {index:2;}">
                    <Coords points="1445,1542 1632,1542 1632,1578 1445,1578"/>
                    <TextEquiv>
                        <Unicode>zusammen,</Unicode>
                    </TextEquiv>
                    <TextStyle fontFamily="Times New Roman" fontSize="15.0"/>
                </Word>
                <Word id="w_w1aab1c29b2b3c31ac79" language="German" custom="readingOrder {index:3;}">
                    <Coords points="1655,1536 1715,1535 1715,1580 1655,1581"/>
                    <TextEquiv>
                        <Unicode>aus</Unicode>
                    </TextEquiv>
                    <TextStyle fontFamily="Times New Roman" fontSize="15.0"/>
                </Word>
                <Word id="word_1512781986940_184" custom="readingOrder {index:4;}">
                    <Coords points="1720,1538 1796,1538 1796,1581 1720,1581"/>
                    <TextEquiv>
                        <Unicode>wel¬</Unicode>
                    </TextEquiv>
                </Word>
                <TextEquiv>
                    <Unicode>den Friedens-Präliminarien zusammen, aus wel¬</Unicode>
                </TextEquiv>
                <TextStyle fontFamily="Times New Roman" fontSize="15.0"/>
            </TextLine>
            <TextLine id="tl_63" primaryLanguage="German" custom="readingOrder {index:18;}">
                <Coords points="958,1572 1793,1572 1791,1620 956,1620"/>
                <Baseline points="960,1612 1795,1612"/>
                <Word id="w_w1aab1c29b2b3c33ab1" language="German" custom="readingOrder {index:0;}">
                    <Coords points="958,1582 1024,1582 1024,1621 958,1621"/>
                    <TextEquiv>
                        <Unicode>cher</Unicode>
                    </TextEquiv>
                    <TextStyle fontFamily="Times New Roman" fontSize="15.0"/>
                </Word>
                <Word id="w_w1aab1c29b2b3c33ac11" language="German" custom="readingOrder {index:1;}">
                    <Coords points="1028,1580 1338,1579 1338,1625 1028,1626"/>
                    <TextEquiv>
                        <Unicode>Zusammenstellung</Unicode>
                    </TextEquiv>
                    <TextStyle fontFamily="Times New Roman" fontSize="15.0"/>
                </Word>
                <Word id="w_w1aab1c29b2b3c33ac25" language="German" custom="readingOrder {index:2;}">
                    <Coords points="1345,1577 1431,1575 1431,1624 1345,1626"/>
                    <TextEquiv>
                        <Unicode>jeder</Unicode>
                    </TextEquiv>
                    <TextStyle fontFamily="Times New Roman" fontSize="15.0"/>
                </Word>
                <Word id="w_w1aab1c29b2b3c33ac57" language="German" custom="readingOrder {index:3;}">
                    <Coords points="1438,1574 1528,1574 1528,1618 1438,1618"/>
                    <TextEquiv>
                        <Unicode>leicht</Unicode>
                    </TextEquiv>
                    <TextStyle fontFamily="Times New Roman" fontSize="15.0"/>
                </Word>
                <Word id="w_w1aab1c29b2b3c33ac73" language="German" custom="readingOrder {index:4;}">
                    <Coords points="1540,1578 1677,1577 1683,1619 1546,1620"/>
                    <TextEquiv>
                        <Unicode>einsehen</Unicode>
                    </TextEquiv>
                    <TextStyle fontFamily="Times New Roman" fontSize="15.0"/>
                </Word>
                <Word id="word_1512782054648_185" custom="readingOrder {index:5;}">
                    <Coords points="1686,1576 1775,1576 1775,1609 1686,1609"/>
                    <TextEquiv>
                        <Unicode>kann</Unicode>
                    </TextEquiv>
                </Word>
                <Word id="word_1512782056210_186" custom="readingOrder {index:6;}">
                    <Coords points="1778,1586 1795,1586 1795,1613 1778,1613"/>
                    <TextEquiv>
                        <Unicode>,</Unicode>
                    </TextEquiv>
                </Word>
                <TextEquiv>
                    <Unicode>cher Zusammenstellung jeder leicht einsehen kann ,</Unicode>
                </TextEquiv>
                <TextStyle fontFamily="Times New Roman" fontSize="15.0"/>
            </TextLine>
            <TextLine id="line_1512782415403_187" custom="readingOrder {index:19;}">
                <Coords points="956,1620 1799,1620 1799,1660 956,1660"/>
                <Baseline points="958,1649 1790,1652"/>
                <Word id="word_1512782425470_189" custom="readingOrder {index:0;}">
                    <Coords points="956,1619 1060,1619 1060,1655 956,1655"/>
                    <TextEquiv>
                        <Unicode>welche</Unicode>
                    </TextEquiv>
                </Word>
                <Word id="word_1512782428450_190" custom="readingOrder {index:1;}">
                    <Coords points="1084,1617 1297,1617 1297,1656 1084,1656"/>
                    <TextEquiv>
                        <Unicode>Behauptung</Unicode>
                    </TextEquiv>
                </Word>
                <Word id="word_1512782429912_191" custom="readingOrder {index:2;}">
                    <Coords points="1304,1617 1363,1617 1363,1656 1304,1656"/>
                    <TextEquiv>
                        <Unicode>die</Unicode>
                    </TextEquiv>
                </Word>
                <Word id="word_1512782431436_192" custom="readingOrder {index:3;}">
                    <Coords points="1380,1617 1546,1617 1546,1661 1380,1661"/>
                    <TextEquiv>
                        <Unicode>Wahrheit</Unicode>
                    </TextEquiv>
                </Word>
                <Word id="word_1512782433338_193" custom="readingOrder {index:4;}">
                    <Coords points="1564,1616 1614,1616 1614,1659 1564,1659"/>
                    <TextEquiv>
                        <Unicode>für</Unicode>
                    </TextEquiv>
                </Word>
                <Word id="word_1512782434912_194" custom="readingOrder {index:5;}">
                    <Coords points="1631,1616 1696,1616 1696,1652 1631,1652"/>
                    <TextEquiv>
                        <Unicode>sich</Unicode>
                    </TextEquiv>
                </Word>
                <Word id="word_1512782436800_195" custom="readingOrder {index:6;}">
                    <Coords points="1693,1608 1805,1608 1805,1659 1693,1659"/>
                    <TextEquiv>
                        <Unicode>habe.</Unicode>
                    </TextEquiv>
                </Word>
                <TextEquiv>
                    <Unicode>welche Behauptung die Wahrheit für sich habe.</Unicode>
                </TextEquiv>
            </TextLine>
            <TextLine id="line_1512782419634_188" custom="readingOrder {index:20;}">
                <Coords points="955,1653 1798,1653 1798,1693 955,1693"/>
                <Baseline points="959,1687 1795,1687"/>
                <Word id="word_1512782439468_196" custom="readingOrder {index:0;}">
                    <Coords points="958,1653 1000,1653 1000,1695 958,1695"/>
                    <TextEquiv>
                        <Unicode>1)</Unicode>
                    </TextEquiv>
                </Word>
                <Word id="word_1512782441002_197" custom="readingOrder {index:1;}">
                    <Coords points="1007,1645 1191,1645 1191,1694 1007,1694"/>
                    <TextEquiv>
                        <Unicode>Verlangte</Unicode>
                    </TextEquiv>
                </Word>
                <Word id="word_1512782443294_198" custom="readingOrder {index:2;}">
                    <Coords points="1189,1655 1244,1655 1244,1694 1189,1694"/>
                    <TextEquiv>
                        <Unicode>der</Unicode>
                    </TextEquiv>
                </Word>
                <Word id="word_1512782445293_199" custom="readingOrder {index:3;}">
                    <Coords points="1256,1656 1373,1656 1373,1692 1256,1692"/>
                    <TextEquiv>
                        <Unicode>Kaiser</Unicode>
                    </TextEquiv>
                </Word>
                <Word id="word_1512782446489_200" custom="readingOrder {index:4;}">
                    <Coords points="1374,1664 1398,1664 1398,1688 1374,1688"/>
                    <TextEquiv>
                        <Unicode>,</Unicode>
                    </TextEquiv>
                </Word>
                <Word id="word_1512782448120_201" custom="readingOrder {index:5;}">
                    <Coords points="1414,1657 1486,1657 1486,1697 1414,1697"/>
                    <TextEquiv>
                        <Unicode>daß</Unicode>
                    </TextEquiv>
                </Word>
                <Word id="word_1512782449878_202" custom="readingOrder {index:6;}">
                    <Coords points="1499,1655 1554,1655 1554,1694 1499,1694"/>
                    <TextEquiv>
                        <Unicode>die</Unicode>
                    </TextEquiv>
                </Word>
                <Word id="word_1512782452088_203" custom="readingOrder {index:7;}">
                    <Coords points="1554,1651 1709,1651 1709,1695 1554,1695"/>
                    <TextEquiv>
                        <Unicode>Gränzen</Unicode>
                    </TextEquiv>
                </Word>
                <Word id="word_1512782455020_204" custom="readingOrder {index:8;}">
                    <Coords points="1721,1658 1790,1658 1790,1691 1721,1691"/>
                    <TextEquiv>
                        <Unicode>von</Unicode>
                    </TextEquiv>
                </Word>
                <TextEquiv>
                    <Unicode>1) Verlangte der Kaiser, daß die Gränzen von</Unicode>
                </TextEquiv>
            </TextLine>
            <TextLine id="tl_64" primaryLanguage="German" custom="readingOrder {index:21;}">
                <Coords points="956,1695 1796,1692 1796,1735 956,1738"/>
                <Baseline points="955,1731 1795,1726"/>
                <Word id="w_w1aab1c29b2b5b1ab1" language="German" custom="readingOrder {index:0;}">
                    <Coords points="957,1697 1109,1697 1108,1736 956,1736"/>
                    <TextEquiv>
                        <Unicode>Flandern</Unicode>
                    </TextEquiv>
                    <TextStyle fontFamily="Times New Roman" fontSize="5.0"/>
                </Word>
                <Word id="w_w1aab1c29b2b5b1ac21" language="German" custom="readingOrder {index:1;}">
                    <Coords points="1130,1696 1248,1696 1247,1731 1129,1731"/>
                    <TextEquiv>
                        <Unicode>bleiben</Unicode>
                    </TextEquiv>
                    <TextStyle fontFamily="Times New Roman" fontSize="5.0"/>
                </Word>
                <Word id="w_w1aab1c29b2b5b1ac33" language="German" custom="readingOrder {index:2;}">
                    <Coords points="1271,1698 1370,1698 1373,1734 1274,1734"/>
                    <TextEquiv>
                        <Unicode>sollten</Unicode>
                    </TextEquiv>
                    <TextStyle fontFamily="Times New Roman" fontSize="5.0"/>
                </Word>
                <Word id="w_w1aab1c29b2b5b1ac39" language="German" custom="readingOrder {index:3;}">
                    <Coords points="1385,1715 1404,1713 1404,1733 1385,1735"/>
                    <TextEquiv>
                        <Unicode>,</Unicode>
                    </TextEquiv>
                    <TextStyle fontFamily="Times New Roman" fontSize="5.0"/>
                </Word>
                <Word id="word_1512782577732_205" custom="readingOrder {index:4;}">
                    <Coords points="1413,1699 1479,1699 1479,1734 1413,1734"/>
                    <TextEquiv>
                        <Unicode>wie</Unicode>
                    </TextEquiv>
                </Word>
                <Word id="w_w1aab1c29b2b5b1ac51" language="German" custom="readingOrder {index:5;}">
                    <Coords points="1487,1694 1526,1694 1528,1733 1489,1733"/>
                    <TextEquiv>
                        <Unicode>sie</Unicode>
                    </TextEquiv>
                    <TextStyle fontFamily="Times New Roman" fontSize="5.0"/>
                </Word>
                <Word id="w_w1aab1c29b2b5b1ac57" language="German" custom="readingOrder {index:6;}">
                    <Coords points="1539,1699 1626,1699 1629,1733 1542,1733"/>
                    <TextEquiv>
                        <Unicode>1664</Unicode>
                    </TextEquiv>
                    <TextStyle fontFamily="Times New Roman" fontSize="5.0"/>
                </Word>
                <Word id="w_w1aab1c29b2b5b1ac69" language="German" custom="readingOrder {index:7;}">
                    <Coords points="1641,1695 1796,1695 1796,1732 1641,1732"/>
                    <TextEquiv>
                        <Unicode>bestimmt</Unicode>
                    </TextEquiv>
                    <TextStyle fontFamily="Times New Roman" fontSize="5.0"/>
                </Word>
                <TextEquiv>
                    <Unicode>Flandern bleiben sollten, wie sie 1664 bestimmt</Unicode>
                </TextEquiv>
                <TextStyle fontFamily="Times New Roman" fontSize="5.0"/>
            </TextLine>
            <TextLine id="tl_65" primaryLanguage="German" custom="readingOrder {index:22;}">
                <Coords points="955,1725 1796,1716 1796,1770 955,1779"/>
                <Baseline points="958,1770 1793,1765"/>
                <Word id="w_w1aab1c29b2b7b1ab1" language="German" custom="readingOrder {index:0;}">
                    <Coords points="955,1732 1085,1733 1085,1775 955,1774"/>
                    <TextEquiv>
                        <Unicode>wurden</Unicode>
                    </TextEquiv>
                    <TextStyle fontFamily="Times New Roman" fontSize="15.0"/>
                </Word>
                <Word id="w_w1aab1c29b2b7b1b1b3" language="German" custom="readingOrder {index:1;}">
                    <Coords points="1086,1731 1116,1728 1116,1778 1086,1781"/>
                    <TextEquiv>
                        <Unicode>;</Unicode>
                    </TextEquiv>
                    <TextStyle fontFamily="Times New Roman" fontSize="15.0"/>
                </Word>
                <Word id="word_1512782644472_208" custom="readingOrder {index:2;}">
                    <Coords points="1122,1734 1237,1734 1237,1775 1122,1775"/>
                    <TextEquiv>
                        <Unicode>dieses</Unicode>
                    </TextEquiv>
                </Word>
                <Word id="word_1512782646240_209" custom="readingOrder {index:3;}">
                    <Coords points="1240,1734 1425,1734 1425,1773 1240,1773"/>
                    <TextEquiv>
                        <Unicode>Verlangen</Unicode>
                    </TextEquiv>
                </Word>
                <Word id="word_1512782647826_210" custom="readingOrder {index:4;}">
                    <Coords points="1433,1737 1544,1737 1544,1769 1433,1769"/>
                    <TextEquiv>
                        <Unicode>erfüllt</Unicode>
                    </TextEquiv>
                </Word>
                <Word id="word_1512782648976_211" custom="readingOrder {index:5;}">
                    <Coords points="1547,1735 1614,1735 1614,1766 1547,1766"/>
                    <TextEquiv>
                        <Unicode>der</Unicode>
                    </TextEquiv>
                </Word>
                <Word id="word_1512782650588_212" custom="readingOrder {index:6;}">
                    <Coords points="1608,1731 1682,1731 1682,1780 1608,1780"/>
                    <TextEquiv>
                        <Unicode>3te</Unicode>
                    </TextEquiv>
                </Word>
                <Word id="word_1512782818310_220" custom="readingOrder {index:7;}">
                    <Coords points="1689,1733 1799,1733 1799,1775 1689,1775"/>
                    <TextEquiv>
                        <Unicode>Präli¬</Unicode>
                    </TextEquiv>
                </Word>
                <TextEquiv>
                    <Unicode>wurden; dieses Verlangen erfüllt der 3te Präli¬</Unicode>
                </TextEquiv>
            </TextLine>
            <TextLine id="tl_66" primaryLanguage="German" custom="readingOrder {index:23;}">
                <Coords points="957,1766 1793,1761 1793,1816 957,1821"/>
                <Baseline points="957,1809 1790,1798"/>
                <Word id="w_w1aab1c29b2b7b3ab1" language="German" custom="readingOrder {index:0;}">
                    <Coords points="957,1775 1204,1775 1204,1811 957,1811"/>
                    <TextEquiv>
                        <Unicode>minar-Artikel</Unicode>
                    </TextEquiv>
                    <TextStyle fontFamily="Times New Roman" fontSize="15.0"/>
                </Word>
                <Word id="word_1512782654906_214" custom="readingOrder {index:1;}">
                    <Coords points="1228,1774 1283,1774 1283,1808 1228,1808"/>
                    <TextEquiv>
                        <Unicode>2.</Unicode>
                    </TextEquiv>
                </Word>
                <Word id="word_1512782656084_215" custom="readingOrder {index:2;}">
                    <Coords points="1295,1777 1332,1777 1332,1814 1295,1814"/>
                    <TextEquiv>
                        <Unicode>3.</Unicode>
                    </TextEquiv>
                </Word>
                <Word id="word_1512782963882_221" custom="readingOrder {index:3;}">
                    <Coords points="1335,1773 1389,1773 1389,1817 1335,1817"/>
                    <TextEquiv>
                        <Unicode>4)</Unicode>
                    </TextEquiv>
                </Word>
                <Word id="word_1512782658307_216" custom="readingOrder {index:4;}">
                    <Coords points="1393,1775 1462,1775 1462,1803 1393,1803"/>
                    <TextEquiv>
                        <Unicode>Die</Unicode>
                    </TextEquiv>
                </Word>
                <Word id="word_1512782661002_217" custom="readingOrder {index:5;}">
                    <Coords points="1471,1775 1665,1775 1665,1809 1471,1809"/>
                    <TextEquiv>
                        <Unicode>Demolition</Unicode>
                    </TextEquiv>
                </Word>
                <Word id="word_1512782663068_218" custom="readingOrder {index:6;}">
                    <Coords points="1672,1766 1718,1766 1718,1803 1672,1803"/>
                    <TextEquiv>
                        <Unicode>der</Unicode>
                    </TextEquiv>
                </Word>
                <Word id="word_1512782664882_219" custom="readingOrder {index:7;}">
                    <Coords points="1725,1773 1794,1773 1794,1801 1725,1801"/>
                    <TextEquiv>
                        <Unicode>Fe¬</Unicode>
                    </TextEquiv>
                </Word>
                <TextEquiv>
                    <Unicode>minar-Artikel 2. 3. 4) Die Demolition der Fe¬</Unicode>
                </TextEquiv>
                <TextStyle fontFamily="Times New Roman" fontSize="15.0"/>
            </TextLine>
            <TextLine id="tl_67" primaryLanguage="German" custom="readingOrder {index:24;}">
                <Coords points="963,1807 1792,1807 1792,1858 963,1858"/>
                <Baseline points="963,1854 1792,1843"/>
                <Word id="w_w1aab1c29b2b7b5ab1" language="German" custom="readingOrder {index:0;}">
                    <Coords points="963,1814 1150,1814 1150,1853 963,1853"/>
                    <TextEquiv>
                        <Unicode>stungswerke</Unicode>
                    </TextEquiv>
                    <TextStyle fontFamily="Times New Roman" fontSize="15.0"/>
                </Word>
                <Word id="w_w1aab1c29b2b7b5ac25" language="German" custom="readingOrder {index:1;}">
                    <Coords points="1171,1823 1225,1823 1225,1849 1171,1849"/>
                    <TextEquiv>
                        <Unicode>von</Unicode>
                    </TextEquiv>
                    <TextStyle fontFamily="Times New Roman" fontSize="15.0"/>
                </Word>
                <Word id="w_w1aab1c29b2b7b5ac33" language="German" custom="readingOrder {index:2;}">
                    <Coords points="1249,1813 1456,1813 1456,1855 1249,1855"/>
                    <TextEquiv>
                        <Unicode>Liefkenshoek,</Unicode>
                    </TextEquiv>
                    <TextStyle fontFamily="Times New Roman" fontSize="15.0"/>
                </Word>
                <Word id="w_w1aab1c29b2b7b5ac61" language="German" custom="readingOrder {index:3;}">
                    <Coords points="1467,1812 1668,1812 1668,1854 1467,1854"/>
                    <TextEquiv>
                        <Unicode>Kruischau,</Unicode>
                    </TextEquiv>
                    <TextStyle fontFamily="Times New Roman" fontSize="15.0"/>
                </Word>
                <Word id="w_w1aab1c29b2b7b5ac79" language="German" custom="readingOrder {index:4;}">
                    <Coords points="1680,1807 1792,1807 1792,1848 1680,1848"/>
                    <TextEquiv>
                        <Unicode>Fried¬</Unicode>
                    </TextEquiv>
                    <TextStyle fontFamily="Times New Roman" fontSize="15.0"/>
                </Word>
                <TextEquiv>
                    <Unicode>stungswerke von Liefkenshoek, Kruischau, Fried¬</Unicode>
                </TextEquiv>
                <TextStyle fontFamily="Times New Roman" fontSize="15.0"/>
            </TextLine>
            <TextLine id="tl_68" primaryLanguage="German" custom="readingOrder {index:25;}">
                <Coords points="959,1848 1790,1848 1790,1894 959,1894"/>
                <Baseline points="959,1892 1792,1881"/>
                <Word id="w_w1aab1c29b2b7b7ab1" language="German" custom="readingOrder {index:0;}">
                    <Coords points="959,1854 1183,1854 1183,1894 959,1894"/>
                    <TextEquiv>
                        <Unicode>rich-Heinrich</Unicode>
                    </TextEquiv>
                    <TextStyle fontFamily="Times New Roman" fontSize="15.0"/>
                </Word>
                <Word id="w_w1aab1c29b2b7b7ac29" language="German" custom="readingOrder {index:1;}">
                    <Coords points="1200,1873 1208,1873 1208,1890 1200,1890"/>
                    <TextEquiv>
                        <Unicode>,</Unicode>
                    </TextEquiv>
                    <TextStyle fontFamily="Times New Roman" fontSize="15.0"/>
                </Word>
                <Word id="w_w1aab1c29b2b7b7ac33" language="German" custom="readingOrder {index:2;}">
                    <Coords points="1237,1857 1298,1857 1298,1887 1237,1887"/>
                    <TextEquiv>
                        <Unicode>und</Unicode>
                    </TextEquiv>
                    <TextStyle fontFamily="Times New Roman" fontSize="15.0"/>
                </Word>
                <Word id="w_w1aab1c29b2b7b7ac41" language="German" custom="readingOrder {index:3;}">
                    <Coords points="1319,1855 1412,1855 1412,1889 1319,1889"/>
                    <TextEquiv>
                        <Unicode>Lillo,</Unicode>
                    </TextEquiv>
                    <TextStyle fontFamily="Times New Roman" fontSize="15.0"/>
                </Word>
                <Word id="w_w1aab1c29b2b7b7ac47" language="German" custom="readingOrder {index:4;}">
                    <Coords points="1436,1855 1537,1855 1537,1891 1436,1891"/>
                    <TextEquiv>
                        <Unicode>welche</Unicode>
                    </TextEquiv>
                    <TextStyle fontFamily="Times New Roman" fontSize="15.0"/>
                </Word>
                <Word id="w_w1aab1c29b2b7b7ac61" language="German" custom="readingOrder {index:5;}">
                    <Coords points="1560,1850 1725,1850 1725,1890 1560,1890"/>
                    <TextEquiv>
                        <Unicode>Schanzen</Unicode>
                    </TextEquiv>
                    <TextStyle fontFamily="Times New Roman" fontSize="15.0"/>
                </Word>
                <Word id="w_w1aab1c29b2b7b7ac77" language="German" custom="readingOrder {index:6;}">
                    <Coords points="1742,1848 1790,1848 1790,1878 1742,1878"/>
                    <TextEquiv>
                        <Unicode>der</Unicode>
                    </TextEquiv>
                    <TextStyle fontFamily="Times New Roman" fontSize="15.0"/>
                </Word>
                <TextEquiv>
                    <Unicode>rich-Heinrich, und Lillo, welche Schanzen der</Unicode>
                </TextEquiv>
                <TextStyle fontFamily="Times New Roman" fontSize="15.0"/>
            </TextLine>
            <TextLine id="tl_69" primaryLanguage="German" custom="readingOrder {index:26;}">
                <Coords points="962,1888 1796,1882 1796,1925 962,1931"/>
                <Baseline points="962,1933 1796,1917"/>
                <Word id="w_w1aab1c29b2b7b9ab1" language="German" custom="readingOrder {index:0;}">
                    <Coords points="962,1897 1010,1897 1010,1930 962,1930"/>
                    <TextEquiv>
                        <Unicode>7te</Unicode>
                    </TextEquiv>
                    <TextStyle fontFamily="Times New Roman" fontSize="15.0"/>
                </Word>
                <Word id="w_w1aab1c29b2b7b9ab9" language="German" custom="readingOrder {index:1;}">
                    <Coords points="1026,1897 1083,1897 1083,1928 1026,1928"/>
                    <TextEquiv>
                        <Unicode>und</Unicode>
                    </TextEquiv>
                    <TextStyle fontFamily="Times New Roman" fontSize="15.0"/>
                </Word>
                <Word id="w_w1aab1c29b2b7b9ac17" language="German" custom="readingOrder {index:2;}">
                    <Coords points="1107,1899 1152,1899 1152,1929 1107,1929"/>
                    <TextEquiv>
                        <Unicode>8te</Unicode>
                    </TextEquiv>
                    <TextStyle fontFamily="Times New Roman" fontSize="15.0"/>
                </Word>
                <Word id="w_w1aab1c29b2b7b9ac25" language="German" custom="readingOrder {index:3;}">
                    <Coords points="1172,1894 1285,1894 1285,1930 1172,1930"/>
                    <TextEquiv>
                        <Unicode>Artikel</Unicode>
                    </TextEquiv>
                    <TextStyle fontFamily="Times New Roman" fontSize="15.0"/>
                </Word>
                <Word id="w_w1aab1c29b2b7b9b1b1" language="German" custom="readingOrder {index:4;}">
                    <Coords points="1291,1893 1349,1893 1349,1926 1291,1926"/>
                    <TextEquiv>
                        <Unicode>nur</Unicode>
                    </TextEquiv>
                    <TextStyle fontFamily="Times New Roman" fontSize="15.0" bold="true"/>
                </Word>
                <Word id="w_w1aab1c29b2b7b9b2b1" language="German" custom="readingOrder {index:5;}">
                    <Coords points="1366,1892 1433,1892 1433,1926 1366,1926"/>
                    <TextEquiv>
                        <Unicode>dem</Unicode>
                    </TextEquiv>
                    <TextStyle fontFamily="Times New Roman" fontSize="15.0"/>
                </Word>
                <Word id="w_w1aab1c29b2b7b9b2b9" language="German" custom="readingOrder {index:6;}">
                    <Coords points="1444,1893 1554,1893 1554,1928 1444,1928"/>
                    <TextEquiv>
                        <Unicode>Kaiser</Unicode>
                    </TextEquiv>
                    <TextStyle fontFamily="Times New Roman" fontSize="15.0"/>
                </Word>
                <Word id="w_w1aab1c29b2b7b9b3b1" language="German" custom="readingOrder {index:7;}">
                    <Coords points="1578,1888 1713,1888 1713,1925 1578,1925"/>
                    <TextEquiv>
                        <Unicode>abtreten.</Unicode>
                    </TextEquiv>
                    <TextStyle fontFamily="Times New Roman" fontSize="15.0" bold="true" italic="true"/>
                </Word>
                <Word id="word_1512783317245_222" custom="readingOrder {index:8;}">
                    <Coords points="1747,1893 1791,1893 1791,1927 1747,1927"/>
                    <TextEquiv>
                        <Unicode>5)</Unicode>
                    </TextEquiv>
                </Word>
                <TextEquiv>
                    <Unicode>7te und 8te Artikel nur dem Kaiser abtreten. 5)</Unicode>
                </TextEquiv>
            </TextLine>
            <TextLine id="tl_70" primaryLanguage="German" custom="readingOrder {index:27;}">
                <Coords points="961,1928 1801,1918 1801,1967 961,1977"/>
                <Baseline points="968,1970 1798,1958"/>
                <Word id="w_w1aab1c29b2b7c11ab1" language="German" custom="readingOrder {index:0;}">
                    <Coords points="966,1930 1134,1926 1134,1969 966,1973"/>
                    <TextEquiv>
                        <Unicode>Verlangte</Unicode>
                    </TextEquiv>
                    <TextStyle fontFamily="Times New Roman" fontSize="15.0"/>
                </Word>
                <Word id="w_w1aab1c29b2b7c11ac55" language="German" custom="readingOrder {index:1;}">
                    <Coords points="1140,1931 1219,1927 1219,1971 1140,1975"/>
                    <TextEquiv>
                        <Unicode>der</Unicode>
                    </TextEquiv>
                    <TextStyle fontFamily="Times New Roman" fontSize="15.0"/>
                </Word>
                <Word id="word_1512783362861_223" custom="readingOrder {index:2;}">
                    <Coords points="1219,1935 1324,1935 1324,1965 1219,1965"/>
                    <TextEquiv>
                        <Unicode>Kaiser</Unicode>
                    </TextEquiv>
                </Word>
                <Word id="word_1512783367658_224" custom="readingOrder {index:3;}">
                    <Coords points="1331,1949 1345,1949 1345,1971 1331,1971"/>
                    <TextEquiv>
                        <Unicode>,</Unicode>
                    </TextEquiv>
                </Word>
                <Word id="word_1512783369876_225" custom="readingOrder {index:4;}">
                    <Coords points="1358,1935 1415,1935 1415,1969 1358,1969"/>
                    <TextEquiv>
                        <Unicode>der</Unicode>
                    </TextEquiv>
                </Word>
                <Word id="word_1512783371471_226" custom="readingOrder {index:5;}">
                    <Coords points="1425,1931 1485,1931 1485,1971 1425,1971"/>
                    <TextEquiv>
                        <Unicode>die</Unicode>
                    </TextEquiv>
                </Word>
                <Word id="word_1512783374070_227" custom="readingOrder {index:6;}">
                    <Coords points="1496,1928 1723,1928 1723,1967 1496,1967"/>
                    <TextEquiv>
                        <Unicode>Souveränität</Unicode>
                    </TextEquiv>
                </Word>
                <Word id="word_1512783375577_228" custom="readingOrder {index:7;}">
                    <Coords points="1730,1926 1794,1926 1794,1958 1730,1958"/>
                    <TextEquiv>
                        <Unicode>der</Unicode>
                    </TextEquiv>
                </Word>
                <TextEquiv>
                    <Unicode>Verlangte der Kaiser, der die Souveränität der</Unicode>
                </TextEquiv>
                <TextStyle fontFamily="Times New Roman" fontSize="15.0"/>
            </TextLine>
            <TextLine id="tl_71" primaryLanguage="German" custom="readingOrder {index:28;}">
                <Coords points="959,1962 1803,1955 1803,2013 959,2020"/>
                <Baseline points="961,2007 1798,2001"/>
                <Word id="w_w1aab1c29b2b9b1ab1" language="German" custom="readingOrder {index:0;}">
                    <Coords points="962,1973 1104,1973 1104,2011 962,2011"/>
                    <TextEquiv>
                        <Unicode>Schelde</Unicode>
                    </TextEquiv>
                    <TextStyle fontFamily="Times New Roman" fontSize="15.0"/>
                </Word>
                <Word id="w_w1aab1c29b2b9b1ac19" language="German" custom="readingOrder {index:1;}">
                    <Coords points="1112,1981 1171,1981 1171,2008 1112,2008"/>
                    <TextEquiv>
                        <Unicode>von</Unicode>
                    </TextEquiv>
                    <TextStyle fontFamily="Times New Roman" fontSize="15.0"/>
                </Word>
                <Word id="w_w1aab1c29b2b9b1ac27" language="German" custom="readingOrder {index:2;}">
                    <Coords points="1180,1973 1365,1973 1365,2011 1180,2011"/>
                    <TextEquiv>
                        <Unicode>Antwerpen</Unicode>
                    </TextEquiv>
                    <TextStyle fontFamily="Times New Roman" fontSize="15.0"/>
                </Word>
                <Word id="w_w1aab1c29b2b9b1ac45" language="German" custom="readingOrder {index:3;}">
                    <Coords points="1379,1971 1437,1971 1437,2009 1379,2009"/>
                    <TextEquiv>
                        <Unicode>bis</Unicode>
                    </TextEquiv>
                    <TextStyle fontFamily="Times New Roman" fontSize="15.0"/>
                </Word>
                <Word id="w_w1aab1c29b2b9b1ac53" language="German" custom="readingOrder {index:4;}">
                    <Coords points="1453,1960 1626,1960 1626,2014 1453,2014"/>
                    <TextEquiv>
                        <Unicode>Saftingen</Unicode>
                    </TextEquiv>
                    <TextStyle fontFamily="Times New Roman" fontSize="15.0"/>
                </Word>
                <Word id="w_w1aab1c29b2b9b1ac67" language="German" custom="readingOrder {index:5;}">
                    <Coords points="1637,1973 1671,1973 1671,2009 1637,2009"/>
                    <TextEquiv>
                        <Unicode>zu</Unicode>
                    </TextEquiv>
                    <TextStyle fontFamily="Times New Roman" fontSize="15.0"/>
                </Word>
                <Word id="word_1512783472215_229" custom="readingOrder {index:6;}">
                    <Coords points="1684,1966 1797,1966 1797,1999 1684,1999"/>
                    <TextEquiv>
                        <Unicode>haben</Unicode>
                    </TextEquiv>
                </Word>
                <TextEquiv>
                    <Unicode>Schelde von Antwerpen bis Saftingen zu haben</Unicode>
                </TextEquiv>
                <TextStyle fontFamily="Times New Roman" fontSize="15.0"/>
            </TextLine>
            <TextLine id="line_1512783513592_232" custom="readingOrder {index:29;}">
                <Coords points="960,1998 1799,1992 1799,2042 960,2048"/>
                <Baseline points="965,2049 1802,2040"/>
                <Word id="word_1512783552347_234" custom="readingOrder {index:0;}">
                    <Coords points="958,2011 1136,2011 1136,2049 958,2049"/>
                    <TextEquiv>
                        <Unicode>behauptete</Unicode>
                    </TextEquiv>
                </Word>
                <Word id="word_1512783553940_235" custom="readingOrder {index:1;}">
                    <Coords points="1145,2026 1158,2026 1158,2056 1145,2056"/>
                    <TextEquiv>
                        <Unicode>,</Unicode>
                    </TextEquiv>
                </Word>
                <Word id="word_1512783555248_236" custom="readingOrder {index:2;}">
                    <Coords points="1170,2012 1228,2012 1228,2052 1170,2052"/>
                    <TextEquiv>
                        <Unicode>die</Unicode>
                    </TextEquiv>
                </Word>
                <Word id="word_1512783556896_237" custom="readingOrder {index:3;}">
                    <Coords points="1231,2016 1422,2016 1422,2050 1231,2050"/>
                    <TextEquiv>
                        <Unicode>Entfernung</Unicode>
                    </TextEquiv>
                </Word>
                <Word id="word_1512783558748_238" custom="readingOrder {index:4;}">
                    <Coords points="1427,2004 1490,2004 1490,2046 1427,2046"/>
                    <TextEquiv>
                        <Unicode>des</Unicode>
                    </TextEquiv>
                </Word>
                <Word id="word_1512783561009_239" custom="readingOrder {index:5;}">
                    <Coords points="1500,2008 1736,2008 1736,2049 1500,2049"/>
                    <TextEquiv>
                        <Unicode>Wachtschiffes</Unicode>
                    </TextEquiv>
                </Word>
                <Word id="word_1512783563404_240" custom="readingOrder {index:6;}">
                    <Coords points="1728,2005 1795,2005 1795,2040 1728,2040"/>
                    <TextEquiv>
                        <Unicode>von</Unicode>
                    </TextEquiv>
                </Word>
                <TextEquiv>
                    <Unicode>behauptete, die Entfernung des Wachtschiffes von</Unicode>
                </TextEquiv>
            </TextLine>
            <TextLine id="line_1512783518902_233" custom="readingOrder {index:30;}">
                <Coords points="962,2037 1793,2032 1793,2082 962,2087"/>
                <Baseline points="970,2086 1794,2084"/>
                <Word id="word_1512783566523_241" custom="readingOrder {index:0;}">
                    <Coords points="957,2049 1032,2049 1032,2085 957,2085"/>
                    <TextEquiv>
                        <Unicode>Lillo</Unicode>
                    </TextEquiv>
                </Word>
                <Word id="word_1512783568075_242" custom="readingOrder {index:1;}">
                    <Coords points="1039,2067 1063,2067 1063,2095 1039,2095"/>
                    <TextEquiv>
                        <Unicode>,</Unicode>
                    </TextEquiv>
                </Word>
                <Word id="word_1512783570093_243" custom="readingOrder {index:2;}">
                    <Coords points="1067,2060 1142,2060 1142,2090 1067,2090"/>
                    <TextEquiv>
                        <Unicode>und</Unicode>
                    </TextEquiv>
                </Word>
                <Word id="word_1512783571917_244" custom="readingOrder {index:3;}">
                    <Coords points="1139,2050 1197,2050 1197,2086 1139,2086"/>
                    <TextEquiv>
                        <Unicode>der</Unicode>
                    </TextEquiv>
                </Word>
                <Word id="word_1512783573241_245" custom="readingOrder {index:4;}">
                    <Coords points="1208,2052 1263,2052 1263,2087 1208,2087"/>
                    <TextEquiv>
                        <Unicode>6te</Unicode>
                    </TextEquiv>
                </Word>
                <Word id="word_1512783574749_246" custom="readingOrder {index:5;}">
                    <Coords points="1266,2048 1388,2048 1388,2090 1266,2090"/>
                    <TextEquiv>
                        <Unicode>Artikel</Unicode>
                    </TextEquiv>
                </Word>
                <Word id="word_1512783577924_247" custom="readingOrder {index:6;}">
                    <Coords points="1397,2053 1505,2053 1505,2087 1397,2087"/>
                    <TextEquiv>
                        <Unicode>erkennt</Unicode>
                    </TextEquiv>
                </Word>
                <Word id="word_1512783580097_248" custom="readingOrder {index:7;}">
                    <Coords points="1519,2041 1591,2041 1591,2093 1519,2093"/>
                    <TextEquiv>
                        <Unicode>diese</Unicode>
                    </TextEquiv>
                </Word>
                <Word id="word_1512783583885_249" custom="readingOrder {index:8;}">
                    <Coords points="1606,2051 1803,2051 1803,2081 1606,2081"/>
                    <TextEquiv>
                        <Unicode>Souveräni¬</Unicode>
                    </TextEquiv>
                </Word>
                <TextEquiv>
                    <Unicode>Lillo, und der 6te Artikel erkennt diese Souveräni¬</Unicode>
                </TextEquiv>
            </TextLine>
            <TextLine id="tl_72" primaryLanguage="German" custom="readingOrder {index:31;}">
                <Coords points="965,2084 1796,2084 1796,2142 965,2142"/>
                <Baseline points="966,2126 1800,2119"/>
                <Word id="w_w1aab1c29b2c11b1ab1" language="German" custom="readingOrder {index:0;}">
                    <Coords points="966,2099 1010,2099 1010,2127 966,2127"/>
                    <TextEquiv>
                        <Unicode>tät</Unicode>
                    </TextEquiv>
                    <TextStyle fontFamily="Times New Roman" fontSize="15.0"/>
                </Word>
                <Word id="w_w1aab1c29b2c11b1ab9" language="German" custom="readingOrder {index:1;}">
                    <Coords points="1032,2096 1093,2096 1093,2126 1032,2126"/>
                    <TextEquiv>
                        <Unicode>und</Unicode>
                    </TextEquiv>
                    <TextStyle fontFamily="Times New Roman" fontSize="15.0"/>
                </Word>
                <Word id="w_w1aab1c29b2c11b1ac17" language="German" custom="readingOrder {index:2;}">
                    <Coords points="1116,2094 1178,2094 1178,2129 1116,2129"/>
                    <TextEquiv>
                        <Unicode>thut</Unicode>
                    </TextEquiv>
                    <TextStyle fontFamily="Times New Roman" fontSize="15.0"/>
                </Word>
                <Word id="w_w1aab1c29b2c11b1ac27" language="German" custom="readingOrder {index:3;}">
                    <Coords points="1193,2091 1248,2091 1248,2126 1193,2126"/>
                    <TextEquiv>
                        <Unicode>auf</Unicode>
                    </TextEquiv>
                    <TextStyle fontFamily="Times New Roman" fontSize="15.0"/>
                </Word>
                <Word id="w_w1aab1c29b2c11b1ac37" language="German" custom="readingOrder {index:4;}">
                    <Coords points="1264,2091 1320,2091 1320,2123 1264,2123"/>
                    <TextEquiv>
                        <Unicode>alle</Unicode>
                    </TextEquiv>
                    <TextStyle fontFamily="Times New Roman" fontSize="15.0"/>
                </Word>
                <Word id="w_w1aab1c29b2c11b1ac47" language="German" custom="readingOrder {index:5;}">
                    <Coords points="1342,2090 1425,2090 1425,2130 1342,2130"/>
                    <TextEquiv>
                        <Unicode>Zölle</Unicode>
                    </TextEquiv>
                    <TextStyle fontFamily="Times New Roman" fontSize="15.0"/>
                </Word>
                <Word id="w_w1aab1c29b2c11b1ac59" language="German" custom="readingOrder {index:6;}">
                    <Coords points="1438,2093 1500,2093 1500,2125 1438,2125"/>
                    <TextEquiv>
                        <Unicode>auf</Unicode>
                    </TextEquiv>
                    <TextStyle fontFamily="Times New Roman" fontSize="15.0"/>
                </Word>
                <Word id="w_w1aab1c29b2c11b1ac67" language="German" custom="readingOrder {index:7;}">
                    <Coords points="1514,2089 1618,2089 1618,2124 1514,2124"/>
                    <TextEquiv>
                        <Unicode>diesem</Unicode>
                    </TextEquiv>
                    <TextStyle fontFamily="Times New Roman" fontSize="15.0"/>
                </Word>
                <Word id="w_w1aab1c29b2c11b1ac81" language="German" custom="readingOrder {index:8;}">
                    <Coords points="1637,2084 1729,2084 1729,2127 1637,2127"/>
                    <TextEquiv>
                        <Unicode>Theil</Unicode>
                    </TextEquiv>
                    <TextStyle fontFamily="Times New Roman" fontSize="15.0"/>
                </Word>
                <Word id="w_w1aab1c29b2c11b1b1b1" language="German" custom="readingOrder {index:9;}">
                    <Coords points="1741,2085 1796,2085 1796,2137 1741,2137"/>
                    <TextEquiv>
                        <Unicode>der</Unicode>
                    </TextEquiv>
                    <TextStyle fontFamily="Times New Roman" fontSize="15.0" bold="true" italic="true"/>
                </Word>
                <TextEquiv>
                    <Unicode>tät und thut auf alle Zölle auf diesem Theil der</Unicode>
                </TextEquiv>
            </TextLine>
            <TextLine id="tl_73" primaryLanguage="German" custom="readingOrder {index:32;}">
                <Coords points="968,2123 1797,2123 1797,2177 968,2177"/>
                <Baseline points="968,2166 1798,2158"/>
                <Word id="w_w1aab1c29b2c11b3ab1" language="German" custom="readingOrder {index:0;}">
                    <Coords points="968,2134 1093,2134 1093,2172 968,2172"/>
                    <TextEquiv>
                        <Unicode>Schelde</Unicode>
                    </TextEquiv>
                    <TextStyle fontFamily="Times New Roman" fontSize="15.0"/>
                </Word>
                <Word id="w_w1aab1c29b2c11b3ac17" language="German" custom="readingOrder {index:1;}">
                    <Coords points="1112,2131 1252,2131 1252,2170 1112,2170"/>
                    <TextEquiv>
                        <Unicode>Verzicht.</Unicode>
                    </TextEquiv>
                    <TextStyle fontFamily="Times New Roman" fontSize="15.0"/>
                </Word>
                <Word id="w_w1aab1c29b2c11b3b1b1" language="German" custom="readingOrder {index:2;}">
                    <Coords points="1295,2134 1326,2134 1326,2161 1295,2161"/>
                    <TextEquiv>
                        <Unicode>6.</Unicode>
                    </TextEquiv>
                    <TextStyle fontFamily="Times New Roman" fontSize="14.0" bold="true"/>
                </Word>
                <Word id="w_w1aab1c29b2c11b3b2b5" language="German" custom="readingOrder {index:3;}">
                    <Coords points="1340,2133 1408,2134 1408,2174 1340,2173"/>
                    <TextEquiv>
                        <Unicode>und</Unicode>
                    </TextEquiv>
                    <TextStyle fontFamily="Times New Roman" fontSize="15.0"/>
                </Word>
                <Word id="word_1512783851284_250" custom="readingOrder {index:4;}">
                    <Coords points="1412,2134 1461,2134 1461,2172 1412,2172"/>
                    <TextEquiv>
                        <Unicode>8)</Unicode>
                    </TextEquiv>
                </Word>
                <Word id="w_w1aab1c29b2c11b3b2c17" language="German" custom="readingOrder {index:5;}">
                    <Coords points="1478,2130 1540,2130 1540,2166 1478,2166"/>
                    <TextEquiv>
                        <Unicode>Die</Unicode>
                    </TextEquiv>
                    <TextStyle fontFamily="Times New Roman" fontSize="15.0"/>
                </Word>
                <Word id="w_w1aab1c29b2c11b3b2c25" language="German" custom="readingOrder {index:6;}">
                    <Coords points="1551,2123 1737,2122 1737,2171 1551,2172"/>
                    <TextEquiv>
                        <Unicode>Restkaution</Unicode>
                    </TextEquiv>
                    <TextStyle fontFamily="Times New Roman" fontSize="15.0"/>
                </Word>
                <Word id="word_1512783910184_251" custom="readingOrder {index:7;}">
                    <Coords points="1740,2122 1799,2122 1799,2158 1740,2158"/>
                    <TextEquiv>
                        <Unicode>der</Unicode>
                    </TextEquiv>
                </Word>
                <TextEquiv>
                    <Unicode>Schelde Verzicht. 6. und 8) Die Restkaution der</Unicode>
                </TextEquiv>
            </TextLine>
            <TextLine id="tl_74" primaryLanguage="German" custom="readingOrder {index:33;}">
                <Coords points="966,2160 1803,2160 1803,2213 966,2213"/>
                <Baseline points="966,2212 1807,2201"/>
                <Word id="w_w1aab1c29b2c11b5ab1" language="German" custom="readingOrder {index:0;}">
                    <Coords points="966,2171 1169,2171 1169,2213 966,2213"/>
                    <TextEquiv>
                        <Unicode>Dorfschaften</Unicode>
                    </TextEquiv>
                    <TextStyle fontFamily="Times New Roman" fontSize="15.0"/>
                </Word>
                <Word id="w_w1aab1c29b2c11b5ac27" language="German" custom="readingOrder {index:1;}">
                    <Coords points="1186,2170 1296,2170 1296,2206 1186,2206"/>
                    <TextEquiv>
                        <Unicode>Bladel</Unicode>
                    </TextEquiv>
                    <TextStyle fontFamily="Times New Roman" fontSize="15.0"/>
                </Word>
                <Word id="w_w1aab1c29b2c11b5ac41" language="German" custom="readingOrder {index:2;}">
                    <Coords points="1310,2172 1369,2172 1369,2207 1310,2207"/>
                    <TextEquiv>
                        <Unicode>und</Unicode>
                    </TextEquiv>
                    <TextStyle fontFamily="Times New Roman" fontSize="15.0"/>
                </Word>
                <Word id="w_w1aab1c29b2c11b5ac49" language="German" custom="readingOrder {index:3;}">
                    <Coords points="1386,2170 1503,2170 1503,2210 1386,2210"/>
                    <TextEquiv>
                        <Unicode>Reussel</Unicode>
                    </TextEquiv>
                    <TextStyle fontFamily="Times New Roman" fontSize="15.0"/>
                </Word>
                <Word id="w_w1aab1c29b2c11b5b1b1" language="German" custom="readingOrder {index:4;}">
                    <Coords points="1516,2187 1526,2187 1526,2210 1516,2210"/>
                    <TextEquiv>
                        <Unicode>,</Unicode>
                    </TextEquiv>
                    <TextStyle fontFamily="Times New Roman" fontSize="15.0" bold="true" italic="true"/>
                </Word>
                <Word id="w_w1aab1c29b2c11b5b2b3" language="German" custom="readingOrder {index:5;}">
                    <Coords points="1546,2170 1606,2170 1606,2206 1546,2206"/>
                    <TextEquiv>
                        <Unicode>und</Unicode>
                    </TextEquiv>
                    <TextStyle fontFamily="Times New Roman" fontSize="15.0"/>
                </Word>
                <Word id="w_w1aab1c29b2c11b5b2c11" language="German" custom="readingOrder {index:6;}">
                    <Coords points="1626,2167 1672,2167 1672,2204 1626,2204"/>
                    <TextEquiv>
                        <Unicode>die</Unicode>
                    </TextEquiv>
                    <TextStyle fontFamily="Times New Roman" fontSize="15.0"/>
                </Word>
                <Word id="w_w1aab1c29b2c11b5b2c19" language="German" custom="readingOrder {index:7;}">
                    <Coords points="1690,2160 1803,2160 1803,2206 1690,2206"/>
                    <TextEquiv>
                        <Unicode>Entfa¬</Unicode>
                    </TextEquiv>
                    <TextStyle fontFamily="Times New Roman" fontSize="15.0"/>
                </Word>
                <TextEquiv>
                    <Unicode>Dorfschaften Bladel und Reussel, und die Entfa¬</Unicode>
                </TextEquiv>
            </TextLine>
            <TextEquiv>
                <Unicode>gefasst haben. Die Staaten von Holland hinge¬
gen sind im Begriff, dem König die Lage der Sa¬
che so auszulegen, daß Alle böse Gerüchte, die dem
König von Feinden der Republik beygebracht wor¬
den, wie Rebel vergeben sollen.
Für den unpartheyischen Zuschauer ist es ein an¬
genehmes Schauspiel, die holländischen Blätter
von den einander entgegengesetzten Partheyen sich
darüber noch immer streiten zu sehen, ob der Frie¬
de der Republik Schaden oder Vortheil gebracht
habe. Indeß einige die ganze Welt bereden wollen,
daß die Aufopferungen der Republik ganz unbe¬
deutend und der Friede für sie wahrer Gewinn wä¬
re, behaupten andere noch immer das Gegentheil.
Um die Welt von der letztem Behauptung zu über¬
zeugen, stellt der Verfasser des Kouriers vom Nie¬
derrhein die ersten Forderungen des Kaisers mit
den Friedens-Präliminarien zusammen, aus wel¬
cher Zusammenstellung jeder leicht einsehen kann ,
welche Behauptung die Wahrheit für sich habe.
1) Verlangte der Kaiser, daß die Gränzen von
Flandern bleiben sollten, wie sie 1664 bestimmt
wurden; dieses Verlangen erfüllt der 3te Präli¬
minar-Artikel 2. 3. 4) Die Demolition der Fe¬
stungswerke von Liefkenshoek, Kruischau, Fried¬
rich-Heinrich, und Lillo, welche Schanzen der
7te und 8te Artikel nur dem Kaiser abtreten. 5)
Verlangte der Kaiser, der die Souveränität der
Schelde von Antwerpen bis Saftingen zu haben
behauptete, die Entfernung des Wachtschiffes von
Lillo, und der 6te Artikel erkennt diese Souveräni¬
tät und thut auf alle Zölle auf diesem Theil der
Schelde Verzicht. 6. und 8) Die Restkaution der
Dorfschaften Bladel und Reussel, und die Entfa¬</Unicode>
            </TextEquiv>
        </TextRegion>
        <GraphicRegion id="r_17" custom="readingOrder {index:14;}">
            <Coords points="1591,1883 1799,1883 1799,2009 1591,2009"/>
        </GraphicRegion>
        <SeparatorRegion id="r_18" custom="readingOrder {index:15;}">
            <Coords points="1,0 301,0 301,8 1,8"/>
        </SeparatorRegion>
        <SeparatorRegion id="r_19" custom="readingOrder {index:16;}">
            <Coords points="312,0 402,0 402,4 312,4"/>
        </SeparatorRegion>
        <SeparatorRegion id="r_20" custom="readingOrder {index:17;}">
            <Coords points="402,0 1167,0 1167,9 402,9"/>
        </SeparatorRegion>
        <SeparatorRegion id="r_21" custom="readingOrder {index:18;}">
            <Coords points="1172,0 1932,0 1932,10 1172,10"/>
        </SeparatorRegion>
        <SeparatorRegion id="r_22" custom="readingOrder {index:19;}">
            <Coords points="93,815 1779,789 1773,840 87,866"/>
        </SeparatorRegion>
        <SeparatorRegion id="r_23" custom="readingOrder {index:20;}">
            <Coords points="619,841 1254,841 1254,859 619,859"/>
        </SeparatorRegion>
        <SeparatorRegion id="r_24" custom="readingOrder {index:21;}">
            <Coords points="254,850 439,850 439,862 254,862"/>
        </SeparatorRegion>
        <SeparatorRegion id="r_25" custom="readingOrder {index:22;}">
            <Coords points="302,2361 362,2361 362,2362 302,2362"/>
        </SeparatorRegion>
        <SeparatorRegion id="r_26" custom="readingOrder {index:23;}">
            <Coords points="468,2360 533,2360 533,2362 468,2362"/>
        </SeparatorRegion>
        <SeparatorRegion id="r_27" custom="readingOrder {index:24;}">
            <Coords points="634,2360 698,2360 698,2362 634,2362"/>
        </SeparatorRegion>
        <SeparatorRegion id="r_28" custom="readingOrder {index:25;}">
            <Coords points="949,2359 1199,2359 1199,2362 949,2362"/>
        </SeparatorRegion>
        <SeparatorRegion id="r_29" custom="readingOrder {index:26;}">
            <Coords points="1297,2359 1527,2359 1527,2362 1297,2362"/>
        </SeparatorRegion>
        <SeparatorRegion id="r_30" custom="readingOrder {index:27;}">
            <Coords points="1561,2358 1834,2358 1834,2362 1561,2362"/>
        </SeparatorRegion>
        <SeparatorRegion id="r_31" custom="readingOrder {index:28;}">
            <Coords points="0,1681 9,1681 9,2362 0,2362"/>
        </SeparatorRegion>
        <SeparatorRegion id="r_32" custom="readingOrder {index:29;}">
            <Coords points="0,1 23,1 23,1681 0,1681"/>
        </SeparatorRegion>
        <SeparatorRegion id="r_33" custom="readingOrder {index:30;}">
            <Coords points="1919,1741 1925,1741 1925,1853 1919,1853"/>
        </SeparatorRegion>
        <SeparatorRegion id="r_34" custom="readingOrder {index:31;}">
            <Coords points="1913,51 1921,51 1921,229 1913,229"/>
        </SeparatorRegion>
        <SeparatorRegion id="r_35" custom="readingOrder {index:32;}">
            <Coords points="1925,1880 1932,1880 1932,2361 1925,2361"/>
        </SeparatorRegion>
        <SeparatorRegion id="r_36" custom="readingOrder {index:33;}">
            <Coords points="1920,507 1926,507 1926,676 1920,676"/>
        </SeparatorRegion>
        <SeparatorRegion id="r_37" custom="readingOrder {index:34;}">
            <Coords points="1926,1711 1932,1711 1932,1859 1926,1859"/>
        </SeparatorRegion>
        <SeparatorRegion id="r_38" custom="readingOrder {index:35;}">
            <Coords points="318,2360 354,2360 354,2362 318,2362"/>
        </SeparatorRegion>
    </Page>
</PcGts>
