3989 5551
312 178 1117 239 Freitag, 1. Januar 1937 Blatt 1
1601 185 2310 236 Der Zürcher Zeitung 158. Jahrgang
3012 186 3561 240 Neujahrsausgabe Nr. 1
262 254 3581 638 Neue Zürcher Zeitung
1493 658 2395 734 und schweizerisches Handelsblatt
2766 654 2953 695 Annoncen:
961 667 1267 696 1 3 6 12
496 667 743 710 Abonnemente:
931 690 1296 722 Monat Monate Monate Monate
2599 702 3347 742 Die einspaltige Grundzeile . . . . . . . . . 60 Rp.
278 713 1284 755 Zürich bei der Administration oder Ablage . . . . Fr. 2.60 6.80 12.50 25.—
2593 739 3350 774 Lokale Geschäftsempfehlungen . . . . . . . . 50 Rp.
314 747 1288 785 Durch die Austräger ins Haus gebracht . . . . . „ 3.30 8.60 16.20 31.—
1710 743 2185 795 Täglich 3 Ausgaben
2600 774 3348 809 Anzeigen ausländischen Ursprungs . . . . . . 75 Rp.
274 777 1288 815 Schweiz Bestellung beim Postbureau . . . . . . . „ 3.30 9.— 16.50 32.—
1365 808 1886 840 Redaktion u. Expedition: Falkenstr. 11
1941 806 2536 839 Druckerei: Goethestr. 10, Postcheck VIII/3144
1359 842 1889 872 Fürsorge-Abteilung: Postcheck VIII/5602
1937 839 2524 873 Administration: Theaterstr. 3, „ VIII/645
314 810 1284 844 Bezug unter Briefadresse (Streifband) . . . . „ 4.— 11.50 22.50 44.—
2597 807 3348 843 Reklamen per Zeile . . . . . . . . . . . . Fr. 2.50
271 839 902 866 Ausland (ausgen. Brit. Reich u. U.S.A.) Bestellung
364 859 905 887 und Auskunft über Preis beim Postbureau
2763 848 3565 887 Annoncen-Abteilung: Theaterstr. 3, Postcheck Nr. VIII/1264
2957 885 3288 921 Filiale: Bahnhofstr. 70
310 884 1283 920 Bezug unter Privatadresse (Streifband) „ 6.50 18.— 34.50 68.—
1519 879 2387 922 Telephon: 27.100, Hauptpostfach Nr. 660 und 922
440 1011 878 1081 Jahreswende

309 1089 1064 1146 Das siebente Krisenjahr geht zu Ende, und
251 1137 1064 1194 wenn wir uns der biblischen Ueberlieferung von
250 1175 1062 1237 den sieben magern Jahren in Aegypten er¬
254 1222 1063 1282 innern, möchte man hoffen, daß es auch das
255 1266 1061 1326 Ende der Krise bedeute. Die Anzeichen einer Er¬
250 1311 1063 1374 holung der Weltwirtschaft sind tatsächlich unver¬
253 1357 1063 1417 kennbar, und es ist kaum zu bezweifeln, daß der
251 1403 1063 1459 Genesungsprozeß noch schneller und wirksamer
251 1446 1059 1505 fortschreiten würde, wenn nicht die heillose Un¬
254 1493 1064 1552 sicherheit aus politischem Gebiete der so notwen¬
247 1539 1058 1595 digen Rückkehr des Vertrauens zwischen den
251 1582 1061 1641 Völkern im Wege stünde. Die Erschütterung der
247 1628 1061 1688 Verträge, die Schwäche des Völkerbundes, die
250 1674 1060 1731 militaristische Machtpolitik und im Zusammen¬
247 1719 1060 1775 hang damit die Verkrampfung in den Autarkie¬
248 1778 338 1816 wahn
354 1779 470 1818 nähren
487 1779 532 1810 die
548 1780 656 1819 Furcht
674 1787 728 1812 vor
744 1781 840 1814 einem
855 1792 950 1814 neuen
963 1784 1061 1822 Krieg,

246 1806 1063 1865 für den sich alle Staaten, die großen wie die
247 1853 1060 1910 kleinsten, nach Kräften rüsten, auch wenn
247 1896 1060 1956 sie von der Ueberzeugung nicht lassen wollen,
248 1944 1059 1999 daß diese grauenhafte Katastrophe vermieden
248 2004 365 2034 werden
386 2004 477 2036 könne
496 2006 558 2036 und
579 2006 678 2044 müsse.
718 2006 791 2040 „Tie
812 2007 946 2038 Staaten
966 2008 1061 2045 haben

245 2032 1061 2089 heute aus ihren Existenzmitteln eine Organisa¬
247 2077 1060 2133 tion der Sünde gemacht," sagt ein katholischer
247 2123 1062 2179 Schriftsteller im Blick auf die Möglichkeit, daß
248 2182 321 2221 diese
339 2184 600 2223 ungeheuerlichen
619 2186 871 2223 Machtapparate
888 2191 947 2217 von
966 2187 1061 2218 einem

247 2214 1060 2267 Tag auf den andern aufeinander losgehen
248 2258 1057 2312 könnten. „Die Welt und die Seelen sind in eine
247 2304 1061 2359 Zone der Gefahr und der Nacht eingetreten, in
245 2363 296 2393 der
312 2363 347 2400 sic
362 2364 412 2394 der
427 2364 507 2401 Geist
522 2365 574 2396 des
591 2365 788 2403 Wahnwitzes
805 2367 866 2396 und
883 2366 928 2397 die
944 2367 1059 2397 andern

246 2391 1058 2447 finstern Geister leicht angreifen können." Dem
246 2437 1058 2492 Theologen, der in seiner Zunge solche beäng¬
245 2482 1062 2537 stigende Wahrheiten sagt, wird kein Sehender
243 2526 1054 2581 widersprechen. Was der „Geist des Wahnwitzes"
246 2569 1056 2626 vermag, wenn er die Seelen ergreift, zeigen
245 2634 306 2662 uns
336 2632 382 2663 die
402 2633 514 2664 Greuel
545 2633 597 2664 des
629 2633 794 2672 spanischen
816 2634 1058 2672 Bürgerkrieges,

244 2677 295 2707 der
311 2677 360 2714 für
371 2677 494 2715 Europa
511 2685 544 2715 zu
560 2677 656 2709 einem
672 2678 867 2717 gefährlichen
878 2680 1058 2717 Brandherd

244 2705 1058 2758 geworden ist, an dem sich die ideologischen und
246 2749 1058 2804 machtpolitischen Gegensätze stets von neuem ent¬
245 2792 419 2845 zünden ...
2337 1869 2362 1920 ⁕
302 2839 1056 2894 So tritt auch am Tage der Jahreswende
246 2884 1056 2940 alles andere weit zurück vor der einen Frage,
245 2928 1058 2983 die zugleich die Schicksalsfrage Europas und
244 2973 1060 3029 der abendländischen Kultur ist: Krieg oder Frie¬
245 3034 317 3064 den?
352 3034 410 3066 Die
436 3035 467 3066 in
491 3035 538 3066 die
562 3037 692 3074 Zukunft
718 3036 883 3074 spähenden
908 3037 1058 3075 Sibyllen,

245 3078 332 3109 deren
357 3079 466 3110 Orakel
489 3080 535 3111 die
559 3081 727 3119 Zeitungen
752 3082 802 3112 der
825 3082 1058 3113 ViNe-Dumiörc

246 3108 1055 3163 auf diesen Tag hin nicht missen wollen, haben
244 3152 1056 3210 mit auffallender Uebereinstimmung die Gefahr
244 3198 1056 3253 eines „großen" Krieges für 1937 verneint und
244 3243 1059 3299 auf die bange Frage die Antwort gegeben, die
245 3303 301 3334 das
317 3303 478 3341 Publikum
497 3310 555 3336 von
573 3305 662 3343 ihnen
680 3307 836 3337 erwartete
853 3309 914 3338 und
932 3307 977 3338 die
993 3307 1056 3338 eine

245 3330 1056 3388 ganze Menschheit von der Zukunft erfleht. Nicht
245 3380 1056 3433 im Spruch der Kristallbeschauerinnen, aber in
244 3421 1054 3478 dem diesen Spruch fordernden Friedenswillen
244 3468 1055 3523 ist die Hoffnung beschlossen, daß der Krieg, den
244 3512 1056 3568 alle fürchten, vermieden werden kann, wenn die
242 3556 1055 3614 Staatsmänner ihrer Verantwortung bewußt
244 3600 1055 3658 sind und die Regierungen — wie kürzlich der
246 3645 1053 3701 deutsche Propagandaminister so schön sagte —
246 3705 308 3743 ihre
327 3707 434 3738 Völler
454 3715 519 3745 zum
539 3707 665 3747 Frieden
684 3709 822 3747 erziehen.
863 3711 933 3742 Wer
953 3710 1056 3742 könnte

247 3735 1053 3792 sich den Wunsch nach Erhaltung des Friedens
246 3795 286 3827 im
303 3804 396 3827 neuen
412 3797 494 3835 Jahr
512 3797 701 3837 aufrichtiger
719 3807 752 3837 zu
770 3799 852 3837 eigen
870 3801 987 3837 machen
1006 3802 1055 3831 als

245 3841 332 3879 unser
356 3841 464 3873 kleines
487 3842 578 3876 Land,
612 3844 678 3876 das.
714 3844 755 3875 im
778 3844 888 3883 Herzen
913 3846 1055 3883 Europas

247 3870 1050 3927 gelegen, mit den großen Kulturen Europas eng
245 3913 1053 3970 verbunden, schon den Gedanken eines neuen
1104 970 1908 1021 Krieges als Verbrechen an der abendländischen
1102 1013 1770 1064 Schicksalsgemeinschaft empfinden muß?
1159 1151 1227 1182 Das
1266 1148 1496 1188 Schweizcrvolk
1534 1149 1586 1187 hat
1625 1148 1667 1179 im
1706 1155 1911 1186 vergangenen

1104 1175 1909 1225 Jahre der bereits weichenden Weltwirtschafts¬
1102 1218 1911 1270 krise noch einen schmerzlichen Tribut zollen
1101 1262 1909 1312 müssen. Die Schwierigkeiten der Durchführung
1101 1304 1909 1356 einer genügenden Anpassung an den Weltmarkt,
1102 1347 1908 1397 die vielleicht identisch sind mit der seinerzeit von
1100 1390 1910 1441 einem dänischen Völkerbundsdelegierten in Genf
1105 1432 1910 1482 proklamierten Unmöglichkeit einer massiven Ab¬
1101 1475 1910 1527 baupolitik in der Demokratie, machten sich in
1099 1517 1909 1569 der ersten Jahreshälfte zusehends stärker gel¬
1099 1561 1908 1611 tend, und während das wirtschaftliche Leben des
1098 1603 1908 1653 Landes asthmatisch zu werden drohte, verbrei¬
1099 1645 1908 1697 tete sich im Volke ein tiefes Unbehagen ob der
1101 1688 1910 1738 scheinbar ausweglosen Situation. In dieser
1096 1730 1908 1781 Lage bedeutete die Kunde von der französischen
1099 1772 1908 1824 Abwertung eine neue Hiobsbotschaft für unsere
1101 1813 1908 1866 schwer ringende Wirtschaft und eine Gefahr für
1099 1858 1909 1909 die Währung, die wir bisher den Beispielen
1103 1901 1909 1952 fünfzig anderer Länder zum Trotz aufrechterhal¬
1100 1942 1910 1994 ten hatten. Der Bundesrat, dem der Ernst der
1098 1984 1909 2036 Stunde bewußt war, handelte; er beschloß die
1097 2029 1907 2080 Abwertung des Schweizerfrankens, und zwar
1097 2071 1909 2123 nicht nur, um unsere Währung dem sicher zu
1098 2130 1304 2160 erwartenden
1323 2137 1417 2159 neuen
1434 2128 1577 2166 Ansturm
1593 2130 1644 2160 der
1659 2129 1859 2166 Spekulation
1876 2137 1908 2166 zu

1101 2156 1911 2207 entziehen, sondern vor allem auch aus wirt¬
1097 2198 1912 2251 schaftlichen Ueberlegungen heraus, die ihm in
1097 2241 1910 2292 diesem Augenblick die Durchführung der An¬
1097 2283 1907 2335 passung durch die Wechselkurssenkung zu gebie¬
1097 2325 1910 2379 ten schienen. Der Abwertungsbeschluß vom
1096 2368 1910 2421 26. September ist das große innenpolitische Er¬
1097 2410 1907 2462 eignis des Jahres 1936; das Festhalten des Ab¬
1096 2453 1909 2506 wertungsvorteils als der Voraussetzung für
1095 2496 1907 2548 den Wiederaufschwung unserer Wirtschaft bildet
1093 2538 1909 2591 das Problem des Jahres 1937. Technisch ist
1093 2581 1908 2633 die Operation, nicht zuletzt dank der Ruhe und
1092 2625 1906 2678 Besonnenheit des Schweizervolkes, gelungen;
1095 2667 1907 2720 um ihre günstigen Auswirkungen auf die Wirt¬
1096 2707 1908 2761 schaft zu sichern, wird es aber gerade in der
1094 2752 1906 2805 nächsten Zukunft der Aufbietung aller behörd¬
1099 2794 1904 2848 lichen Energien und staatsbürgerlichen Tugen¬
1095 2853 1159 2885 den.
1195 2853 1240 2884 die
1266 2853 1297 2884 in
1322 2854 1376 2884 den
1410 2852 1554 2891 kritischen
1580 2854 1847 2892 Septcmbcrtagen
1874 2855 1904 2884 in

1093 2881 1905 2932 Erscheinung getreten sind, in doppelter Weise
1097 2923 1901 2975 bedürfen. Die Abwertung des Schweizer¬
1097 2964 1902 3017 frankens muß ein einmaliges Ereignis bleiben,
1095 3009 1903 3059 und insbesondere gilt es dem Ausland zu zei¬
1098 3052 1903 3103 gen, daß Schweizerarbeit auch nach der Abwer¬
1094 3095 1903 3145 tung immer noch ans Gold des soliden Schwei¬
1094 3136 1462 3188 zersinns gebunden ist.
1150 3196 1902 3246 Ueberschattet wird jedoch auch dieses Er¬
1092 3239 1903 3290 eignis in der Wirkung auf das Gemüt unseres
1091 3279 1905 3332 Volkes von dem kontinuierlichen seelischen Er¬
1092 3323 1905 3376 leben der unmittelbaren Existenzbedrohung des
1091 3365 1899 3418 eigenen Staates durch die in der jüngsten Ver¬
1092 3409 1903 3460 gangenheit mehrfach bis zur Zerreißprobe ge¬
1092 3452 1900 3503 diehenen internationalen Spannungen. Wäh¬
1093 3493 1900 3545 rend in ruhigen Zeiten der elementarste Zweck
1089 3536 1902 3588 des Staates, den unsere Bundesverfassung mit
1091 3578 1900 3632 den lapidaren Worten „Behauptung der Unab¬
1090 3621 1899 3672 hängigkeit des Vaterlandes gegen außen" kenn¬
1091 3664 1900 3717 zeichnet, im Bewußtsein der Bürger als unan¬
1090 3706 1903 3760 gefochtene und deshalb nicht aktuelle Selbstver¬
1089 3747 1901 3803 ständlichkeit ruht, fühlt heute das Schweizer¬
1092 3808 1156 3837 volk
1183 3808 1237 3838 mit
1264 3807 1345 3838 einer
1370 3806 1536 3845 Intensität
1563 3808 1619 3839 wie
1645 3808 1731 3840 kaum
1758 3809 1784 3846 je
1812 3816 1901 3846 zuvor

1092 3835 1901 3889 die Notwendigkeit, sein ganzes Leben nach dem
1095 3877 1900 3932 Ziel der staatlichen Existenzbehauptung ausze¬
1092 3921 1900 3972 richten und dadurch die unerschütterte Lebens¬
1947 971 2756 1022 kraft des eidgenössischen Bundes vor der Welt
1947 1014 2753 1065 zu bezeugen. Das im politischen Kampf der
1948 1056 2758 1109 letzten Jahre viel mißbrauchte Wort, daß im
1947 1099 2755 1152 Völkerleben keine Leichname geduldet werden,
1946 1142 2755 1194 darf in diesem Zusammenhang auch einmal
1960 1184 2755 1237 zitiert werden, wenn es keinen gehässigen Vor¬
1948 1227 2756 1279 wurf, sondern die freudige Anerkennung der
1949 1269 2754 1322 vom Schweizervolk durch die Aufbringung
1946 1311 2757 1364 der gewaltigen Mittel für die Verstärkung
1946 1355 2758 1407 der Landesverteidigung bewiesenen lebendigen
1949 1399 2759 1450 Staatsgesinnung enthält. Die Ueberzeichnung
1947 1456 1997 1486 der
2018 1456 2228 1494 Wehranlcihc
2247 1464 2300 1486 um
2321 1456 2447 1493 hundert
2467 1456 2630 1488 Millionen
2650 1458 2754 1488 mitten

1948 1482 2756 1535 in den Abwertungswochen ragt als Fanal
1948 1525 2754 1577 vaterländischer Opferbereitschaft, die bei einem
1948 1568 2754 1619 Angriff von außen mit dem Gut willig und
1946 1611 2752 1664 entschlossen auch das Blut zum Schutze der
1946 1654 2755 1705 Grenzen einsetzen würde, über alle Kümmernisse
1946 1696 2754 1747 des Alltags empor, und diese heilige Flamme
1945 1738 2752 1791 wird dem Schweizervolk auch im Jahre 1937
1946 1781 2755 1834 auf der Reise eines Wanderers in der Nacht der
1945 1821 2334 1875 Zukunft voranleuchten.
2004 1937 2164 1975 Versuchen
2195 1937 2261 1970 wir,
2290 1937 2335 1967 die
2354 1937 2579 1976 mannigfachen
2599 1938 2755 1976 Aufgaben

1946 1979 2252 2018 zusainincnzufassen,
2291 1979 2336 2010 die
2376 1980 2497 2019 unseres
2537 1981 2654 2012 Landes
2694 1982 2755 2011 und

1947 2022 2054 2053 Volkes
2074 2022 2115 2053 im
2133 2031 2228 2053 neuen
2247 2023 2345 2060 Jahre
2363 2024 2489 2056 warten,
2507 2024 2535 2059 so
2556 2024 2631 2054 kann
2650 2027 2682 2054 cs
2701 2024 2754 2053 mit

1947 2048 2755 2101 der schlichtesten Formel geschehen — sie heißt:
1947 2093 2752 2143 Bewährung der Demokratie. Bewährung nach
1947 2135 2753 2185 außen im nie erlahmenden Kampfe um die Be¬
1945 2178 2753 2229 hauptung unserer Unabhängigkeit, Bewährung
1946 2220 2758 2270 im Innern durch Gestaltung des staatlichen Zu¬
1946 2263 2755 2313 sammenlebens im eidgenössischen Geiste, der
1947 2306 2755 2358 keine Schranken der Rasse, Sprache, Konfession
1945 2348 2757 2400 oder Weltanschauung anerkennt. Die Schweiz
1943 2390 2754 2442 ist eine freiheitliche Demokratie, und bei allen
1943 2434 2755 2485 Veränderungen der Umwelt will und muß sie
1943 2475 2754 2526 es bleiben, wenn sie sich selbst und ihr Existenz¬
1947 2519 2755 2570 recht nicht aufgeben will; als Demokratie aber
1948 2562 2754 2612 hat sie sich heute, in schwerer und gefahrvoller
1950 2604 2753 2656 Zeit, stets von neuem zu bewähren, wenn das
1944 2664 2009 2695 Rad
2034 2665 2085 2694 der
2107 2663 2263 2702 Geschichte
2286 2663 2360 2698 nicht
2385 2664 2457 2694 über
2481 2664 2516 2702 sie
2540 2664 2753 2703 hinwcgrvllen

1946 2690 2753 2740 soll. Der ewige Pendelschlag zwischen den bei¬
1944 2733 2755 2784 den politischen Polen „Freiheit" und „Ord¬
1942 2777 2751 2828 nung" hat seit dem Weltkriege Maß und Rhyth¬
1943 2818 2749 2869 mus verloren; in heftigen Ausschlägen, die Ord¬
1942 2861 2750 2912 nung ohne Freiheit oder das Gegenteil, Frei¬
1939 2902 2754 2954 heit ohne Ordnung, also die Anarchie bedeuten,
1942 2944 2750 2997 folgt er der Fieberkurve der durch den Krieg
1943 2987 2751 3039 geschwächten Völker. Das Problem und zu¬
1939 3030 2751 3081 gleich die Existenzfrage der kleinen, im Zentrum
1940 3070 2752 3126 der großen Umwälzungen gelegenen Schweiz ist
1938 3114 2751 3167 der Ausgleich zwischen Freiheit und Ordnung
1938 3156 2751 3210 in der Demokratie — der Ausgleich in der
1938 3200 2752 3253 Staatsform, von der wir überzeugt sind, daß
1941 3240 2747 3294 sie schließlich doch das beste Mittel darstellt, die
1941 3299 2042 3331 beiden
2074 3300 2248 3337 Prinzipien
2289 3300 2491 3332 miteinander
2522 3310 2556 3338 zu
2587 3302 2749 3339 versöhnen

1940 3328 2748 3379 und eine höhere Form menschlichen Zusammen¬
1938 3369 2749 3422 lebens zu verwirklichen. Weil aber die Demo¬
1939 3412 2750 3465 kratie auch immer die natürliche Tendenz hat,
1938 3454 2748 3508 die Ordnung der Freiheit hintanzustellen, muß
1939 3497 2746 3550 heute, an der Schwelle eines neuen Jahres, noch
1938 3539 2747 3592 einmal gesagt werden, daß wir die vom Sturm
1937 3581 2749 3634 der Zeit umtobte Schweizerfreiheit nur durch
1939 3640 2090 3680 Ordnung
2115 3642 2177 3672 und
2202 3640 2348 3678 Disziplin
2384 3641 2478 3673 retten
2504 3643 2631 3673 werden.
2667 3643 2748 3678 Nicht

1938 3683 2027 3713 unter
2045 3684 2123 3714 allen
2145 3683 2323 3720 Umständen
2345 3685 2395 3714 der
2416 3684 2748 3722 svrmaldcmokratische

1937 3725 2166 3765 Jnstanzcnzug,
2193 3726 2264 3757 aber
2290 3727 2340 3756 der
2366 3726 2446 3763 Geist
2471 3727 2531 3757 und
2557 3727 2670 3765 Inhalt
2698 3729 2747 3757 der

1937 3767 2126 3799 Demokratie
2151 3768 2223 3806 muß
2247 3768 2288 3799 im
2311 3769 2448 3806 Handeln
2473 3769 2523 3800 der
2546 3770 2747 3808 Regierenden

1938 3792 2743 3847 stets gewahrt werden; eine substantiell demo¬
1939 3852 2070 3890 kratische
2091 3853 2203 3890 Politik
2221 3853 2297 3884 wird
2320 3857 2380 3885 uns
2402 3853 2471 3888 auch
2494 3854 2533 3885 im
2554 3854 2652 3893 Jahre
2675 3856 2746 3885 1937

1937 3895 2015 3926 allen
2037 3895 2293 3933 Schwierigkeiten
2316 3897 2377 3927 und
2400 3896 2549 3935 Gefahren
2572 3900 2746 3935 gewappnet

1937 3938 2173 3976 entgcgcntrctc»
2195 3938 2294 3975 lasten.

2852 1020 2916 1050 Tic
2960 1020 3085 1056 nächste
3128 1020 3290 1056 Ausgabe
3334 1021 3493 1056 erscheint
3538 1028 3592 1050 am

2793 1067 2826 1097 2.
2854 1067 2999 1103 Januar
3027 1067 3325 1103 (Bcrchtoldstag)
3355 1076 3410 1097 um
3440 1067 3477 1097 11
3512 1067 3593 1101 Uhr.

2793 1197 2883 1246 Die
2897 1196 3074 1254 Politik
3088 1197 3169 1244 des
3184 1197 3432 1244 Kabinetts
3448 1195 3594 1244 Blum

2852 1276 3597 1316 Paris, 31. Dez. (Tel. unseres -Korr.) Es
2793 1314 3594 1356 war geschrieben, daß das Jahr 1936 für die
2793 1356 3593 1394 Diplomatie Frankreichs mit einer letzten Ent¬
2793 1391 3596 1434 täuschung enden müsse. Die erhoffte Annäherung
2796 1434 3593 1470 Italiens an die Westmächte in der Spanien¬
2795 1460 3593 1510 frage hat sich als ein Trugschluß erwiesen,
2793 1516 2854 1545 und
2890 1514 2934 1545 die
2969 1514 3278 1552 französisch-britische
3312 1513 3476 1551 Initiative
3510 1514 3596 1547 droht

2793 1553 2913 1591 negativ
2928 1562 2961 1591 zu
2977 1555 3077 1583 enden.
3103 1553 3163 1583 Der
3180 1553 3211 1583 in
3228 1554 3277 1583 der
3292 1551 3487 1588 italienischen
3501 1551 3597 1590 Presse

2796 1574 3596 1628 seit zwei Tagen angeschlagene Ton ließ eine aber¬
2794 1615 3596 1667 malige Schwenkung Mussolinis nach der Seite
2794 1654 3591 1704 Hitlers ahnen. Es zeigt sich, daß die Unterredung
2790 1692 3592 1743 des deutschen Botschafters v. Hassell mit Graf
2793 1731 3592 1783 Ciano Italien wieder vollständig für den Kampf
2793 1769 3595 1822 gegen den Kommunismus in Spanien mobilisiert
2794 1807 3594 1860 und zur Ablehnung jeder Regelung der Frei¬
2793 1863 3009 1902 willigcnsrage
3031 1865 3169 1901 bewogen
3192 1864 3252 1898 hat.
3283 1862 3330 1893 Ob
3353 1862 3434 1892 dabei
3458 1861 3597 1896 wirkliche

2793 1903 2978 1940 Drohungen
3012 1903 3084 1933 über
3118 1901 3165 1932 ein
3199 1901 3422 1939 beschleunigtes
3455 1901 3597 1937 deutsches

2793 1926 3596 1976 Vordringen in Mitteleuropa mitgespielt haben,
2792 1963 3594 2016 wie sich ein Teil der französischen Presse trösten
2793 2002 3596 2053 zu können glaubt, bleibe dahingestellt. Für die
2794 2040 3594 2091 Freiwilligen-Entsendungen in Deutsch¬
2792 2077 3594 2131 land scheinen Versprechungen Francos für
2790 2117 3594 2170 deutsche Vorteile in Marokko eine Rolle zu spielen.
2793 2156 3597 2208 Die deutsche und die italienische Note, deren
2792 2212 3045 2256 Argumentation
3061 2212 3198 2249 vielleicht
3213 2211 3286 2245 nicht
3301 2211 3512 2255 grundlätzlich.
3526 2210 3597 2240 aber

2794 2234 3593 2287 auf jeden Fall faktisch auf Ablehnung hinaus¬
2793 2290 2894 2328 laufen
2925 2290 3031 2325 dürste,
3061 2291 3178 2320 werden
3209 2289 3283 2327 nicht
3314 2294 3368 2319 vor
3398 2290 3447 2319 der
3477 2287 3596 2326 zweiten

2793 2311 3593 2361 Januarwoche erwartet. Da der 10. Januar den
2790 2351 3592 2402 letzten Termin für die Annahme des französisch¬
2790 2389 3594 2442 britischen Vorschlages bildet, fällt auf diese Weise
2792 2446 2836 2476 die
2853 2454 2942 2484 ganze
2958 2445 3063 2476 Aktion
3082 2445 3183 2482 dahin.
3209 2444 3265 2475 Die
3281 2443 3394 2479 Mächte
3410 2445 3524 2474 werden
3540 2447 3595 2472 vor

2793 2484 2872 2515 einer
2899 2493 2994 2515 neuen
3022 2483 3185 2515 Situation
3214 2483 3316 2521 stehen,
3344 2484 3392 2512 der
3420 2481 3595 2520 wenigstens

2792 2523 3052 2561 Großbritannien
3077 2522 3133 2553 mit
3157 2522 3251 2553 einen,
3276 2521 3406 2559 gewissen
3432 2520 3594 2554 Gleichmut

2791 2562 3051 2600 cntgegenzusehen
3064 2561 3175 2599 scheint.
3199 2560 3291 2592 Seine
3303 2559 3411 2597 Politik
3423 2559 3456 2596 ist
3468 2559 3517 2596 seit
3529 2560 3592 2589 dem

2792 2601 2994 2632 Gentlemcn's
3025 2600 3201 2639 Agreement
3230 2599 3301 2630 über
3331 2599 3386 2628 das
3414 2598 3593 2628 Mittelmeer

2792 2640 3024 2679 selbstbewußter
3041 2640 3206 2676 geworden.

2844 2662 3590 2715 Innenpolitisch bringt die Beilegung des
2792 2701 3590 2756 Streiks der Nahrungsmittelbe¬
2789 2740 3589 2793 triebe eine kleine Erleichterung über die
2787 2780 3588 2833 Neujahrstage. Auch wollte sich der Innenmini¬
2787 2819 3588 2871 ster Dormoy durch die manu militari vorgenom¬
2787 2857 3589 2911 mene Räumung einer Anzahl besetzter Be¬
2789 2915 2880 2945 triebe
2897 2915 2945 2945 ein
2961 2916 3048 2953 gutes
3065 2913 3201 2953 Zeugnis
3219 2913 3383 2945 verdienen.
3404 2912 3456 2944 Dir
3471 2912 3590 2944 Blatter

2787 2953 3051 2992 beglückwünschen
3067 2953 3119 2991 ihn
3136 2962 3169 2991 zu
3185 2952 3287 2990 diesem
3303 2951 3483 2990 Energieakt.
3498 2950 3590 2987 dessen

2786 2974 3585 3028 unblutiger Verlauf beweise, daß man den Arbei¬
2788 3032 2852 3062 tern
2875 3040 2934 3061 nur
2956 3031 3001 3062 die
3023 3030 3183 3063 Autorität
3204 3030 3298 3069 zeigen
3321 3030 3417 3066 müsse,
3439 3028 3532 3060 damit
3553 3028 3588 3064 sie

2790 3051 3587 3105 sich willig fügten. Der Senat seinerseits hat bei
2786 3092 3585 3143 der Beratung der obligatorischen Schieds¬
2787 3130 3587 3183 gerichtsbarkeit dem Ministerpräsidenten eine
2787 3169 3584 3221 Konzession gemacht, indem ihm, dem Minister¬
2787 3206 3583 3260 präsidenten, die Ernennung des obersten
2785 3246 3584 3297 Schiedsrichters anheimgestellt ist, statt, wie es
2787 3303 2836 3332 der
2867 3304 2966 3334 Senat
2994 3302 3096 3340 bisher
3122 3302 3258 3339 verlangt
3286 3301 3373 3336 hatte,
3404 3302 3464 3331 dem
3493 3299 3584 3335 ersten

2788 3325 3587 3376 Präsidenten des Kassationsgerichts. Das Bud¬
2785 3364 3583 3415 get wird noch den ganzen Tag zwischen dem
2788 3401 3581 3452 Palais Bourbon und dem Luxembourg hin- und
2784 3441 3579 3492 herwandern. Die Kammer hat es in dieser Nacht
2784 3478 3581 3532 in zweiter Lesung angenommen, so daß vor den
2783 3515 3580 3569 Neujahrstagen das Gesetz wohl votiert sein
2780 3555 3579 3609 wird. Die Regierung Blum hat damit wenig¬
2785 3593 3578 3646 stens einen provisorischen Budgetzwölftel ver¬
2782 3634 3576 3686 mieden. Die Fiskalreform wird heute noch zwi¬
2785 3672 3579 3725 schen dem Senat und der Kammer zu Aus¬
2783 3711 3427 3763 einandersetzungen Veranlassung geben.
2918 3803 3104 3839 Räumung
3122 3803 3268 3838 besetzter
3286 3801 3446 3831 Betriebe

2842 3866 2945 3903 Paris,
2962 3868 3006 3895 01.
3023 3865 3087 3901 Dez.
3105 3869 3135 3902 pt
3152 3864 3211 3895 Der
3228 3863 3327 3894 Streik
3343 3861 3373 3893 in
3391 3863 3443 3893 den
3461 3861 3582 3900 Pariser

2781 3885 3576 3940 Nahrungsmittelbetrieben ist be¬
2783 3944 2912 3975 endet.
2951 3943 3007 3974 Die
3037 3941 3170 3973 Arbeiter
3199 3941 3259 3971 und
3290 3939 3334 3970 die
3367 3940 3579 3977 Ilnternehmer

244 4084 258 4110 i

479 4050 815 4116 Feuilleton

796 4103 1052 4154 Nachdruck verboten
454 4162 522 4197 Die
539 4163 615 4206 Uhr
632 4164 702 4198 tickt
719 4165 845 4199 weiter

335 4224 439 4253 Noinan
454 4231 505 4252 von
529 4225 737 4254 Valentine
760 4225 960 4256 Williams

286 4253 1003 4310 Autorisierte Uebersetzung von Felix Beran
291 4314 1048 4368 Nach fünf Tagen Fahrt von Southampton pflügte
240 4350 1051 4405 die „Megantic", den Schnabel auf New York gerichtet,
242 4409 290 4435 das
311 4408 440 4443 friedliche
459 4410 543 4437 Meer.
572 4411 608 4439 Es
627 4416 685 4438 >var
705 4410 800 4443 neblig,
820 4411 873 4437 und
893 4411 933 4438 die
953 4411 1052 4440 Sirene

242 4448 286 4474 des
306 4447 403 4481 grosicn
424 4448 570 4481 Dampfers
592 4449 679 4482 sandte
699 4454 750 4477 von
769 4448 825 4482 Zeit
845 4455 877 4482 zu
897 4449 954 4482 Zeit
975 4450 1050 4483 ihren

241 4467 1052 4521 klagenden Ruf dröhnend durch die Juninacht. Das
241 4524 395 4558 Abcndcssc»
414 4530 471 4552 war
488 4525 557 4559 schon
573 4526 619 4560 seit
633 4526 706 4554 einer
722 4526 825 4554 Stnndc
840 4525 938 4556 vorbei,
954 4529 1008 4554 und
1023 4529 1051 4554 eS

242 4564 332 4590 wurde
352 4563 388 4590 im
407 4563 505 4597 großen
525 4564 595 4592 Saal
615 4566 725 4599 getanzt.
753 4564 803 4592 Tie
821 4564 940 4592 Männer
959 4570 1049 4592 waren

240 4582 1048 4636 in der Rancherkabine ganz unter sich in der vom Tabak¬
242 4621 1049 4674 ranch geschwängerten Luft und dem Gemurmel nichts¬
241 4676 364 4711 sagender
378 4679 582 4712 Bemerkungen.

291 4716 356 4744 Bier
370 4723 415 4745 um
430 4716 504 4745 einen
520 4717 621 4752 Ecktisch
637 4718 737 4752 sitzende
751 4717 892 4752 Fahrgäste
905 4716 1049 4747 verhielten

243 4754 285 4788 sich
307 4754 466 4789 schivcigcnd.
497 4755 578 4784 Einer
600 4757 645 4784 der
667 4757 794 4786 Männer,
816 4755 878 4789 seist,
899 4754 1049 4790 kahlköpfig,

241 4793 281 4820 die
297 4793 388 4827 Augen
406 4794 469 4821 über
486 4794 533 4821 den
550 4794 803 4828 Zigarrenstummel
821 4794 941 4828 gehoben,
958 4795 1004 4820 den
1023 4802 1049 4821 »r

238 4810 1049 4864 zwischen den Zähnen hielt, las einen Roman. Ihm
240 4850 1049 4903 gegenüber am Tisch studierte der zweite eine wissen¬
238 4889 1050 4942 schaftliche Wochenschrift, während sich der dritte an
239 4948 323 4977 einem
333 4949 498 4983 Kartenspiel
516 4952 659 4985 vergnügte
676 4952 729 4978 und
746 4952 790 4978 der
809 4950 890 4978 vierte
901 4950 989 4977 Alaun
1005 4956 1049 4977 am

239 4968 1048 5019 Tisch, ein Jüngling mit Augengläsern, nachdenklich
238 5005 1047 5056 seine Pfeife rauchte und vor sich hin ins Leere starrte.
289 5064 345 5092 Mit
366 5064 450 5092 einem
470 5065 574 5100 Schlag,
594 5067 640 5093 der
657 5066 697 5094 die
715 5067 814 5094 Karten
833 5067 924 5098 tanzen
946 5064 1049 5098 machte,

239 5081 1048 5136 schloß der Mann mit der Glatze sein Buch und warf es
239 5120 1049 5174 vor sich auf den Tisch. „Quatsch!" rief er ärgerlich. Der
239 5158 1050 5212 Patiencespieler sah zu ihm auf. „Ruhig Blut, Sir
241 5199 703 5250 Alfred!" brummte er scherzend.
296 5236 1046 5287 Der andere schnaubte: „Tut mir leid, Reardon, es
240 5274 1048 5327 wird aber heutzutage wirklich ein solcher Schund
1089 4012 1895 4063 gedruckt! Ich glaube, ich könnte selbst einen bessern
1087 4048 1638 4100 Kriminalroman zusammenschmieren!"
1141 4087 1896 4140 Er sah sich nach Zuhörern um, und da der junge
1088 4144 1177 4172 Man»
1203 4144 1253 4172 mit
1277 4146 1320 4171 der
1344 4144 1427 4177 Pfeife
1452 4143 1497 4177 ihn
1521 4145 1717 4179 einigermaßen
1743 4145 1897 4179 interessiert

1087 4182 1178 4216 ansnh,
1202 4182 1304 4217 richtete
1327 4190 1355 4209 er
1379 4182 1447 4216 seine
1470 4182 1666 4217 Bemerkungen
1690 4191 1725 4211 an
1751 4184 1805 4217 ihn.
1832 4184 1896 4215 „Ein

1087 4204 1892 4255 Großunternehmer, wie ich," meinte er wichtigtuerisch,
1087 4242 1894 4293 „muß seine Leute durchschauen können, verstehen Sie?
1086 4282 1897 4336 Ich bilde mir ein, daß mir ein Blick genügt, um mir
1086 4342 1137 4364 von
1157 4338 1202 4364 der
1221 4337 1345 4370 Eignung
1363 4335 1436 4365 eines
1454 4336 1572 4365 Mannes
1592 4339 1639 4365 das
1660 4337 1764 4372 richtige
1782 4338 1846 4366 Bild
1865 4345 1895 4372 zu

1086 4375 1197 4408 machen.
1226 4376 1272 4409 Ich
1293 4375 1440 4409 beschäftige
1460 4374 1524 4403 über
1545 4376 1775 4410 vierzchntauscnd
1796 4377 1896 4404 Leute",

1084 4396 1895 4447 er blähte sich sichtlich auf, „und ich prüfe ihre Persön¬
1085 4433 1895 4486 lichkeit, erhalte regelmäßig Bericht über jeden ein¬
1084 4472 1893 4526 zelnen, und sobald ich einen Mann oder auch ein
1087 4529 1304 4563 Frauenzimmer
1337 4529 1453 4559 entdecke,
1487 4529 1535 4557 das
1567 4529 1637 4563 Hirn
1672 4530 1707 4557 im
1740 4530 1807 4564 Kopf
1844 4531 1895 4563 hat,

1082 4551 1892 4601 befördere ich sie. Ich bin von Birmingham, und alle
1085 4605 1170 4634 meine
1186 4606 1305 4640 Freunde
1321 4607 1379 4633 dort
1395 4606 1498 4633 werden
1514 4606 1605 4640 Ihnen
1621 4606 1769 4640 bestätigen,
1785 4607 1834 4641 daß
1849 4607 1895 4641 Als

1085 4644 1194 4673 Wclloiv
1213 4645 1254 4672 ein
1274 4645 1337 4677 recht
1356 4645 1431 4678 guter
1448 4645 1679 4678 Menschenkenner
1700 4644 1738 4678 ist.
1764 4645 1810 4679 Ich
1829 4646 1894 4673 kann

1086 4665 1893 4719 gar nicht mehr anders, bin schon zu lange dabei, muß
1086 4720 1139 4747 mir
1159 4725 1210 4748 von
1232 4721 1313 4754 jedem
1334 4721 1375 4748 ein
1397 4720 1461 4748 Bild
1482 4721 1592 4755 ninchc».
1621 4722 1661 4755 In
1682 4722 1726 4749 der
1747 4722 1893 4755 Eisenbahn

1083 4741 1893 4797 oder wenn ich des Morgens in meiner Rolls nach der
1085 4780 1889 4831 Fabrik fahre, liebe ich es, mir die Leute anzusehen und
1083 4815 1890 4868 mir auszumalen, wer sie sind und was sie treiben."
1084 4874 1121 4901 Er
1136 4876 1249 4902 ivackeltc
1265 4874 1444 4908 selbstgefällig
1459 4874 1506 4902 mit
1522 4877 1567 4903 der
1586 4875 1785 4909 schimmernden
1801 4876 1893 4910 Glatze.

1085 4895 1892 4946 „Ich hätte ein ganz guter Detektiv werden können ..."
1135 4950 1177 4978 Ta
1209 4953 1257 4978 daS
1289 4951 1409 4984 offenbar
1441 4951 1481 4978 ein
1506 4952 1637 4985 Monolog
1659 4957 1726 4983 war.
1757 4954 1801 4980 der
1826 4952 1893 4981 keine

1083 4970 1891 5025 Beteiligung von seiner Seite verlangte, schwieg der
1084 5026 1163 5061 junge
1192 5028 1290 5056 Mann.
1321 5028 1402 5058 „WaS
1431 5035 1490 5061 zum
1519 5028 1634 5062 Beispiel
1665 5028 1713 5057 Sic
1742 5030 1892 5063 anbelangt,

1083 5045 1888 5101 junger Herr Dene," sprach Sir Alfred weiter, „begegne
1084 5085 1890 5136 ich Ihnen hier auf diesem Schiff zum erstenmal und
1083 5122 1890 5178 weiß gar nichts von Ihnen. Wollen mal sehen, was
1084 5179 1118 5212 ich
1133 5181 1186 5208 mir
1200 5180 1451 5215 zusannncnreiincn
1466 5181 1531 5210 kann
1547 5183 1611 5210 ..."
1633 5182 1689 5211 Mit
1703 5182 1775 5210 einer
1791 5183 1890 5218 raschen

1082 5219 1232 5253 Bewegung
1250 5220 1329 5253 nahm
1347 5221 1391 5247 der
1410 5219 1487 5253 junge
1504 5221 1592 5249 Alaun
1611 5221 1650 5248 die
1667 5220 1750 5255 Pfeife
1767 5224 1818 5249 aus
1835 5222 1890 5249 dem

1083 5237 1889 5291 Mund und starrte durch seine Brille auf den Sprechen¬
1083 5275 1141 5325 den.
1987 4014 2744 4065 „Sie sehen studentisch aus", sprach Sir Alfred
1932 4055 2740 4105 weiter, „und Sie tragen eine Hochschulkrawatte.
1932 4089 2740 4142 Fürs Gymnasium scheinen Sie mir zu alt. Sie studie¬
1933 4127 2588 4181 ren aber jedenfalls Medizin. Hab' ich recht?"
1984 4185 2056 4213 Dcnc
2076 4186 2152 4219 lachte
2168 4188 2221 4213 nnd
2237 4188 2316 4219 nahm
2334 4185 2399 4219 seine
2414 4185 2497 4221 Pfeife
2512 4187 2609 4216 wieder
2623 4187 2741 4222 zivischcn

1930 4204 2737 4257 die Zähne. „Tatsächlich bereite ich mich für die Advo¬
1931 4262 2123 4297 katcnprüsung
2140 4263 2214 4293 vor",
2231 4262 2298 4296 sagte
2314 4270 2351 4291 er.

1983 4300 2035 4328 Sir
2050 4301 2142 4334 Alfred
2158 4302 2272 4334 strahlte.
2290 4301 2392 4334 „Sehe»
2408 4301 2466 4332 Sie,
2481 4302 2515 4336 ich
2531 4303 2594 4336 habe
2609 4310 2657 4337 gar
2676 4302 2740 4336 nicht

1932 4320 2738 4373 soweit vorbeigeschossen." Als er dann sah, daß der
1931 4378 2020 4405 Mann
2041 4379 2185 4412 gegenüber
2207 4378 2273 4411 seine
2294 4378 2490 4413 Wochenschrift
2511 4381 2649 4414 wcggclcgt
2670 4380 2739 4413 halte

1932 4399 2737 4450 und zuhörte, erklärte er ihm, daß es sich nur um eine
1933 4454 2012 4482 kleine
2035 4455 2121 4488 Probe
2143 4455 2246 4488 handle.

1980 4475 2735 4529 „Ich verstehe," meinte der andere, „ich hatte keine
1928 4514 2735 4564 Ahnung, daß Sie sich mit solchen Dingen abgeben, Sir
1930 4550 2599 4604 Alfred . . ." Sein Ton war etwas sarkastisch.
1983 4590 2735 4642 „Ach nur aus Liebhaberei, Blain, nur als Ama¬
1930 4647 2014 4678 tcnr",
2030 4647 2079 4681 gab
2095 4647 2146 4675 Sir
2163 4647 2254 4681 Alfred
2271 4655 2311 4681 zn,
2328 4647 2376 4675 mit
2397 4647 2613 4682 selbstgefälligem
2630 4647 2734 4682 Lächeln

1930 4684 1966 4713 im
1990 4685 2076 4719 fetten,
2098 4687 2257 4720 glänzenden
2280 4686 2384 4720 Gesicht.

1982 4706 2730 4756 „Ganz recht", sagte Blain und sah sich im Rauch¬
1930 4761 2003 4795 salvn
2024 4770 2076 4790 m».
2106 4763 2141 4790 Er
2161 4768 2219 4790 war
2241 4762 2284 4790 ein
2305 4764 2393 4792 Mann
2415 4762 2463 4790 mit
2484 4764 2575 4796 langer
2595 4762 2660 4796 Nase
2680 4763 2732 4790 und

1929 4800 2002 4828 einer
2026 4800 2139 4834 schrillen
2163 4800 2287 4830 Stimme.
2314 4801 2391 4835 „Jetzt
2415 4800 2470 4828 will
2495 4801 2529 4835 ich
2553 4801 2601 4828 Sic
2624 4800 2669 4834 auf
2693 4800 2732 4827 die

1929 4840 2015 4872 Probe
2031 4840 2123 4872 stellen.
2138 4839 2225 4873 Sehe»
2241 4839 2290 4867 Sic
2306 4841 2353 4867 den
2367 4840 2454 4868 Mann
2470 4840 2528 4867 dort
2544 4839 2658 4866 drüben?
2675 4838 2731 4866 Den

1928 4878 1999 4905 alten
2021 4878 2129 4906 Knaben
2151 4877 2186 4905 im
2208 4884 2308 4912 grauen
2329 4877 2422 4911 Anzug
2442 4890 2472 4895 —
2495 4884 2523 4905 er
2545 4877 2622 4905 trinkt
2644 4877 2730 4910 soeben

1929 4915 2049 4948 Wasser.
2066 4937 2071 4944 .
2088 4916 2109 4943 ."

1979 4954 2031 4982 Sir
2051 4954 2142 4987 Alsred
2165 4954 2243 4982 rückte
2264 4953 2349 4988 seinen
2370 4953 2478 4988 Zivickcr
2498 4954 2604 4986 zurecht,
2625 4960 2668 4981 in»
2691 4951 2731 4980 die

1928 4992 2079 5026 bezcichnetc
2102 4993 2202 5026 Person
2227 5000 2258 5026 zu
2282 4992 2433 5026 betrachten.
2459 4991 2539 5025 „Ah",
2562 4992 2670 5019 erklärte
2694 4998 2730 5018 er.

1930 5030 1995 5060 „Ein
2022 5030 2202 5064 sreundliches,
2227 5031 2382 5065 vornehmes
2408 5029 2509 5063 Gesicht.
2535 5030 2663 5063 Offenbar
2687 5029 2728 5056 ei»

1927 5069 2105 5097 Amerikaner.
2137 5069 2242 5097 Diskret
2274 5076 2430 5103 angezogen;
2463 5068 2552 5101 scheint
2584 5070 2667 5095 weder
2699 5074 2729 5100 zu

1929 5107 2029 5135 trinken
2051 5109 2110 5141 »och
2131 5115 2162 5140 zn
2186 5108 2303 5141 rauchen.
2326 5129 2331 5136 .
2352 5108 2373 5136 .'
2396 5108 2431 5135 Er
2453 5107 2531 5140 nahm
2554 5108 2600 5134 den
2622 5105 2729 5141 Zivickcr

1927 5145 1968 5173 ab.
1992 5146 2077 5176 „Nun,
2098 5146 2190 5177 Blain,
2213 5146 2246 5177 ich
2269 5146 2338 5179 halte
2361 5145 2406 5179 ihn
2429 5145 2472 5179 für
2494 5145 2597 5178 jemand
2619 5146 2663 5172 der
2684 5145 2728 5176 aus

1927 5183 2047 5217 sozialem
2086 5183 2177 5212 Gebiet
2215 5184 2282 5218 tätig
2322 5184 2360 5218 ist,
2398 5183 2520 5217 vielleicht
2559 5183 2600 5211 ein
2639 5182 2728 5211 Laicn-

1927 5222 2064 5255 pricster..
2083 5223 2105 5250 ."

1975 5260 2058 5289 Blain
2074 5261 2175 5295 kicherte
2190 5261 2278 5295 hässig.
2295 5260 2430 5291 „Arbeiter
2443 5260 2490 5293 auf
2504 5259 2624 5294 sozialem
2638 5259 2728 5289 Gebiet

1926 5298 1956 5334 ist
1971 5299 2036 5334 nicht
2052 5299 2156 5334 schlecht.
2180 5299 2216 5328 Es
2232 5299 2261 5334 ist
2275 5299 2336 5333 Jack
2350 5299 2498 5335 Finncgan,
2513 5298 2606 5327 immer
2620 5299 2666 5334 aus
2681 5300 2728 5326 den

2779 4032 2904 4067 Schiffe»,
2917 4039 2944 4059 er
2957 4031 3024 4059 wird
3037 4031 3097 4058 bald
3109 4029 3219 4064 herüber
3231 4029 3344 4056 kommen
3359 4029 3411 4054 und
3425 4028 3578 4061 behaupten,

2780 4079 2807 4099 er
2824 4072 2901 4099 könne
2921 4071 2974 4104 Ihr
2990 4070 3065 4098 Glück
3081 4068 3205 4102 machen."

2829 4110 2882 4138 Ter
2902 4107 3117 4143 Paticnccspicler
3138 4106 3242 4140 grinste,
3263 4106 3315 4133 nnd
3337 4105 3412 4139 sogar
3433 4105 3477 4133 der
3499 4105 3578 4139 junge

2779 4149 2866 4177 Mann
2893 4147 2972 4175 neben
2999 4146 3050 4174 Sir
3076 4146 3166 4179 Alfred
3194 4145 3283 4172 konnte
3310 4144 3351 4171 ein
3378 4143 3483 4174 Lächeln
3511 4143 3577 4178 nicht

2778 4186 2967 4215 unterdrücken.
2982 4185 3033 4213 Sir
3048 4184 3139 4219 Alfred
3156 4182 3288 4217 räusperte
3304 4182 3355 4217 sich.
3374 4182 3446 4212 „DaS
3463 4183 3492 4216 ist
3509 4184 3577 4209 keine

2778 4225 2880 4259 richtige
2898 4225 2991 4257 Probe.
3010 4245 3016 4251 .

2826 4264 2920 4294 „Gut",
2939 4263 2987 4295 ries
3006 4261 3096 4290 Blai».
3117 4260 3271 4294 „Versuchen
3291 4259 3339 4287 Sic
3358 4260 3413 4293 Ihr
3432 4260 3509 4287 Glück
3526 4259 3575 4287 mit

2775 4302 2836 4330 mir.
2860 4301 2905 4335 Ich
2921 4301 2984 4333 habe
2999 4301 3087 4333 Ihnen
3104 4299 3185 4333 nichts
3200 4303 3251 4326 von
3267 4297 3321 4326 mir
3337 4297 3429 4331 gesagt.
3446 4298 3501 4326 Mit
3517 4300 3574 4325 ivaS

2774 4340 2893 4368 verdiene
2912 4339 2945 4373 ich
2965 4338 3066 4367 meinen
3085 4337 3255 4370 Unterhalt?"

2822 4361 3572 4413 Sir Alfred zog schweigend an seiner Zigarre und
2774 4400 3571 4453 sah ihn prüfend an. „Nun", sagte er zögernd, „Sie
2770 4438 3571 4492 haben einen wissenschaftlichen Beruf, ich möchte aber
2770 4477 3571 4531 nicht behaupten, daß Sie ein Arzt oder ein Jurist
2771 4515 3571 4569 wären. Sie sehen eher wie jemand aus, der draußen,
2770 4554 3568 4608 an der frischen Luft tätig ist. Und Sie lesen den
2770 4592 3568 4644 ‚Scientific American'. Wahrscheinlich sind Sie In¬
2771 4651 2885 4686 genieur.
2906 4672 2913 4679 .
2933 4651 2954 4678 ."

2819 4690 2901 4718 Blai»
2935 4689 3060 4722 schüttelte
3092 4689 3138 4715 de»
3163 4687 3238 4721 Kopf.
3273 4686 3382 4720 „Falsch.
3418 4687 3481 4716 Will
3506 4686 3573 4721 sonst

2769 4728 2872 4761 jemand
2892 4726 3077 4761 mitmachcn?"

2817 4766 2946 4795 Niemand
2961 4766 3066 4793 meldete
3084 4765 3135 4798 sich.
3154 4764 3215 4798 „Ich
3230 4763 3276 4792 bin
3293 4763 3442 4798 Tierarzt",
3458 4764 3527 4798 sagte
3543 4772 3571 4793 er

2767 4805 2815 4832 mit
2836 4804 3061 4832 u»verkennl>arcr
3083 4803 3270 4837 Genugtlning.
3310 4801 3371 4835 „Ich
3392 4801 3455 4835 reise
3476 4802 3503 4830 in
3527 4805 3572 4830 der

2767 4844 2834 4871 Welt
2852 4842 2943 4876 herum
2962 4843 3015 4869 und
3033 4841 3172 4874 beschneide
3193 4840 3366 4873 Rennpferde.
3386 4840 3514 4872 Zweimal
3534 4840 3572 4869 im

2766 4881 2837 4914 Jahr
2857 4881 2952 4907 komme
2973 4880 3006 4912 ich
3026 4881 3086 4910 nach
3106 4880 3153 4906 den
3173 4878 3342 4912 Bereinigten
3363 4878 3487 4906 Staate».
3507 4879 3572 4912 Jetzt

2765 4919 2809 4947 bin
2830 4918 2864 4951 ich
2886 4919 3034 4951 unterivegs
3054 4917 3114 4951 nach
3134 4918 3189 4944 dem
3210 4916 3415 4950 RiedgraSland.
3437 4915 3573 4950 Kentucky,

2765 4956 2852 4990 wissen
2875 4956 2948 4984 Sie."
2991 4956 3027 4983 Er
3052 4957 3129 4988 lachte
3153 4954 3279 4988 höhnisch.
3321 4955 3372 4984 „Es
3398 4953 3428 4987 ist
3454 4954 3520 4988 nicht
3546 4955 3572 4986 so

2764 4974 3569 5026 leicht, den Beruf von Fremden zu erraten, Sir Al¬
2766 5032 2844 5066 fred."

2814 5070 2869 5098 Der
2891 5070 2986 5097 andere
3009 5069 3105 5103 streifte
3127 5069 3254 5102 ärgerlich
3279 5067 3346 5101 seine
3369 5067 3572 5103 Zigarrcnasche

2764 5108 2804 5136 ab.
2846 5107 2989 5140 „Biellcicht
3013 5107 3111 5135 können
3134 5106 3183 5135 Sic
3205 5107 3276 5141 selbst
3299 5109 3326 5133 es
3348 5106 3452 5140 besser."
3475 5108 3572 5135 meinte

2764 5154 2792 5174 er
2810 5147 2862 5174 und
2881 5146 2923 5179 sah
2942 5146 2985 5179 sich
3002 5152 3056 5174 um.
3076 5146 3206 5177 „Nehmen
3226 5145 3277 5173 wir
3295 5145 3470 5177 Hanptman»
3489 5147 3572 5174 Rear¬

2763 5185 2813 5212 don
2833 5184 2896 5218 hier.
2915 5183 3014 5212 Womit
3032 5183 3151 5211 verdient
3170 5191 3198 5211 er
3217 5182 3300 5217 seinen
3320 5182 3480 5216 Unterhalt?
3500 5184 3571 5213 Oder

2764 5223 2807 5256 hat
2823 5230 2852 5252 er
2867 5226 2895 5250 cs
2914 5222 3004 5256 Ihne»
3022 5222 3140 5256 gesagt?"

2813 5261 2866 5289 Ter
2901 5260 3095 5293 Kartcnspieler
3130 5259 3245 5293 verschob
3279 5257 3357 5287 einen
3394 5258 3481 5294 König
3517 5261 3570 5288 und

2763 5300 2873 5334 lächelte.
2913 5298 2963 5327 Ein
2987 5298 3125 5334 stattlicher
3145 5297 3281 5331 Bicrzigcr
3304 5301 3357 5325 von
3380 5296 3437 5331 sehr
3459 5299 3571 5334 gepslcg.
