3908 5551
121 177 212 231 Nr.
243 160 380 225 285.
419 164 678 232 Zweites
711 159 896 224 Blatt.
953 175 982 215 s

1461 147 1918 221 Siebenundsechzigster
1951 147 2194 219 Jahrgang.

2501 140 2896 213 Donnerstag,
2937 141 3032 201 13.
3067 140 3330 203 Oktober
3367 138 3537 200 1887.

73 267 897 676 Neue
985 247 3594 765 Zürcher-Zeitung

255 807 756 843 Abonnementspreise.

693 845 704 864 3
712 842 809 864 Monate.
831 838 849 862 6
849 838 949 862 Monate.

65 867 161 901 Zürich
170 871 242 902 (wenn
258 874 291 896 die
304 873 397 900 Zeitung
411 872 505 898 abgeholt
518 871 581 896 wird)
615 885 621 893 .
648 884 655 893 .
682 870 717 897 Fr.
731 869 796 890 4.50
823 867 861 893 Fr.
887 865 950 888 8.50

1165 824 1312 946 und
1353 798 1918 987 schweizerisches
1974 798 2513 976 Handelsblatt

67 900 180 929 Schweiz
195 901 321 927 (Bestellung
334 899 387 921 beim
401 899 573 924 Postbureau)
573 899 604 924 .
604 899 635 924 .
635 899 682 924 .
682 899 724 924 „
724 899 795 924 6.—
837 907 848 919 „
877 893 948 928 11.—

127 930 158 950 do.
200 928 246 952 (mit
259 928 328 951 Bezug
341 927 404 947 unter
415 924 576 950 Privatadresse)
615 938 622 947 .
697 938 707 949 „
735 922 796 945 7.50
836 934 847 947 „
877 921 948 942 14.—

68 954 247 982 Deutschland
269 951 396 979 (Bestellung
415 952 469 974 beim
482 951 583 977 Postamt)
617 966 622 973 .
650 967 655 972 .
679 951 721 972 Mk
736 948 804 971 6.25

68 979 348 1007 Oesterreich-Ungarn
368 979 430 1004 (Best.
445 980 465 1002 b.
480 979 583 1004 Postamt)
616 976 648 1005 fl.
648 976 683 1005 d.
683 976 719 1005 W.
734 976 795 998 4.82

71 1007 156 1036 Uebrige
166 1010 257 1031 Staaten
271 1008 309 1028 des
322 1005 561 1029 Weltpostvereins
574 1021 580 1027 .
609 1021 615 1027 .
643 1019 648 1026 .
676 1004 713 1030 Fr.
723 1002 796 1024 11.50
824 1001 860 1027 Fr.
875 1003 947 1023 22.—

2765 792 2895 827 Schweiz.
2913 791 3198 827 Annoncenbureaux
3215 795 3264 818 von
3282 787 3362 822 Orell
3378 786 3472 822 Füßli
3489 786 3513 816 &
3527 778 3583 823 Co.

3091 832 3118 860 in
3136 828 3248 865 Zürich,

2731 870 2808 893 Aarau,
2823 871 2892 897 Basel,
2907 871 2971 894 Bern,
2986 872 3052 896 Chur,
3068 871 3149 894 Davos,
3159 869 3266 895 Freiburg,
3277 867 3340 893 Genf,
3350 866 3474 892 Heidelberg,
3485 864 3611 890 Interlaken,

2731 901 2852 927 Karlsruhe,
2870 902 2978 927 Konstanz,
2999 901 3115 927 Lausanne,
3135 900 3225 923 London,
3246 899 3333 926 Luzern,
3351 896 3461 921 Mailand,
3480 896 3612 921 Mannheim,

2731 932 2842 957 Marseille,
2862 932 2996 958 Mülhausen,
3017 933 3055 955 St.
3069 933 3151 956 Gallen,
3172 930 3299 957 Strasburg,
3320 929 3389 953 Vibis,
3404 928 3536 952 Winterthur
3549 930 3579 951 rc.
3579 930 3614 951 rc.

2876 980 3188 1015 Redaktionsbureau:
3206 978 3359 1013 Brunngasse
3376 978 3423 1006 Nr.
3442 975 3469 1004 2.

267 1103 729 1166 Tagesbericht

351 1183 417 1208 vom
444 1179 492 1209 13.
512 1177 642 1210 Oktober.

142 1234 204 1266 Der
242 1230 479 1270 Cassarelskandal
520 1230 677 1270 beschäftigt
710 1228 740 1270 in
776 1225 921 1270 Frank¬

71 1275 170 1317 reich
194 1276 261 1314 noch
283 1277 382 1308 immer
406 1275 606 1314 hauptsächlich
619 1275 660 1307 die
681 1273 833 1314 öffentliche
847 1272 922 1310 Auf¬

73 1322 267 1359 merksamkeit.
313 1320 369 1353 Die
393 1329 476 1360 ganze
506 1320 596 1358 zweite
631 1320 695 1351 oder
728 1319 810 1350 dritte
843 1315 924 1349 Seite

75 1371 125 1401 der
149 1368 266 1401 Blätter
291 1365 324 1401 ist
347 1365 551 1403 ausschließlich
573 1365 625 1396 den
649 1373 735 1395 neuen
765 1362 924 1400 widerspre¬

77 1413 194 1452 chenden
218 1409 432 1450 Enthüllungen
468 1412 524 1441 und
558 1408 792 1448 Berichtigungen
825 1406 925 1447 gewid¬

79 1461 144 1496 met,
169 1457 229 1489 und
252 1455 293 1487 die
317 1454 475 1492 politischen
498 1454 649 1494 Ereignisse
672 1453 718 1485 des
741 1454 845 1492 Tages,
870 1456 925 1482 von

77 1505 166 1536 denen
189 1502 241 1540 auf
264 1500 311 1531 der
334 1500 420 1534 ersten
444 1499 523 1531 Seite
557 1498 599 1530 die
634 1498 706 1530 Rede
740 1497 782 1535 ist,
819 1496 926 1528 werden

78 1554 137 1580 von
161 1548 213 1579 den
248 1543 436 1577 Redaktionen
472 1543 587 1581 spärlich
622 1543 729 1583 glossirt
768 1541 827 1573 und
861 1546 926 1571 vom

80 1593 239 1633 Publikum
262 1590 342 1621 kaum
366 1588 493 1620 bemerkt.

149 1637 215 1669 Und
239 1635 301 1671 doch
325 1633 384 1671 sind
408 1633 442 1670 sie
472 1632 544 1671 nicht
577 1634 604 1669 so
640 1631 798 1671 unwichtig,
834 1629 928 1668 zumal

80 1683 154 1720 nicht
179 1682 210 1713 in
234 1678 366 1714 Betracht
401 1678 447 1709 der
481 1678 702 1718 gegenwärtigen
736 1675 928 1712 parlaments¬

79 1729 156 1766 losen
180 1725 257 1765 Zeit.
301 1722 392 1761 Jules
415 1723 515 1762 Ferry,
550 1724 597 1754 der
620 1720 848 1759 Unerschrockene,
881 1719 928 1756 hat

79 1773 112 1805 in
143 1772 196 1805 St.
222 1768 280 1802 Dié
314 1773 370 1799 von
401 1776 498 1799 neuem
531 1767 572 1799 die
595 1766 699 1806 Politik
732 1768 778 1798 der
801 1765 930 1803 Intran¬

83 1819 208 1858 sigenten
231 1813 399 1847 verdammt,
422 1813 474 1851 auf
497 1811 538 1842 die
553 1812 652 1843 wieder
664 1810 862 1849 auftauchende
875 1808 930 1840 Ge¬

83 1863 151 1901 fahr
183 1862 233 1891 des
266 1856 455 1896 Zäsarismus
493 1855 673 1894 aufmerksam
713 1853 835 1894 gemacht
872 1853 930 1884 und

84 1905 242 1947 gegenüber
264 1903 345 1934 Ranc
369 1901 513 1932 abermals
541 1900 593 1932 mit
629 1899 755 1939 größtem
778 1896 932 1933 Nachdruck

81 1953 125 1984 die
149 1946 437 1984 Kammerauflösung
473 1946 518 1976 als
552 1945 593 1976 die
628 1943 818 1982 nothwendige
852 1942 931 1974 Kon¬

84 1998 197 2036 sequenz
236 1992 282 2023 der
320 1997 513 2021 verworrenen
548 1987 827 2028 parlamentarischen
861 1986 932 2026 Lage

86 2039 243 2080 bezeichnet.
311 2033 357 2072 In
396 2034 494 2071 seinem
537 2034 695 2072 heimischen
732 2033 932 2070 Departement

87 2086 210 2119 Somme
246 2080 294 2119 hat
322 2079 368 2110 der
411 2079 480 2119 letzte
517 2079 792 2117 Ministerpräsident
829 2075 933 2107 Goblet

88 2140 152 2170 zum
176 2128 262 2165 ersten
283 2124 354 2157 Mal
379 2123 426 2159 seit
449 2123 545 2161 seinem
569 2123 673 2162 Sturze
705 2125 755 2154 den
778 2122 877 2154 Mund
901 2129 934 2159 zu

92 2176 166 2207 einer
189 2169 346 2210 politischen
369 2168 443 2200 Rede
468 2169 593 2208 geöffnet.

154 2216 288 2255 Weniger
313 2213 486 2253 kriegslustig
509 2214 555 2245 als
574 2214 664 2252 Ferry
688 2212 737 2252 hat
761 2220 790 2243 er
813 2210 854 2241 die
876 2209 935 2248 Po¬

87 2264 151 2297 litik
196 2257 441 2299 republikanischer
487 2258 711 2296 Konzentration
768 2254 934 2293 empfohlen,

89 2308 187 2345 welche
220 2306 272 2337 den
307 2302 464 2340 politischen
498 2303 649 2341 Charakter
675 2301 759 2340 seines
783 2299 937 2331 Kabinetes

91 2353 150 2386 und
174 2351 262 2391 dessen
289 2347 484 2387 Vorgängers,
521 2347 568 2378 des
601 2346 815 2383 Ministeriunis
849 2344 937 2382 Frey¬

91 2398 174 2433 cinet,
198 2395 309 2427 bildete.
342 2391 398 2424 Die
421 2392 517 2423 bittere
529 2392 694 2431 Erfahrung
717 2390 802 2427 seines
814 2388 938 2427 Sturzes

89 2443 141 2481 hat
165 2441 216 2480 ihn
240 2445 293 2469 von
318 2437 364 2467 der
387 2436 604 2476 Unmöglichkeit
629 2435 715 2474 seines
736 2433 844 2472 Ideals
866 2433 938 2470 nicht

92 2485 253 2523 überzeugt.
301 2481 341 2513 Er
371 2480 433 2512 will
457 2481 508 2511 das
532 2480 732 2519 gegenwärtige
754 2477 877 2510 Kabinet
901 2487 938 2508 an

91 2533 141 2563 der
163 2528 267 2561 Arbeit
288 2525 385 2564 lassen,
421 2524 503 2564 hofft,
536 2524 592 2563 daß
627 2528 657 2556 es
690 2524 732 2555 die
766 2522 939 2562 Ersparnisse

91 2571 286 2608 verwirkliche,
307 2569 349 2601 die
372 2573 402 2601 es
424 2570 467 2600 bei
489 2569 586 2606 seinem
604 2568 748 2607 Entstehen
764 2566 939 2605 versprochen

92 2620 153 2651 und
165 2617 228 2657 hält
253 2616 309 2647 eine
332 2613 527 2653 Vereinigung
550 2614 620 2645 aller
642 2612 849 2650 Republikaner
872 2610 939 2649 nach

92 2665 145 2696 wie
181 2668 234 2693 vor
269 2660 316 2696 für
350 2658 511 2696 erreichbar,
551 2665 632 2690 wenn
660 2676 694 2680 —
721 2657 763 2689 die
785 2656 940 2688 Radikalen

94 2711 147 2747 auf
170 2702 390 2744 unrealisirbare
413 2703 565 2742 Reformen
587 2702 746 2742 verzichten.

159 2752 210 2784 Da
234 2749 301 2787 liegt
324 2748 369 2778 der
392 2747 503 2789 Fehler,
528 2756 565 2779 an
588 2747 714 2783 welchem
726 2745 846 2779 Goblets
857 2744 941 2783 Rech¬

92 2805 175 2834 nung
197 2804 232 2832 zu
254 2792 405 2829 Schanden
427 2792 582 2830 geworden.
629 2792 683 2824 Die
705 2791 813 2829 Justice
843 2790 942 2827 rühmt

94 2841 135 2872 im
160 2836 343 2877 allgemeinen
367 2835 489 2867 Goblets
523 2835 604 2872 Rede,
641 2836 692 2867 den
714 2838 800 2875 guten
822 2833 940 2869 Willen,

96 2885 140 2916 die
163 2878 394 2918 republikanische
419 2879 583 2920 Gesinnung
617 2881 675 2911 und
710 2880 760 2910 den
785 2878 942 2917 Patriotis¬

94 2932 164 2960 mus
187 2927 236 2958 des
260 2923 428 2964 ehemaligen
441 2924 761 2964 Ministerpräsidenten.
787 2922 862 2954 Aber
874 2923 943 2958 seine

96 2973 271 3010 Bedingung
306 2968 405 3000 erklärt
440 2968 475 3006 sie
508 2969 555 3007 für
588 2968 814 3008 unannehmbar.
874 2967 943 2999 Eine

96 3015 238 3055 Republik
261 3013 329 3051 ohne
363 3013 405 3043 die
429 3012 612 3054 Abschaffung
647 3014 694 3045 des
717 3011 944 3051 Kultusbudgets

96 3062 130 3099 ist
154 3062 205 3092 den
230 3057 377 3096 Freunden
390 3057 586 3088 Clemenceaus
610 3057 777 3096 bekanntlich
794 3057 852 3087 eine
863 3062 944 3094 repu¬

100 3103 260 3142 blikanische
284 3101 386 3139 Schale
410 3101 480 3139 ohne
502 3101 753 3141 republikanischen
776 3101 862 3137 Kern,
887 3101 944 3132 und

99 3152 152 3183 das
164 3149 269 3187 Organ
291 3147 338 3177 des
360 3146 501 3178 radikalen
513 3145 712 3186 Oberhauptes
724 3146 825 3177 erklärt
842 3146 945 3177 darum

101 3195 223 3228 Goblets
274 3190 444 3230 Bedingung
498 3191 618 3230 kurzweg
672 3191 720 3230 für
771 3189 944 3230 unmöglich.

97 3240 197 3278 Dafür
221 3235 319 3276 jubeln
349 3235 391 3266 die
414 3235 589 3275 gemäßigten
611 3234 817 3271 Republikaner
842 3233 945 3266 Goblet

98 3294 134 3323 zu
157 3282 216 3314 und
240 3280 338 3320 heißen
360 3279 410 3317 ihn
434 3280 481 3310 als
493 3281 568 3311 einen
581 3281 627 3310 der
643 3279 737 3319 Ihren
748 3278 945 3310 willkommen.

100 3330 175 3362 Dem
188 3334 245 3357 von
257 3325 315 3363 ihm
339 3324 475 3364 gesteckten
488 3324 564 3362 Ziele
576 3324 642 3356 aber
655 3324 704 3363 hat
728 3322 831 3355 Goblet
864 3322 946 3361 durch

99 3373 171 3409 seine
193 3370 269 3402 Rede
290 3369 333 3400 die
355 3369 602 3407 republikanischen
626 3368 759 3409 Parteien
791 3367 862 3406 nicht
898 3376 946 3398 um

96 3413 300 3457 Haaresbreite
323 3412 410 3451 näher
433 3413 567 3453 gebracht.

166 3460 215 3497 In
254 3457 389 3495 Chartres
427 3457 517 3495 haben
564 3458 611 3489 der
648 3455 948 3494 Unterrichtsminister

103 3506 225 3542 Spuller
250 3503 307 3532 und
331 3501 376 3531 der
400 3501 627 3542 Kriegsminister
646 3502 754 3540 Ferron
778 3500 946 3540 gesprochen.

99 3551 193 3588 Jener
215 3547 267 3586 hat
300 3545 342 3576 die
376 3545 481 3583 übliche
503 3546 641 3587 Apologie
675 3547 721 3577 des
744 3545 880 3579 Kabinets
904 3554 948 3584 ge¬

99 3595 199 3633 halten
222 3592 282 3622 und
304 3589 353 3630 sich
376 3599 410 3628 zu
434 3591 520 3631 dessen
533 3591 659 3627 Gunsten
682 3591 732 3628 auf
753 3592 811 3621 vier
822 3589 946 3626 Richter:

102 3640 145 3671 die
169 3634 321 3675 öffentliche
344 3634 489 3675 Meinung
512 3635 655 3673 Europas,
691 3636 741 3673 auf
775 3633 947 3673 Frankreich,

102 3685 145 3715 die
168 3681 304 3714 Kammer
328 3679 385 3709 und
409 3679 462 3710 das
478 3679 565 3718 eigene
588 3680 725 3720 Gewissen
748 3679 871 3717 berufen.
895 3679 949 3711 Die

105 3729 235 3761 Stimme
258 3724 304 3756 des
338 3723 429 3763 letzten
464 3733 529 3763 mag
567 3724 624 3763 ihm
664 3734 710 3755 am
748 3723 950 3763 erfreulichsten

106 3776 210 3811 tönen;
235 3769 277 3800 die
300 3767 451 3807 Rechnung
475 3769 525 3802 auf
554 3768 595 3799 die
618 3768 753 3800 Kammer
788 3768 879 3805 dürfte
902 3767 951 3806 sich

107 3816 186 3855 leicht
209 3814 259 3846 als
293 3812 363 3851 irrig
397 3811 607 3851 Herausstellen;
645 3812 808 3850 Frankreich
843 3812 876 3850 ist
908 3812 951 3844 ein

108 3860 260 3900 unsicherer
284 3857 396 3896 Faktor.
443 3857 499 3889 Die
521 3857 612 3896 Presse
629 3857 760 3893 Europas
783 3856 833 3894 hat
857 3856 950 3895 sicher¬

111 3906 162 3944 lich
189 3906 261 3942 „das
284 3901 478 3939 Ministerium
512 3902 581 3937 ohne
612 3901 797 3939 Boulanger"
837 3902 883 3932 als
907 3902 951 3932 ein

107 3949 258 3989 Anzeichen
280 3946 431 3985 friedlicher
461 3945 611 3985 Wendung
646 3945 676 3976 in
710 3945 756 3976 der
779 3944 953 3985 Stimmung

968 1092 1149 1130 Frankreichs
1187 1090 1296 1129 freudig
1334 1088 1454 1129 begrüßt
1499 1087 1557 1118 und
1597 1086 1655 1117 dem
1696 1083 1821 1117 Kabinet

967 1137 1095 1170 Rouvier
1118 1138 1169 1174 für
1191 1136 1262 1174 seine
1284 1134 1436 1172 besonnene
1458 1130 1644 1170 versöhnliche
1655 1131 1752 1162 innere
1762 1129 1822 1167 Po¬

968 1182 1030 1214 litik
1053 1182 1107 1214 alle
1131 1181 1335 1220 Anerkennung
1359 1177 1469 1218 gezollt.
1517 1176 1593 1208 Aber
1618 1179 1646 1207 es
1672 1182 1734 1206 war
1758 1174 1822 1212 doch

969 1228 1027 1258 eine
1050 1226 1133 1263 starke
1155 1224 1308 1265 Hyperbel,
1334 1224 1382 1255 als
1406 1222 1530 1257 Spuller
1547 1220 1636 1260 „ohne
1659 1218 1822 1257 Geckenhaf¬

968 1271 1060 1310 tigkeit
1082 1271 1142 1303 und
1166 1270 1249 1302 eitlen
1272 1267 1449 1308 Hochmuth"
1484 1266 1642 1305 behaupten
1674 1274 1710 1304 zu
1722 1264 1823 1301 dürfen

971 1316 1094 1352 erklärte,
1139 1314 1214 1352 „daß
1229 1313 1276 1351 seit
1315 1314 1375 1344 dem
1418 1311 1629 1350 Verschwinden
1654 1310 1703 1342 des
1727 1309 1823 1348 Herrn

969 1361 1073 1398 Thiers
1097 1360 1154 1392 kein
1178 1358 1377 1395 Ministerium
1413 1357 1442 1389 in
1476 1355 1628 1393 demselben
1652 1354 1748 1387 Grade
1771 1354 1823 1385 wie

969 1406 1023 1438 das
1046 1404 1249 1445 gegenwärtige
1279 1402 1403 1435 Kabinet
1437 1402 1489 1433 das
1512 1401 1664 1440 Zutrauen
1699 1399 1757 1431 und
1782 1398 1824 1430 die

971 1450 1101 1490 Achtung
1126 1450 1261 1486 Europas
1284 1448 1411 1488 genossen
1433 1447 1535 1485 habe".

1040 1495 1094 1527 Ein
1118 1495 1145 1530 so
1170 1493 1271 1533 großes
1294 1492 1454 1531 Zutrauen,
1491 1490 1543 1522 wie
1578 1489 1625 1521 der
1649 1487 1825 1528 französische

970 1538 1272 1578 Unterrichtsminister
1288 1541 1317 1569 es
1334 1537 1510 1576 vorausseht,
1535 1535 1654 1566 könnten
1666 1534 1709 1565 die
1722 1532 1825 1565 Völker

971 1584 1032 1616 und
1054 1584 1249 1624 Regierungen
1273 1582 1411 1619 Europas
1433 1580 1497 1617 doch
1520 1588 1579 1611 nur
1601 1588 1635 1618 zu
1658 1579 1746 1610 einem
1764 1578 1825 1609 Ka¬

972 1629 1062 1661 binete
1085 1628 1185 1667 haben,
1210 1629 1270 1660 dem
1293 1628 1328 1666 sie
1347 1625 1476 1665 Aussicht
1500 1625 1551 1664 auf
1574 1624 1673 1657 Dauer
1696 1621 1826 1661 zuschrei¬

972 1674 1035 1705 ben.
1080 1673 1157 1705 Aber
1182 1673 1235 1705 das
1257 1670 1469 1711 Wohlgefallen
1501 1678 1539 1701 an
1564 1668 1623 1700 dem
1648 1667 1753 1707 Antlitz
1778 1667 1825 1699 des

973 1718 1189 1758 Ministeriums
1230 1716 1358 1750 Rouvier
1397 1715 1467 1747 wird
1506 1714 1576 1752 stark
1614 1711 1824 1752 beeinträchtigt

973 1763 1057 1802 durch
1080 1763 1132 1794 den
1153 1760 1388 1802 hippokratischen
1412 1760 1487 1799 Zug,
1522 1759 1570 1790 der
1593 1757 1643 1798 sich
1665 1756 1751 1789 leider
1774 1765 1828 1788 un¬

975 1807 1145 1839 verkennbar
1169 1807 1221 1845 auf
1243 1804 1395 1842 demselben
1415 1805 1564 1843 ausprägt.
1601 1803 1677 1835 Gute
1693 1800 1829 1839 Wünsche

974 1853 1026 1890 hat
1064 1853 1182 1888 Europa
1222 1852 1270 1890 für
1307 1849 1349 1881 die
1388 1848 1612 1890 gegenwärtigen
1651 1846 1829 1886 Beherrscher

976 1896 1168 1934 Frankreichs,
1208 1894 1372 1933 aufrichtige
1414 1894 1471 1925 und
1511 1893 1631 1930 lebhafte
1670 1891 1828 1931 Wünsche;

976 1941 1043 1973 aber
1076 1941 1202 1980 zwischen
1237 1939 1359 1978 Wunsch
1395 1938 1454 1970 und
1477 1937 1642 1969 Vertrauen
1669 1936 1721 1976 auf
1744 1936 1830 1975 dessen

977 1987 1136 2026 Erfüllung
1158 1986 1226 2025 liegt
1248 1984 1291 2016 ein
1315 1982 1520 2021 beträchtlicher
1543 1981 1677 2020 Abstand.

1046 2032 1104 2064 Der
1129 2028 1367 2070 Kriegsminister,
1393 2029 1439 2059 der
1463 2026 1586 2064 Spuller
1609 2026 1758 2066 begleitete,
1787 2025 1832 2057 be¬

978 2076 1114 2114 schränkte
1138 2075 1188 2114 sich
1213 2082 1284 2114 ganz
1308 2072 1358 2108 auf
1382 2072 1437 2110 sein
1453 2072 1674 2109 Departement;
1701 2080 1730 2103 er
1745 2069 1833 2109 nahm

979 2122 1005 2157 so
1030 2120 1072 2151 die
1096 2119 1152 2151 alte
1177 2117 1331 2151 Tradition
1354 2117 1403 2148 der
1416 2115 1588 2155 Armeechefs
1611 2116 1646 2147 da
1658 2116 1758 2147 wieder
1772 2115 1831 2152 auf,

979 2174 1023 2196 wo
1047 2165 1102 2202 sein
1125 2164 1294 2203 Vorgänger
1319 2162 1353 2201 sie
1385 2160 1570 2200 abgebrochen
1593 2160 1676 2200 hatte.
1725 2159 1836 2197 Ferron

980 2210 1057 2247 hatte
1080 2208 1185 2247 freilich
1209 2208 1306 2247 gerade
1331 2206 1386 2246 jetzt
1420 2205 1518 2242 Anlaß
1553 2214 1654 2245 genug,
1689 2213 1740 2236 um
1778 2209 1835 2235 von

981 2253 1180 2292 militärischen
1204 2253 1320 2291 Dingen
1356 2251 1386 2282 in
1411 2251 1484 2282 einer
1509 2249 1601 2287 Weise
1634 2259 1668 2288 zu
1703 2248 1834 2288 sprechen,

981 2299 1024 2330 die
1062 2298 1128 2335 auch
1167 2297 1211 2329 ein
1247 2295 1480 2333 Laienpublikum
1515 2294 1686 2333 interessiren
1721 2293 1835 2331 mochte.

982 2342 1129 2380 Dieselben
1145 2341 1311 2377 Radikalen,
1336 2339 1433 2378 welche
1456 2339 1502 2371 bis
1514 2346 1566 2370 vor
1579 2338 1703 2379 wenigen
1716 2338 1837 2375 Wochen

982 2388 1009 2426 so
1034 2387 1181 2427 ungestüm
1217 2385 1284 2423 nach
1307 2383 1503 2424 Ersparnissen
1538 2384 1569 2415 in
1604 2383 1677 2415 allen
1703 2382 1836 2416 Verwal¬

982 2432 1201 2472 tungszweigen,
1226 2429 1292 2466 auch
1316 2430 1376 2461 dem
1400 2430 1471 2468 Heer
1494 2428 1553 2460 und
1577 2428 1625 2459 der
1648 2427 1771 2460 Marine
1794 2436 1838 2466 ge¬

982 2477 1109 2515 sprochen
1133 2477 1241 2516 hatten,
1277 2474 1372 2515 fingen
1408 2474 1459 2512 auf
1482 2474 1588 2505 einmal
1611 2482 1649 2504 an
1671 2482 1706 2511 zu
1729 2473 1839 2503 lamen¬

982 2524 1069 2557 tiren,
1093 2522 1142 2552 der
1163 2519 1395 2560 Kriegsminister
1418 2518 1496 2557 habe,
1521 2527 1571 2549 um
1594 2518 1690 2557 Herrn
1712 2516 1840 2549 Rouvier

985 2567 1029 2598 ein
1052 2565 1160 2604 schönes
1184 2564 1298 2604 Budget
1321 2572 1356 2603 zu
1381 2562 1574 2602 ermöglichen,
1598 2562 1641 2593 die
1652 2561 1840 2604 Fabrikation

984 2612 1032 2642 der
1066 2619 1153 2641 neuen
1177 2609 1310 2647 Gewehre
1346 2608 1541 2648 verlangsamt
1576 2607 1635 2638 und
1665 2607 1691 2644 so
1717 2605 1747 2638 in
1771 2609 1840 2637 aus¬

985 2654 1167 2694 nahmsweise
1202 2653 1375 2693 schwierigen
1398 2653 1498 2691 Zeiten
1532 2652 1575 2683 die
1599 2651 1755 2690 Sicherheit
1791 2651 1838 2682 des

985 2699 1094 2732 Landes
1117 2699 1270 2740 gefährdet.

1053 2745 1108 2777 Die
1131 2743 1274 2783 bündigen
1297 2742 1501 2782 Erklärungen,
1527 2740 1571 2772 die
1594 2741 1703 2778 Ferron
1727 2739 1842 2779 hierauf

986 2789 1027 2820 im
1051 2787 1302 2827 Budgetausschuß
1338 2786 1440 2826 abgab,
1474 2785 1661 2824 überzeugten
1696 2783 1777 2821 selbst
1800 2784 1843 2815 die

986 2832 1107 2864 radikale
1127 2832 1274 2872 Mehrheit
1285 2831 1367 2867 dieser
1379 2830 1569 2869 Kommission
1585 2834 1642 2861 von
1659 2830 1709 2860 der
1722 2828 1843 2868 völligen

988 2877 1214 2916 Grundlosigkeit
1248 2876 1295 2908 der
1317 2875 1484 2915 Anklagen;
1524 2874 1591 2906 aber
1627 2877 1656 2906 es
1685 2882 1748 2905 war
1781 2873 1842 2904 dem

987 2921 1216 2962 Kriegsminister
1241 2919 1329 2961 gewiß
1353 2919 1428 2957 nicht
1450 2929 1484 2958 zu
1503 2924 1651 2959 verargen,
1675 2917 1732 2957 daß
1757 2927 1785 2948 er
1801 2917 1843 2949 die

989 2967 1054 3005 erste
1077 2966 1255 3006 Gelegenheit
1278 2964 1407 3005 benützte,
1433 2973 1481 2995 um
1506 2963 1573 3001 auch
1587 2970 1639 2995 vor
1652 2964 1698 2995 der
1714 2962 1843 3002 Oeffent¬

989 3011 1091 3049 lichkeit
1115 3011 1157 3042 die
1180 3010 1263 3042 Leute
1285 3010 1333 3041 der
1356 3008 1573 3047 Verleumdung
1607 3017 1641 3047 zu
1664 3007 1766 3047 zeihen,
1802 3007 1845 3038 die

990 3056 1050 3094 ihm
1084 3055 1356 3094 Vernachlässigung
1392 3054 1478 3092 seiner
1512 3053 1712 3091 militärischen
1740 3051 1845 3091 Pflicht

991 3101 1163 3139 vorwarfen.

1058 3145 1150 3178 Dann
1185 3151 1246 3176 war
1280 3143 1328 3174 der
1365 3142 1436 3180 Fall
1469 3142 1597 3181 Cassarel
1631 3141 1680 3176 da,
1718 3141 1765 3173 der
1804 3140 1846 3173 die

990 3190 1092 3221 Armee
1115 3198 1154 3221 an
1177 3189 1266 3229 ihrem
1284 3187 1517 3226 empfindlichsten
1534 3186 1652 3226 Punkte,
1670 3186 1717 3217 der
1738 3185 1846 3224 Ehren¬

991 3234 1135 3274 haftigkeit
1159 3234 1236 3272 ihrer
1258 3232 1393 3271 Offiziere
1416 3231 1556 3270 berührte.
1601 3231 1711 3269 Ferron
1735 3230 1846 3268 prokla¬

991 3280 1083 3315 mirte,
1118 3278 1174 3318 daß
1198 3279 1247 3310 der
1270 3277 1371 3315 Fehler
1407 3276 1481 3308 eines
1516 3275 1656 3314 einzelnen
1689 3275 1756 3306 oder
1779 3275 1846 3311 auch

993 3323 1128 3361 einzelner
1162 3323 1237 3362 nicht
1270 3322 1320 3358 auf
1356 3322 1409 3353 das
1434 3321 1505 3359 Heer
1542 3321 1589 3352 als
1613 3324 1714 3360 ganzes
1739 3320 1846 3358 zurück¬

992 3367 1081 3406 fallen
1104 3368 1190 3399 könne
1213 3366 1272 3399 und
1308 3366 1364 3404 daß
1388 3367 1490 3397 darum
1514 3365 1572 3396 kein
1595 3364 1694 3403 Anlaß
1722 3364 1847 3404 vorhan¬

991 3412 1044 3443 den
1068 3412 1111 3450 sei,
1136 3419 1251 3444 warum
1279 3411 1321 3442 die
1345 3409 1548 3450 Bürgerlichen
1573 3410 1672 3449 fortan
1695 3409 1750 3441 mit
1772 3410 1846 3440 min¬

992 3456 1071 3487 derer
1109 3456 1241 3496 Achtung
1278 3455 1329 3493 auf
1367 3455 1411 3486 die
1448 3456 1555 3493 tapfere
1594 3454 1693 3485 Armee
1734 3453 1848 3491 schauen

993 3500 1119 3538 müßten.
1159 3499 1277 3539 Endlich
1300 3499 1456 3539 versicherte
1480 3508 1508 3530 er
1532 3498 1603 3537 seine
1626 3498 1767 3538 Zuhörer,
1792 3498 1848 3536 daß

993 3544 1036 3576 die
1059 3544 1255 3585 Gerechtigkeit
1289 3544 1359 3583 ohne
1394 3543 1520 3583 Ansehen
1555 3544 1603 3574 der
1631 3544 1737 3583 Person
1772 3543 1848 3582 ihres

993 3590 1093 3621 Amtes
1116 3589 1231 3627 walten,
1263 3588 1293 3627 ja
1316 3588 1372 3626 daß
1396 3589 1443 3619 der
1465 3588 1696 3627 Kriegsminister
1722 3587 1753 3619 in
1777 3587 1849 3626 ähn¬

993 3634 1079 3671 lichen
1104 3633 1207 3672 Fällen
1230 3642 1281 3665 um
1303 3632 1331 3670 so
1355 3632 1455 3670 stärker
1476 3632 1636 3671 zuschlagen
1659 3632 1758 3668 werde,
1800 3633 1850 3671 auf

994 3677 1018 3718 je
1042 3677 1156 3716 höherer
1179 3678 1270 3717 Stufe
1297 3676 1344 3708 der
1367 3676 1521 3715 Schuldige
1544 3676 1624 3715 stehe.

1063 3722 1120 3755 Der
1145 3722 1269 3754 General
1293 3721 1421 3760 Cassarel
1443 3720 1513 3751 wird
1542 3720 1584 3751 die
1607 3720 1702 3758 Probe
1738 3720 1850 3758 machen

996 3767 1110 3803 können,
1134 3768 1192 3798 und
1216 3766 1282 3802 nach
1305 3767 1356 3797 den
1379 3765 1471 3804 letzten
1494 3764 1674 3802 Nachrichten
1711 3765 1779 3801 auch
1803 3766 1849 3796 der

997 3812 1127 3844 Senator
1151 3811 1275 3844 General
1298 3810 1456 3846 d'Andlau,
1480 3809 1528 3840 der
1558 3808 1683 3847 ähnliche
1706 3808 1849 3847 Geschäfte

996 3857 1048 3888 wie
1072 3856 1145 3895 jener
1169 3854 1282 3891 betrieb,
1317 3855 1384 3886 aber
1419 3860 1470 3885 vor
1505 3854 1564 3884 dem
1601 3853 1761 3890 Erscheinen
1800 3853 1848 3884 des

997 3901 1355 3941 Untersuchungsbeamten
1379 3899 1409 3930 in
1425 3898 1509 3937 seiner
1523 3897 1680 3937 Wohnung
1698 3897 1741 3929 die
1758 3897 1848 3937 eigene

997 3946 1105 3985 Person
1128 3946 1160 3977 in
1182 3944 1340 3985 Sicherheit
1363 3953 1396 3983 zu
1420 3943 1537 3983 bringen
1561 3942 1664 3981 wußte.

1934 1077 2058 1110 General
2097 1076 2266 1116 Boulanger
2304 1073 2356 1114 hat
2395 1074 2456 1105 dem
2490 1072 2720 1113 Kriegsminister

1867 1122 1945 1154 einen
1969 1122 2112 1158 Vorwurf
2135 1123 2244 1153 daraus
2271 1119 2405 1160 gemacht,
2440 1117 2496 1155 daß
2530 1128 2561 1150 er
2594 1117 2721 1157 Cassarel

1866 1167 1940 1206 nicht
1963 1173 2063 1207 zwang
2087 1166 2135 1206 sich
2159 1175 2192 1206 zu
2216 1164 2375 1203 erschießen.
2422 1164 2464 1196 Es
2498 1163 2530 1200 ist
2560 1163 2638 1195 kaum
2664 1163 2721 1194 eine

1868 1213 1971 1252 Frage,
2008 1212 2064 1249 daß
2100 1212 2211 1250 Ferron
2242 1210 2371 1249 richtiger
2395 1208 2454 1240 und
2477 1207 2722 1245 republikanischer

1867 1256 2016 1297 gehandelt
2038 1257 2098 1293 hat,
2123 1256 2169 1288 als
2193 1264 2222 1288 er
2245 1255 2296 1286 den
2320 1253 2410 1293 hohen
2431 1253 2549 1293 Offizier
2572 1253 2621 1285 wie
2646 1252 2722 1290 jeden

1868 1302 1976 1333 andern
2000 1301 2174 1341 Schuldigen
2211 1300 2271 1331 dem
2295 1298 2481 1336 ordentlichen
2505 1297 2615 1337 Richter
2639 1295 2722 1330 über¬

1867 1346 1935 1385 ließ.
1983 1346 2073 1386 Wohl
2108 1346 2174 1378 aber
2209 1344 2274 1383 darf
2309 1353 2379 1376 man
2412 1342 2462 1383 sich
2498 1343 2647 1384 angesichts
2676 1342 2723 1374 des

1868 1390 2056 1430 Benehmens,
2084 1391 2136 1423 das
2152 1388 2277 1429 Cassarel
2301 1389 2360 1420 und
2384 1388 2503 1420 Andlau
2526 1387 2574 1427 seit
2592 1389 2637 1419 der
2652 1386 2722 1420 Ent¬

1868 1436 1982 1477 deckung
1994 1436 2070 1473 ihrer
2081 1436 2192 1474 Thaten
2205 1433 2360 1472 beobachtet
2372 1433 2472 1472 haben,
2497 1434 2605 1473 fragen,
2623 1431 2659 1464 ob
2683 1432 2726 1464 die

1868 1480 1963 1512 beiden
1999 1480 2141 1519 Schurken
2175 1479 2225 1519 sich
2247 1479 2409 1518 überhaupt
2432 1478 2475 1509 die
2497 1477 2603 1517 Pistole
2627 1477 2725 1516 hätten

1869 1531 1927 1557 von
1950 1526 2120 1566 irgendwem
2144 1526 2321 1565 aufdrängen
2345 1524 2442 1564 lassen.

2085 1634 2518 1698 Eidgenossenschaft.

1941 1715 2042 1753 (Korr.
2069 1718 2124 1746 aus
2148 1711 2255 1753 Bern.)
2302 1713 2365 1745 Der
2389 1710 2576 1749 Bundesrath
2609 1711 2660 1749 hat
2682 1710 2728 1742 der

1871 1760 2034 1800 Regierung
2054 1760 2103 1791 des
2119 1759 2254 1791 Kantons
2270 1758 2351 1789 Bern
2375 1762 2431 1788 von
2455 1757 2506 1787 den
2525 1755 2729 1795 Aenderungen

1873 1804 2019 1842 Kenntniß
2031 1803 2159 1845 gegeben,
2180 1802 2277 1841 welche
2289 1812 2316 1834 er
2330 1811 2377 1833 am
2391 1799 2729 1839 Branntweinpflichten¬

1874 1849 1932 1887 heft
1954 1855 2173 1888 vorgenommen
2195 1847 2256 1887 hat.
2286 1847 2327 1879 Es
2351 1846 2459 1885 scheint,
2485 1845 2540 1884 daß
2564 1845 2607 1877 die
2628 1844 2729 1885 Regie¬

1875 1903 1952 1934 rung
1975 1896 2032 1925 und
2056 1894 2100 1925 die
2122 1892 2255 1926 Brenner
2280 1893 2410 1924 erwartet
2432 1891 2540 1930 hatten,
2575 1890 2620 1921 der
2643 1889 2729 1922 Bun¬

1876 1939 1991 1978 desrath
2026 1939 2121 1970 würde
2156 1938 2204 1978 sich
2239 1946 2272 1976 zu
2308 1936 2397 1968 einem
2421 1935 2550 1967 weiteren
2574 1935 2731 1975 Entgegen¬

1876 1984 2001 2015 kommen
2024 1984 2173 2023 verstehen.
2197 1982 2256 2015 Der
2281 1980 2478 2020 Zwischenfall
2502 1980 2535 2017 ist
2558 1980 2638 2019 indeß
2664 1979 2730 2017 noch

1876 2028 1950 2066 nicht
1973 2028 2097 2068 erledigt.
2143 2028 2183 2060 Es
2217 2027 2276 2067 find
2312 2026 2379 2065 noch
2415 2025 2474 2057 drei
2497 2025 2607 2064 Punkte
2628 2033 2663 2063 zu
2687 2024 2731 2055 be¬

1877 2073 2011 2110 handeln,
2034 2073 2077 2104 die
2101 2071 2307 2112 ausschließlich
2331 2072 2363 2103 in
2387 2071 2438 2102 das
2455 2070 2566 2110 Ressort
2590 2070 2636 2102 des
2662 2069 2731 2109 eidg.

1878 2117 2200 2156 Finanzdepartements
2224 2117 2322 2156 fallen.
2358 2115 2438 2148 Man
2462 2115 2549 2154 findet
2573 2114 2615 2146 die
2637 2113 2733 2147 Grad¬

1879 2162 1964 2200 stärke
1989 2167 2044 2194 von
2069 2164 2111 2193 65
2136 2161 2216 2194 Grad
2241 2161 2357 2193 Tralles
2390 2160 2456 2197 noch
2485 2168 2518 2198 zu
2542 2159 2615 2197 hoch.
2664 2158 2733 2190 Eine

1880 2207 2015 2247 wichtige,
2049 2207 2118 2245 noch
2153 2216 2186 2246 zu
2218 2205 2414 2244 entscheidende
2436 2205 2530 2245 Frage
2553 2204 2587 2243 ist
2611 2204 2662 2241 die,
2698 2204 2733 2235 ob

1880 2261 1950 2283 man
1973 2252 2025 2283 den
2040 2250 2193 2285 Brennern
2217 2251 2350 2290 gestatten
2366 2249 2457 2285 wolle,
2478 2250 2529 2281 den
2545 2249 2735 2289 sogenannten

1880 2296 2023 2336 Nachlauf
2044 2296 2190 2331 nochmals
2213 2305 2247 2334 zu
2270 2295 2407 2327 brennen.
2430 2294 2486 2327 Die
2501 2292 2735 2333 Bestimmungen

1881 2342 1930 2373 des
1953 2341 2182 2381 Pflichtenheftes
2205 2340 2289 2379 gehen
2313 2339 2411 2379 dahin,
2446 2338 2503 2377 daß
2525 2338 2572 2370 der
2596 2338 2736 2377 Nachlauf

1882 2386 1915 2417 in
1949 2386 1993 2418 ein
2017 2386 2164 2424 Reservoir
2193 2385 2354 2425 gesammelt
2390 2384 2449 2415 und
2484 2383 2561 2415 allda
2596 2383 2736 2422 verwahrt

1883 2431 1980 2462 werde.
2029 2431 2079 2464 Da
2113 2431 2147 2469 sie
2180 2430 2233 2463 mit
2267 2438 2356 2461 neuen
2381 2429 2547 2467 Apparaten
2574 2428 2638 2467 noch
2663 2427 2737 2467 nicht

1883 2474 2012 2514 versehen
2034 2475 2104 2515 sind,
2128 2475 2226 2515 halten
2250 2474 2292 2506 die
2310 2475 2442 2507 Brenner
2467 2473 2628 2510 entschieden
2644 2473 2738 2505 daran

1884 2520 1944 2558 fest,
1967 2520 2025 2558 daß
2046 2520 2131 2558 ihnen
2155 2521 2202 2557 für
2226 2519 2332 2551 einmal
2354 2519 2417 2558 jene
2431 2518 2600 2557 Konzession
2617 2518 2739 2558 gemacht

1885 2565 1983 2601 werde,
2010 2565 2106 2604 welche
2129 2565 2212 2603 ihnen
2244 2564 2286 2595 die
2317 2564 2445 2603 gehörige
2470 2563 2670 2603 Verwendung
2692 2563 2740 2594 des

1885 2609 2056 2648 Nachlaufes
2095 2608 2273 2650 ermöglichen
2309 2609 2416 2640 würde.
2464 2608 2524 2641 Der
2552 2607 2740 2647 Bundesrath

1885 2654 1938 2693 hat
1970 2655 2024 2686 das
2047 2655 2117 2694 eidg.
2141 2654 2448 2695 Finanzdepartement
2484 2652 2669 2690 ausdrücklich
2700 2662 2741 2683 er¬

1885 2698 2029 2740 mächtigt,
2053 2700 2084 2731 in
2110 2699 2191 2738 dieser
2207 2698 2351 2738 Richtung
2375 2698 2417 2729 die
2439 2697 2499 2737 ihm
2519 2697 2742 2738 gutscheinenden

1886 2743 2121 2783 Bestimmungen
2144 2754 2178 2783 zu
2209 2743 2317 2782 treffen.
2364 2743 2416 2775 Da
2437 2742 2514 2781 Herr
2536 2742 2674 2781 Hammer
2697 2751 2742 2782 ge¬

1888 2788 1965 2828 neigt
2004 2788 2045 2827 ist,
2087 2789 2164 2820 allen
2201 2787 2382 2826 berechtigten
2421 2786 2533 2826 Klagen
2576 2786 2671 2826 Gehör
2708 2795 2743 2826 zu

1887 2832 2018 2871 schenken,
2054 2832 2182 2872 erscheint
2217 2832 2261 2864 ein
2285 2831 2554 2872 Entgegenkommen
2578 2831 2649 2869 nicht
2674 2834 2743 2863 aus¬

1888 2877 2055 2918 geschlossen.

2132 2979 2487 3041 Kantone.

2202 3050 2431 3089 Baselstadt.

1936 3092 1983 3129 (Δ
2005 3090 2150 3129 Korresp.)
2175 3091 2230 3124 Die
2253 3091 2389 3129 Revision
2412 3090 2460 3122 der
2483 3096 2535 3122 vor
2559 3089 2608 3127 eilf
2629 3089 2746 3129 Jahren

1889 3135 2071 3175 geschaffenen
2096 3136 2269 3175 Verfassung
2292 3137 2341 3174 für
2365 3135 2525 3174 Baselstadt
2548 3134 2581 3173 ist
2605 3143 2665 3166 nun
2679 3139 2746 3166 vom

1889 3180 2009 3219 Großen
2032 3181 2111 3219 Rath
2134 3181 2175 3212 im
2188 3181 2341 3221 Grundsatz
2365 3180 2419 3212 mit
2432 3182 2473 3211 66
2499 3189 2583 3220 gegen
2596 3179 2636 3210 22
2648 3179 2746 3212 Stim¬

1892 3234 1956 3256 men
1980 3224 2150 3265 beschlossen.
2196 3225 2265 3257 Eine
2288 3224 2479 3264 Kommission
2513 3223 2650 3263 desselben
2674 3224 2746 3255 wird

1889 3270 1933 3301 die
1956 3270 2089 3310 Revision
2114 3270 2283 3302 vorbereiten
2297 3281 2305 3309 ;
2330 3270 2366 3301 da
2389 3270 2437 3301 der
2449 3267 2551 3308 Große
2563 3269 2641 3308 Rath
2657 3269 2747 3309 letztes

1890 3314 2040 3354 Frühjahr
2062 3315 2095 3346 in
2119 3316 2166 3346 der
2178 3315 2307 3354 Aussicht
2331 3314 2408 3346 einer
2430 3313 2533 3353 solchen
2546 3314 2679 3351 Revision
2692 3323 2747 3345 neu

1891 3359 2014 3398 gewählt
2036 3360 2142 3396 wurde,
2168 3360 2268 3391 kommt
2292 3359 2334 3390 die
2346 3359 2540 3398 Ausführung
2552 3359 2600 3390 der
2612 3359 2747 3398 Revision

1891 3404 1976 3442 durch
2001 3404 2078 3435 einen
2104 3404 2213 3445 eigenen
2229 3403 2490 3444 Verfassungsrath
2514 3402 2587 3442 nicht
2600 3403 2629 3435 in
2640 3403 2745 3443 Frage.

1890 3448 1949 3480 Als
1971 3448 2224 3488 Revisionspunkte
2259 3450 2375 3480 wurden
2411 3448 2453 3479 bei
2472 3447 2670 3488 Begründung
2700 3448 2748 3479 der

1893 3492 2014 3525 Motion
2032 3494 2207 3534 angegeben:
2233 3492 2324 3532 Wahl
2348 3492 2396 3524 der
2412 3493 2572 3532 Regierung
2597 3492 2678 3531 durch
2695 3492 2748 3524 das

1892 3537 1988 3576 Volk;
2015 3537 2109 3576 ebenso
2132 3539 2179 3570 des
2202 3537 2371 3578 Mitgliedes
2395 3537 2442 3569 des
2457 3537 2666 3576 Ständerathes
2690 3537 2747 3569 und

1893 3582 1942 3613 der
1964 3582 2149 3623 Präsidenten
2184 3582 2228 3614 der
2263 3582 2388 3620 Gerichte
2423 3600 2458 3605 —
2487 3582 2620 3620 Wahlen,
2651 3582 2748 3619 welche

1893 3626 1989 3666 bisher
2012 3627 2071 3659 dem
2097 3627 2212 3666 Großen
2236 3627 2328 3666 Rathe
2361 3627 2491 3667 oblagen.
2537 3627 2662 3659 Sodann
2697 3626 2749 3665 soll

1894 3671 1954 3703 eine
1976 3672 2108 3710 partielle
2131 3672 2439 3713 Verfassungsrevision
2474 3672 2522 3710 für
2557 3672 2599 3703 die
2622 3671 2750 3711 Zukunft

1895 3716 2056 3756 ermöglicht
2091 3718 2200 3749 werden
2223 3717 2281 3748 und
2316 3717 2358 3748 die
2392 3716 2564 3756 Verfassung
2596 3717 2646 3754 soll
2681 3720 2749 3748 aus¬

1893 3760 2025 3800 drücklich
2049 3761 2127 3792 einen
2151 3762 2257 3793 Artikel
2292 3761 2445 3801 enthalten,
2478 3760 2590 3799 welcher
2625 3764 2651 3793 es
2688 3761 2749 3792 dem

1892 3804 2000 3836 Staate
2023 3814 2072 3843 zur
2098 3806 2201 3845 Pflicht
2224 3805 2322 3843 macht,
2359 3805 2411 3837 den
2435 3805 2553 3843 sozialen
2575 3805 2633 3836 und
2656 3805 2749 3837 volks¬

1892 3849 2151 3889 wirthschaftlichen
2164 3851 2275 3889 Fragen
2299 3849 2369 3888 seine
2385 3849 2529 3889 besondere
2541 3849 2748 3888 Aufmerksam¬

1894 3892 1944 3924 keit
1966 3895 2159 3932 zuzuwenden.
2206 3894 2281 3931 Auch
2321 3901 2377 3925 von
2414 3894 2488 3925 einer
2511 3893 2664 3925 Reduktion
2701 3893 2747 3925 der

1892 3937 2128 3978 Mitgliederzahl
2160 3939 2208 3970 des
2231 3938 2348 3976 Großen
2371 3938 2483 3978 Rathes
2515 3944 2575 3969 war
2597 3938 2639 3969 die
2660 3937 2745 3975 Rede,

2764 1075 2804 1107 die
2839 1075 2890 1116 sich
2918 1075 3037 1112 dadurch
3071 1073 3213 1113 empfehle,
3250 1072 3304 1109 daß
3339 1072 3385 1104 der
3420 1071 3498 1111 Rath
3532 1069 3616 1110 durch

2765 1119 2982 1162 Uebertragung
3003 1120 3053 1152 der
3072 1119 3238 1158 wichtigsten
3260 1117 3384 1155 Wahlen
3407 1126 3447 1149 an
3468 1117 3521 1148 das
3543 1115 3618 1149 Volk

2766 1166 2824 1197 und
2848 1165 2915 1204 auch
2940 1170 2994 1198 aus
3018 1165 3127 1197 andern
3150 1163 3297 1198 Gründen,
3322 1169 3412 1202 wegen
3436 1162 3483 1194 der
3502 1161 3618 1193 weitern

2767 1210 2963 1251 Ausdehnung
3000 1210 3048 1242 der
3082 1207 3259 1245 Volksrechte
3293 1205 3462 1246 überhaupt,
3498 1215 3537 1237 an
3559 1206 3618 1238 Be¬

2767 1256 2891 1296 deutung
2914 1255 3038 1288 verliere.
3085 1252 3230 1290 Vielleicht
3254 1252 3357 1284 kommt
3379 1252 3446 1289 auch
3458 1251 3500 1283 die
3511 1250 3619 1283 Reduk¬

2769 1300 2829 1332 tion
2863 1301 2911 1332 des
2946 1297 3220 1341 Regierungsrathes
3258 1302 3314 1330 von
3349 1296 3436 1336 sieben
3470 1297 3519 1335 auf
3553 1295 3619 1336 fünf

2769 1345 2937 1385 Mitglieder
2960 1345 2990 1377 in
3013 1345 3117 1385 Frage.

2834 1390 2891 1424 Die
2914 1390 3087 1430 Opposition
3121 1387 3189 1427 hielt
3224 1387 3281 1419 eine
3308 1387 3442 1427 Revision
3476 1385 3547 1422 nicht
3569 1386 3619 1425 für

2770 1435 2869 1476 nöthig
2892 1435 2951 1467 und
2974 1434 3047 1473 nicht
3070 1435 3120 1473 für
3143 1431 3335 1471 ersprießlich;
3365 1433 3415 1470 für
3438 1430 3481 1463 die
3502 1430 3621 1469 höheren

2770 1480 2894 1520 Wahlen
2914 1477 2949 1517 sei
2972 1480 3018 1512 der
3044 1478 3141 1518 Große
3164 1476 3243 1517 Rath
3265 1477 3318 1508 das
3342 1477 3504 1517 geeignetere
3514 1475 3619 1515 Organ

2771 1525 2817 1557 als
2840 1525 2893 1557 das
2916 1525 3007 1564 Volk;
3045 1525 3091 1556 der
3121 1522 3239 1562 sozialen
3263 1522 3356 1562 Frage
3377 1521 3466 1554 werde
3489 1519 3539 1560 sich
3562 1520 3621 1551 der¬

2772 1570 2840 1608 selbe
2863 1569 2938 1608 nicht
2962 1569 3101 1609 entziehen
3123 1568 3239 1602 können,
3263 1567 3331 1605 auch
3347 1573 3428 1599 wenn
3452 1575 3479 1598 er
3501 1571 3558 1598 von
3574 1564 3621 1596 der

2772 1614 2946 1655 Verfassung
2980 1614 3053 1653 nicht
3088 1614 3159 1652 dazu
3183 1618 3350 1653 gezwungen
3383 1611 3481 1644 werde.
3528 1610 3623 1650 Gegen

2773 1660 2831 1691 eine
2866 1659 3021 1692 Reduktion
3057 1659 3105 1691 des
3129 1657 3246 1696 Großen
3270 1657 3378 1697 Rathes
3412 1655 3508 1688 wurde
3531 1664 3560 1686 u.
3584 1654 3621 1686 A.

2773 1704 2935 1744 angeführt,
2959 1704 3014 1740 daß
3031 1702 3183 1742 demselben
3206 1701 3294 1740 außer
3309 1702 3362 1734 den
3384 1699 3624 1741 gesetzgeberischen

2773 1749 2907 1782 Arbeiten
2931 1749 2962 1781 in
2973 1747 3062 1788 Basel
3073 1748 3140 1787 auch
3157 1747 3199 1779 die
3215 1747 3289 1779 eines
3302 1744 3624 1786 Einwohnergemeinde¬

2773 1794 2870 1832 rathes
2893 1794 3026 1834 zufallen,
3052 1793 3147 1832 welche
3171 1801 3208 1824 an
3233 1791 3342 1824 andern
3358 1791 3452 1824 Orten
3475 1789 3624 1829 besondern

2773 1837 2924 1879 Behörden
2948 1838 3082 1880 obliegen.

3133 1897 3279 1939 Tessin.

2842 1946 2957 1985 (Korr.)
2974 1946 3030 1979 Die
3042 1945 3253 1985 Verhandlung
3266 1944 3305 1976 im
3317 1944 3443 1984 Prozesse
3456 1941 3626 1975 Ginella-¬

2775 1991 3010 2031 Catenazzi
3047 1990 3143 2023 wurde
3178 1990 3306 2029 Montag
3342 1989 3391 2020 den
3429 1988 3479 2019 10.
3503 1984 3625 2019 Oktober

2775 2036 2874 2068 wieder
2898 2038 3138 2076 aufgenommen;
3174 2035 3227 2067 das
3250 2033 3364 2072 Gericht
3385 2032 3445 2072 ließ
3466 2033 3552 2071 sofort
3574 2031 3626 2063 den

2777 2081 3069 2121 Landjägerkorporal
3092 2079 3211 2114 Crivelli
3235 2078 3389 2118 verhaften,
3423 2078 3469 2109 der
3501 2076 3552 2108 den
3575 2075 3628 2108 Eid

2777 2127 2827 2166 auf
2851 2126 2948 2166 falsche
2970 2126 3118 2166 Aussagen
3150 2124 3269 2165 geleistet
3290 2123 3376 2163 hatte.
3423 2122 3463 2155 Er
3485 2122 3561 2162 hatte
3583 2129 3629 2162 ge¬

2777 2172 2847 2211 sagt,
2872 2171 3020 2210 Catenazzi
3043 2171 3114 2211 habe
3137 2169 3195 2209 ihm
3219 2169 3271 2205 auf
3292 2169 3341 2200 der
3363 2168 3488 2200 Station
3511 2166 3628 2207 Lugano

2779 2216 2836 2247 eine
2859 2215 2991 2256 Depesche
3013 2215 3082 2253 nach
3105 2214 3213 2249 Stabio
3238 2212 3414 2254 übergeben;
3444 2212 3486 2244 die
3509 2211 3628 2251 Adresse,

2778 2261 2828 2292 den
2864 2261 2934 2300 Text
2968 2261 3025 2292 und
3061 2261 3103 2292 die
3125 2258 3309 2298 Unterschrift
3352 2258 3399 2289 des
3433 2256 3631 2297 Telegramms

2779 2305 2873 2344 führte
2896 2316 2924 2337 er
2948 2315 3038 2346 genau
3063 2315 3101 2337 an
3123 2304 3183 2336 und
3205 2303 3378 2343 behauptete,
3415 2311 3443 2334 er
3474 2300 3544 2341 habe
3566 2301 3632 2332 das¬

2779 2350 2847 2389 selbe
2882 2351 2934 2389 auf
2956 2352 3015 2382 dem
3042 2348 3346 2391 Telegraphenbureau
3384 2347 3501 2388 Lugano
3536 2347 3633 2385 aufge¬

2779 2396 2874 2435 geben.
2920 2395 3000 2427 Man
3034 2395 3086 2434 hat
3121 2403 3183 2425 nun
3204 2391 3460 2434 herausgefunden,
3494 2390 3551 2428 daß
3578 2390 3633 2422 das

2780 2440 2961 2480 Telegramm
2985 2440 3106 2479 wirklich
3131 2439 3241 2478 existirt,
3267 2437 3333 2470 aber
3356 2436 3480 2476 dasselbe
3501 2435 3535 2475 ist
3560 2435 3633 2473 nicht

2781 2485 2811 2516 in
2835 2485 2963 2526 Lugano,
2989 2485 3107 2522 sondern
3131 2484 3160 2515 in
3185 2483 3355 2522 Bellinzona
3378 2481 3546 2522 aufgegeben
3558 2487 3632 2512 wor-

2782 2530 2852 2568 den;
2868 2529 2990 2569 deßhalb
3001 2531 3076 2562 kann
3091 2529 3239 2567 Korporal
3252 2528 3384 2564 Crivelli,
3406 2527 3456 2558 der
3471 2527 3502 2557 in
3516 2526 3634 2566 Lugano

2783 2574 2928 2614 stationirt
2951 2575 2984 2613 ist
2995 2576 3055 2607 und
3078 2573 3128 2615 sich
3150 2583 3201 2613 zur
3224 2572 3406 2612 betreffenden
3426 2571 3493 2611 Zeit
3516 2569 3635 2607 wirklich

2783 2619 2898 2658 daselbst
2921 2619 3032 2659 befand,
3058 2620 3111 2651 mit
3134 2619 3195 2650 dem
3218 2618 3398 2657 Telegramm
3422 2625 3492 2656 ganz
3515 2617 3636 2655 unmög¬

2785 2663 2835 2702 lich
2861 2667 2950 2696 etwas
2972 2673 3005 2703 zu
3029 2664 3103 2704 thun
3127 2663 3228 2704 gehabt
3251 2662 3349 2701 haben.

2850 2711 2947 2750 Dieser
2970 2711 3100 2743 Meineid
3136 2711 3210 2742 eines
3239 2707 3556 2750 Polizeiunteroffiziers
3588 2706 3640 2746 hat

2790 2755 2828 2787 im
2853 2756 3008 2794 Publikum
3033 2756 3113 2787 einen
3146 2754 3235 2794 höchst
3266 2753 3417 2791 peinlichen
3440 2753 3574 2785 Eindruck
3595 2760 3640 2791 ge¬

2789 2800 2900 2839 macht;
2924 2800 2978 2832 das
3000 2798 3158 2840 öffentliche
3171 2798 3330 2840 Ehrgefühl
3353 2798 3486 2839 verlangt
3498 2796 3639 2837 energisch,

2790 2844 2846 2883 daß
2871 2845 2977 2877 einmal
3009 2849 3073 2877 dem
3096 2844 3317 2885 unehrenhaften
3342 2842 3463 2875 Treiben
3498 2842 3542 2874 ein
3565 2841 3641 2874 Ende

2791 2889 2912 2929 gemacht
2933 2890 3031 2927 werde,
3057 2892 3110 2922 das
3134 2893 3190 2920 aus
3212 2889 3274 2920 dem
3289 2897 3392 2929 ganzen
3404 2887 3542 2925 Verlaufe
3558 2886 3642 2923 dieses

2791 2934 2933 2974 Prozesses
2957 2944 2995 2966 an
3011 2934 3088 2966 allen
3100 2934 3213 2967 Kanten
3225 2932 3445 2973 herausschaut;
3468 2932 3508 2964 im
3520 2930 3642 2964 Stabio-¬

2792 2980 2908 3020 Prozesse
2930 2979 3027 3020 hatten
3052 2979 3103 3020 sich
3130 2979 3172 3011 die
3195 2978 3302 3019 jetzigen
3324 2977 3461 3019 Parteien
3483 2977 3561 3015 schon
3584 2976 3643 3008 eine

2793 3025 2922 3064 traurige
2944 3024 3147 3064 Berühmtheit
3171 3023 3322 3060 erworben,
3348 3023 3440 3054 indem
3459 3023 3495 3062 sie
3518 3022 3569 3053 den
3581 3025 3644 3053 ver¬

2793 3068 2937 3105 storbenen
2961 3069 3100 3108 Obersten
3116 3068 3206 3102 Mola
3229 3067 3397 3107 einstimmig
3420 3067 3568 3107 anklagten
3583 3065 3642 3098 und

2792 3112 2848 3152 jetzt
2871 3114 2961 3154 stehen
2984 3115 3018 3152 sie
3041 3114 3083 3146 im
3096 3113 3206 3146 Streite
3228 3121 3311 3153 gegen
3336 3112 3467 3144 einander
3479 3111 3538 3143 und
3549 3110 3644 3150 reißen

2793 3158 2843 3195 sich
2867 3158 3029 3199 gegenseitig
3065 3159 3107 3190 die
3141 3158 3317 3199 schmutzigste
3340 3156 3452 3195 Wäsche
3486 3160 3541 3188 aus
3569 3154 3645 3188 allen

2794 3203 2873 3235 Ecken
2897 3203 3007 3243 hervor.

3160 3250 3280 3292 Genf.

2845 3300 2888 3333 (Ω
2905 3299 2982 3329 Korr,
3001 3308 3060 3329 vom
3082 3300 3123 3328 12.
3142 3299 3272 3332 Oktober)
3308 3298 3365 3328 Wie
3389 3299 3422 3327 ich
3441 3298 3530 3332 Ihnen
3554 3297 3645 3327 bereits

2793 3340 2963 3374 telegraphisch
2982 3341 3128 3375 mitgelheilt
3156 3339 3223 3372 habe,
3252 3339 3294 3371 hat
3320 3340 3360 3368 die
3377 3338 3533 3373 Heilsarmee
3550 3338 3644 3372 gestern

2793 3380 2883 3409 wieder
2910 3381 2999 3414 Anlaß
3024 3388 3054 3415 zu
3083 3381 3164 3410 einem
3191 3380 3285 3415 großen
3307 3379 3416 3409 Tumult
3446 3378 3557 3414 gegeben.
3594 3377 3646 3407 Sie

2793 3420 2858 3452 hatte
2877 3421 2923 3449 mit
2942 3422 2991 3449 viel
3009 3421 3141 3454 Aufwand
3169 3428 3218 3449 von
3238 3420 3356 3449 Reklame
3375 3420 3401 3448 in
3431 3419 3473 3448 der
3491 3418 3573 3448 Stadt
3591 3426 3645 3447 ver¬

2793 3460 2903 3495 kündigt,
2930 3461 2981 3494 daß
3006 3461 3062 3490 eine
3079 3461 3169 3495 Heirat
3186 3460 3296 3495 zwischen
3324 3460 3405 3489 einem
3435 3459 3574 3491 weiblichen
3593 3458 3648 3487 und

2794 3501 2874 3529 einem
2903 3501 3061 3532 männlichen
3081 3500 3283 3536 „Hauptmann"
3310 3499 3454 3533 stattfinden
3481 3499 3568 3528 werde.
3603 3498 3647 3533 Zu

2794 3541 2881 3573 diesem
2899 3541 2987 3575 Anlaß
3006 3540 3100 3574 fanden
3118 3540 3162 3574 sich
3181 3541 3233 3569 eine
3251 3540 3370 3575 ziemliche
3388 3539 3487 3574 Anzahl
3505 3546 3556 3568 von
3575 3540 3649 3572 frem¬

2794 3581 2839 3609 den
2861 3580 3031 3614 „Offizieren"
3055 3581 3106 3614 hier
3125 3581 3152 3610 in
3171 3580 3241 3611 Genf
3260 3580 3299 3608 ein
3323 3581 3377 3609 und
3396 3580 3526 3612 spazierten
3545 3578 3648 3611 haufen¬

2796 3620 2864 3653 weise
2883 3622 2910 3648 in
2930 3621 3001 3654 ihren
3018 3621 3172 3654 Uniformen
3191 3621 3264 3652 durch
3282 3620 3368 3653 unsere
3387 3610 3493 3652 Gassen.
3522 3618 3573 3649 Sie
3590 3618 3648 3652 fan¬

2795 3661 2840 3689 den
2860 3661 2918 3690 aber
2936 3662 2983 3691 den
3002 3661 3137 3695 jedenfalls
3154 3663 3299 3690 erwarteten
3320 3659 3415 3692 Beifall
3435 3661 3517 3694 nicht;
3544 3660 3579 3688 im
3597 3658 3649 3688 Ge¬

2796 3702 2912 3735 gentheil,
2930 3701 2962 3735 sie
2980 3703 3086 3731 wurden
3104 3700 3284 3735 ausgepfiffen,
3309 3708 3352 3729 wo
3370 3700 3400 3732 sie
3419 3700 3463 3734 sich
3481 3700 3588 3735 zeigten;
3611 3697 3647 3733 ja,

2796 3743 2823 3769 es
2841 3742 2947 3770 wurden
2967 3742 3039 3776 sogar
3059 3742 3152 3771 Steine
3171 3742 3243 3772 durch
3267 3741 3303 3770 die
3321 3740 3422 3775 Fenster
3442 3740 3486 3769 des
3505 3739 3649 3773 Versamm¬

2796 3782 2973 3814 lungslokales
2991 3782 3125 3817 geworfen.

2848 3826 2897 3860 Ich
2916 3828 2993 3861 begab
3012 3828 3073 3860 mich
3090 3826 3195 3856 Abends
3213 3827 3272 3857 auch
3290 3834 3318 3859 zu
3337 3827 3379 3855 der
3392 3825 3464 3860 Feier
3482 3825 3526 3854 ins
3543 3824 3647 3857 Kasino.

2796 3866 2835 3894 Es
2854 3866 2973 3900 wohnten
2998 3867 3036 3900 ihr
3063 3870 3125 3896 etwa
3145 3866 3198 3894 500
3215 3866 3345 3898 Personen
3375 3865 3427 3899 bei;
3456 3865 3560 3900 obgleich
3588 3873 3649 3893 man

2795 3906 2841 3934 mit
2860 3906 2916 3934 dem
2935 3906 3117 3942 Eintrittsgeld
3135 3914 3186 3934 von
3208 3906 3355 3938 anderthalb
3374 3905 3490 3939 Franken
3509 3905 3574 3935 leicht
3592 3905 3646 3934 eine

2794 3946 2885 3975 andere
2903 3946 3164 3981 Theatervorstellung
3184 3946 3247 3978 hätte
3267 3945 3378 3978 besuchen
3402 3945 3508 3980 können,
3533 3953 3588 3975 war
3606 3945 3649 3974 der

368 4060 541 4109 Feuilleton
571 4058 682 4103 1887.
922 4076 953 4103 11

270 4153 550 4180 Noblesse
579 4153 792 4186 oblige.

353 4197 459 4227 Roman
478 4198 506 4227 in
524 4198 575 4227 drei
592 4197 717 4230 Büchern.

497 4246 556 4276 Von

340 4285 502 4320 Friedrich
520 4286 729 4322 Spielhagen.

163 4365 229 4394 Was
247 4364 305 4393 aber
323 4362 447 4396 Johanna
477 4363 545 4396 mehr
571 4366 613 4392 als
643 4364 716 4392 Alles
743 4362 875 4395 beruhigte,
903 4368 958 4389 war

110 4405 158 4433 das
177 4406 305 4438 Betragen
323 4404 367 4432 des
385 4402 491 4432 Vaters.
526 4403 578 4432 Sie
595 4404 661 4435 hatte
679 4404 816 4438 gefürchtet,
835 4410 862 4431 er
880 4402 959 4430 werde

114 4445 267 4476 mindestens
286 4444 341 4473 übel
359 4443 403 4474 auf
423 4443 523 4472 Minna
554 4451 583 4478 zu
613 4444 720 4475 sprechen
748 4444 797 4476 sein
828 4442 881 4471 und
908 4441 960 4476 jene

112 4484 208 4518 Klagen
227 4484 289 4513 über
308 4484 370 4515 seine
389 4483 501 4517 mißliche
509 4482 579 4516 Lage,
598 4483 625 4511 in
644 4484 722 4512 denen
741 4492 766 4512 er
786 4483 830 4516 sich
843 4481 960 4514 während

112 4525 186 4553 dieser
204 4532 297 4559 ganzen
316 4524 395 4557 letzten
415 4523 472 4558 Zeit
492 4537 524 4542 —
543 4513 615 4556 sogar
642 4531 676 4552 an
694 4523 774 4557 jenem
793 4522 961 4557 verhängniß¬

114 4565 197 4593 vollen
207 4564 296 4593 Abend
310 4570 358 4593 vor
366 4563 413 4591 den
424 4562 574 4597 Freunden!
594 4577 628 4582 —
647 4571 778 4598 ergangen,
797 4562 824 4591 in
837 4562 961 4595 erhöhtem

118 4604 188 4633 Tone
205 4604 337 4638 fortsetzen.
372 4602 463 4632 Weder
482 4604 530 4632 das
541 4603 605 4633 Eine
618 4603 677 4635 noch
689 4603 736 4631 das
748 4602 847 4632 Andere
859 4603 961 4636 geschah.

118 4644 180 4673 Kein
198 4644 275 4673 Wort
293 4651 367 4678 gegen
386 4643 497 4675 Minna,
520 4643 558 4672 die
575 4651 600 4672 er
618 4643 698 4676 sogar,
725 4650 798 4672 wenn
825 4643 889 4672 nicht
915 4643 963 4672 mit

115 4684 184 4715 mehr
200 4683 356 4719 Zärtlichkeit
374 4697 409 4703 —
428 4691 463 4712 an
482 4685 524 4712 der
541 4686 569 4712 es
588 4683 725 4714 überhaupt
743 4684 769 4711 in
788 4682 844 4710 dem
856 4682 963 4715 Verkehr

113 4724 223 4758 zwischen
243 4724 338 4753 Beiden
357 4723 462 4754 hinüber
481 4724 534 4752 und
552 4723 655 4756 herüber
673 4723 733 4755 stets
745 4722 833 4757 gefehlt
851 4722 916 4755 hatte
929 4737 961 4743 —

112 4764 139 4797 so
156 4764 213 4794 doch
231 4765 278 4793 mit
297 4765 376 4792 etwas
395 4763 535 4798 geringerer
556 4762 628 4792 Kälte
656 4770 685 4797 zu
713 4761 848 4795 behandeln
868 4762 962 4797 schien;

112 4803 165 4832 und
184 4803 328 4835 hinsichtlich
347 4802 425 4835 seiner
443 4803 663 4838 Angelegenheiten
692 4802 773 4834 theilte
791 4809 817 4829 er
835 4800 962 4835 Johanna

113 4844 166 4877 „im
185 4842 347 4873 Vertrauen"
370 4843 425 4876 mit,
456 4842 507 4876 daß
523 4851 550 4872 er
566 4842 614 4878 jetzt
633 4842 747 4873 Aussicht
764 4840 833 4874 habe,
859 4841 903 4874 sich
922 4842 963 4871 bis

114 4891 171 4917 zum
190 4883 332 4916 hoffentlich
350 4882 465 4917 baldigen
474 4883 590 4912 Anbruch
609 4882 709 4915 besserer
721 4881 809 4916 Zeiten
828 4888 857 4915 zu
871 4881 964 4912 halten.

112 4922 251 4957 Wodurch
251 4922 318 4957 diese
336 4922 458 4956 glückliche
476 4922 611 4958 Wendung
639 4923 736 4952 bewirkt
763 4921 803 4953 sei,
831 4921 895 4955 sagte
921 4922 964 4951 der

110 4963 193 4993 Vater
210 4962 285 4996 nicht.
309 4962 438 4995 Thatsache
457 4966 515 4992 aber
524 4971 588 4996 war,
606 4963 656 4997 daß
673 4962 736 4996 seine
746 4960 963 4991 Kattundruckerei

112 5011 160 5032 vor
178 5004 235 5032 dem
243 5002 405 5037 Brookthor,
430 5003 523 5036 welche,
551 5005 598 5032 wie
624 5004 673 5032 alle
691 5000 814 5034 Geschäfte
841 5000 964 5033 derselben

111 5043 172 5077 Art,
189 5042 273 5078 längst
293 5042 432 5078 geschlossen
451 5043 566 5076 gewesen,
594 5043 632 5072 die
660 5042 747 5072 Arbeit
771 5040 862 5070 wieder
879 5040 963 5075 aufge¬

111 5091 244 5115 nommen,
260 5083 323 5116 und
341 5082 384 5113 sich
401 5082 517 5116 Jemand
543 5082 666 5117 gefunden
693 5083 766 5115 hatte,
792 5081 835 5109 der
859 5088 890 5115 zu
916 5081 963 5110 den

112 5124 171 5156 zwei
190 5123 309 5154 schweren
325 5121 493 5158 Hypotheken,
521 5123 568 5152 mit
586 5123 665 5152 denen
682 5123 731 5152 das
748 5121 901 5154 Wohnhaus
928 5129 963 5150 an

112 5164 156 5191 der
174 5162 259 5191 Alster
278 5161 376 5194 belastet
394 5170 458 5195 war,
475 5163 529 5192 eine
555 5162 629 5191 dritte
655 5170 743 5197 wagen
768 5162 860 5192 wollte.
895 5161 964 5192 Auch

112 5202 163 5231 das
181 5202 209 5230 in
228 5202 307 5237 letzter
322 5200 382 5236 Zeit
407 5202 454 5235 auf
471 5203 514 5232 ein
529 5201 655 5237 Kleinstes
685 5201 848 5237 herabgesetzte
865 5200 962 5234 Wirth¬

113 5241 260 5276 schaftsgeld
277 5241 374 5275 erhöhte
390 5241 434 5271 der
447 5242 526 5271 Vater
544 5242 749 5277 unaufgefordert
766 5249 811 5271 um
831 5242 879 5270 das
889 5240 963 5274 Dop¬

112 5282 176 5313 pelte
185 5288 194 5316 ;
211 5288 238 5310 er
256 5281 337 5314 sprach
346 5281 427 5316 sogar
440 5281 532 5315 davon,
551 5282 596 5312 den
610 5281 899 5317 „Empfangsabenden"
919 5288 962 5310 am

113 5320 290 5357 Donnerstag,
316 5321 399 5356 welche
424 5321 453 5350 in
471 5322 547 5357 letzter
563 5321 621 5357 Zeit
639 5330 690 5352 nur
709 5322 768 5356 noch
784 5321 840 5350 dem
858 5320 959 5351 Namen

1000 4042 1060 4071 nach
1079 4041 1209 4071 bestanden
1229 4042 1313 4075 hatten
1332 4055 1365 4060 —
1384 4043 1413 4070 es
1432 4048 1484 4068 war
1497 4039 1576 4072 außer
1589 4039 1687 4069 Billow
1698 4037 1754 4067 und
1764 4037 1855 4067 Sand¬

1001 4080 1079 4111 ström
1098 4081 1228 4110 Niemand
1247 4081 1315 4113 mehr
1334 4080 1479 4115 gekommen
1500 4094 1530 4099 —
1550 4087 1625 4108 wenn
1654 4079 1715 4110 nicht
1745 4086 1774 4111 zu
1800 4079 1856 4107 dem

1000 4121 1069 4149 alten
1087 4120 1174 4155 Glanz
1194 4137 1226 4141 —
1247 4123 1303 4149 was
1320 4128 1368 4149 vor
1386 4121 1430 4149 der
1447 4119 1523 4154 Hand
1551 4119 1642 4151 freilich
1664 4118 1806 4152 unmöglich
1825 4118 1856 4150 sei

1004 4174 1035 4179 —
1055 4160 1081 4193 so
1099 4161 1154 4191 doch
1173 4169 1224 4189 von
1244 4160 1340 4190 Neuem
1368 4168 1399 4194 zu
1426 4161 1492 4189 einer
1520 4158 1705 4194 „anständigen
1730 4157 1857 4191 Wirklich¬

1001 4199 1060 4228 keit"
1081 4207 1109 4234 zu
1128 4200 1262 4234 verhelfen.

1055 4252 1181 4286 Johanna
1200 4261 1255 4282 war
1272 4252 1352 4281 damit
1370 4261 1433 4287 ganz
1442 4252 1640 4284 einverstanden.
1658 4252 1782 4283 Brauchte
1798 4252 1856 4284 doch

1002 4293 1091 4322 Oskar
1108 4295 1178 4322 dann
1197 4293 1349 4326 wenigstens
1366 4293 1463 4322 einmal
1480 4293 1507 4321 in
1526 4293 1569 4321 der
1590 4292 1686 4326 Woche,
1704 4301 1751 4321 um
1769 4299 1858 4326 vorzu¬

1003 4334 1118 4365 sprechen,
1138 4333 1200 4363 nicht
1220 4334 1279 4360 nach
1297 4332 1377 4360 einem
1390 4331 1524 4361 Vorwand
1542 4340 1571 4365 zu
1591 4332 1693 4366 suchen;
1712 4334 1766 4361 und
1784 4332 1858 4368 wenn

1003 4374 1049 4402 des
1068 4372 1162 4402 Vaters
1180 4372 1404 4407 Angelegenheiten
1425 4372 1467 4404 sich
1490 4372 1516 4403 so
1535 4373 1583 4401 viel
1602 4372 1730 4406 günstiger
1749 4372 1858 4412 gestaltet

1003 4413 1096 4445 hatten,
1114 4420 1216 4441 warum
1235 4412 1305 4444 sollte
1323 4420 1385 4440 man
1403 4411 1459 4440 dem
1471 4411 1671 4444 Sonnenschein,
1689 4414 1732 4440 der
1745 4400 1789 4444 sich
1803 4412 1860 4440 end¬

1005 4454 1049 4486 lich
1068 4453 1156 4482 wieder
1175 4452 1351 4485 hervorwagte,
1370 4452 1434 4480 nicht
1453 4452 1573 4486 Eingang
1600 4452 1745 4485 verschaffen
1764 4452 1791 4479 in
1811 4452 1859 4480 das

1005 4493 1080 4527 triste,
1098 4493 1140 4526 seit
1158 4493 1184 4525 so
1202 4495 1290 4527 langer
1306 4491 1364 4526 Zeit
1382 4491 1492 4520 verödete
1509 4490 1607 4525 Haus?

1060 4546 1117 4580 Sie
1117 4546 1210 4580 sprach
1227 4544 1333 4575 darüber
1352 4544 1400 4573 mit
1414 4543 1523 4578 Minna,
1541 4544 1629 4577 erfuhr
1647 4544 1705 4573 aber
1721 4551 1771 4573 von
1784 4544 1859 4576 dieser

1006 4588 1045 4617 die
1063 4586 1241 4620 entschiedenste
1268 4584 1429 4619 Abweisung.
1465 4584 1517 4619 Ihr
1546 4584 1624 4613 Sinn
1654 4584 1714 4618 stehe
1744 4584 1859 4617 wahrlich

1007 4628 1071 4658 nicht
1089 4629 1147 4658 nach
1165 4627 1261 4662 Freude
1279 4625 1331 4654 und
1341 4624 1495 4660 Festlichkeit,
1514 4625 1569 4653 und
1589 4625 1673 4653 wollte
1692 4624 1723 4654 sie
1735 4623 1794 4656 auch
1807 4631 1858 4653 von

1007 4669 1052 4700 sich
1070 4676 1131 4703 ganz
1149 4667 1267 4700 absehen:
1286 4667 1313 4694 in
1330 4666 1399 4694 einer
1416 4664 1482 4700 Zeit,
1509 4672 1551 4693 wo
1569 4664 1699 4696 Tausende
1718 4664 1859 4693 arbeitslos

1008 4710 1063 4738 und
1081 4710 1179 4738 brotlos
1197 4708 1271 4736 durch
1294 4706 1331 4735 die
1350 4705 1468 4739 Straßen
1487 4705 1575 4737 irrten,
1605 4705 1665 4736 habe
1691 4703 1783 4734 Keiner
1810 4706 1859 4733 das

1007 4749 1090 4781 Recht,
1109 4749 1171 4778 über
1187 4749 1236 4776 das
1255 4746 1432 4777 unabweislich
1441 4744 1622 4778 Nothwendige
1641 4743 1859 4779 hinauszugehen;

1007 4790 1068 4820 auch
1087 4789 1149 4821 nicht
1167 4789 1209 4818 der
1227 4786 1420 4820 Wohlhabende,
1440 4785 1577 4820 geschweige
1590 4787 1656 4813 denn
1665 4784 1790 4819 Jemand,
1808 4785 1859 4817 der,

1008 4829 1056 4858 wie
1074 4829 1115 4858 der
1123 4829 1204 4859 Vater
1222 4842 1258 4849 —
1275 4828 1308 4861 sie
1319 4828 1379 4860 habe
1391 4829 1419 4856 es
1433 4825 1458 4861 ja
1468 4829 1518 4854 aus
1528 4826 1618 4855 seinem
1629 4825 1728 4859 eigenen
1738 4824 1843 4854 Munde

1009 4883 1043 4889 —
1055 4877 1105 4898 vor
1115 4870 1195 4898 einem
1205 4869 1323 4902 völligen,
1342 4867 1528 4900 schmachvollen
1538 4865 1676 4895 Bankerott
1686 4864 1757 4900 stehe.
1775 4865 1860 4894 Wenn

1008 4916 1035 4937 er
1053 4908 1229 4943 überflüssiges
1242 4908 1310 4939 Geld
1326 4908 1395 4941 habe,
1414 4907 1440 4940 so
1459 4906 1528 4942 möge
1547 4914 1573 4935 er
1585 4908 1613 4935 es
1622 4906 1668 4939 aus
1678 4905 1861 4940 Befriedigung

1009 4948 1088 4979 seiner
1104 4949 1250 4983 Gläubiger
1268 4950 1422 4978 verwenden.
1459 4947 1498 4978 Er
1515 4947 1575 4978 habe
1601 4949 1671 4976 derer
1689 4953 1781 4981 genug,
1807 4950 1862 4974 und

1007 4987 1047 5017 die
1065 4988 1109 5022 ihn
1127 4996 1180 5018 nur
1197 4989 1303 5024 deßhalb
1321 4989 1385 5020 nicht
1404 4989 1488 5017 weiter
1504 4987 1625 5022 gedrängt
1642 4987 1736 5019 hätten,
1753 4986 1812 5016 weil
1829 4986 1862 5018 sie

1007 5028 1117 5063 gewußt,
1135 5029 1186 5062 daß
1202 5032 1232 5058 es
1249 5028 1373 5064 erfolglos
1399 5028 1453 5060 sein
1475 5028 1570 5059 würde.
1607 5027 1659 5058 Sie
1685 5026 1790 5056 würden
1818 5027 1863 5061 sich

1008 5067 1087 5098 sofort
1104 5069 1210 5101 melden,
1230 5082 1264 5089 —
1282 5070 1336 5097 und
1354 5069 1403 5098 mit
1420 5068 1480 5104 Fug
1497 5069 1552 5098 und
1570 5068 1645 5101 Recht
1664 5082 1697 5088 —
1714 5075 1792 5097 wenn
1820 5067 1864 5097 der

1009 5106 1090 5137 Vater
1107 5108 1203 5137 merken
1222 5107 1290 5142 lasse,
1308 5108 1357 5142 daß
1374 5116 1401 5138 er
1420 5109 1511 5138 wieder
1528 5109 1590 5138 über
1608 5109 1700 5138 Mittel
1717 5107 1829 5143 verfüge.

1063 5159 1128 5194 „Du
1146 5160 1192 5192 bist
1211 5161 1249 5190 die
1267 5161 1333 5190 reine
1351 5161 1518 5194 Schiller'iche
1535 5161 1706 5195 Kassandra",
1736 5161 1865 5191 erwiderte

1007 5199 1133 5234 Johanna
1152 5200 1308 5232 schmollend.
1345 5201 1422 5235 „Und
1440 5201 1509 5230 dabei
1526 5203 1585 5237 liegt
1597 5203 1655 5233 doch
1666 5203 1711 5234 auf
1724 5201 1769 5231 der
1777 5201 1864 5237 Hand,

1008 5240 1059 5274 daß
1077 5239 1124 5270 Du
1142 5240 1181 5269 dir
1198 5240 1268 5270 Welt
1286 5241 1323 5270 im
1340 5241 1428 5275 Argen
1447 5241 1524 5275 siehst,
1543 5242 1616 5274 nicht,
1644 5242 1701 5271 weil
1727 5241 1761 5275 sie
1778 5241 1807 5275 so
1824 5242 1864 5277 ist,

1008 5280 1124 5314 sondern,
1141 5280 1199 5310 weil
1211 5280 1261 5310 Du
1278 5280 1311 5313 sie
1328 5280 1356 5312 so
1373 5280 1444 5313 sehen
1463 5281 1547 5315 willst.
1583 5281 1686 5314 Anstatt
1698 5283 1742 5311 der
1751 5281 1864 5312 Schreck¬

1007 5320 1138 5355 lichkeiten,
1155 5321 1193 5350 die
1210 5319 1277 5356 Herr
1294 5319 1379 5355 Hirsch
1397 5320 1499 5355 schwarz
1519 5320 1567 5354 auf
1584 5320 1652 5355 weiß
1678 5321 1759 5355 haben
1778 5322 1865 5351 wollte

1903 4033 1953 4062 das
1970 4032 2064 4066 Papier
2082 4042 2137 4062 war
2157 4033 2246 4066 freilich
2263 4033 2345 4066 Alles,
2372 4041 2427 4062 nur
2444 4033 2506 4063 nicht
2525 4032 2588 4066 weiß
2608 4047 2639 4052 —
2658 4032 2752 4062 kommt

1900 4076 1952 4101 aus
1970 4073 2096 4106 Rußland
2114 4073 2167 4102 eine
2185 4073 2401 4107 Siegesnachricht
2432 4072 2492 4101 über
2519 4074 2555 4101 die
2574 4072 2670 4105 andere,
2700 4073 2753 4101 und

1901 4113 1996 4142 Vaters
2016 4113 2128 4147 Geschäft
2146 4113 2211 4143 wird
2229 4114 2319 4143 wieder
2343 4113 2411 4147 flott,
2439 4113 2489 4146 daß
2515 4115 2542 4141 es
2571 4121 2623 4142 nur
2647 4114 2673 4147 so
2701 4113 2752 4142 eine

1902 4153 1999 4188 Freude
2019 4154 2072 4187 ist."

1960 4196 2034 4228 „Und
2053 4197 2114 4230 ich",
2132 4195 2256 4225 erwiderte
2269 4196 2379 4228 Minna,
2399 4195 2506 4230 „zweifle
2525 4195 2550 4227 so
2567 4196 2648 4230 wenig
2664 4194 2754 4230 daran,

1903 4236 1954 4269 daß
1972 4236 2041 4270 jener
2057 4236 2169 4269 russische
2187 4235 2259 4269 Brief
2286 4237 2324 4265 die
2354 4235 2485 4268 Wahrheit
2511 4236 2612 4269 enthielt
2638 4234 2691 4264 und
2717 4236 2754 4263 die

1904 4276 2076 4311 französischen
2097 4276 2229 4306 Bülletins
2249 4276 2334 4311 lügen,
2359 4276 2406 4305 wie
2435 4277 2467 4305 ich
2495 4277 2549 4304 dem
2576 4278 2659 4310 guten,
2686 4276 2754 4303 alten

1904 4316 1994 4345 Mann
2015 4317 2145 4350 aufrichtig
2163 4316 2279 4349 wünsche,
2304 4324 2330 4344 er
2348 4315 2421 4350 möge
2439 4316 2501 4344 nicht
2519 4315 2576 4344 bald
2595 4315 2753 4350 Gelegenheit

1903 4356 1991 4390 haben,
2010 4357 2071 4387 seine
2090 4357 2145 4386 dem
2164 4357 2242 4386 Vater
2262 4356 2389 4387 bewiesene
2408 4355 2557 4387 Großmuth
2575 4363 2604 4389 zu
2624 4355 2752 4384 bereuen."

1959 4402 2032 4435 „Wie
2048 4403 2139 4432 denn?
2174 4402 2221 4433 Du
2240 4402 2347 4437 glaubst,
2365 4401 2417 4436 daß
2434 4401 2513 4431 Vater
2539 4402 2588 4430 das
2609 4401 2676 4431 Geld
2704 4410 2754 4431 von

1902 4441 1987 4477 Herrn
2004 4442 2089 4477 Hirsch
2108 4442 2204 4475 habe?"

1959 4488 2021 4523 „Ich
2040 4490 2081 4518 bin
2102 4490 2174 4524 sogar
2192 4489 2275 4518 davon
2294 4488 2449 4523 überzeugt."

1958 4537 2039 4571 „Nun
2058 4538 2165 4570 freilich!
2202 4537 2343 4571 Kassandra
2373 4537 2438 4571 muß
2455 4536 2481 4571 ja
2500 4539 2559 4571 auch
2576 4539 2625 4568 das
2643 4538 2755 4572 wissen."

1957 4578 2080 4612 Johanna
2101 4579 2149 4612 gab
2166 4581 2195 4608 es
2212 4579 2266 4612 auf,
2285 4580 2332 4609 den
2352 4579 2496 4613 Starrsinn
2515 4580 2557 4609 der
2570 4579 2710 4614 Schwester
2728 4589 2758 4615 zu

1903 4618 2008 4651 brechen,
2028 4618 2138 4653 hoffend,
2165 4620 2202 4649 die
2219 4618 2276 4655 Zeit
2305 4620 2360 4649 und
2387 4620 2431 4649 der
2459 4620 2564 4653 einfache
2581 4621 2690 4653 Verlauf
2716 4621 2759 4651 der

1903 4657 2043 4692 Ereignisse
2061 4658 2167 4688 würden
2195 4659 2242 4687 das
2266 4659 2400 4695 schwierige
2418 4659 2532 4693 Geschäft
2559 4659 2603 4693 für
2630 4661 2660 4693 sie
2687 4659 2760 4690 über¬

1904 4698 2018 4731 nehmen.
2036 4698 2077 4734 Zu
2097 4700 2177 4732 ihrem
2195 4699 2339 4731 Erstaunen
2359 4700 2415 4729 und
2431 4700 2563 4730 Schrecken
2582 4702 2651 4731 sollte
2663 4700 2696 4734 sie
2708 4710 2760 4731 nur

1903 4739 2030 4773 allzubald
2047 4739 2170 4774 erfahren,
2188 4739 2236 4773 daß
2246 4739 2302 4775 Zeit
2324 4741 2378 4769 und
2387 4741 2526 4775 Ereignisse
2539 4741 2584 4775 sich
2596 4742 2759 4774 verschworen

1903 4785 1934 4811 zu
1954 4779 2030 4811 haben
2050 4780 2165 4814 schienen,
2184 4780 2214 4812 sie
2233 4781 2277 4809 ins
2289 4781 2394 4812 Unrecht
2414 4789 2443 4816 zu
2461 4781 2533 4816 setzen
2550 4785 2605 4811 und
2623 4783 2658 4812 die
2668 4782 2759 4811 trüben

1904 4818 2084 4856 Voraussagen
2103 4820 2230 4850 Minna's
2248 4821 2407 4854 buchstäblich
2424 4829 2453 4856 zu
2471 4822 2588 4855 erfüllen.

2256 4877 2282 4906 8.
2299 4877 2411 4911 Kapitel.

1960 4915 2041 4951 Zwar
2058 4918 2095 4948 die
2106 4918 2240 4948 Bulletins
2259 4926 2318 4948 vom
2328 4917 2554 4954 Kriegsschauplatz
2572 4919 2689 4952 strahlten
2703 4918 2761 4951 noch

1906 4956 1998 4986 immer
2016 4965 2066 4987 von
2084 4958 2249 4991 vollbrachten
2277 4959 2467 4993 Heldenthaten,
2499 4960 2535 4988 im
2562 4958 2687 4995 Vergleich
2714 4960 2762 4988 mit

1907 4999 2011 5027 welchen
2029 4999 2067 5027 die
2085 4998 2166 5034 Siege
2185 4999 2255 5028 eines
2272 4998 2417 5035 Alexander
2442 5000 2499 5029 oder
2517 4999 2599 5032 Cäsar
2626 5008 2653 5034 zu
2679 4999 2761 5028 einem

1908 5037 2096 5071 kümmerlichen
2114 5038 2203 5072 Nichts
2226 5040 2545 5074 zusammenschrumpften.
2582 5039 2634 5070 Die
2651 5038 2762 5072 russische

1907 5077 2000 5108 Armee
2019 5087 2075 5109 war
2091 5080 2240 5115 geschlagen,
2271 5081 2400 5112 vernichtet
2410 5080 2419 5110 !
2454 5079 2507 5110 Die
2524 5078 2762 5114 uralt-ehrwürdige

1908 5118 2069 5154 Zarenstadt,
2086 5120 2127 5149 die
2144 5120 2229 5156 heilige
2247 5119 2364 5152 Kapitale
2382 5123 2428 5150 des
2439 5120 2541 5153 Reiches
2558 5121 2604 5149 mit
2622 5121 2690 5152 ihren
2712 5127 2761 5150 un¬

1908 5159 2069 5193 ermeßlichen
2095 5160 2216 5196 Schätzen
2252 5163 2306 5190 und
2337 5160 2555 5195 unerschöpflichen
2581 5160 2762 5196 Hülfsquellen

1909 5200 1975 5233 hatte
1993 5201 2049 5230 dem
2066 5200 2161 5236 Sieger
2179 5209 2228 5230 von
2248 5201 2383 5230 Borodino
2412 5202 2450 5230 die
2476 5202 2598 5235 goldenen
2620 5200 2705 5233 Thore
2721 5208 2762 5235 ge¬

1909 5239 2007 5274 öffnet;
2026 5240 2153 5274 Rußland
2170 5242 2212 5275 lag
2229 5241 2375 5274 entwaffnet
2394 5248 2443 5270 vor
2459 5241 2516 5269 dem
2528 5240 2623 5275 Sieger
2634 5242 2675 5270 der
2684 5239 2761 5274 Welt,

1908 5279 1952 5308 der
1970 5279 2052 5312 seinen
2069 5280 2243 5315 Triumphzug
2272 5282 2354 5310 weiter
2382 5282 2411 5309 in
2431 5282 2477 5310 den
2497 5280 2592 5310 Orient
2621 5281 2673 5310 und
2702 5282 2762 5313 nach

1907 5317 2010 5353 Indien
2027 5327 2080 5349 nur
2095 5320 2145 5355 auf
2159 5320 2228 5355 kurze
2243 5319 2304 5355 Zeit
2331 5321 2512 5354 unterbrochen
2529 5322 2603 5355 hatte,
2630 5321 2685 5351 dem
2713 5327 2763 5350 un¬

2799 4038 3004 4070 überwindlichen
3021 4039 3099 4074 Heere
3117 4039 3156 4068 die
3174 4038 3365 4074 wohlverdiente
3375 4038 3512 4074 Erholung
3531 4039 3591 4072 nach
3607 4038 3653 4068 der

2799 4079 2956 4114 ungeheuren
2975 4079 3123 4109 Blutarbeit
3142 4087 3173 4114 zu
3192 4078 3311 4114 gönnen!

2851 4114 2913 4144 Das
2932 4114 3008 4148 schien
3025 4115 3092 4143 denn
3111 4114 3203 4148 freilich
3220 4113 3312 4145 danach
3329 4114 3465 4149 angethan,
3496 4114 3544 4144 den
3561 4114 3652 4144 Ueber¬

2800 4155 2870 4185 muth
2889 4158 2931 4183 der
2948 4154 3125 4184 Unterdrücker
3144 4154 3185 4183 bis
3211 4162 3239 4188 zu
3258 4155 3306 4183 den
3324 4154 3431 4184 Wolken
3458 4163 3488 4190 zu
3506 4155 3582 4188 heben
3600 4155 3653 4184 und

2799 4194 2839 4224 der
2857 4196 2938 4229 letzten
2957 4194 3095 4229 Hoffnung
3113 4194 3156 4225 der
3174 4194 3309 4226 Patrioten
3327 4195 3378 4224 das
3387 4195 3463 4225 Grab
3481 4203 3510 4229 zu
3530 4195 3651 4229 bereiten;

2798 4237 2855 4263 aber
2874 4235 2947 4269 durch
2967 4236 3004 4264 die
3014 4236 3222 4271 Siegeshymnen
3242 4235 3310 4270 jener
3328 4235 3390 4270 ging
3402 4236 3444 4265 ein
3455 4236 3582 4266 Munkeln
3600 4237 3655 4264 und

2799 4274 2910 4303 Raunen
2930 4289 2963 4294 —
2983 4274 3113 4305 Niemand
3131 4275 3197 4308 hätte
3215 4283 3244 4310 zu
3264 4275 3336 4310 sagen
3355 4276 3455 4311 gewußt
3473 4276 3531 4305 oder
3548 4278 3652 4311 gewagt,

2799 4315 2843 4343 wie
2862 4318 2891 4343 es
2918 4315 3081 4349 angehoben:
3117 4315 3165 4348 erst
3193 4316 3267 4345 kaum
3295 4316 3459 4348 vernehmbar
3486 4316 3547 4350 leise,
3584 4315 3654 4345 dann

2799 4356 2890 4388 lauter,
2909 4356 3098 4389 verständlicher
3116 4364 3168 4386 von
3187 4356 3260 4390 Thür
3280 4364 3309 4391 zu
3321 4356 3404 4392 Thür,
3422 4364 3473 4385 von
3492 4356 3606 4389 Nachbar
3622 4365 3654 4390 zu

2800 4394 2937 4430 Nachbar;
2953 4396 3067 4430 zwischen
3085 4397 3143 4431 zwei
3161 4395 3317 4428 Bekannten,
3336 4397 3375 4425 die
3392 4396 3436 4430 sich
3454 4396 3500 4429 auf
3517 4397 3559 4425 der
3578 4395 3656 4429 Gasse

2801 4434 2947 4469 begegneten
2967 4437 3021 4465 und
3039 4445 3092 4466 von
3111 4438 3189 4466 denen
3207 4439 3234 4465 es
3260 4437 3303 4466 der
3328 4437 3382 4465 eine
3408 4437 3464 4465 dem
3492 4436 3600 4466 anderen
3618 4437 3655 4465 im

2801 4475 2996 4511 Vorübergehen
3015 4478 3059 4507 ins
3078 4477 3138 4511 Ohr
3156 4476 3280 4511 flüsterte;
3299 4479 3372 4506 unter
3389 4476 3489 4509 Leuten,
3507 4477 3544 4506 die
3563 4478 3603 4506 nie
3616 4477 3652 4506 im

2802 4515 2880 4546 Leben
2899 4516 2940 4546 ein
2958 4517 3033 4547 Wort
3052 4518 3101 4547 mit
3118 4517 3237 4547 einander
3260 4517 3399 4551 gesprochen
3426 4517 3481 4546 und
3508 4525 3558 4547 von
3577 4518 3655 4546 denen

2803 4561 2844 4586 der
2862 4558 2915 4586 eine
2934 4557 2990 4586 dem
3008 4558 3106 4587 andern
3124 4560 3174 4587 aus
3200 4558 3240 4586 der
3259 4556 3350 4586 Miene
3368 4557 3451 4590 absah,
3480 4556 3530 4591 daß
3556 4560 3585 4587 es
3611 4557 3655 4591 ihn

2803 4597 2889 4629 freuen
2907 4597 2994 4628 würde
3013 4600 3067 4627 und
3085 4607 3111 4627 er
3129 4600 3157 4626 es
3175 4598 3227 4628 ihm
3245 4597 3383 4631 mittheilen
3401 4597 3500 4632 müsse:
3523 4597 3655 4632 „Moskau

2805 4638 2912 4667 brennt!
2949 4638 3045 4672 Wissen
3065 4638 3117 4668 Sie
3145 4640 3173 4666 es
3200 4637 3307 4671 schon?"
3327 4652 3361 4658 —
3383 4637 3447 4673 „Ja,
3473 4641 3502 4667 es
3533 4639 3578 4672 soll
3604 4638 3656 4668 kein

2805 4678 2884 4708 Stein
2904 4678 2974 4711 mehr
2991 4678 3035 4710 aus
3053 4679 3111 4707 dem
3128 4678 3225 4708 andern
3243 4677 3333 4712 sein?"
3356 4692 3389 4698 —
3409 4678 3500 4714 „Alles
3517 4679 3545 4708 in
3563 4679 3657 4712 Schutt

2805 4719 2858 4747 und
2876 4718 2972 4749 Asche."
2992 4732 3026 4738 —
3045 4719 3121 4751 „Und
3138 4717 3188 4751 daß
3210 4718 3247 4747 die
3266 4718 3390 4752 Pestilenz
3416 4720 3443 4747 in
3473 4719 3562 4749 seinem
3579 4718 3657 4755 Heere

2805 4757 2937 4788 wüthet?"
2958 4772 2994 4778 —
3013 4758 3111 4794 „Möge
3141 4757 3173 4791 sie
3201 4758 3243 4790 ihn
3275 4758 3350 4790 selber
3377 4758 3485 4792 holen!"
3517 4773 3550 4779 —
3580 4758 3657 4795 „Den

2804 4798 2893 4827 Kreml
2910 4798 2957 4833 soll
2975 4807 3000 4828 er
3019 4799 3085 4828 beim
3104 4798 3203 4833 Abzuge
3229 4807 3273 4828 am
3292 4799 3557 4834 dreiundzwanzigsten
3575 4801 3656 4834 eigen¬

2805 4838 2899 4873 händig
2916 4838 2944 4867 in
2963 4839 3002 4869 die
3011 4838 3069 4871 Luft
3087 4839 3215 4874 gesprengt
3233 4838 3349 4868 haben?"
3370 4853 3405 4860 —
3423 4838 3518 4874 „Sieht
3530 4840 3584 4874 ihm
3594 4839 3657 4873 ähn¬

2806 4879 2857 4910 lich,
2876 4879 2932 4908 dem
2949 4878 3105 4911 Mordhund
3114 4879 3137 4909 !"
3159 4893 3193 4899 —
3213 4879 3289 4913 „Und
3306 4879 3343 4908 die
3361 4879 3481 4914 Preußen
3506 4880 3582 4913 sollen
3599 4881 3657 4913 auch

2807 4918 2874 4951 schon
2893 4919 3015 4954 schwierig
3032 4918 3157 4949 werden."
3178 4933 3212 4939 —
3233 4918 3364 4954 „Glaub's
3373 4927 3452 4955 gern:
3471 4919 3502 4953 sie
3514 4920 3592 4954 haben
3606 4927 3658 4949 nur

2806 4958 2899 4989 darauf
2916 4962 3041 4994 gewartet,
3060 4960 3112 4994 daß
3130 4959 3174 4993 ihn
3192 4960 3288 4989 einmal
3305 4960 3347 4990 der
3365 4959 3456 4990 Teufel
3474 4960 3538 4989 beim
3555 4960 3657 4993 Kragen

2806 4999 2910 5031 nehmen
2930 4999 3041 5029 würde."
3062 5014 3095 5020 —
3116 4999 3192 5035 „Und
3210 5003 3266 5029 was
3284 4999 3347 5032 thun
3362 5001 3409 5029 wir
3418 4999 3433 5029 ?
3452 5000 3551 5033 worauf
3560 5001 3657 5029 warten

2806 5037 2878 5067 wir?
2914 5038 3012 5070 Sollen
3029 5040 3079 5069 wir
3097 5041 3188 5070 immer
3205 5047 3257 5069 nur
3284 5039 3322 5070 die
3349 5039 3428 5075 Faust
3456 5040 3484 5069 in
3510 5040 3552 5069 der
3569 5039 3660 5073 Tasche

2806 5078 2926 5108 ballen?"
2946 5093 2980 5100 —
3002 5079 3107 5115 „Still!
3137 5081 3169 5109 da
3196 5080 3287 5110 kommt
3313 5080 3388 5114 einer,
3417 5079 3466 5109 den
3484 5079 3553 5109 kenn'
3571 5080 3605 5114 ich
3623 5094 3658 5100 —

2806 5119 2853 5148 das
2872 5119 2903 5152 ist
2920 5120 2981 5154 auch
2998 5120 3024 5153 so
3041 5122 3083 5150 ein
3100 5119 3268 5155 französischer
3280 5119 3381 5154 Spion.
3415 5119 3532 5151 Nehmen
3544 5119 3596 5151 Sie
3613 5119 3659 5156 sich

2807 5159 2834 5188 in
2852 5159 2945 5193 Acht!"
2969 5174 3000 5181 —
3022 5160 3091 5197 „Hat
3110 5161 3189 5193 nicht's
3206 5168 3236 5196 zu
3254 5160 3342 5195 sagen:
3362 5160 3389 5194 so
3400 5159 3483 5190 einem
3495 5160 3589 5196 Schuft
3600 5161 3660 5196 sieht

2807 5200 2895 5229 man's
2911 5199 2939 5234 ja
2956 5208 2992 5230 an
3009 5200 3052 5231 der
3071 5200 3138 5233 Nase
3155 5200 3216 5230 an."

2859 5245 2921 5275 Und
2938 5253 2992 5275 nur
3009 5246 3078 5281 kurze
3095 5245 3152 5282 Zeit
3170 5246 3282 5282 verging,
3305 5245 3336 5274 da
3356 5245 3399 5279 sah
3416 5253 3479 5275 man
3496 5249 3525 5276 es
3542 5248 3594 5276 aus
3611 5246 3658 5275 den

2807 5283 2920 5317 düsteren
2938 5285 3037 5316 Blicken
3054 5287 3099 5315 der
3116 5285 3263 5321 Bedränger
3281 5285 3360 5320 selbst,
3388 5288 3439 5316 aus
3468 5286 3537 5321 ihren
3554 5287 3658 5321 scheuen,

2807 5324 3006 5361 argwöhnischen
3024 5325 3152 5360 Mienen;
3177 5325 3211 5355 da
3237 5325 3307 5361 hörte
3333 5334 3396 5356 man
3420 5329 3475 5357 aus
3491 5326 3658 5362 abgerissenen
