4037 5551
353 211 525 249 Nr. 108
169 272 659 322 Zweites Morgenblatt.
896 133 2766 366 Neue Zürcher Zeitung
3128 210 3347 255 Mittwoch,
3029 270 3456 319 23. Januar 1924.
372 486 770 521 Ph. A. Segesser. *)
530 549 608 571 II. *)
218 588 973 629 Wenn man die Entwicklung unseres schweize¬
169 627 971 667 rischen Freistaates bald nach 1848 ins Auge faßt,
169 662 974 707 so fällt einem der beständige Eisenbahnstreit, der
170 705 974 747 das ganze parlamentarische Leben erfüllte und das
170 742 977 787 politische Leben der Eidgenossenschaft und der
170 784 975 827 Kantone beherrschte, in höchst unangenehmer Weise
169 823 977 867 auf. Man kann es nicht begreifen, daß neben die¬
170 862 977 907 sen dürren Eisenbahninteressen sich nicht eine mehr
171 903 974 946 oder weniger ideale politische Partei hätte bilden
169 942 972 985 können und der Nachweis wird schwer zu erbrin¬
169 983 972 1024 gen sein, daß eine katholisch-konservative Partei
170 1024 975 1062 sich nicht schon damals bedeutenden Raum hätte
171 1062 977 1101 gewinnen können. Segesser hielt aber einen gro¬
171 1102 976 1141 ßen Teil seines Lebens an einer etwas doktrinären
173 1141 977 1181 Scheidung von Politik und Religion fest. Er
170 1181 976 1220 suchte in der Jugend seine Freunde hauptsächlich
170 1221 977 1260 in den Reihen konservativer Protestanten, die sich
169 1260 977 1300 dann aber infolge seiner übertriebenen Obstruk¬
170 1300 974 1339 tionspolitik (G. v. Wyß, Andreas Heusler, senior)
170 1340 976 1378 vielfach für lange Zeit von ihm abwandten. Als
170 1379 976 1417 Siegwart durch die Borromäische Akademie ein
170 1418 978 1457 engeres Verhältnis unter den hervorragenden gei¬
169 1457 977 1496 stigen Kräften der katholischen Schweiz herbeifüh¬
171 1497 977 1536 ren wollte, lehnte Segesser diese Anregung ab,
171 1537 977 1576 während er stets bereit war, der vom Protestanten
170 1577 978 1616 Bluntschli angeregten schweizerischen Akademie der
171 1616 584 1647 Wissenschaften beizutreten.
220 1662 978 1694 A. Baumgartner S. J. sagt in der Bio¬
172 1695 979 1733 graphie soines Vaters Gallus Jakob Baumgarner
174 1734 979 1773 (Freiburg i. B., Herdersche Buchhandlung, 1892,
172 1773 977 1813 S. 391): „Es wären in der damaligen Bundes¬
172 1813 980 1852 versammlung (1857 und folgende Jahre) unzweifel¬
171 1853 977 1891 hat die Elemente vorhanden gewesen, um eine
172 1892 978 1931 geschlossene katholische Fraktion zu bilden, die
170 1931 979 1971 durch Anschluß konservativer und gemäßigter Pro¬
171 1971 978 2010 testanten in manchen Fragen sich hätte Einfluß
171 2011 977 2049 verschaffen können. Baumgartner dachte daran und
171 2050 979 2089 suchte eine solche Einigung herbeizuführen. Allein
171 2089 979 2129 schon die Verschiedenheit der kantonalen Inter¬
174 2125 979 2168 essen, persönliche Abneigung oder Gleichgültigkeit
173 2169 979 2208 der katholischen Abgeordneten, die Scheu der mei¬
173 2208 980 2247 sten Katholiken, in kirchlich-politischen Fragen ent¬
175 2248 978 2287 schiedene Stellung zu nehmen, machten sie nahezu
172 2284 978 2328 unmöglich. Manche suchten in Bern lieber den
176 2326 977 2367 Umgang liberaler, als den konservativer Kollegen."
175 2363 978 2406 So Baumgartner. J. F. Peyer im Hof: Aus
172 2403 979 2446 den Anfängen des neuen Bundes. Erinnerungen
175 2441 977 2487 eines Achtzigjährigen (Verlag von J. Huber,
177 2485 980 2525 Frauenfeld, 1900) bemerkt S. 20: „Hier sei bei¬
177 2520 980 2565 läufig nur noch erwähnt, daß Ph. A. v. Segesser
175 2564 980 2604 neben Allet (Wallis) wohl der bedeutendste Ver¬
172 2600 979 2643 treter der katholisch-konservativen Richtung war
175 2640 979 2682 und dem Nationalrat von Anfang angehört hat.
176 2681 981 2722 Segesser hat übrigens schon bei der Gründung des
176 2717 981 2761 Sonderbundes aus seiner gegentelligen Ansicht
173 2757 981 2801 kein Hehl gemacht, und wenn er nachher im Natio¬
175 2796 982 2842 nalrate seiner ätzenden Polemik freien Lauf ge¬
175 2837 982 2882 lassen hat, so hat man manchmal den Eindruck er¬
175 2877 983 2921 halten, als ob dieselbe fast mehr noch den ihm miß¬
174 2915 983 2961 liebigen Trägern der von ihm bekämpften Ansich¬
176 2953 981 3000 ten als der Sache selbst gelte, wie ja überhaupt
177 2994 983 3039 persönliche Sympathien oder Antipathien nicht
176 3034 981 3079 ohne Einfluß auf den originellen Mann gewesen
176 3072 984 3120 zu sein scheinen; hat er doch z. B. an seinem Nach¬
179 3115 982 3158 bar Dr. Joos (dem Verfasser der „Anatomie der
179 3151 984 3197 Messe") so großes Gefallen gefunden, daß er die¬
176 3192 982 3237 sen zu seinen Motionen emunterte und zu den
177 3232 983 3275 zwei Stimmen für dieselben in der Regel die eine
179 3276 306 3302 lieferte."
226 3311 985 3358 Es ist allgemein bekannt wie anläßlich der Be¬
177 3348 985 3397 ratung der Bundesverfassung von 1874 Dr. Se¬
176 3389 984 3435 gesser für Beibehaltung des Jesuitenverbo¬
176 3430 984 3475 tes stimmte; in seinem Artikel über die katholische
179 3468 984 3516 Volkspartei in Reichesbergs Handwörterbuch gibt
180 3508 983 3556 Ständerat Winiger noch weiter bekannt, daß bei
180 3546 985 3596 gleichem Anlaß Segesser auch persönlich dem
176 3586 984 3636 Obligatorium der Zivilehe beistimmte.
178 3627 985 3677 Wie Ständerat Winiger angibt, erfolgte erst am
181 3668 984 3716 12. August 1894 die Konstituierung der „katholi¬
180 3705 986 3755 schen Volkspartei". Die Hoffnung aber, daß mit
178 3744 986 3794 der neugeschaffenen Organisation die Partei mehr
180 3785 987 3834 Einheit und Aktionsfähigkeit auch in nicht kon¬
179 3822 987 3875 fessionellen Fragen erhalten werde, habe sich jedoch
179 3863 984 3914 nur sehr wenig erfüllt. Für Segesser war schon
178 3904 987 3953 Anfangs und Mitte der 80er Jahre ganz beson¬
180 3942 986 3983 ders verhängnisvoll, daß er sich weder mit der
232 4017 523 4040 *) Vergl. Nr. 92.
1013 466 1820 499 von Dr. Zemp 1884 inaugurierten Realpolitik,
1013 500 1819 538 die eine unzweideutige Nachahmung der deutschen
1014 538 1821 577 Zentrumspartei war, noch mit der Sozialpolitik
1014 578 1820 617 eines Decurtins und Prof. Beck befreunden
1013 617 1819 656 konnte. Unter diesen Umständen trat gegen Ende
1014 657 1819 696 seines Lebens sein Einfluß in der katholischen
1014 696 1820 735 Fraktion der Bundesversammlung völlig zurück.
1015 736 1820 775 Man kann daher kaum sagen, daß Segesser wäh¬
1015 775 1820 814 rend der langen Dauer, wo er, von 1848—1888,
1015 815 1820 853 der Bundesversammlung angehörte, speziell die
1016 854 1820 893 Solidarität der katholischen Schweiz in politischen
1015 893 1820 933 Dingen wesentlich gefördert habe. Die versuchte
1016 933 1821 973 Durchführung des Schulartikels nach dem Pro¬
1016 973 1820 1012 gramm von Bundesrat Schenk hatte allerdings
1015 1013 1820 1051 im Jahre 1882 die Geschlossenheit auf katholischer
1016 1052 1821 1091 Seite und den Zusammenschluß mit den prote¬
1016 1091 1821 1131 stantisch-konservativen Parteigruppen für einmal
1016 1131 1821 1170 glänzend realisiert. Der vierfache Referendums¬
1017 1171 1821 1210 sieg vom Jahre 1884 wurde dann aber von Keel,
1016 1210 1821 1249 Zemp und Pedrazzini im realpolitischen Sinn,
1015 1250 1820 1288 vielfach aber in Opposition zu Segesser benutzt.
1016 1289 1821 1328 Der Höhepunkt der staatsmännischen Wirkung
1018 1328 1821 1367 Segessers fällt gerade in die Jahre 1874 —75, wo
1016 1368 1821 1407 in der Eidgenossenschaft eine schwere konfessionelle
1017 1407 1820 1446 Krisis herrschte und der Friede des Landes an
1017 1447 1821 1486 einem Haar hing. Hier hat sich Segesser nicht so
1016 1486 1820 1526 sehr um die Solidarität der katholischen Schweiz
1015 1526 1821 1565 als mehr noch um die Pazifikation der Eidgenos¬
1017 1566 1820 1604 senschaft große Verdienste erworben. Es war dies
1017 1605 1822 1644 nur möglich vermöge des großen Bekanntenkrei¬
1017 1644 1821 1683 ses, den Segesser in protestantischen und katho¬
1017 1684 1368 1712 lischen Kreisen besaß.
1072 1729 1822 1762 Wir glaubten, diese Ausführungen als Ergän¬
1018 1762 1821 1801 zung zu dem im Buche Müllers über das Ver¬
1018 1802 1822 1841 hältnis Segessers zur konservativ-katholischen Rich¬
1017 1841 1822 1881 tung Gesagte machen zu sollen, obwohl das An¬
1016 1881 1821 1920 geführte einer spätern Periode angehört. Allein
1017 1921 1822 1959 die Charakteristik der Persönlichkeit, um die es sich
1018 1960 1822 1999 doch im wesentlichen handelt, kann nur im Zu¬
1018 1999 1537 2029 sammenhang erfaßt werden.
1069 2045 1821 2078 Der vorliegende II. Teil der Gedächtnisschrift,
1018 2078 1822 2117 die hauptsächlich an die Bewegung von 1848 an¬
1020 2118 1822 2156 schließt, beschäftigt sich dann aber in mehrfacher
1018 2157 1822 2195 Hinsicht mit dem Begriff und der Würdigung des
1020 2196 1822 2235 Revolutionsbegriffes als solchem, und
1020 2235 1822 2275 auch hier müssen wir uns noch einige Bemerkun¬
1019 2276 1824 2315 gen erlauben. S. 169 sagt Müller: „Die Gesetz¬
1018 2316 1824 2354 lichkeit der Bolschewiki deckt sich genau mit der¬
1018 2354 1823 2394 jenigen der luzernischen Regierungspartei von
1018 2394 1824 2433 1848." Nach einem im Staatsarchiv Wien auf¬
1019 2434 1824 2472 gefundenen Brief hat nun, allerdings erst am
1017 2473 1824 2511 2. Dezember 1847, Siegwart-Müller doch von Met¬
1018 2512 1826 2551 ternich bewaffnete Intervention ver¬
1019 2551 1825 2590 langt. Müller zweifelt daher nicht, daß, wenn
1019 2591 1825 2629 heute über Siegwart geurteilt werden müßte, der¬
1021 2630 1825 2669 selbe des Hoch- und Landesverrats schuldig er¬
1020 2669 1825 2708 klärt würde, fügt aber bei: „Wenn auch Siegwart
1020 2709 1825 2747 im Moment der Entscheidung auch ausländische
1021 2748 1825 2787 Hilfe angerufen hätte, so hätte er nicht gegen den
1021 2787 1824 2826 Willen des Volkes gehandelt, an dessen Spitze er
1022 2827 1826 2866 stand." Weiter heißt es: „Wie bei der Revo¬
1024 2866 1824 2905 lution, so beurteilt die öffentliche Moral oder
1021 2906 1822 2945 Unmoral auch bei deren Abwehr die Handlungen
1022 2945 1823 2985 einzig nach dem Erfolg. Sie bricht den Stab
1022 2985 1823 3024 über einen Siegwart, der in einem lichten Augen¬
1022 3025 1822 3063 blick zur Ueberzeugung kommt. „Nur ein Wahn
1022 3064 1823 3103 hat unser Unglück und unsern Fall bereitet, das
1023 3103 1825 3142 Vertrauen in die Legalität"; sie „bewundert
1020 3143 1825 3181 als Heroen und Weise einen Masaryk und Be¬
1023 3182 1826 3221 nesch, die ihr Vaterland durch Hochverrat zer¬
1022 3221 1826 3260 trümmerten" Es ist etwas auffallend, wie ver¬
1023 3261 1825 3300 schieden in vorliegendem Buch das Unternehmen
1024 3300 1827 3340 der luzernischen Freischaren und der Hoch¬
1024 3340 1828 3379 verrat Siegwarts gewürdigt wird. Die Frei¬
1024 3380 1828 3419 scharen werden den Bolschewiki gleichgestellt, die
1024 3419 1828 3458 Tat Siegwarts aber durch den Volkswillen gerecht¬
1026 3459 1828 3498 fertigt. Diese Würdigung scheint uns doch sehr
1025 3498 1829 3538 anfechtbar; sie entspringt auch nicht der Geschichts¬
1026 3538 1829 3577 betrachtung eines Segesser. Vielmehr entspricht
1025 3578 1829 3617 die Würdigung von Landammann Blösch, die
1027 3618 1831 3657 Segesser später zu der seinen gemacht, den Ver¬
1026 3658 1830 3697 hältnissen: Der Radikalismus ist eine Krank¬
1026 3697 1664 3727 heit, die Intervention aber der Tod."
1077 3743 1830 3775 Segesser selbst sagte gegenüber der Broschüre
1026 3776 1831 3815 Bossards: „Auch ein Wort über die neue Bun¬
1028 3816 1831 3856 desverfassung (1848)" die Voraussetzung dieser
1026 3856 1832 3895 Broschüre, daß der Staatenbund der alten Eid¬
1027 3896 1832 3934 genossenschaft, nicht ohne Zuslmmung jedes
1024 3935 1832 3973 einzelnen Gliedes geändert werden dürfe,
1026 3973 1832 4013 sei in den vierziger Jahren das Verhängnis der
1027 4012 1832 4044 konservativen Partei gewesen. Die Freischaren
1860 466 2664 499 suchten nun allerdings auf illegale Weise den
1860 499 2666 538 Kanton aus dieser für den Mittelstand unerträg¬
1860 539 2664 578 lichen Lage zu befreien. Auch der Verfasser dieser
1861 578 2665 617 Schrift erblickt in der Lage der luzernischen Libe¬
1863 618 2663 656 ralen, die meist „arme Intellektuelle" gewesen,
1860 657 2664 696 einen Milderungsgrund. Bei jeder Revolution
1860 696 2664 735 ist neben dem formalen Element der Illegalität
1859 736 2663 774 doch auch der Zweck ins Auge zu fassen. Die
1858 775 2663 814 von Bluntschli, dessen Spuren Segesser als
1862 812 2665 853 Rechtshistoriker vielfach folgte, betonte Superiori¬
1858 853 2663 893 tät der luzernischen Landschaft über die „arme
1860 893 2663 932 Stadt Luzern" wurde von Segesser vielfach in
1861 932 2663 971 die Praxis übersetzt: Bluntschli mahnte, stets
1861 972 2661 1010 (S. 194), es in Luzem mit der „natürlichen
1860 1011 2662 1049 Bauerndemokratie" im Gegensatz zur „radikalen
1860 1050 2663 1089 Demokratie" zu probieren. Als nun aber
1861 1089 2663 1129 Bluntschli mit Leu wegen des Verzichts auf die
1861 1129 2663 1168 Berufung der Jesuiten im Sinne des Antrages
1859 1167 2663 1207 des Zürcher Vorortes persönlich unterhandelte,
1858 1208 2663 1247 wurde es Bluntschli doch klar, daß Leu niemals
1860 1247 2664 1286 davon überzeugt werden könne, daß es in einem
1864 1287 2663 1326 Bundeskörper höhere Pflichten gebe, als
1860 1326 2664 1365 die starre, auf die Kompetenz pochende Rechts¬
1859 1366 2665 1405 pflicht (Bluntschli, Denkwürdiges aus meinem
1861 1405 2665 1445 Leben, I, S. 372) Von daher kam das Unglück
1860 1445 2664 1484 Luzerns, und dieser Taktik Leus folgte G. Bossard,
1860 1485 2662 1514 wie Segesser selbst wiederholt betonte. (S. 176.)
1910 1530 2664 1563 Man kann die Freischaren der Vierziger Jahre
1860 1563 2663 1602 wohl mit den Fascisten, niemals aber mit den
1861 1603 2664 1642 Bolschewisten vergleichen. Es mag hier als
1861 1642 2665 1681 Gegengewicht gegen die maßlose Verurteilung der
1861 1682 2664 1721 Freischaren das Urteil eines sehr konservativen
1861 1719 2665 1760 Staatsmannes, eines Freundes unseres Segesser,
1861 1759 2665 1800 angeführt werden. Ed. Blösch, Dreißig Jahre
1863 1799 2666 1839 Bernischer Geschichte von E. Blösch, Pfarrer
1864 1838 2660 1879 (Bern, J. Dalpsche Buchhandlung), schreibt:
1860 1878 2666 1918 „Blösch fühlte keine Sympathie mit den von den
1863 1916 2667 1957 Freischarenführern angewendeten Mitteln, aber
1863 1956 2666 1996 wie er die relative Berechtigung des Zweckes nicht
1859 1996 2666 2036 verkannte, so hat er auch die zugrundeliegenden
1863 2033 2668 2076 Motive wohl zu würdigen gewußt. Der Frei¬
1862 2074 2666 2115 scharenzug war eine betrübende Erscheinung, aber
1864 2114 2666 2155 eine Art von Trost war doch daraus zu schöpfen.
1861 2152 2667 2194 War es auch ein Akt der verwerflichsten Gewalt¬
1866 2194 2666 2234 tätigkeit, so ist nicht zu verleugnen, daß ihm eine
1865 2232 2667 2273 gewisse Begeisterung zugrunde lag. Nicht
1862 2274 2665 2313 nur Gesindel, sondern auch von den wackersten
1863 2313 2666 2352 Männern, und namentlich Jünglingen — von
1863 2353 2665 2391 den Schlechtesten und von den Besten — zogen
1863 2392 2666 2431 mit, und Leute, welche sonst keinen Pfennig für
1866 2429 2666 2470 geistige Zwecke gaben, brachten diesmal Opfer.
1864 2471 2666 2510 Viele glaubten, redlich eine Pflicht gegen ihr
1865 2510 2667 2549 Vaterland zu erfüllen; und so töricht es wäre,
1864 2550 2668 2589 nicht einsehen zu wollen, daß revolutionäre Hetze¬
1865 2585 2668 2628 rei den Anstoß gab, so ungerecht würde die Miß¬
1864 2629 2669 2668 stimmung sein, daß, was die Masse dieser Ein¬
1865 2668 2670 2707 wirkung empfänglich machte, eine an sich
1868 2706 2669 2746 ehrenwerte Gesinnung war, welche für
1864 2747 2669 2786 die Zukunft dem Vaterlande weniger Gefahr
1863 2785 2668 2825 droht als die stumpfsinnige Spießbürgerei." Und
1866 2826 2669 2864 S. 159 sagt Pfarrer Blösch weiter: „Die Bewe¬
1866 2864 2668 2904 gung der Freischaren hatte in ihren Motiven all¬
1864 2901 2667 2943 zuviel innere Berechtigung, als daß selbst eine
1865 2943 2669 2982 zweimalige, so eklatante Niederlage ihr ein Ende
1861 2981 2664 3021 hätte machen können. Die Folge war vielmehr
1862 3022 2668 3061 vermehrte Sympathie mit den begeisterten Teil¬
1863 3062 2668 3101 nehmern an dem unglücklichen Zuge, und das um
1864 3101 2668 3141 so ungestümere Begehren, daß die Regierun¬
1865 3139 2668 3180 gen selbst einem Uebelstande abhelfen sollen, der
1865 3181 2575 3210 Vielen geradezu als unerträglich erschien."
1915 3227 2667 3259 Es ist uns völlig unerfindlich, wie man dieses
1864 3260 2668 3299 patriotische, wenn auch illegale Unternehmen der
1869 3299 2671 3338 Freischaren mit dem nun auch formell konstatier¬
1863 3339 2666 3377 ten Hochverrat eines Konstantin Siegwart in
1866 3378 2672 3417 Parallele setzen kann. Siegwart hat sich von An¬
1868 3418 2673 3457 fang an mit Oesterreich, dem damaligen „Erb¬
1868 3457 2671 3497 feind" der Schweiz, in Beziehung gesetzt und von
1867 3497 2673 3537 der verwerflichen Metternichschen Diplomatie,
1867 3537 2672 3577 die nie nach dem Geschmack Segessers war, ins
1870 3577 2674 3616 Schlepptau nehmen lassen. Dadurch hat er
1868 3617 2674 3656 namenloses Unglück über Luzerm, dessen Gast¬
1871 3654 2674 3696 freundschaft er mißbraucht, gebracht. Luzerm hat
1868 3694 2675 3735 durch das Siegwartsche Vorgehen auf lange Zeit
1870 3736 2676 3774 sein früheres Prestige in der eidgenössischen Poli¬
1869 3775 2227 3805 tik gänzlich eingebüßt.
1919 3820 2675 3855 Das vorliegende Buch bietet sehr viel für die
1872 3856 2677 3894 Geschichte wertvolles Material, es ist auch reich
1870 3891 2675 3934 an geistreichen Pointen, die dem reichen Wissen
1871 3932 2676 3974 des Verfassers alle Ehre machen, aber wir können
1871 3974 2676 4013 auch zum Schlusse die Bemerkung, die wir im
1870 4014 2677 4043 Anfang gemacht, nur in etwas veränderter Form
2707 463 3503 507 wiederholen. Der historisch Gebildete kann bei
2704 499 3502 548 unbefangenem Lesen aus dem Buche reichen Ge¬
2703 538 3504 587 winn ziehen, ein kritikloses Lesen ist dagegen
2702 578 3506 626 leicht imstande, mehr die schroffe Parteigesinnung
2705 618 3503 665 eines Leu als den Pazifikationsgeist eines
2705 659 3505 703 Segesser, wie sich dieser 1875 so glänzend bewährt,
2702 697 3505 742 anzufachen. Bei allem, was über Segesser noch
2703 738 3503 781 zu schreiben ist, muß doch immer davon ausge¬
2704 775 3506 821 gangen werden, daß dieser reiche Geist, je mehr
2705 814 3505 860 er sich der Reise näherte, immer mehr zur Mäßi¬
2705 858 3508 898 gung und zum Ausgleich der Gegensätze hin¬
2703 893 3474 930 neigte. Meyer von Schauensee.
2936 980 3266 1021 Kantone.
3036 1048 3171 1073 Zürich.
2751 1090 3507 1121 Dübendorf. (Korr.) Die Sekundarschul¬
2700 1122 3507 1156 kreisgemeindeversammlung, vom 20.
2699 1157 3507 1191 Januar genehmigte anstandslos das diesjährige
2699 1191 3507 1226 Budget; Korrenteinnahmen und -Ausgaben halten
2702 1227 3510 1261 sich mit 47,120 Fr. die Wage; der Steuerfuß be¬
2703 1262 3509 1296 trägt 25 Prozent der Staatssteuer. Unter den Aus¬
2704 1297 3510 1331 gaben findet sich ein neuer Posten von etwa
2701 1332 3508 1367 120 Fr. für die einzuführende Schülerversicherung.
2700 1368 3508 1402 In ausführlicher Weise referierte darüber
2702 1403 3509 1437 Dr. Albrecht. Zu unterscheiden ist daher die Haft¬
2702 1438 3509 1472 pflichtversicherung von der Allgemeinen Schüler¬
2703 1473 3510 1507 versicherung, welch letztere jedem Schüler bei vor¬
2703 1508 3510 1542 übergehender Krankheit die Kosten vergütet. Auch
2704 1543 3510 1577 erstreckt sich die Versicherung auf Unfälle, die wäh¬
2705 1578 3511 1612 rnd des Turnens, Spielens usw. unter Aufsicht
2704 1613 3510 1647 der Lehrerschaft passieren. Bei Totalinvalidität
2706 1648 3513 1682 kann der Betrag 5000 Fr. erreichen. Der Antrag
2706 1683 3512 1718 der Pflege, unterstützt von Bezirksrichter Bantli,
2705 1719 3513 1752 wurde darauf einstimmig angenommen. Die Neu¬
2705 1753 3511 1788 bestellung der Vorsteherschaft ging nicht leicht von
2705 1789 3513 1822 statten. Sämtliche drei Mitglieder, Präsident
2708 1823 3514 1858 Walder, Konsumverwalter Boßhard und Buch¬
2705 1859 3512 1892 drucker Edinger, hatten ihren Rücktritt erklärt;
2704 1893 3510 1927 letzterer, wurde, wiedergewählt: Malermeister
2706 1928 3512 1963 Boßhard und Gemeinderatsschreiber Sidler
2704 1964 3510 1998 wurden neu in die Behörde gewählt und dem
2706 1999 3480 2025 Letztgenannten auch das Präsidium übertragen.
2757 2040 3515 2072 Stäfa. (Korr.) Die Gemeindeversamm¬
2708 2073 3516 2106 lung vom Sonntag, 2. Januar, hatte sich mit
2707 2107 3514 2141 dem von den Behörden vorgelegten Budget für
2706 2142 3514 2176 das Jahr 1924 zu befassen. Dank umfassenden
2707 2177 3514 2211 Sparmaßnahmen von seiten der Organe der Ge¬
2705 2212 3515 2247 meinde konnte der Steuerfuß gegenüber dem Vor¬
2703 2248 3512 2282 jahr um 16 Prozent herabgesetzt werden und be¬
2705 2283 3514 2317 trägt für Niedergelassene noch 112 Prozent, für
2705 2318 3513 2352 Bürger 145 Prozent. Die politische Gemeinde
2705 2353 3514 2387 wird pro 1924 eine Steuer von 50 Prozent (1923
2704 2388 3513 2422 60 Prozent), die Sekundarschulgemeinde eine solche
2704 2423 3513 2456 von 9 Prozent (9), die Primarschulgemeinde von
2703 2457 3513 2492 41 Prozent (47 Prozent) und die Kirchgemeinde
2705 2493 3513 2527 von 12 Prozent (12) erheben. — Die Bürger¬
2705 2528 3513 2561 gemeindeversammlung beschloß, den Steuerfuß
2706 2562 3511 2597 pro 1924 auf der Höhe des Vorjahres (33 Prozent)
2712 2598 3517 2632 zu belassen; in das Bürgerrecht der Gemeinde
2705 2633 3513 2659 wurden einmütig vier Gesuchsteller aufgenommen.
2759 2677 3518 2708 Horgen. Δ Die außerordentliche Generalver¬
2710 2707 3519 2743 sammlung des Handwerks- und Gewerbe¬
2707 2744 3513 2778 vereins beschloß nach reger Aussprache und
2709 2779 3517 2813 nachdem von verschiedenen Rednern die Bereit¬
2711 2814 3518 2848 willigkeit ausgesprochen wurde, an die Deckung
2708 2849 3515 2882 eines allfälligen Rückschlages Beiträge zu leisten,
2710 2883 3518 2918 die Aufhebung der Gewerbeschule auf Frühjahr
2711 2916 3516 2953 1925, sofern bis dahin eine ausreichende Unter¬
2710 2951 3516 2987 stützung von der Gemeinde nicht erhältlich gemacht
2709 2988 2920 3013 werden kann.
3038 3028 3180 3051 Luzern.
2760 3067 3521 3099 Knutwil. ψ Der Regierungsrat hatte die noch¬
2708 3100 3522 3138 malige Vornahme der Gemeinderatswah¬
2704 3139 3516 3176 len in Knutwil auf den 20. Januar angesetzt. Die
2706 3177 3517 3214 erste Wahl war vom Bundesgerichte wegen des
2705 3215 3517 3252 Wahlknechteunfuges kassiert worden. Die
2705 3253 3518 3290 Liberale Partei der Gemeinde hat nun soeben be¬
2706 3291 3517 3329 schlossen, sich an der frisch angesetzten Gemeinde¬
2706 3330 3517 3367 ratewahl nicht zu beteiligen. Wie dem „Luzerner
2708 3368 3519 3405 Tagblatt" gemeldet wird, weist das Stimmregister
2707 3406 3518 3443 trotz den Belehrungen, die man sich auf gegnerischer
2709 3444 3518 3482 Seite durch das Bundesgericht geben lassen mußte,
2709 3483 3519 3519 immer noch 280 Stimmfähige auf, gegenüber 230
2714 3520 3524 3558 im Jahre 1919, 214 im Jahre 1915 und 218 im
2712 3559 3523 3596 Jahre 1911, also immer noch Wahlknechte, die
2708 3597 3521 3633 größtenteils nicht in der Gemeinde, sondern im Kan¬
2711 3634 3523 3672 ton herum, sogar in Basel und Zürich wohnen. Die
2714 3673 3525 3710 Liberalen Knutwils erachten es unter diesen Um¬
2712 3711 3522 3748 ständen für das beste, sich an den Wahlen über¬
2712 3749 3520 3786 haupt nicht zu beteiligen. Die auf so anstößige
2716 3787 3525 3824 Weise, unter gänzlicher Mißachtung der bundes¬
2715 3825 3523 3863 gerichtlichen Wegleitung zustande gekommene kon¬
2717 3864 3525 3901 servative Mehrheit müsse doch mit der Zeit fallen.
2715 3902 3527 3939 In der übrigen Eidgenossenschaft mag man er¬
2716 3940 3526 3978 sehen, wieweit selbst das Bundesgericht respektiert
2715 3979 3524 4016 wird, wenn politischer Fanatismus und Willkür
2713 4017 3521 4045 gegen die Liberalen im Kanton Luzern die Trieb¬
415 4115 745 4158 Feuilleton.
380 4196 790 4219 Kleine Chronik.
233 4230 989 4268 Der König der Gartenkünstler. Mg. Dem
184 4266 992 4308 Sänger Eichendorf war eine Jugend von mär¬
184 4309 991 4346 chenhaftem Gllück beschieden: auf dem Schloß seiner
184 4346 990 4386 Väter, tief in Schlesien, verträumte er die Knaben¬
183 4386 991 4426 jahre auf selig umblauten Parkwipfeln, Bücher
184 4426 988 4466 auf den Knien und den Himmel über sich. Schon
184 4466 989 4506 in frühen Jahren verlor er diese Heimat, doch die
184 4506 989 4546 unwiederbringlich entschwundene Schönheit blieb
184 4546 989 4585 wie ein Sternbild über seinem Leben stehen und
185 4586 990 4625 machte ihn zum Dichter. Nun ist ihm in Frank¬
185 4625 990 4665 reich ein merkwürdiges Ebenbild erstanden, das
184 4665 990 4705 doch in jedem Zug die typischen Gegensätze von
185 4705 991 4745 Nord und Süden aufweist. Es ist der Fürst
185 4745 991 4784 von Ligne, der im Jahrhundert des Rokoko
186 4785 992 4824 einen weltberühmten Park besaß und als Kenner
187 4824 993 4864 in seinem Fach europäischen Ruf genoß. Ein Welt¬
186 4864 993 4904 mann der vollendetsten Form, ruhmbedeckter Offi¬
187 4904 993 4944 zier und gedankenvoller Lebenskünstler von blitzen¬
183 4944 992 4984 dem Charme, der in seinem ereignisvollen Leben
185 4984 994 5023 überdies die Zeit fand, den von Generationen er¬
187 5024 995 5063 erbten Schloßbesitz in Frankreich zu einer Voll¬
187 5064 995 5104 kommenheit zu steigern, als gelte es, eine Ewig¬
187 5104 993 5144 keit ohne Langeweile darin zu wohnen. Und sogar
188 5144 993 5183 Bücher schrieb er. Sein Wert „Blick aus Beloeil")
189 5184 995 5223 (dies der Name seiner Besitzung) enthält eine Be¬
188 5223 995 5263 schreibung seines eigenen Gartens und fast aller
189 5263 995 5303 größeren Fürstensitze des Kontinents. Es ist eines
189 5304 996 5343 der allerschönsten Bücher, das man lesen kann.
190 5344 996 5373 Denn dieser Glückliche verrät in jedem Satz, daß
1029 4109 1834 4143 nur unerschöpflicher innerer Reichtum die Umwelt
1031 4143 1834 4183 zu einem Paradies im kleinen umgestaltet. Den
1029 4184 1835 4223 besten Schimmer erhielt auch hier der Genuß erst,
1031 4224 1836 4263 als die Revolution dem Fürsten das teure Joyll
1031 4264 1835 4303 entriß und der Verarmte in Wien sich mit der
1030 4304 1835 4343 Erinnerung trösten mußte. Da baute er sich das
1031 4343 1836 4383 Verlorne im Geiste auf, besang es in melodisch
1031 4384 1835 4423 klagenden Versen und fand einen Frieden, der
1031 4424 1717 4453 ihm nicht mehr genommen werden konnte.
1082 4470 1836 4503 Der „Blick auf Beloeil" aber ist noch in der Zeit
1031 4503 1836 4543 des Vollbesitzes (1781) geschrieben. Er führt den
1031 4543 1836 4583 Leser durch das Muster aller französischen Pärke
1031 4583 1836 4623 und entläßt ihn mit tiefer Einsicht in die seelische
1031 4623 1836 4663 Vorbedingung solcher Schöpfungen. Man möchte
1032 4663 1837 4703 sie das Gartengefühl nennen — das Glück, das
1032 4703 1837 4743 der Mensch empfindet, wenn er sich seine eigene
1033 4743 1837 4783 Welt erbauen, die Kulissen der Welt nach eigenem
1031 4783 1838 4823 Belieben aufstellen darf. Da gibt es Tempel des
1033 4823 1839 4863 Mars und der Venus, Hallen der Freundschaft
1033 4863 1839 4903 und die Büsten großer Dichter und Philosophen.
1034 4903 1839 4942 Der Fürst von Ligne hat alle Götter seiner Zeit
1034 4943 1840 4982 so geordnet, und da sein und dieser Zeit Geschmack
1033 4983 1840 5023 die Allegorien waren, ergeben sich auf dem Rund¬
1033 5023 1840 5063 gang hundert Gelegenheiten zu witzigem Geplänkel
1034 5063 1840 5103 und munter verkapptem Tiefsinn. Wenn aber der
1034 5103 1842 5143 Eigentümer auf Reisen die Gärten anderer be¬
1033 5144 1841 5183 sichtigt, hat er eine Sicherheit und Eleganz des
1033 5184 1842 5223 Urteils, die stets von neuem bezaubern und zu¬
1034 5223 1842 5263 weilen den Gedanken an gewisse heutige Kunst¬
1034 5263 1841 5303 philosophen wecken, die mit Stilperioden um sich
1034 5304 1841 5343 werfen und in Mietszimmern wohnen. Dieser von
1034 5344 1843 5373 Temperament sprudelnde Fürstliche aber besitzt
1875 4111 2678 4145 alles selbst, hat alles selbst verloren und ist so zum
1874 4145 2678 4185 Meister seiner Kunst geworden. „Die erste Hälfte
1875 4185 2678 4225 seines Lebens war ein Märchen gewesen, die
1875 4225 2678 4265 zweite durchstrahlte er mit der mutigen, bezau¬
1873 4265 2678 4305 bernden Heiterkeit seines Herzens," sagt von ihm
1874 4306 2680 4345 der neueste Herausgeber seines Gartenwerkes, Graf
1874 4346 2679 4384 de Ganay, der den „Coup d’oil aur Beloeil" in der
1876 4384 2678 4424 „Collection des chefs-d'oeuvre méconnus" (Editions
1873 4424 2474 4455 Boassarfd, Paris) vorbildlich ediert hat.
1923 4479 2682 4512 Die Binse in der Kulturgeschichte. a. v. Die
1874 4512 2683 4551 Binse, ein Strandgewächs unserer Seen und Flüsse,
1875 4552 2683 4591 hat heute nur geringen wirtschaftlichen Wert.
1873 4591 2683 4630 Anders war das im Mittelalter. Sie war ein
1874 4631 2684 4669 abgabenpflichtiges Naturerzeugnis, das im Ver¬
1874 4670 2684 4708 kehr gern als Zahlungsmittel genommen wurde,
1876 4709 2684 4748 und zwar aus dem einfachen Grunde, weil die
1876 4748 2684 4787 Binsen damals in vielen Gegenden die Teppiche
1876 4788 2685 4827 ersetzten; sie kamen deswegen auch als Handels¬
1876 4827 2686 4866 produkt auf die städtischen Märkte. Zu Shake¬
1878 4867 2686 4906 speares Zeiten wurde noch die Bühne unter Bei¬
1876 4906 2686 4945 mischung einiger aromatischer Kräuter mit Binsen
1878 4946 2686 4985 bestreut, und die Belieferung der Kirchen damit
1878 4985 2686 5024 gab Veranlassung zu einem Feste. In diesem Falle
1876 5025 2688 5064 mögen Vorstellungen, die vom Heidentum über¬
1878 5064 2688 5104 nommen waren, eine Umdeutung im Sinne gewisser
1877 5104 2688 5143 christlicher Ideen erfahren haben. Wenn wir z. B.
1878 5144 2687 5182 lesen, daß der Leiter der olympischen Spiele zu
1877 5183 2688 5222 Antiochia während seiner Amtszeit auf einem
1879 5222 2689 5262 Binsenlager schlafen mußte, der Reinheit wegen,
1879 5262 2689 5301 die seinem Körper anhaften sollte, so ist recht wohl
1880 5302 2690 5340 denkbar, daß die Vorstellung von sittlicher Makel¬
1880 5341 2690 5369 losigkeit irgendwie mit der Binse verknüpft war.
2714 4110 3529 4143 Als Bewohnerin des Strandes war die Binse der
2717 4144 3528 4183 Venus geweiht; ihr Name war einer der zahl¬
2717 4183 3528 4222 reichen Beinamen der Göttin. Griechischer Einfluß
2716 4223 3528 4261 war lange maßgebend an der gallischen Küste des
2718 4262 3530 4300 Mittelmeeres, und es ist deshalb nicht verwun¬
2718 4301 3530 4339 derlich, daß noch um die Mitte des 18. Jahrhun¬
2715 4340 3531 4379 derts in einem provenzalischen Roman des Rai¬
2717 4379 3530 4418 mond de Feraud ein Liebesorakel erwähnt wird,
2720 4418 3530 4458 bei dem Binsen verwendet wurden, die am Johan¬
2719 4456 3532 4498 nistage geschnitten worden waren. Leider ist aus
2720 4496 3533 4537 der gereimten Dichtung nicht zu ersehen, wie man
2720 4536 3530 4576 bei dem Orakel verfuhr. In der christlichen Auf¬
2720 4574 3533 4615 fassung nahm die Binse die Symbolbedeutung der
2721 4614 3534 4654 Demut an, wie sie zur Erlangung der Seelen¬
2720 4653 3532 4693 läuterung erforderlich ist. Deshalb mußte Dante
2722 4694 3531 4733 im Purgatorio einen Gürtel aus Binsengeflecht
2721 4733 3534 4772 tragen, und Binsen wuchsen am Strande der
2720 4773 3531 4811 Insel, nach der ein Engel die erwählten Seelen
2722 4812 3532 4850 begleitete. Welche Gedankengänge die Binse mit
2722 4848 3533 4890 einem frühen Tod in Verbindung brachte, ist schwer
2723 4888 3534 4929 zu ersehen. In den satirischen Schriften des eng¬
2721 4928 3533 4969 lischen Bischofs John Hall wird aber eine solche
2724 4965 3532 5008 Vorstellung erwähnt; denn er sagt in seinen „Cha¬
2723 5008 3533 5047 rakteren" nachdem er eine lange Reihe von Bei¬
2724 5046 3535 5087 spielen des damals herrschenden Aberglaubens
2723 5085 3540 5126 angeführt hat: „Wenn aber seine (des Abergläu¬
2724 5126 3538 5166 bischen) umdüsterte Phantasie durch Träume unter¬
2725 5163 3540 5206 stützt wird, in denen er einen Feengarten oder
2723 5203 3540 5245 grüne Binsen ober den grüßenden Wink eines
2724 5246 3540 5284 toten Freundes sieht, dann nimmt er Abschied von
2723 5283 3540 5324 dieser Welt und sagt, nun werde er nicht länger
2726 5324 2829 5352 leben."
