1864 2362
184 246 294 317 Nr.
356 260 456 322 52.

1337 271 1678 340 1787.

1282 423 1749 548 Zeitung

93 426 540 536 Zürcher

1328 615 1416 672 den
1428 620 1498 670 30.
1503 613 1710 675 Brachm.

168 614 458 670 Samstag,

206 812 367 847 Cagliostro
385 814 416 843 in
433 816 555 846 Mietau.
590 818 762 856 Fortsetzung
762 841 770 849 .

121 844 187 877 Nach
200 845 294 879 einigen
309 847 396 880 Tagen
415 849 483 882 reiste
501 850 630 885 Cagliostro
649 853 696 881 mir
704 853 780 883 seiner
798 856 902 892 Frau,

86 877 150 910 Hrn.
166 884 212 906 von
225 879 334 914 Howen,
352 882 415 915 Hrn.
429 888 452 910 v.
463 883 552 916 Korff,
569 885 673 914 meinem
683 887 763 916 Vater
772 889 827 922 und
829 889 890 920 mir,

85 912 142 943 nach
157 912 250 941 Wilzen
267 920 294 943 zu
304 914 407 943 meinem
419 915 599 949 Vaterbruder,
618 919 656 953 wo
660 916 737 954 selbst
742 921 788 949 wir
799 921 887 955 diesen,

86 943 132 971 mit
143 944 218 975 seiner
234 945 382 977 Gemahlinn
395 964 403 978 ,
431 949 506 982 seiner
516 951 617 982 Tochter
634 952 683 978 und
697 953 778 984 seinen
794 954 888 987 beyden

87 974 191 1009 Söhnen
206 977 271 1010 schon
284 980 421 1011 vorfanden.

118 1008 163 1038 Da
176 1010 219 1038 wir
231 1012 324 1039 unweit
336 1013 429 1043 Wilzen
444 1020 544 1047 waren,
558 1016 637 1049 sprach
647 1017 697 1045 und
714 1017 790 1047 betete
803 1024 831 1047 er
838 1019 885 1051 still

85 1041 126 1075 für
139 1043 180 1077 sich
193 1043 218 1071 in
228 1045 292 1073 einer
303 1046 409 1077 fremden
420 1047 545 1081 Sprache,
564 1050 601 1076 las
610 1051 687 1079 etwas
699 1050 724 1077 in
738 1052 819 1080 einem
830 1053 884 1081 klei¬

86 1081 132 1102 nen
150 1077 234 1108 rothen
251 1078 376 1111 magischen
395 1082 475 1112 Buche
492 1098 500 1111 ,
524 1082 581 1110 und
595 1083 655 1115 sagte
675 1098 684 1116 ,
700 1085 731 1112 da
750 1084 794 1112 wir
815 1085 887 1113 einen

85 1108 159 1138 Wald
177 1111 266 1143 sahen,
282 1112 328 1139 mit
337 1113 431 1140 wildem
442 1115 539 1146 Feuer:
560 1133 579 1148 „
591 1115 674 1148 Dort,
692 1117 747 1146 dort
760 1117 837 1150 liegen
848 1119 887 1145 die

84 1143 236 1176 „magischen
254 1144 377 1177 Schriften
395 1147 524 1179 vergraben
536 1147 543 1175 !
567 1149 615 1176 Du
631 1149 718 1181 grosser
735 1152 887 1185 Baumeister

84 1175 151 1203 „der
168 1177 266 1204 Welten
273 1195 281 1209 ,
300 1177 347 1211 hilf
363 1178 411 1206 mir
430 1179 473 1208 das
494 1179 565 1208 Werk
585 1180 752 1214 vollenden,,!
769 1195 801 1203 —
818 1184 885 1216 Nach

84 1205 175 1237 „einer
189 1207 268 1235 Weile
282 1211 349 1240 sagte
361 1217 387 1236 er
397 1216 408 1238 :
431 1212 529 1241 „Diese
545 1213 673 1244 magischen
690 1216 815 1245 Schriften
834 1219 884 1244 und

84 1256 105 1272 „
112 1238 206 1272 Schatze
223 1241 318 1268 werden
326 1247 372 1270 von
384 1242 429 1270 den
447 1243 553 1279 stärksten
569 1244 680 1278 Geistern
702 1246 816 1279 bewacht,
833 1250 887 1276 und

84 1278 156 1304 „nur
172 1272 265 1306 Geister
280 1271 369 1302 können
382 1274 413 1307 sie
421 1276 502 1308 heben.
540 1277 581 1305 Ob
591 1278 623 1310 ich
633 1280 673 1307 der
690 1278 817 1311 Glückliche
828 1282 883 1314 seyn

85 1305 187 1338 „kann,
203 1306 273 1336 durch
283 1306 358 1337 dessen
374 1309 556 1342 Vermittelung
565 1310 597 1341 sie
610 1312 714 1343 gehoben
733 1314 828 1341 werden
840 1316 883 1347 sol¬

84 1355 103 1370 „
112 1340 166 1371 len,
184 1338 246 1370 weiß
258 1340 298 1367 der
309 1340 393 1372 allein,
403 1340 445 1369 der
458 1342 516 1373 mich
534 1344 631 1374 gesandt
644 1346 691 1374 hat.
727 1346 789 1373 Aber
796 1346 882 1376 binden

85 1388 105 1404 „
112 1372 186 1405 werd'
189 1371 233 1404 ich
246 1373 281 1401 die
295 1374 406 1408 Geister,
434 1374 470 1402 die
489 1374 532 1401 den
544 1376 627 1409 Schatz
638 1377 784 1410 bewahren,
805 1380 885 1413 derge¬

85 1421 103 1436 „
110 1406 179 1439 stalt,
193 1405 239 1440 daß
249 1406 314 1434 mein
324 1407 467 1440 Nachfolger
478 1408 553 1438 nichts
568 1410 631 1441 ohne
637 1408 710 1442 mein
725 1411 816 1443 Wissen
836 1414 885 1442 und

85 1439 189 1469 „meine
198 1440 319 1471 Beyhülfe
333 1442 508 1473 unternehmen
517 1442 594 1473 kann,
611 1443 677 1479 selbst
691 1450 759 1473 wenn
773 1446 805 1477 ich
820 1446 885 1479 drey-

83 1486 102 1500 „
111 1471 214 1502 hundert
232 1473 329 1502 Meilen
346 1474 450 1506 entfernt
464 1475 517 1507 seyn
534 1476 596 1506 sollte
640 1491 668 1497 —
684 1478 766 1510 Gleich
778 1480 834 1513 nach
845 1480 889 1513 sei¬

82 1509 127 1530 ner
142 1505 251 1538 Ankunft
256 1506 282 1532 in
287 1505 394 1538 Wilzen,
411 1505 479 1538 gieng
492 1512 518 1534 er
522 1508 582 1537 ohne
594 1508 738 1541 Wegweiser
750 1511 800 1544 mit
802 1511 885 1544 Herrn

83 1542 130 1566 von
146 1538 260 1571 Howen,
289 1538 394 1567 meinem
411 1539 490 1567 Vater
510 1542 559 1568 und
580 1540 684 1570 meinem
701 1542 886 1578 Vaterbruder,

85 1570 139 1603 nach
149 1572 200 1599 dem
212 1572 314 1604 Walde,
325 1572 370 1600 den
382 1578 408 1601 er
420 1572 562 1605 beschrieben
575 1575 655 1607 hatte,
674 1576 722 1603 und
740 1573 810 1608 zeigte
830 1578 884 1608 dort

82 1604 129 1631 den
149 1603 320 1637 abgebrochnen
337 1608 439 1639 Baum,
456 1610 529 1634 unter
539 1608 648 1640 welchem
662 1609 700 1637 die
713 1615 759 1638 von
771 1611 814 1639 den
825 1612 884 1641 Gei¬

81 1635 145 1674 stern
161 1639 289 1671 bewachten
307 1639 403 1673 Schatze
422 1640 497 1672 liegen
513 1640 602 1670 sollten.
646 1641 713 1671 Dort
727 1644 766 1678 soll
782 1650 807 1672 er
828 1646 884 1674 wie¬

81 1670 125 1701 der
137 1672 208 1701 allein
229 1672 271 1705 für
281 1670 322 1705 sich
340 1674 391 1702 eine
408 1672 579 1707 Beschwörung
596 1677 720 1708 gemacht,
744 1679 791 1706 und
814 1678 884 1707 einen

82 1705 158 1738 seiner
166 1705 249 1740 Geiste
258 1713 289 1734 an
299 1706 358 1737 diese
370 1707 451 1736 Stelle
459 1707 581 1740 gebunden
599 1709 686 1739 haben.
719 1709 776 1739 Den
791 1712 883 1744 andern

82 1740 192 1773 Morgen
206 1739 311 1770 zwischen
327 1741 383 1772 zehn
397 1742 445 1769 und
463 1741 509 1775 eilf
512 1739 564 1775 Uhr
566 1753 584 1774 ,
602 1744 692 1775 machte
694 1746 740 1776 er
744 1744 828 1774 wieder
844 1748 884 1775 ein

84 1774 211 1804 magisches
226 1772 379 1804 Experiment
397 1775 444 1804 mit
453 1776 507 1802 dem
518 1776 614 1805 Kinde,
633 1776 657 1804 in
669 1778 813 1809 Gegenwart
826 1780 884 1808 aller

83 1807 233 1836 anwesenden
241 1806 386 1839 Mitglieder
395 1808 479 1838 unsrer
487 1808 556 1842 Loge.
590 1809 626 1836 Er
638 1810 737 1844 verfuhr
746 1811 791 1845 bey
793 1809 886 1846 diesem

84 1836 127 1864 wie
141 1838 183 1871 bey
198 1841 253 1869 dem
266 1842 339 1874 ersten
349 1840 541 1874 Experimente,
558 1842 665 1871 welchem
681 1844 713 1875 ich
731 1845 887 1880 beygewohnt

83 1870 169 1902 hatte;
192 1879 237 1901 nur
256 1874 301 1902 mit
315 1874 367 1903 dem
386 1875 562 1909 Unterschiede;
586 1875 631 1909 daß
650 1877 697 1905 das
709 1878 773 1908 Kind
795 1879 822 1909 in
826 1880 888 1913 dem

84 1903 212 1934 nemlichen
230 1906 351 1940 Zimmer,
368 1914 404 1937 wo
416 1909 462 1938 wir
471 1909 506 1937 im
524 1907 608 1943 Kreise
614 1906 704 1947 sassen
713 1910 796 1942 hinter
802 1912 883 1942 einem

85 1936 183 1970 Schirm
195 1942 261 1971 war,
277 1941 325 1968 und
336 1942 382 1973 Hr.
396 1948 417 1970 v.
433 1943 525 1975 Howen
536 1944 560 1971 in
570 1944 699 1976 demselben
707 1945 788 1977 Kreise
806 1947 882 1976 neben

85 1970 215 2004 Cagliostro
229 1970 301 2003 stand.
336 1975 407 2004 Dem
422 1977 500 2006 Kinde
511 1977 575 2008 hatte
594 1977 721 2012 Cagliostro
736 1978 805 2007 einen
821 1981 883 2014 gros¬

83 2005 124 2037 sen
140 2005 243 2037 eisernen
256 2004 335 2036 Nagel
350 2014 377 2038 zu
395 2009 477 2039 halten
498 2011 617 2046 gegeben,
645 2013 695 2041 und
707 2011 760 2041 dem
779 2013 884 2042 Kleinen

83 2037 205 2072 geboten,
222 2037 301 2066 nieder
311 2043 337 2067 zu
354 2042 421 2069 knien
436 2045 485 2071 und
500 2044 561 2075 nicht
573 2046 629 2076 eher
640 2047 684 2079 auf
697 2051 724 2077 zu
740 2046 823 2081 stehn,
842 2050 881 2077 als

84 2071 122 2102 bis
136 2079 161 2104 er
174 2072 223 2103 den
233 2072 284 2109 ihm
297 2072 364 2109 schon
377 2073 507 2107 bekannten
519 2076 613 2115 schönen
623 2079 725 2115 Jungen
734 2081 831 2117 gesehen
842 2083 883 2117 ha¬

936 823 970 850 be.
1006 823 1128 856 Nachdem
1144 826 1216 858 dieser
1231 827 1285 856 dem
1297 829 1399 859 Knaben
1414 832 1540 866 erschienen
1548 837 1616 864 war,
1632 833 1702 866 gebot
1713 838 1743 862 er

937 856 990 884 dem
1004 858 1085 892 Geiste
1096 859 1142 887 mit
1153 861 1210 888 dem
1228 862 1312 894 rothen
1327 863 1425 898 Kreutze
1438 871 1466 897 zu
1483 866 1625 899 erscheinen,
1647 866 1691 900 sich
1706 872 1739 894 an

939 889 985 917 den
1000 891 1078 924 Nagel
1096 898 1122 921 zu
1136 892 1239 927 binden,
1256 896 1305 923 und
1321 895 1366 924 den
1378 898 1462 932 Schatz
1472 899 1517 927 im
1522 898 1609 928 Walde
1619 899 1642 931 so
1656 905 1683 931 zu
1700 898 1745 928 be¬

937 923 1033 955 wahren
1052 942 1061 956 ,
1087 924 1134 959 daß
1151 927 1229 954 keiner
1244 927 1286 961 sich
1300 928 1387 962 diesem
1408 931 1471 962 ohne
1488 931 1536 963 sein
1555 931 1652 963 Wissen
1661 932 1740 963 nahen

937 955 1030 983 könnte.
1059 959 1127 991 Auch
1137 959 1201 990 sollte
1212 960 1253 989 der
1260 963 1347 998 Schatz
1354 965 1413 996 ohne
1421 965 1502 999 Herrn
1515 971 1561 993 von
1573 965 1665 998 Howen
1679 966 1742 998 nicht

935 987 1039 1019 gehoben
1052 991 1146 1018 werden
1163 993 1213 1020 und
1233 995 1273 1023 nie
1287 1001 1315 1025 zu
1324 997 1406 1030 finden
1420 999 1492 1031 seyn.
1516 998 1619 1028 Darauf
1628 999 1698 1032 gebot
1712 1004 1745 1027 er

935 1020 1000 1052 Hrn.
1015 1026 1062 1049 von
1070 1022 1164 1055 Howen
1176 1024 1258 1055 nieder
1272 1032 1300 1058 zu
1313 1029 1401 1061 knien,
1418 1029 1468 1059 und
1477 1030 1532 1059 dem
1541 1032 1624 1065 Geiste
1632 1033 1679 1061 mit
1685 1034 1741 1061 dem

935 1054 1019 1084 rothen
1036 1057 1147 1088 Kreutze,
1164 1057 1205 1089 sich
1220 1065 1250 1087 an
1266 1060 1310 1093 ihn
1328 1067 1357 1093 zu
1374 1062 1463 1095 stellen.
1478 1073 1514 1088 —
1524 1065 1589 1094 Nun
1599 1065 1682 1097 mußte
1688 1065 1741 1100 Herr

938 1092 960 1113 v.
972 1086 1065 1119 Howen
1075 1088 1134 1118 dem
1133 1089 1221 1123 Kinde
1227 1092 1303 1125 einige
1310 1094 1418 1128 Fragen,
1436 1098 1474 1124 die
1486 1096 1616 1130 Cagliostro
1625 1097 1677 1129 ihm
1685 1103 1747 1128 vor¬

937 1118 1001 1151 sagte
1009 1136 1018 1151 ,
1036 1120 1105 1151 thun.
1138 1122 1206 1161 Aber
1210 1128 1287 1157 wenn
1291 1126 1336 1162 Hr.
1350 1128 1402 1163 von
1404 1128 1505 1164 Howen
1509 1130 1603 1162 sprach,
1608 1128 1636 1162 so
1644 1132 1746 1165 berühr¬

936 1154 960 1179 te
975 1152 1106 1185 Cagliostro
1122 1153 1166 1185 ihn
1179 1156 1227 1182 mit
1243 1158 1298 1184 dem
1312 1161 1441 1191 magischen
1461 1162 1599 1192 Schwerte.
1629 1163 1676 1197 Hr.
1692 1169 1741 1192 von

936 1183 1028 1217 Howen
1039 1185 1120 1217 mußte
1140 1193 1193 1214 nun
1204 1188 1328 1221 folgendes
1345 1191 1398 1219 dem
1416 1192 1547 1226 Cagliostro
1562 1194 1722 1230 nachsprechen
1729 1202 1740 1226 :

968 1233 988 1248 „
997 1216 1046 1248 Im
1064 1219 1165 1248 Namen
1181 1220 1277 1250 meines
1293 1223 1415 1258 Meisters
1422 1228 1472 1255 und
1482 1227 1583 1257 Lehrers
1591 1229 1746 1265 Cagliostros

935 1250 1050 1282 „gebiete
1066 1251 1099 1284 ich
1108 1251 1178 1284 Dir,
1192 1253 1237 1282 Du
1252 1257 1307 1285 zum
1322 1257 1406 1288 Seher
1419 1261 1594 1292 auserkohrnes
1600 1262 1675 1295 Kind,
1685 1263 1739 1292 Dir

934 1288 1006 1316 „von
1020 1282 1064 1311 den
1083 1283 1232 1318 dienstbaren
1245 1289 1357 1323 Geistern
1474 1293 1566 1326 grossen
1581 1295 1681 1328 Lehrers
1689 1297 1737 1325 den

934 1314 1047 1348 „Wald,
1065 1316 1108 1344 der
1125 1318 1162 1347 die
1175 1319 1275 1353 Schätze
1293 1316 1398 1356 enthält,
1423 1326 1527 1360 zeigen,
1539 1328 1592 1357 und
1607 1328 1648 1358 dir
1659 1330 1756 1364 Erde

933 1349 1041 1380 „welche
1054 1350 1113 1382 diese
1128 1351 1207 1383 deckt,
1225 1355 1305 1388 öffnen
1321 1362 1349 1386 zu
1365 1357 1475 1393 lassen.”

968 1380 1039 1426 Das
1052 1383 1139 1412 Kind.
1170 1386 1246 1416 „Der
1266 1388 1341 1418 Wald
1360 1391 1389 1423 ist
1407 1392 1454 1425 da,
1472 1391 1510 1420 die
1526 1392 1591 1423 Erde
1609 1395 1636 1430 ist
1653 1395 1718 1430 offen
1726 1413 1735 1430 ,

936 1414 1010 1445 „und
1029 1414 1061 1447 ich
1073 1416 1124 1448 sehe
1135 1418 1189 1446 eine
1198 1419 1294 1453 Treppe
1302 1422 1353 1450 und
1360 1423 1431 1452 einen
1438 1427 1525 1458 langen
1541 1428 1624 1461 Gang.
1633 1447 1656 1462 „
1674 1429 1735 1462 Hier

935 1450 1004 1480 gebot
1018 1447 1147 1483 Cagliostro
1158 1451 1221 1484 Hrn.
1236 1459 1281 1482 von
1292 1455 1402 1488 Howen,
1420 1458 1462 1487 der
1476 1460 1564 1488 immer
1578 1462 1634 1494 noch
1650 1463 1736 1496 kniete,

935 1481 980 1512 auf
994 1486 1021 1510 zu
1033 1482 1128 1515 stehen,
1146 1485 1202 1512 aber
1220 1485 1255 1514 im
1272 1483 1402 1521 magischen
1409 1490 1489 1524 Zirkel
1508 1496 1536 1527 zu
1552 1490 1660 1529 bleiben;
1687 1497 1737 1527 und

933 1513 997 1545 setzte
1013 1519 1067 1542 nun
1081 1515 1144 1551 selbst
1158 1517 1197 1544 die
1212 1519 1307 1552 Fragen
1325 1523 1376 1550 ans
1383 1523 1451 1552 Kind
1462 1524 1520 1557 fort.

963 1545 1129 1580 Cagliostro.
1149 1550 1261 1584 „Gehen
1280 1552 1332 1583 Sie
1349 1555 1387 1585 die
1395 1557 1514 1592 Treppen
1520 1558 1640 1594 hinunter.
1675 1560 1759 1598 Zäh¬

933 1580 1000 1618 „len
1018 1579 1067 1608 Sie
1084 1580 1120 1608 die
1140 1583 1245 1616 Stiegen
1264 1586 1291 1617 so
1303 1586 1371 1621 laut,
1390 1590 1436 1625 daß
1453 1591 1500 1620 wir
1513 1593 1540 1621 es
1544 1590 1624 1625 Hören
1635 1593 1756 1631 können,

932 1612 1007 1644 „und
1031 1614 1095 1644 dann
1114 1617 1190 1649 gehen
1204 1617 1256 1647 Sie
1270 1619 1309 1647 bis
1325 1624 1373 1650 ans
1392 1624 1466 1654 Ende
1472 1624 1524 1657 des
1539 1627 1660 1662 Ganges,
1685 1631 1736 1660 und

931 1662 950 1678 „
958 1646 1027 1678 sagen
1042 1647 1092 1675 Sie
1109 1649 1169 1681 mir,
1186 1653 1239 1680 was
1256 1654 1306 1681 Sie
1323 1654 1352 1683 da
1371 1658 1472 1689 sehen”.
1515 1657 1574 1690 Das
1579 1657 1651 1694 Kind
1661 1663 1742 1695 zählte

933 1685 986 1708 nun
1000 1679 1036 1708 die
1051 1680 1176 1717 Stiegen,
1195 1686 1244 1713 und
1260 1687 1305 1715 wir
1318 1689 1421 1720 konnten
1422 1688 1472 1723 die
1482 1690 1561 1720 Tritte
1572 1692 1644 1725 hören
1655 1714 1663 1728 ,
1673 1698 1737 1729 auch

932 1714 1017 1744 hörten
1034 1720 1079 1742 wir
1105 1718 1177 1749 noch,
1206 1717 1253 1752 daß
1274 1726 1301 1747 er
1317 1721 1396 1756 einige
1419 1722 1527 1757 Schritte
1548 1726 1632 1757 weiter
1651 1729 1734 1760 gieng.

934 1746 1037 1778 Darauf
1050 1748 1112 1780 sagte
1135 1749 1175 1778 der
1198 1751 1297 1782 Kleine:

966 1798 985 1813 „
995 1780 1052 1814 Hier
1060 1779 1108 1813 sind
1114 1781 1174 1816 viele
1178 1783 1262 1816 goldne
1403 1788 1486 1820 Gold-
1272 1786 1386 1820 Ruthen,
1494 1791 1544 1820 und
1554 1792 1738 1826 Silber-Mün¬

932 1819 1018 1848 „zen,
1036 1814 1137 1847 allerley
1137 1814 1241 1847 Sachen
1256 1825 1304 1847 von
1318 1818 1410 1855 Eisen,
1434 1823 1592 1858 beschriebene
1608 1828 1735 1863 Papiere,

931 1848 1006 1879 „und
1023 1850 1106 1879 rothes
1123 1848 1262 1885 Pulver*).

965 1881 1094 1915 Cagliostro
1107 1883 1182 1914 gebto
1182 1883 1227 1914 der
1241 1885 1404 1922 Erscheinung
1411 1893 1441 1920 zn
1454 1891 1633 1924 verschwinden.
1653 1895 1739 1927 Dann

930 1919 1020 1948 machte
1035 1921 1060 1943 er
1074 1921 1127 1942 eine
1144 1917 1219 1944 andre
1228 1920 1420 1956 Beschwörung,
1437 1923 1490 1953 und
1506 1926 1581 1961 fragte
1589 1933 1602 1958 :

965 1950 1053 1980 „Was
1069 1948 1134 1980 sehen
1152 1950 1208 1979 Sie
1216 1949 1315 1986 jetzt„?

965 1982 1034 2012 Das
1045 1982 1127 2011 Kind.
1153 2002 1172 2016 „
1179 1983 1227 2017 Ich
1239 1988 1292 2019 sehe
1300 1986 1379 2020 sieben
1390 1988 1441 2024 sehr
1456 1989 1532 2025 schöne
1540 1991 1684 2031 Menschen
1684 1991 1738 2031 alle

931 2034 949 2048 „
957 2015 991 2044 im
1001 2015 1088 2048 weißen
1101 2015 1193 2050 langen
1204 2018 1334 2053 Kleidern:
1350 2024 1392 2052 der
1401 2024 1454 2053 eine
1463 2027 1517 2060 hat
1529 2028 1569 2056 ein
1580 2028 1662 2064 rothes
1670 2031 1751 2064 Herz

932 2055 1000 2083 „vor
1013 2050 1053 2078 der
1064 2050 1156 2085 Brust,
1175 2051 1211 2080 die
1230 2054 1322 2083 andern
1334 2054 1385 2086 alle
1393 2058 1466 2090 haben
1485 2061 1551 2093 rothe
1569 2063 1681 2097 Kreutze
1681 2063 1753 2097 und

931 2100 952 2120 „
959 2084 1035 2115 etwas
1035 2084 1080 2115 vor
1091 2083 1132 2114 der
1141 2085 1232 2117 Stirne
1241 2090 1396 2125 geschrieben,
1405 2091 1461 2122 aber
1467 2093 1499 2129 ich
1506 2095 1565 2124 kann
1573 2095 1633 2132 nicht
1642 2098 1736 2138 lesen.„
