2059 2480
210 152 403 254 Nro.
453 186 601 277 77.

1472 145 1826 232 1818.

103 308 702 466 Zürcher-

1344 316 1928 462 Zeitung.

294 497 550 546 Freytag,

1443 490 1504 534 den
1530 499 1589 536 25.
1613 484 1834 536 September.

116 615 246 654 Gedruckt
259 620 311 651 und
325 626 354 653 zu
367 619 454 654 finden
468 617 496 647 in
508 617 555 648 der
567 617 774 652 Buchhandlung
787 622 838 646 von
850 615 972 647 Orell,
997 613 1098 650 Füßli
1116 614 1172 645 und
1190 612 1399 652 Compagnie
1415 612 1469 643 und
1481 612 1530 647 auf
1544 609 1615 642 allen
1618 610 1752 648 Schweiz.
1766 603 1936 645 Postämtern.

162 703 367 739 Nord-Amerika
387 704 472 737 (Gott
489 703 541 731 und
559 701 762 735 Washington).
780 726 785 732 .
810 699 1035 734 Großbritannien
1054 701 1127 733 (Der
1147 699 1258 730 Courier
1277 697 1358 728 bleibt
1375 697 1433 727 noch
1453 697 1508 727 eine
1528 699 1649 726 Antwort
1669 694 1801 729 schuldig).
1837 691 1934 728 Frank¬

196 743 261 773 reich
283 740 412 774 (Gewicht
434 741 481 770 des
494 739 589 770 Werks
607 738 652 768 der
669 740 738 773 Frau
759 744 807 767 von
826 737 938 770 Stael).
984 737 1158 769 Deutschland
1174 735 1342 770 Preußischer
1356 733 1644 768 Minister-Wechsel.
1671 733 1735 762 Von
1749 731 1807 760 dem
1822 727 1933 762 größern

195 780 293 813 Ochsen
315 779 384 807 lernt
402 778 446 805 der
467 775 578 806 kleinere
597 775 710 809 pflügen.
757 775 825 805 Was
845 773 883 803 im
901 771 1044 808 Regiment
1064 774 1140 806 Alles
1156 786 1194 796 —
1210 772 1325 804 dictiren
1344 772 1419 802 kann.
1461 770 1625 806 Würdigung
1645 774 1740 803 zweyer
1760 765 1936 802 Würtember¬

185 807 295 852 gischen
318 813 469 848 Minister).
509 811 638 846 Schweiz.

358 885 783 920 Nord-Amerika.

158 934 214 970 Ein
238 932 381 967 Schreiben
402 933 452 960 aus
476 930 689 970 Washington
713 935 772 958 vom
796 938 841 957 20.
863 928 925 963 Jul.
944 926 1021 962 sagt:

121 978 203 1015 „Nie
221 983 274 1008 war
288 977 331 1005 der
349 972 553 1006 Enthusiasmus
573 972 629 1005 bey
639 972 683 1001 der
703 973 784 1007 Feyer
802 970 849 1000 des
861 969 1022 1005 Stiftungs¬

124 1021 203 1055 tages
213 1019 302 1053 unsrer
313 1017 442 1050 Republik
453 1015 543 1050 größer
554 1015 606 1044 und
616 1015 797 1048 allgemeiner,
817 1015 860 1042 als
868 1019 913 1043 am
923 1022 951 1050 4.
959 1014 1021 1049 Jul.

122 1062 211 1096 dieses
228 1061 333 1097 Jahrs;
352 1059 403 1088 und
428 1065 453 1089 er
476 1058 542 1088 wird
562 1057 673 1092 getheilt
689 1058 807 1087 werden,
828 1063 867 1086 wo
885 1058 914 1086 es
935 1055 1022 1091 irgend

124 1107 170 1137 ein
186 1105 303 1137 Gemüth
322 1104 395 1138 gibt,
415 1103 463 1131 das
483 1102 532 1130 den
553 1102 647 1134 Werth
669 1100 738 1130 einer
755 1099 901 1135 Freystätte
913 1098 959 1133 für
974 1098 1025 1129 das

115 1147 402 1182 Menschengeschlecht
429 1153 458 1177 zu
483 1143 626 1179 würdigen
637 1144 714 1178 weiß.
761 1144 846 1182 Zwey
846 1144 910 1182 und
926 1142 1023 1177 vierzig
1039 1143 1272 1178 Versprechungen
1290 1141 1359 1177 ihrer
1373 1140 1478 1177 eigenen
1487 1142 1637 1176 Regierung
1651 1147 1738 1175 wegen
1751 1140 1936 1173 Verbesserung

128 1194 215 1229 Jahre
233 1191 285 1225 sind
300 1190 445 1224 versloffen,
465 1188 514 1222 seit
533 1187 631 1221 unsere
631 1187 739 1221 Väter,
757 1189 829 1218 Gott
845 1187 915 1223 zum
915 1187 1025 1223 Zweyen

128 1237 199 1270 ihrer
221 1235 309 1264 reinen
333 1232 520 1264 Gesinnungen
536 1232 679 1263 nehmend,
703 1230 748 1262 sich
763 1227 961 1263 vereinigten,
961 1227 1027 1263 und

113 1278 169 1309 die
179 1276 302 1313 Freyheit
310 1277 357 1306 des
366 1275 553 1311 Englischen
562 1273 742 1306 Amerika's
742 1271 945 1306 proklamirten.
945 1271 1026 1303 Ver-

129 1322 225 1358 geblich
236 1322 329 1353 hatten
343 1319 376 1354 sie
389 1320 438 1348 das
450 1316 636 1349 Mutterland
636 1316 685 1349 um
698 1315 746 1345 den
758 1315 855 1348 Genuß
867 1315 919 1346 der
919 1315 1026 1346 Rechte

117 1365 211 1398 wozu
211 1365 263 1398 die
273 1364 362 1394 Natur
440 1361 591 1394 Menschern
601 1359 705 1391 beruft,
724 1359 877 1393 angefleht;
889 1359 923 1390 da
936 1358 1027 1393 griffen

118 1408 177 1444 sie
177 1408 225 1444 zu
225 1408 278 1444 den
291 1405 405 1440 Waffen:
420 1401 520 1437 Lang
532 1402 593 1436 und
593 1402 762 1436 zweifelhaft
772 1402 843 1439 war
843 1402 898 1439 der
912 1402 1013 1436 Kampf

114 1453 192 1482 aber
212 1449 306 1481 endlich
328 1448 420 1482 siegten
438 1446 588 1477 Ausdauer
588 1446 655 1477 und
667 1447 772 1478 Muth,
793 1446 845 1475 und
862 1446 1017 1483 Washing¬

131 1496 219 1528 ton's
231 1491 337 1525 Genius
350 1491 492 1526 gründete,
511 1489 560 1519 mit
568 1490 646 1524 Hülfe
656 1490 702 1518 der
711 1489 889 1528 Vorsehung,
903 1485 948 1530 die
948 1485 1030 1530 Frey¬

115 1539 220 1573 heiten
236 1534 290 1567 des
300 1534 480 1565 Vaterlandes
498 1533 547 1564 auf
561 1532 642 1566 ewige
664 1533 836 1567 Grundfesten
843 1540 862 1564 ;
872 1533 918 1564 auf
926 1533 1028 1564 Gleich¬

117 1582 188 1618 heit
205 1582 258 1610 und
275 1577 486 1612 Bürgertugend.
524 1577 600 1608 Noch
600 1577 694 1608 leben
694 1577 746 1608 von
762 1577 817 1610 den
817 1577 867 1610 55.
878 1573 1030 1613 Patrioten,

130 1625 224 1655 welche
232 1623 276 1654 die
295 1616 688 1654 Unabhängigkeits-Erklärug
706 1618 963 1650 Nord-Amerika's
983 1626 1029 1647 un¬

129 1667 333 1701 terzeichneten,
347 1663 424 1697 fünf:
444 1661 627 1700 Jefferson,
639 1662 783 1696 Adams,
783 1662 908 1696 Caroll,
924 1663 1028 1708 Floyd

131 1712 187 1742 und
200 1712 320 1746 Ellery.
359 1707 469 1741 Würdig
483 1706 582 1738 feyerte
596 1705 640 1734 die
657 1706 964 1741 Generalversammlung
977 1714 1028 1735 von

133 1755 279 1790 Kentuky
300 1752 347 1781 das
362 1749 437 1787 Fest,
462 1749 550 1779 indem
571 1748 602 1780 sie
623 1749 679 1781 ihre
698 1747 824 1784 Wünsche
840 1749 978 1788 äußerte,
978 1749 1031 1788 daß

125 1799 176 1829 die
194 1795 414 1830 Unabhängigkeit
433 1793 502 1825 ihrer
519 1794 578 1825 noch
596 1792 761 1827 kämpfenden
786 1790 899 1823 Brüder
899 1790 939 1823 in
952 1793 1019 1823 Süd-¬

134 1842 278 1875 Amerika
294 1845 342 1868 von
363 1840 409 1868 der
427 1836 586 1870 Regierung
586 1836 649 1870 der
666 1836 864 1871 vereinigten,
890 1836 1029 1868 Staaten

137 1887 277 1916 anerkannt
292 1882 396 1911 werden
409 1881 536 1914 möchte.
574 1878 700 1914 Sichtbar
722 1881 760 1913 ist:
774 1881 823 1908 das
841 1880 1029 1915 Wohlgefallen

138 1929 181 1959 der
190 1928 339 1967 Fürsehung
352 1931 386 1956 an
399 1925 492 1958 unsrer
503 1922 645 1960 Freyheit;
666 1923 742 1956 unsre
756 1922 935 1959 Bevölkerung
947 1925 1033 1960 mehrt

136 1972 196 2009 sich,
217 1973 265 2004 wie
279 1970 357 2004 unser
372 1969 540 2002 Wohlstand;
566 1974 627 1996 man
647 1968 747 2000 rechnet
762 1966 813 2003 die
813 1966 1033 2003 Einwanderung

135 2015 191 2052 auf
191 2015 377 2052 zweyhundert
394 2010 477 2047 Köpfe
497 2011 606 2046 täglich,
638 2009 679 2041 die
696 2011 760 2048 Zahl
776 2011 821 2040 der
837 2010 964 2046 täglichen
979 2012 1031 2042 Ge¬

134 2061 230 2092 burten
248 2059 296 2094 auf
309 2058 452 2091 Tausend"
473 2063 499 2086 u.
514 2055 535 2089 s.
547 2055 566 2087 f.

353 2097 832 2134 Großbritannien.

173 2148 236 2178 Das
257 2144 612 2183 Morning-Cronicle
633 2141 703 2177 fährt
726 2142 798 2176 fort,
829 2142 915 2177 seinen
940 2142 1031 2177 Lesern

135 2190 389 2225 Bonapartiana
405 2196 437 2222 zu
452 2188 561 2223 liefern;
590 2187 649 2220 auch
666 2186 738 2221 gibt,
764 2186 847 2216 damit
865 2193 925 2217 man
943 2187 970 2221 ja
986 2188 1032 2218 des

132 2234 305 2268 Gefangenen
322 2234 371 2268 auf
387 2233 447 2266 St.
468 2232 587 2268 Helena
606 2229 675 2263 nicht
697 2230 824 2265 vergesse,
854 2229 912 2261 eine
933 2230 1033 2263 Abend-¬

130 2276 266 2314 Zeitung,
286 2281 362 2306 unter
380 2275 488 2311 höchster
507 2273 665 2306 Autorität,
691 2273 741 2305 wie
756 2273 788 2308 sie
801 2273 880 2309 sagt,
905 2273 947 2304 die
965 2273 1035 2309 Ver¬

133 2320 278 2361 sicherung,
302 2319 351 2357 daß
367 2319 412 2353 der
428 2318 521 2355 Kaiser
540 2317 711 2355 Alexander
727 2318 799 2355 beym
821 2317 1031 2356 bevorstehenden

1047 884 1167 918 Kongreß
1180 882 1222 913 die
1234 883 1323 914 Sache
1333 881 1363 911 in
1374 885 1515 916 Anregung
1525 880 1630 916 bringen
1644 880 1736 910 werde.
1773 879 1934 912 Ueberhaupt

1045 927 1076 961 ist
1093 930 1124 957 es
1142 926 1296 960 belustigend
1315 932 1346 958 zu
1366 925 1459 959 lesen,
1459 925 1518 959 wie
1539 925 1615 960 unsre
1633 925 1777 960 Zeitungen
1798 922 1826 951 in
1843 924 1932 956 Bezug

1046 970 1096 1003 auf
1113 970 1154 1000 die
1172 968 1305 1005 künftigen
1324 968 1537 1003 Unterredungen
1537 968 1598 1003 der
1615 967 1757 999 erhabenen
1773 967 1932 998 Monarchen

1045 1015 1110 1044 alles
1129 1020 1212 1048 genau
1231 1014 1329 1043 voraus
1345 1012 1439 1046 wissen.
1474 1011 1540 1048 Hier
1552 1011 1605 1045 und
1616 1011 1650 1040 da
1664 1010 1731 1041 wird
1750 1009 1860 1043 indessen
1871 1007 1932 1039 auch

1048 1057 1090 1086 ein
1105 1056 1288 1092 vernünftiges
1300 1054 1387 1090 Wort
1387 1054 1492 1090 gehört.
1530 1057 1588 1087 Der
1604 1056 1737 1086 Courier
1755 1053 1874 1086 ereiferte
1887 1053 1931 1086 sich

1048 1100 1150 1133 kürzlich
1167 1100 1229 1131 über
1241 1100 1283 1130 die
1299 1098 1458 1133 rebellischen
1469 1098 1758 1131 Süd-Amerikaner,
1776 1096 1823 1132 daß
1837 1095 1869 1131 sie
1882 1098 1934 1126 den

1044 1123 1942 1178 Versprechungen ihrer eigenen Regierung wegen Verbesserung
1047 1184 1120 1222 ihres
1136 1184 1278 1221 Schicksals
1293 1185 1362 1217 nicht
1370 1187 1449 1218 mehr
1459 1185 1581 1216 Glauben
1595 1184 1737 1220 beymessen
1746 1184 1859 1217 wollten.
1898 1183 1936 1213 Er

1048 1229 1171 1263 beschwor
1180 1231 1234 1262 alle
1234 1231 1414 1262 Potentaten,
1429 1228 1671 1264 gemeinschaftliche
1681 1227 1767 1259 Sache
1777 1232 1857 1261 gegen
1867 1222 1936 1259 diese

1049 1272 1227 1308 Ungläubigen
1227 1272 1284 1308 zu
1284 1272 1406 1308 machen.
1452 1272 1521 1303 Aber
1540 1272 1582 1302 da
1582 1272 1679 1302 kamen
1702 1270 1756 1303 ihm
1773 1268 1813 1299 die
1829 1269 1936 1302 Times

1050 1316 1101 1347 mit
1119 1317 1164 1348 der
1185 1315 1357 1351 nasenweisen
1373 1317 1455 1351 Frage
1474 1315 1501 1345 in
1520 1316 1587 1350 Weg
1595 1332 1603 1346 ,
1621 1315 1654 1344 ob
1669 1313 1721 1345 die
1721 1313 1940 1345 Süd-Ameri¬

1051 1363 1144 1393 kaner
1158 1361 1225 1394 wohl
1240 1361 1298 1390 dem
1316 1358 1417 1395 Könige
1435 1360 1611 1396 Ferdinand
1626 1357 1802 1393 unbedingten
1814 1349 1937 1391 Glauben

1052 1404 1202 1438 beymessen
1207 1402 1336 1435 könnten,
1366 1403 1491 1434 nachdem
1491 1403 1532 1434 er
1552 1402 1642 1438 seinen
1663 1398 1761 1434 Cortes
1782 1401 1834 1432 und
1854 1399 1938 1436 seiner

1050 1446 1171 1480 Nation,
1191 1445 1236 1479 die
1236 1445 1306 1479 auf
1306 1445 1363 1479 den
1383 1447 1470 1481 letzten
1483 1445 1674 1481 Blutstropfen
1693 1446 1742 1478 für
1752 1445 1795 1480 ihn
1811 1442 1939 1478 gekämpft

1046 1492 1143 1523 hatte,
1163 1490 1232 1524 seine
1238 1490 1461 1523 Versprechungen
1472 1487 1541 1521 nicht
1552 1491 1672 1525 gehalten
1684 1487 1757 1521 habe.
1794 1490 1852 1518 Der
1859 1489 1947 1519 Cou¬

1051 1531 1115 1566 rier
1135 1534 1164 1567 ist
1186 1534 1226 1564 die
1244 1535 1367 1565 Antwort
1381 1533 1440 1566 noch
1460 1533 1579 1568 schuldig.
1606 1547 1645 1556 —
1675 1535 1737 1564 Den
1753 1534 1943 1566 Amerikani¬

1050 1574 1133 1612 schen
1155 1577 1300 1615 Zeitungen
1326 1577 1423 1612 zufolge
1445 1575 1509 1607 wird
1527 1578 1568 1607 die
1587 1577 1775 1612 Anerkennung
1803 1577 1846 1604 der
1864 1576 1943 1605 Süd-¬

1053 1620 1310 1658 Amerikanischen
1333 1619 1493 1655 Republiken
1512 1621 1578 1653 wohl
1599 1619 1652 1655 auf
1652 1619 1722 1655 dem
1741 1620 1851 1652 nächsten
1868 1619 1945 1647 Kon¬

1053 1665 1128 1699 gresse
1149 1665 1223 1694 einen
1243 1665 1480 1700 Hauptgegenstand
1500 1665 1620 1699 abgeben.
1675 1665 1735 1697 Die
1755 1663 1945 1696 Amerikani¬

1053 1708 1135 1745 schen
1153 1706 1493 1743 Regierungs-Zeitungen
1515 1707 1593 1742 sagen
1610 1706 1790 1744 unverholen,
1816 1705 1866 1739 daß
1888 1705 1944 1737 ihre

1056 1750 1165 1782 neulich
1172 1753 1231 1781 nach
1247 1749 1465 1784 Süd-Amerika
1477 1748 1614 1786 gesandten
1633 1751 1800 1784 Deputirten
1820 1749 1861 1779 die
1883 1748 1947 1782 gün¬

1057 1795 1153 1830 stigsten
1172 1794 1346 1828 Nachrichten
1346 1794 1423 1828 über
1435 1794 1479 1826 die
1496 1793 1632 1826 Solidität
1650 1796 1694 1826 der
1713 1799 1802 1826 neuen
1818 1792 1947 1827 Republi¬

1056 1830 1104 1874 ken
1104 1830 1290 1874 mitgebracht
1290 1830 1394 1874 hätten!

1349 1883 1656 1917 Frankreich.

1093 1926 1155 1962 Bey
1170 1925 1214 1956 der
1225 1922 1396 1960 Erscheinung
1411 1924 1437 1958 so
1452 1925 1549 1956 vieler,
1568 1927 1620 1956 und
1636 1933 1694 1959 zum
1705 1925 1804 1962 Theil
1804 1925 1834 1962 so
1855 1924 1954 1958 gehalt¬

1057 1968 1151 2001 reicher
1173 1969 1309 2003 Schriften
1327 1968 1387 1999 über
1402 1968 1445 1999 die
1459 1969 1691 2004 Angelegenheiten
1704 1972 1758 2015 der
1772 1966 1952 2002 mittäglichen

1058 2013 1263 2046 Departemente
1280 2018 1333 2043 war
1350 2015 1379 2041 es
1396 2011 1503 2045 wirklich
1520 2013 1677 2047 auffallend,
1695 2012 1783 2062 keine
1783 2012 1954 2062 Darstellung

1057 2057 1101 2087 der
1113 2055 1231 2089 Vorfälle
1248 2054 1280 2089 in
1280 2054 1450 2089 Grenoble
1464 2063 1495 2090 zu
1512 2058 1646 2090 erhalten,
1663 2055 1711 2092 wo
1711 2055 1782 2092 doch
1800 2056 1826 2088 so
1836 2056 1955 2086 manches

1059 2098 1255 2135 Merkwürdige
1273 2097 1318 2135 sich
1341 2104 1490 2134 zugetragen
1509 2101 1573 2134 hat,
1605 2102 1653 2130 das
1675 2102 1717 2133 für
1727 2103 1777 2133 die
1810 2097 1957 2135 Geschichte

1058 2144 1219 2177 aufbewahrt
1239 2150 1270 2177 zu
1286 2142 1387 2174 werden
1405 2135 1556 2185 verdient.
1556 2135 1685 2185 Diesem
1685 2135 1814 2185 Mangel
1814 2135 1858 2185 ist
1858 2135 1956 2185 endlich

1058 2187 1087 2217 in
1105 2187 1150 2219 der
1169 2187 1290 2222 Schrift:
1319 2205 1340 2221 „
1346 2184 1531 2215 Grenoble
1553 2189 1581 2217 et
1606 2189 1715 2221 Lion:
1740 2188 1870 2218 Elsere
1888 2185 1925 2213 et
1925 2185 1958 2213 la

1058 2231 1197 2264 Rhone,
1213 2240 1251 2267 ou
1265 2232 1349 2267 précis
1362 2229 1410 2258 des
1426 2237 1598 2259 evénements
1612 2235 1660 2267 qui
1677 2236 1728 2261 ont
1739 2239 1793 2264 eu
1801 2232 1870 2261 lieu
1887 2229 1959 2259 dans

1057 2283 1103 2303 ces
1128 2282 1211 2303 deux
1227 2273 1445 2310 departements,
1470 2274 1564 2312 depuis
1590 2278 1668 2312 1814.
1680 2276 1795 2314 jusqu'à
1805 2273 1856 2307 ce
1868 2273 1960 2310 jour

1055 2327 1105 2358 par
1121 2319 1152 2348 F.,
1171 2319 1413 2355 Terreneuve,
1433 2321 1532 2347 ancien
1546 2319 1652 2348 officier
1670 2321 1703 2354 de
1719 2322 1832 2351 l’armée
1858 2316 1963 2346 fran¬
