2057 2480
233 192 315 280 N
315 207 385 244 ro
389 229 403 241 .
483 193 611 307 49.

1417 174 1742 263 1813

133 353 697 485 Zürcher-

1303 346 1851 483 Zeitung.

307 519 545 567 Freytag,

1438 513 1497 552 den
1522 516 1577 551 18.
1598 506 1766 554 Junius.

132 643 256 674 Gedruckt
275 645 325 674 und
343 654 372 677 zu
391 646 470 679 finden
485 646 509 675 in
523 647 565 675 der
578 646 773 680 Buchhandlung
791 645 837 673 von
847 642 958 673 Orell,
976 639 1073 675 Füßli
1091 640 1140 668 und
1151 638 1349 672 Compagnie
1369 638 1417 666 und
1431 637 1477 670 auf
1491 636 1554 665 allen
1566 631 1689 667 Schweiz.
1689 631 1854 667 Postämtern.

170 736 314 768 Nordischer
330 738 407 770 Krieg
425 739 617 770 (buchstäblicher
632 739 744 772 Innhalt
763 738 805 765 des
827 732 1065 766 Waffenstillstands.
1101 730 1261 764 Französische
1274 728 1404 757 Bülletins
1420 727 1459 754 bis
1473 732 1525 757 zum
1538 732 1563 759 4.
1577 724 1640 754 Jun.
1676 718 1866 768 Umständliche,

204 769 260 798 aber
278 773 333 801 noch
351 772 418 800 keine
436 773 548 805 offizielle
566 773 681 802 Berichte
700 780 746 801 von
765 773 806 799 der
820 768 985 800 Besitznahme
1000 766 1154 800 Hamburgs.
1188 763 1389 796 Merkwürdiges
1402 761 1525 791 Denkmal
1542 761 1585 788 des
1600 760 1689 787 Danks
1709 759 1753 784 des
1768 759 1862 786 Kaiser

204 806 368 837 Napoleons,
388 809 435 839 auf
447 810 500 835 dem
523 807 693 837 Mont-Cenis
713 815 740 837 zu
762 804 903 835 errichten).
938 801 1057 832 Schweiz.

326 876 612 907 Nordischer
648 877 803 910 Krieg.

171 916 227 943 Der
250 915 476 951 Oestreichische
493 917 677 949 Beobachter
694 924 749 945 vom
768 926 794 952 9.
810 918 876 949 Jun.
893 915 987 946 enthält

133 959 275 988 nunmehr:
308 959 469 990 Nachrichten
489 966 534 987 von
553 958 595 986 der
613 956 987 992 Böhmisch-Schlesischen

133 999 235 1028 Gränze
254 999 365 1030 zufolge,
393 999 420 1032 ist
437 1000 548 1032 zwischen
570 1001 767 1032 nachbenannten
786 998 989 1030 Bevollmächtig¬

135 1043 179 1068 ten
196 1048 235 1068 am
251 1050 292 1075 25.
304 1043 371 1073 May
387 1043 425 1076 (4.
440 1044 519 1076 Jun.)
537 1041 717 1073 nachstehender
728 1039 985 1074 Waffenstillstand

133 1081 304 1113 abgeschlossen
324 1082 440 1111 worden:

170 1124 275 1155 „Heute
290 1124 336 1151 den
360 1132 401 1157 23.
419 1125 485 1155 May
505 1125 543 1158 (4.
561 1122 641 1157 Jun.)
658 1122 734 1154 haben
750 1121 790 1154 sich
808 1120 987 1153 nachbenannte

134 1168 182 1189 von
200 1164 246 1191 den
264 1164 468 1197 kriegführenden
484 1165 603 1195 Mächten
617 1162 852 1195 Bevollmächtigte,
872 1161 988 1192 nämlich:

133 1204 192 1230 Der
205 1205 298 1235 Herzog
312 1209 372 1232 von
383 1204 528 1236 Vicenza,
548 1204 635 1232 Grand
646 1205 741 1234 Ecuyer
750 1209 799 1231 von
809 1201 978 1235 Frankreich

135 1242 387 1275 Divisionsgeneral,
401 1246 531 1275 Senator,
545 1244 685 1276 Großadler
696 1245 738 1273 der
749 1242 912 1276 Ehrenlegion
924 1242 990 1274 u.s.f.

133 1285 192 1312 Der
205 1285 275 1316 Graf
287 1284 499 1319 Schuwaloff,
514 1285 795 1315 General-Lieutenant,
811 1284 933 1314 Adjutant
941 1284 989 1311 Sr.

134 1324 207 1354 Maj.
222 1325 266 1350 des
277 1326 382 1358 Kaisers
396 1334 442 1355 von
452 1325 608 1360 Rußland,
628 1327 773 1359 Großkreutz
786 1326 829 1353 des
840 1325 894 1355 St.
907 1327 990 1355 Wla¬

138 1365 342 1393 dimir-Ordens
362 1366 446 1399 u.s.f.
473 1369 522 1395 und
540 1368 574 1401 H.
593 1374 654 1395 von
673 1368 779 1400 Kleist,
798 1365 988 1395 General-Lieu¬

136 1409 227 1434 tenant
245 1405 281 1443 im
304 1405 408 1439 Dienste
426 1408 477 1435 Sr.
494 1408 565 1438 Maj.
584 1408 627 1434 des
650 1406 747 1440 Königs
768 1414 814 1435 von
831 1407 987 1440 Preussen,

136 1447 287 1479 Großkreutz
294 1448 338 1475 des
350 1447 452 1483 Königl.
452 1447 649 1483 Preussischen
649 1447 739 1483 rothen
747 1448 914 1477 Adlerordens
921 1447 987 1480 u.s.f.

136 1489 251 1517 nachdem
273 1487 303 1520 sie
330 1488 383 1521 ihre
404 1491 572 1519 Vollmachten
594 1496 634 1516 am
658 1500 701 1517 20.
719 1492 785 1521 May
808 1488 853 1523 (1.
853 1488 938 1523 Jun.)
959 1496 987 1519 zu

137 1530 340 1562 Gobersdorf
356 1530 558 1564 ausgewechselt,
576 1530 626 1556 und
645 1529 701 1557 eine
720 1529 863 1563 36stündige
879 1529 988 1561 Waffen¬

136 1572 199 1603 ruhe
213 1570 393 1602 unterzeichnet
407 1572 491 1603 hatten
500 1587 508 1602 ,
525 1571 553 1599 in
573 1569 627 1598 dem
644 1577 673 1601 zu
691 1570 780 1603 diesem
794 1569 862 1599 Ende
880 1568 989 1603 zwischen

135 1613 192 1638 den
203 1614 342 1643 Vorposten
367 1612 409 1639 der
433 1611 623 1644 beyderseitigen
646 1614 753 1640 Armeen
778 1610 819 1644 für
836 1611 934 1639 neutral
955 1616 990 1639 er¬

136 1650 232 1681 klärten
245 1651 326 1682 Dorfe
337 1651 481 1685 Plaswitz
492 1653 668 1684 versammelt,
686 1653 735 1680 und
750 1651 815 1684 sind,
836 1658 879 1679 um
893 1651 931 1680 die
943 1654 994 1680 Un¬

137 1693 336 1725 terhandlungen
345 1693 405 1721 über
416 1693 488 1721 einen
500 1693 780 1726 Waffenstillstand,
804 1693 874 1723 durch
890 1694 937 1722 den
951 1693 990 1721 die

136 1733 359 1769 Feindseligkeiten
375 1734 486 1767 zwischen
507 1735 551 1762 den
571 1733 770 1767 kriegführenden
785 1734 923 1766 Truppen,
948 1733 995 1766 auf

139 1778 192 1803 was
214 1775 304 1804 immer
328 1773 368 1807 für
385 1775 465 1804 einem
487 1777 582 1810 Punkte
601 1774 631 1807 sie
655 1775 695 1807 sich
715 1775 840 1807 befinden,
861 1775 989 1807 eingestellt

137 1816 234 1842 werden
255 1816 376 1848 könnten,
402 1817 569 1851 fortzusetzen,
597 1815 657 1845 über
675 1816 784 1849 folgende
803 1815 898 1845 Artikel
920 1816 987 1846 über¬

139 1854 331 1887 eingekommen.

175 1898 231 1924 Art.
255 1907 275 1923 1.
313 1899 365 1927 Die
386 1898 607 1934 Feindseligkeiten
628 1898 704 1931 hören
726 1899 779 1934 aus
792 1900 855 1927 allen
875 1900 987 1934 Punkten

138 1939 185 1970 bey
209 1938 440 1975 Bekanntwerdung
465 1943 508 1970 des
535 1941 731 1974 gegenwärtigen
758 1940 988 1974 Waffenstillstands

138 1980 193 2012 auf.
230 1991 256 2007 2.
275 1981 328 2008 Der
344 1980 558 2016 Waffenstillstand
575 1984 663 2012 dauert
678 1982 718 2010 bis
735 1989 790 2013 zum
805 1988 830 2012 8.
846 1983 902 2013 (20.
915 1983 987 2015 Jul.)

138 2021 308 2054 einschlüssig;
328 2020 376 2048 und
395 2022 451 2054 nach
469 2023 531 2054 sechs
544 2025 629 2058 Tagen
644 2024 728 2053 weiter
746 2030 786 2054 zur
798 2018 987 2056 Aufkündigung

137 2065 185 2096 bey
202 2063 292 2097 seinem
300 2061 426 2096 Ablaufe.
458 2071 482 2097 3.
502 2064 554 2092 Die
566 2065 787 2099 Feindseligkeiten
806 2064 900 2092 können
914 2064 988 2097 daher

136 2112 187 2134 nur
211 2106 278 2139 sechs
300 2106 371 2138 Tage
393 2106 446 2133 nach
469 2103 659 2138 Aufkündigung
677 2107 721 2134 des
743 2106 986 2141 Waffenstillstandes

137 2146 174 2174 in
174 2146 229 2174 den
245 2146 427 2180 gegenseitigen
443 2145 670 2180 Hauptquartieren
689 2147 777 2175 wieder
792 2149 925 2181 anfangen.
960 2155 986 2183 4.

137 2185 192 2216 Die
208 2188 468 2218 Demarkationslinie
485 2188 595 2223 zwischen
616 2187 661 2213 den
675 2186 876 2219 kriegführenden
889 2190 986 2222 Heeren

131 2229 167 2264 ist
184 2227 412 2266 folgendermaaßen
428 2231 568 2267 festgesetzt:
594 2230 632 2264 In
650 2228 807 2264 Schlesien:
816 2230 874 2263 geht
894 2230 944 2263 die
944 2230 986 2263 Li¬

1012 873 1052 902 nie
1063 873 1102 901 der
1111 871 1327 907 Französischen
1339 872 1428 898 Armee
1442 874 1487 897 von
1504 868 1550 895 der
1562 859 1865 898 Böhmisch-Schlesi¬

1012 915 1089 949 schen
1101 913 1199 945 Gränze
1209 913 1267 941 über
1277 911 1482 944 Seiferschau,
1501 907 1708 939 Alt-Remnitz,
1727 902 1790 931 links
1800 901 1856 929 dem

1012 955 1145 990 Flüßchen,
1165 955 1210 982 das
1230 953 1271 985 sich
1293 951 1387 980 unweit
1405 948 1629 984 Barthelsdorf
1645 946 1671 974 in
1690 947 1734 973 den
1750 942 1856 972 Bober

1012 996 1130 1029 ergießt;
1130 996 1186 1029 von
1204 995 1235 1022 da
1251 993 1323 1026 längs
1341 994 1395 1020 dem
1408 992 1512 1021 Bober
1530 989 1571 1016 bis
1588 988 1683 1020 Lahn,
1700 991 1748 1013 von
1763 984 1793 1010 da
1810 980 1859 1014 auf

1011 1038 1052 1064 der
1072 1036 1188 1067 kürzesten
1205 1035 1274 1063 Linie
1288 1035 1346 1063 nach
1361 1033 1506 1065 Neukirch
1524 1038 1564 1059 am
1581 1028 1737 1062 Ratzbach,
1755 1031 1802 1053 von
1817 1028 1864 1051 wo

1012 1079 1058 1104 aus
1078 1075 1108 1107 sie
1127 1076 1179 1105 dem
1198 1075 1273 1106 Laufe
1293 1073 1373 1106 dieses
1394 1074 1486 1105 Flusses
1510 1071 1549 1098 bis
1569 1077 1602 1098 an
1620 1069 1658 1096 die
1678 1068 1765 1098 Oder
1783 1064 1865 1098 folgt.

1012 1117 1063 1148 Die
1075 1114 1170 1145 Städte
1178 1114 1354 1149 Parchwitz,
1374 1115 1512 1148 Liegnitz,
1532 1111 1689 1144 Goldberg
1703 1107 1750 1136 und
1764 1106 1856 1139 Lahn,

1013 1159 1058 1189 auf
1075 1158 1184 1187 welchem
1202 1157 1259 1188 Ufer
1281 1154 1311 1186 sie
1329 1157 1385 1186 auch
1405 1156 1502 1187 gelegen
1521 1152 1588 1184 sind,
1619 1151 1642 1183 so
1665 1150 1711 1178 wie
1729 1145 1769 1176 die
1787 1148 1855 1175 Vor¬

1014 1199 1088 1231 städte
1107 1197 1244 1231 derselben,
1264 1195 1356 1223 können
1373 1201 1419 1223 von
1437 1196 1482 1223 den
1499 1192 1715 1229 Französischen
1734 1190 1856 1222 Truppen

1016 1241 1103 1273 besetzt
1110 1239 1214 1268 werden.
1250 1237 1302 1267 Die
1312 1234 1569 1266 Demarkationslinie
1579 1236 1623 1262 der
1634 1231 1797 1261 verbündeten
1808 1233 1868 1258 Ar¬

1015 1287 1083 1311 meen
1106 1281 1162 1314 geht
1183 1279 1315 1312 gleichfalls
1337 1285 1384 1306 von
1408 1279 1449 1306 der
1469 1275 1659 1310 Böhmischen
1678 1272 1776 1303 Gränze
1790 1273 1854 1301 aus,

1015 1324 1064 1352 und
1081 1322 1147 1353 läuft
1161 1321 1219 1349 über
1235 1319 1443 1351 Dittersbach,
1464 1318 1673 1352 Pfaffendorf,
1694 1314 1855 1347 Landshut,

1015 1366 1076 1398 folgt
1101 1365 1155 1392 dem
1177 1363 1280 1392 Bober
1298 1359 1339 1389 bis
1358 1359 1563 1392 Rudelsdorf,
1593 1359 1649 1391 gehrt
1671 1364 1718 1394 von
1739 1356 1772 1383 da
1792 1354 1853 1382 über

1012 1405 1222 1438 Balkenhayn,
1242 1402 1413 1436 Striegau,
1432 1402 1503 1434 längs
1522 1402 1576 1428 dem
1595 1394 1860 1432 Striegau-Wasser

1013 1446 1052 1475 bis
1068 1446 1177 1478 Canth,
1195 1445 1244 1472 und
1266 1443 1363 1476 schließt
1381 1443 1421 1476 sich
1436 1450 1482 1471 von
1501 1442 1530 1470 da
1549 1441 1607 1470 über
1619 1440 1772 1470 Bettlern,
1792 1437 1864 1467 Ol¬

1012 1488 1119 1522 taschin
1134 1486 1183 1513 und
1199 1485 1307 1519 Althof
1320 1491 1352 1512 an
1371 1484 1414 1513 die
1426 1485 1513 1515 Oder
1534 1491 1576 1511 an.
1618 1476 1680 1512 Die
1680 1476 1863 1512 verbündeten

1013 1533 1118 1559 Armeen
1143 1527 1235 1555 können
1260 1526 1297 1553 die
1322 1525 1421 1554 Städte
1446 1525 1615 1557 Landshut,
1653 1521 1865 1553 Rudelsdorf,

1014 1570 1224 1608 Balkenhayn,
1243 1567 1393 1602 Striegau
1412 1568 1463 1595 und
1480 1567 1573 1600 Canth
1594 1565 1660 1597 nebst
1679 1565 1723 1594 den
1739 1561 1857 1595 Vorstäd¬

1014 1616 1055 1641 ten
1074 1610 1196 1645 derselben
1211 1610 1322 1642 besetzen.
1358 1610 1417 1637 Das
1430 1614 1502 1641 ganze
1517 1607 1609 1637 Gebiet
1620 1606 1731 1638 zwischen
1749 1604 1790 1633 der
1800 1605 1862 1633 De¬

1013 1650 1225 1681 markationslinie
1243 1650 1285 1679 der
1303 1649 1521 1684 Französischen
1539 1650 1587 1677 und
1602 1647 1754 1681 vereinigten
1764 1649 1862 1674 Armee

1014 1696 1056 1729 soll
1074 1694 1173 1721 neutral
1191 1692 1265 1724 seyn,
1290 1692 1341 1718 und
1361 1692 1422 1719 kann
1439 1699 1485 1719 von
1507 1689 1622 1719 keinerlei
1637 1686 1772 1722 Truppen,
1796 1687 1855 1717 auch

1014 1734 1075 1767 nicht
1097 1734 1188 1762 einmal
1206 1740 1262 1761 vom
1282 1732 1423 1764 Landsturm
1442 1732 1523 1766 besetzt
1541 1732 1655 1763 werden;
1682 1729 1747 1762 diese
1761 1727 1858 1759 Verfü¬

1011 1782 1076 1808 gung
1093 1774 1120 1806 ist
1140 1774 1230 1804 mithin
1248 1776 1304 1803 auch
1321 1774 1367 1804 auf
1378 1775 1512 1803 Breslau
1529 1772 1683 1800 anwendbar.
1719 1770 1786 1799 Vom
1794 1768 1865 1798 Ein¬

1012 1811 1062 1851 fluß
1079 1816 1122 1844 des
1137 1814 1294 1849 Ratzbachs
1317 1813 1343 1842 in
1364 1814 1401 1842 die
1414 1815 1501 1844 Oder
1521 1814 1582 1845 folgt
1597 1812 1637 1841 die
1649 1809 1865 1841 Demarkations¬

1013 1858 1072 1888 linie
1092 1857 1147 1884 dem
1164 1856 1238 1887 Laufe
1255 1856 1296 1883 der
1316 1856 1406 1885 Oder
1423 1856 1462 1883 bis
1480 1862 1521 1888 zur
1540 1852 1723 1888 Sächsischen
1741 1851 1864 1885 Gränze,

1012 1900 1068 1934 geht
1078 1900 1143 1926 dann
1159 1898 1230 1931 längs
1243 1899 1283 1926 der
1294 1896 1478 1932 Sächsischen
1490 1899 1539 1925 und
1550 1896 1740 1931 Preussischen
1754 1893 1866 1926 Gränze

1012 1941 1073 1974 hin,
1092 1940 1142 1967 und
1160 1939 1224 1971 stößt
1243 1946 1273 1966 an
1290 1938 1330 1966 die
1343 1939 1437 1968 Elbe,
1457 1939 1539 1967 indem
1555 1938 1585 1971 sie
1600 1937 1691 1968 unweit
1702 1936 1865 1970 Müllrose

1012 1989 1058 2010 von
1076 1982 1117 2008 der
1128 1981 1216 2010 Oder
1228 1980 1330 2012 abgeht,
1350 1979 1398 2006 und
1414 1979 1486 2013 längs
1504 1982 1545 2008 der
1556 1980 1745 2013 Preussischen
1754 1978 1855 2016 Gränze

1012 2021 1134 2053 hinläuft,
1160 2022 1199 2053 so,
1227 2020 1272 2053 daß
1290 2027 1350 2052 ganz
1370 2020 1517 2055 Sachsen,
1536 2022 1581 2048 das
1596 2020 1782 2055 Dessauische
1803 2020 1864 2049 und

1011 2065 1049 2093 die
1062 2062 1156 2091 kleinen
1170 2062 1355 2095 angränzenden
1367 2059 1639 2094 Rhein-Bundstaaten
1653 2062 1694 2090 der
1704 2061 1856 2096 Französi¬

1010 2106 1085 2140 schen
1103 2108 1192 2134 Armee
1208 2104 1257 2132 und
1275 2103 1348 2135 ihren
1364 2102 1496 2133 Alliirten,
1517 2103 1567 2130 und
1583 2100 1651 2138 ganz
1651 2100 1794 2138 Preussen
1810 2099 1864 2133 der

1010 2146 1176 2192 verbündeten
1193 2149 1281 2174 Armee
1298 2139 1410 2177 gehören.
1445 2143 1509 2173 Was
1527 2151 1583 2173 vom
1598 2145 1791 2180 Preussischen
1802 2146 1865 2177 Ge¬

1010 2189 1061 2218 biet
1083 2188 1109 2216 in
1119 2175 1268 2221 Sachsen
1280 2183 1460 2217 eingeschlossen
1479 2186 1556 2220 liegt,
1578 2187 1626 2220 soll
1640 2189 1678 2216 als
1697 2186 1795 2216 neutral
1815 2186 1864 2215 be¬

1009 2232 1120 2264 trachtet
1129 2230 1185 2258 und
1198 2234 1254 2259 von
1263 2224 1388 2259 keinerlei
1405 2231 1539 2266 Truppen
1555 2229 1645 2264 besetzt
1658 2230 1771 2261 werden.
1802 2222 1868 2259 Die
