4110 5551
171 151 1294 222 Nr. 189 Zweites Morgenblatt.
1579 149 2493 215 Der Zürcher Zeitung 132. Jahrgang.
3007 145 3881 213 Montag, 10. Juli 1911.
166 265 3857 710 Neue Zürcher Zeitung
266 756 1205 781 Abonnementspreise. 3 Monate 6 Monate 12 Monate
183 789 1176 816 Zürich wenn die Zeitung abgeholt wird . Fr. 5.50 10.— 20.
220 815 1173 843 do. ins Haus gebracht . . . . „ 6.30 12.— 24.—
184 845 1175 867 Schweiz Bestellung beim Postbureau . . „ 6. 50 12.50 25.—
245 872 1173 894 do. mit Bezug unter Privatadresse . „ 8. — 15.— 30.—
188 898 876 923 Deutschland Bestellung beim Postamt . Mk. 6. —
183 922 876 949 Oesterreich do.  . Kr. 11.87
184 946 1177 975 Italien do. . Fr. 8.10 15.50 30.85
183 973 1175 1002 Rußland do. . Rbl. 3.06 6.12 12.24
186 1003 1179 1028 Uebrige Staaten des Weltpostvereins . Fr. 12.50 24.— 48.—
394 1029 997 1064 Redaktionsbureau: Falkenstraße 11.
1327 819 2732 961 und schweizerisches Handelsblatt.
3198 781 3589 811 Insertionspreise:
3063 826 3743 845 Per einspaltige Kolonelzeile oder deren Raum 25 Rp.,
3063 855 3693 878 für Anzeigen ausländischen Ursprungs 40 Rp.
3215 888 3577 910 Reklamen Fr 1.— per Zeile.
3189 929 3611 949 Alleinige Inseraten-Annahme:
3236 960 3560 991 Rudolf Mosse
2930 1005 3859 1026 Annoncen-Expedition für alle schweizerischen und ausländischen Zeitungen
3159 1035 3635 1057 5 Theaterstr. Zürich Goethestr. 10
302 1156 900 1191 Sitzung des Großen Stadtrates.
429 1220 820 1245 Sitzung vom 8. Juli.
216 1275 1006 1304 Den Vorsitz führt Präsident Paul Keller.
217 1314 1065 1353 Die Vorlagen über die Durchführung der Mi¬
158 1349 1066 1393 nervastraße und die Bau- und Niveaulinien von der
158 1389 1066 1432 Sonnenbergstraße zur Aurorastraße gehen an eine
160 1430 1064 1472 vom Bureau zu wählende Kommission von 5 Mit¬
159 1468 1066 1512 gliedern; der Voranschlag für den Schlachthofbetrieb
161 1509 1067 1552 für 1911 und die Rechnung des Gemeindegutes und
159 1549 1067 1592 der allgemeinen Fonds und Stiftungen vom Jahre
161 1591 1063 1632 1910 gehen an die Rechnungsprüfungskommission;
159 1629 1066 1672 der Geschäftsbericht des Stardtrates für 1910 an die
159 1671 1066 1712 Geschäftsprüfungskommission. Die Vorlage über den
160 1710 1066 1753 Verkehr am obern Mühlesteg während des Baues der
162 1749 1065 1793 Uraniabrücke wird an die Kommission für dieses
161 1791 606 1824 letztere Geschäft gewiesen.
199 1835 1065 1873 Einrichtung für den Erdtransport vom Oetenbach¬
162 1872 1068 1913 areal. Stieger referiert. Es handelt sich um die
164 1911 1068 1953 speziellen Einrichtungen für den rationellen Abhub
160 1949 1066 1993 des Oetenbachhügels, der auf eine Weise stattfinden
164 1991 1068 2033 soll, die den Verkehr so wenig als möglich hemmt.
161 2029 1069 2073 Der Transport der Erdmassen soll zu Wasser statt¬
163 2069 1069 2113 finden. Gewöhnliche Prähmen bieten hier gewisse
162 2110 1070 2153 Nachteile, welche sich bei der Anwendung von Fall¬
160 2151 1069 2193 prähmen vermeiden lassen. Diese mietweise zu er¬
161 2190 1067 2233 halten, ist unmöglich; der Stadtrat beantragt des¬
160 2228 1069 2273 halb, die Schiffe selbst zu bauen, die sich später auch
163 2271 1067 2313 für andere Arbeiten rationell verwenden oder ver¬
162 2310 1068 2352 kaufen lassen. Der nötige Kredit für die Einrichtung
159 2351 1067 2392 dieser Wassertransportanlage beträgt 90,000 Fr. und
160 2387 1065 2431 der Beschluß soll im Interesse der Ausnützung der
161 2429 1066 2471 günstigen Wasserverhältnisse der Limmat als dring¬
165 2467 1068 2510 lich erklärt werden. Die Kommission stimmt diesem
161 2508 1065 2550 Antrag bei, wünscht aber, daß die Transportarbeiten
162 2548 1069 2590 in Akkord vergeben werden sollen. Dr. Streuli
161 2587 1068 2629 hat Bedenken, daß man wegen eines Materialtrans¬
162 2627 1065 2668 portes, der vielleicht drei Monate dauert, einen Kre¬
161 2664 1071 2707 dit von 90,000 Fr. auswerfen will. Die Schiffe kön¬
162 2702 1065 2746 nen, wie der Stadtrat selbst hervorhebt, später vor¬
161 2741 1070 2784 aussichtlich nur zu einem Dritiel dieser Summe
161 2781 1070 2824 verkauft werden. Wäre es da nicht möglich, die Neu¬
159 2819 1069 2864 anschaffung zu vermeiden durch Benützung der See¬
163 2860 1071 2904 transportschiffe in der toten Zeit? Auf jeden Fall
164 2900 1066 2944 sollte man nicht im voraus einen eventuellen Ver¬
162 2941 1066 2984 kauf der neuen Schiffe zu Schleuderpreisen in Aus¬
160 2982 1067 3024 sicht nehmen. Weber, Ingenieur, betont, daß es
161 3021 1071 3064 ohne die beantragte Neuanschaffung voraussichtlich
160 3060 1067 3103 nicht möglich wäre, die Abhubarbeit in einem Win¬
164 3102 1068 3143 ter zu bewältigen. Zudem würden sich, neben der
161 3137 1068 3182 Zeitversäumnis, hohe Mietzinse und vermehrte Ar¬
164 3180 1068 3222 beitslöhne für die stärkere Bedienungsmannschaft
161 3220 1067 3263 ergeben. Die ganze vorgeschlagene Transporteinrich¬
164 3259 1070 3303 tung ist sehr sorgfältig studiert worden. Kleine Mo¬
161 3298 1069 3343 tordampfer mietweise zu erhalten, wäre sehr schwie¬
160 3339 1071 3383 rig. Mit den in Aussicht genommenen Fallprähmen
161 3379 1068 3423 können wir bis in den Mai arbeiten und in wenigen
161 3417 936 3454 Monaten die ganze große Arbeit bewältigen.
219 3465 1065 3502 Der Rat tritt dem Antrage des Stadtrates bei:
160 3499 1077 3541 von 93 anwesenden Mitgliedern sprechen sich 91 für
160 3539 823 3574 die Dringlichkeit des Beschlusses aus.
219 3584 1068 3623 Abänderung, des Gasreglements. Guher-¬
163 3620 1070 3663 Müller orientiert über die Vorlage und betont,
161 3661 1067 3703 daß es ein Zufall ist, daß gleichzeitig auch die Re¬
161 3700 1065 3743 ision des Reglements für Abgabe des elektrischen
160 3739 1067 3782 Stromes vorgelegt wird. Es handelt sich keineswegs
159 3782 1068 3822 um eine ungesunde Konkurrenz zwischen den beiden
159 3821 1069 3863 städtischen Unternehmungen. Beim neuen Gasregle¬
163 3861 1067 3903 ment ist wesentlich die Einführung eines Einheits¬
160 3901 1067 3942 preises für das Gas und zwar auf Basis des jetzigen
161 3943 1068 3982 Preises für technisches Gas im Betrage von 175
160 3979 1066 4023 Rappen für den Kubikmeter. Dem Ausfall an Ein¬
162 4021 1068 4063 nahmen durch diese Reduktion steht der zu erwar¬
163 4060 1069 4103 tende Mehrverbrauch gegenüber und die Erspar¬
162 4102 1068 4142 nisse, welche sich durch das Ueberflüssigwerden des
160 4143 1068 4182 zweiten Gasmessers ergeben. Die Neuerung ist also
161 4181 1066 4223 durchaus rationell und die Kommission beantragt
160 4219 1066 4263 Eintreten. Caderas spricht für Ablehnung der
160 4261 1067 4302 Vorlage, vor allem deshalb, weil durch sie die Kon¬
165 4303 1069 4340 kurrenz zwischen Gas und Elektrizität verschärft
160 4341 1067 4380 wird und zwar zugunsten des Gases, was nicht
161 4381 1067 4420 wünschenswert ist. Sigg unterstsitzt den Antrag
160 4421 1066 4460 des Vorredners im Hinblick auf den Einnahmeaus¬
162 4461 1066 4499 fall, welcher der Stadt erwachsen wird und die Kon¬
165 4500 1068 4539 kurrenz, die der elektrischen Kraft und Beleuchtung
162 4540 1063 4579 dadurch entsteht. Die Kohle müssen wir einführen;
158 4580 1066 4619 die Elektrizität geben uns unsere Wasserkräfte, und
162 4620 1067 4659 es liegt also im volkswirtschaftlichen Interesse, daß
158 4659 1065 4699 wir den Ausbau der Elektrizitätswerke fördern. Zu¬
160 4699 1068 4739 dem kommt die Reduktion des Leuchtgaspreises nur
157 4739 1064 4779 engern Kreisen zugute, und sie kann in der Folge
162 4779 1066 4819 eventuell zu einer Erhöhung des Einheitspreises
159 4820 1066 4861 zwingen. Manz-Schäppi ist für Eintreten. Der
161 4860 1067 4901 Uebergang zur elektrischen Installation wird trotz
160 4900 1065 4941 der Verbilligung des Stromes wegen der großen
159 4941 1065 4980 Kosten nicht so rasch vor sich gehen; deshalb ist vor¬
161 4981 1064 5019 derhand die Erleichterung des Leuchtgaspreises zu
156 5020 1065 5059 begrüßen und zu unterstüten. Bodmer-Weber
157 5059 1062 5099 war ursprünglich aus fiskalischen Gründen gegen
158 5099 1064 5139 den vorgeschlagenen Einheitspreis, hat aber inzwi¬
159 5137 1065 5180 schen seine Meinung geändert, vor allem im Hinblick
157 5176 1062 5220 auf die sich ergebenden organisatorischen Verein¬
159 5216 1069 5260 fachungen und die Einsparungen an Gasmessern.
159 5256 1065 5300 Machen sie den Ausfall in den ersten Jahren auch
159 5298 1064 5340 noch nicht wett, so wird sich die Neuerung auf die
157 5339 1064 5380 Länge entschieden doch bewähren. Das Opfer, das die
156 5378 1061 5411 städtischen Finanzen bringen, kommt dem kleinen
1109 1124 2010 1165 Manne zugute und den Nachteil wird nicht die Elek¬
1108 1162 2010 1204 trizität, sondern das Petroleum tragen, das auch
1111 1201 2014 1243 importiert wird. Wir wollen die Einrichtung der
1106 1241 2008 1283 Gasbeleuchtung so viel als möglich verallgemeinern;
1107 1279 2012 1323 eine Verallgemeinerung der elektrischen Beleuchtung
1111 1318 2008 1363 ist vorderhand wegen der hohen Kosten noch nicht
1111 1359 2010 1403 möglich. Debrunner hielt das Argument des
1108 1399 2013 1443 Vorredners, daß die Verbilligung in erster Linie den
1110 1439 2011 1483 Arbeiterkreisen zugute kommt, für unrichtig. Der
1109 1478 2014 1522 Konsum dieser Kreise ist so gering, daß er von der
1110 1519 2009 1562 Reduktion nicht berührt wird. Er unterstützt deshalb
1108 1557 2009 1602 den Antrag Caderas, wogegen Gschwend Eintreten
1108 1602 1311 1633 befürwortet.
1165 1640 2009 1682 Stadtrat Fritschi begreift nicht, wie man den
1109 1675 2014 1722 Nutzen der Verbilligung für alle Kreise der Bevölke¬
1112 1715 2015 1761 rung bezweifeln kann. Der kleine Mann gewinnt
1111 1757 2012 1801 durch Wegfall der Beträge für die Zusatzflammen
1112 1796 2012 1841 relativ so viel wie der große Konusument. In vielen
1110 1836 2014 1881 Häusern, wo heute schon Kochgas benützt wird, brennt
1112 1876 2013 1920 man jetzt zu Beleuchtungszwecken noch Petroleum.
1110 1917 2013 1960 Hier wird das Gas bei Verbilligung Fortschritte
1113 1956 2008 2000 machen. Das Gas wird trotz der Reduktion der Elek¬
1113 1995 2013 2040 trizität nicht gefährlich Konkurrenz machen. Die
1112 2035 2012 2079 bisherige doppelspurige Methode zwingt uns zur
1112 2075 2013 2119 Totlegung von Kapitalien im zweiten Gasmesser.
1112 2113 2015 2159 Wir hoffen ferner, durch die Einführung des Ein¬
1111 2155 2011 2199 heitspreises zahlreiche Liegenschaften für den An¬
1114 2195 2010 2239 schluß zu gewinnen, die heute weder Gas noch Elek¬
1114 2233 2011 2278 trizität haben. Sigg spricht nochmals gegen den
1112 2277 2009 2317 Einheitspreis, die fiskalische Seite der Frage beto¬
1113 2315 2007 2357 nend. Die Verdrängung des Petroleums durch das
1110 2353 2006 2396 Gas wird durch die Verbilligung kaum erreicht, weil
1106 2391 2005 2435 die in Frage kommenden Kreise bei ihrer mangeln¬
1109 2432 2004 2474 den Setzhaftigkeit die Mittel nicht haben, zur neuen
1106 2475 1535 2503 Installation überzugehen.
1163 2516 2005 2553 Der Rat entscheidet sich in der Abstimmung
1110 2549 2004 2592 mit 74 gegen 15 Stimmen für Eintreten auf die De¬
1111 2589 2009 2631 tailberatung, die weiter zu keiner Diskussion mehr
1109 2628 2007 2670 Anlaß gibt. Die Anträge von Kommission und Stadt¬
1112 2667 2013 2708 rat werden unverändert genehmigt. Das Reglement
1112 2708 1806 2737 tritt mit dem 15. August 1911 in Kraft.
1168 2755 2013 2792 Revision des Reglements für die Abgabe von elek¬
1112 2788 2011 2831 trischem Strom. Auch hier orientiert Guher¬
1112 2829 2014 2871 Müller. Der Konsum an Elektrizität hat sich seit
1113 2868 2010 2911 dem Bau des Albulawerkes bedeutend gesteigert und
1112 2908 2010 2950 übertrifft die seinerzeit für 1910 in Aussicht ge¬
1112 2951 2010 2988 nommenen Ansätze schon um das Doppelte. Dies, und
1109 2986 2010 3029 vor allem das Bestreben, den Verbrauch des Stromes
1112 3029 2010 3068 neben der Hauptbeleuchtungszeit zu forcieren, hat
1110 3066 2009 3108 zur gegenwärtigen Vorlage geführt, welche eine we¬
1112 3105 2013 3147 sentliche Stromverbilligung bringt. Wir haben heute
1112 3148 2011 3186 am Albulwerk mit einer konstanten Ausgabe zu
1114 3187 2011 3226 rechnen, ob viel oder wenig Strom verbraucht wird.
1113 3223 2012 3268 Es liegt daher auf der Hand, daß es in unsenem In¬
1113 3264 2009 3308 teresse ist, den Stromverbrauch so viel als möglich
1112 3305 2010 3347 zu steigern, und zwar vor allen in den Stunden
1110 3346 2009 3387 außerhalb der Hauptbeleuchtungsgzeit. Zum Zwecke
1110 3382 2009 3427 der Differenzierung in den Preisen ist die Einfüh¬
1097 3426 2008 3467 rung von Doppeltarifzählern vorgesehen. Es soll
1110 3463 2008 3509 künftig nur noch ein Tarifunterschied zwischen Haupt¬
1111 3505 2010 3549 beleuchtungszeit und der übrigen Tag- und Nachtzeit
1108 3542 2009 3588 gemacht werden. Die eigentlichen hohen Beleuchtungs¬
1113 3585 2007 3628 tarifansätze kommen für die Hauptbeleuchtungsgzeit
1112 3625 2007 3668 (1. April bis 31. August von halb 7 bis 9 Uhr abends,
1111 3662 2012 3708 1. September bis 31. März von halb 5 bis 9 Uhr
1109 3704 2008 3747 nachmittags) zur Geltung und zwar zu 60 Rp. für die
1110 3743 2008 3787 ersten 5000, zu 50 Rp. für die folgenden 5000 und
1109 3783 2007 3827 zu 40 Rp. für über 10,000 Kilowattstunden. Für die
1111 3824 2010 3868 übrige Zeit ist ein fester Ansatz von 20 Rp. für die
1110 3864 2008 3908 Kilowattstunde vorgesehen. Damit wird einerseits
1110 3904 2010 3948 eine Hebung des Konsums durch Bügeleisen u. dgl.
1108 3946 2007 3988 angestrebt und anderseits den Wirtschaften usw. eine
1109 3984 2009 4027 ausgieb Benützung des elektrischen Stromes er¬
1112 4026 2010 4067 möglicht. Das Entgegenkommen gegenüber den klei¬
1111 4064 2010 4108 nen Abonnenten besteht im Verlassen des bish. Höchst¬
1108 4103 2010 4148 ansatzes von 70 Rp. Die berechtigten Ansprüche der
1111 4144 2011 4187 Großabonnenten auf Rabatt werden durch den Ansatz
1109 4184 2010 4226 von 40 Rp. berücksichtigt. Wichtig ist auch die vorge¬
1112 4224 2008 4266 sehene kostenlose Auswechslung der Metallfadenlam¬
1110 4263 2007 4305 pen. Beim Tarif B, Kraftnetz, wird künftig zwischen
1109 4301 2009 4347 Tag- und Nachtverbrauch unterschieden und zwar ist
1111 4342 2009 4387 für Strom von 9 Uhr abends bis 6 Uhr morgens nur
1106 4382 2007 4427 ein fester Preis von 5 Rp. für die Kilowattstunde zu
1106 4422 2009 4466 vergüten. Für den zu der übrigen Zeit konsumierten
1108 4462 2007 4506 Strom gilt ein Staffeltarif mit einem Höchstansatze
1109 4501 2009 4546 von 20 und einem niedersten von 8 Rp. für die Kilo¬
1110 4541 2009 4586 wattstunde gegen 25 bis 10 Rp. bisher. Außerdem
1109 4583 2013 4626 kommt dem Abonnenten auf dem Konsum der bisher
1109 4623 2008 4666 übliche Betriebsstundenrabatt zugute. Der Ausfall an
1107 4660 2005 4705 Einnahmen durch die Verbilligung beträgt insge¬
1110 4702 2006 4745 samt 105,000 Fr. Doch wird sich gegenüber dem
1108 4743 2009 4785 Budget infolge der starken Hebung des Konsums
1109 4781 2006 4825 schon für 1911 doch keine Mindereinnahme ergeben.
1106 4819 2009 4866 Der Referent schließt sein Votum mit dem Antrag
1106 4862 2008 4905 auf Eintreten. Werder weist darauf hin, daß das
1110 4901 2009 4945 neue Reglement gewissen Gruppen von Abonnenten
1108 4940 2007 4984 des Kraftnetzes eine erhebliche Mehrbelastung bringt,
1108 4981 2007 5023 nämlich den Inhabern von Gleichstrommotoren. Doch
1105 5020 2004 5063 hat der Direktor des Werkes gegenüber diesen Inter¬
1105 5061 2005 5102 essenten lokale Handhabung des Reglements bis zu
1100 5102 2007 5142 einem voraussichtlich bald erfolgenden Uebergang zum
1108 5142 1489 5173 Wechselstrom zugesagt.
1161 5187 2017 5221 Der Rat tritt dann auf die Detailberatung ein,
1103 5222 2007 5260 Dolder erhält auf seine Bedenken zu Art. 1 wegen
1105 5260 2006 5300 Unterbrechung der Stromabgabe von Direktor Wag¬
1105 5301 2008 5341 ner beruhigende Auskunft. Sigg erkundigt sich,
1103 5341 2007 5380 ob nicht ein Entgegenkommen in der Verbilligung der
1106 5381 2007 5410 Installationsarbeiten auf Privatgrundstücken mög¬
2055 1125 2953 1159 lich wäre. Direktor Wagner erklärt einleitend,
2051 1160 2951 1199 daß Rat und Auskunft vom Elektrizitätswerk jeder¬
2051 1197 2952 1238 zeit bereitwillig gratis erteilt werden. Was die In¬
2055 1235 2955 1278 stallationen betrifft, so sind sie schon stark verbilligt
2053 1275 2949 1318 worden und ein weiteres Entgegenkommen für die
2051 1317 2955 1357 auf Privatgrundstücken gelegenen Leitungen ist ratio¬
2055 1356 2955 1397 nellerweise jetzt nicht mehr möglich. Man denke nur
2048 1394 2949 1437 an die hohen Kosten der Anschlüsse auf Privatgrund¬
2056 1434 2953 1476 stücken am Zürichberg. Man sollte also vorderhand
2054 1477 2954 1516 hier von einer weiteren Verbilligung absehen. Die
2052 1513 2951 1556 Vermehrung der Anschliüsse macht auch ohne solches
2057 1554 2948 1595 Entgegenkommen heute befriedigende Fortschritte.
2051 1594 2949 1635 Später kann die Frage ja möglicherweise einmal er¬
2054 1634 2953 1675 örtert verden. Die Installationskosten der Treppen¬
2052 1673 2955 1715 beleuchtung können in ihren Ansätzen ebenfalls nicht
2054 1713 2954 1755 verändert werden. Art. 2. wird hierauf nach Antrag
2055 1751 2953 1796 Sigg ergänzt in dem Sinne, daß Rat und Auskunft
2051 1794 2812 1826 ausdrücklich gratis erteilt werden sollen.
2111 1836 2953 1876 Beim Abschnitt über die Preisberechnung und
2056 1874 2954 1915 Verwendung, des Stromes äußert Bodmer-¬
2053 1910 2953 1956 Weber zu Art. 6 Bedenken über die vorgeschlagene
2053 1953 2956 1995 Herabsetzung der Strompreise. Die kleineren Konsu¬
2055 1992 2953 2034 menten und Privaten werden die Vorteile nicht aus¬
2055 2032 2953 2074 nützen können; große Etablissements und Cafés aber
2056 2071 2954 2114 profitieren sehr wesentlich von dem stark herabge¬
2058 2112 2952 2153 setzten Strompreise außerhalb der Hauptbeleuch¬
2056 2151 2955 2193 tungszeit. Man macht ihnen also geradezu ein Ge¬
2056 2191 2954 2233 schenk mit der Herabsetzung auf 20 Rp., da sie ja die
2053 2231 2952 2273 Reklame meist sowieso zur ausgiebigen Beleuchtung
2051 2271 2951 2311 zwingt. Der Ansatz sollte deshalb auf 30 Rp. erhöht
2048 2310 2946 2351 werden. Welcher Art sind übrigens die zu erwarten¬
2051 2348 2949 2391 den Konsumsteigerungen? Direktor Wagner be¬
2048 2386 2945 2430 tont, daß nicht nur die Cafés, sondern auch die Pri¬
2048 2428 2946 2469 vaten von der Reduktion auf 20 Rp. wesentlich pro¬
2049 2465 2948 2509 fitieren und daß sie dementsprechend nach 9 Uhr
2048 2508 2945 2547 abends in Zukunft ihren Konsum steigern werden.
2049 2546 2949 2586 Auch der kleine Konsument wird in der Hauptbe¬
2053 2584 2952 2625 leuchtungszeit durch die Herabsetzung etwas gewin¬
2052 2623 2953 2655 nen. Art. 6 wird hierauf unverändert angenommen.
2112 2668 2953 2701 Zu Art. 8 beantragt Sigg einen Zusatz, in dem
2056 2701 2954 2741 Sinne, daß der Stadtrat in besonderen Fällen wei¬
2057 2739 2953 2780 tere Vergünstigungen nur innerhalb des Rahmens
2053 2781 2954 2820 der effeltiven Selbstkosten gewähren darf. Direktor
2056 2820 2954 2860 Wagner wendet sich gegen diesen Zusatz. Jeder
2056 2860 2954 2899 Rappen, den wir mehr einnehmen, ist gefundenes Geld,
2055 2900 2953 2938 da uns die vermehrte Stromabgabe keine vermehrten
2054 2939 2953 2978 Betriebskosten verursacht. Es gibt also Fälle, wo sich
2055 2978 2952 3018 ein Herabgehen unter die durchschnittlichen Selbst¬
2056 3019 2953 3058 kosten vom kaufmännischen Standpunkte aus emp¬
2054 3059 2952 3098 fiehlt. Der Rat lehnt den Zusatzantrag Sigg ab. In
2054 3099 2952 3139 Art. 9 wird das Ende des Tarifjahres aus Zweck¬
2056 3140 2955 3179 mäßigkeitsgründen auf 30. Juni angesetzt. Biber
2054 3180 2951 3219 beantragt zu Art. 10 die leihweise Abgabe von Wech¬
2054 3220 2952 3258 selstrom-Doppeltarifzählern schon bei 100 Fr. Strom¬
2055 3258 2952 3298 konsum eintreten zu lassen, wogegen Direktor Wag¬
2055 3299 2952 3339 ner erklärt, daß die Rücksicht auf das Gaswerk zu
2054 3339 2952 3379 dem vorgeschlagenen ewas höheren Ansatze führte.
2053 3379 2953 3419 Sachliche Gründe stehen der weiteren Herabsetzung
2054 3419 2953 3459 nicht entgegen. Der Antrag Biber wird hierauf zum
2054 3459 2953 3498 Beschlusse erhoben. Der Tarif soll mit Rückwirkung
2053 3499 2624 3528 auf 1. Juli 1911 in Kraft treten.
2109 3545 2856 3569 Damit ist die ganze Vorlage angenommen.
2108 3585 2950 3618 Interpellation Enderli. Sie findet die nötige Un¬
2054 3618 2953 3658 terstützung und wird von Dr. H. Kern begründet.
2050 3658 2950 3698 Ihr Wortlaut ist folgender: „Hat der Stadtrat von
2053 3699 2952 3739 der Errichtung der unschönen, ganze Stadtteile ver¬
2054 3740 2950 3779 unstaltenden Leuchtmasten („Mansardenbeleuchter")
2053 3780 2951 3818 Kenntnis, und gibt er dazu seine Einwilligung?"
2052 3819 2952 3859 Die Verunstaltung der kleineren in Frage kommen¬
2053 3859 2953 3898 den Pläne sollte wenigstens vermieden werden und
2053 3899 2951 3938 bei ähnlichen Maßnahmen sollte in Zukunft entschie¬
2053 3938 2952 3978 den die Ansicht des Baukollegiums eingeholt werden.
2053 3979 2952 4018 Stadtrat Fritschi erklärt namens des Stadtrates,
2053 4019 2953 4058 daß die Beleuchtung Zürichs durch Bogenlampen noch
2055 4059 2953 4099 im Rückstande ist und daß deshalb vor einiger Zeit
2053 4099 2952 4138 grundsätzlich eine Ergänzung der elektrischen Be¬
2055 4139 2953 4177 leuchtung in Aussicht genommen wurde. Die zustän¬
2053 4177 2952 4217 digen Stellen haben sich dann einstimmig für die Er¬
2054 4218 2953 4258 stellung von Beleuchtungsmasten auf den Haupt¬
2050 4258 2951 4298 plätzen der Stadt ausgesprochen. Die Höhe der aufge¬
2052 4298 2951 4338 stellten Masten wird durch den Beleuchtungsradius
2052 4338 2952 4378 bedingt. Der Stadtrat zögert nicht, anzuerkennen,
2052 4378 2951 4418 daß sich aus der Neuerung gewisse ästhetische Nach¬
2053 4419 2952 4458 teile ergeben haben und er hat deshalb von sich aus
2048 4459 2947 4497 die Frage nochmals einer eingehenden Prüfung un¬
2050 4498 2947 4537 terziehen lassen. Eine endgültige Schlußnahme und
2051 4538 2951 4578 Berichterstattung über die Angelegenheit kann und
2052 4579 2952 4618 wird aber erst erfolgen, wenn die Masten einmal
2053 4619 2950 4657 mit den Leuchtkörpern ausgestattet, wenigstens vor¬
2052 4657 2950 4697 übergehend dem Betrieb übergeben sind, so daß auch
2050 4697 2950 4737 ein Urteil, über den Beleuchtungseffekt sich fällen
2052 4738 2950 4777 läßt. Man darf über der Sorge für den Heimat¬
2052 4778 2950 4817 schutz die moderne Entwicklung der Stadt nicht zu
2051 4818 2951 4858 sehr in den Hintergrund stellen. Dr. Kern ist von
2050 4859 2952 4898 der Antwort des Stadtrates nicht befriedigt; sie zeugt
2052 4899 2952 4938 nicht für den ästhetischen Geschmack dieser Behörde.
2050 4939 2952 4978 Auf dem Weinplatz, Münsterhof und der Gemüse¬
2051 4978 2951 5017 brücke besteht entschieden gar kein Bedürfnis für die
2052 5018 2951 5057 in Aussicht genommene intensive Beleuchtung. Den
2050 5057 2951 5097 Entscheid erst von der Lichtwirkung abhängig zu ma¬
2050 5098 2950 5138 chen, ist deshalb ein Fehler. Der Sprechende stellt
2048 5139 2951 5177 einen Auftrag auf Entfernung der drei genannten
2048 5174 2950 5219 Beleuchtungsmasten. Sigg wendet sich gegen diesen
2052 5217 2951 5258 Antrag, denn die Uebertreibungen des Heimatschutzes
2050 5259 2947 5297 schaden diesem nur und verdienen keine Unterstüt¬
2049 5295 2949 5338 zung, hier wo die praktische Seite der Frage so wich¬
2051 5338 2949 5378 tig ist. Wyß weist darauf hin, daß die Interpellation
2049 5377 2947 5409 nach der Geschäftsordnung beerits erledigt ist. Eine
2998 1121 3899 1155 Weiterbehandlung der Frage müßte in der Form der
2997 1156 3897 1195 Motion erfolgen. Uebrigens hat sich ja der Stadtrat
3001 1196 3901 1233 bereit erklärt, später noch näher auf die Frage ein¬
2998 1234 3898 1273 zutreten. Nach einer kurzen Diskussion über die for¬
3001 1274 3900 1313 male Seite der Angelegenheit erklärt der Rat das
3000 1314 3362 1344 Geschäft für erledigt.
3055 1360 3898 1394 Umbau von Oesen für die Kehrichtverbrennungs¬
2999 1394 3900 1433 anstalt. Schultheß referiert über die Vorlage. Es
2999 1434 3899 1473 handelt sich um einen Kredit von 68,000 Fr. für die
2997 1473 3893 1513 Umänderung derselben, des ersten Ofenloches, die
2998 1513 3897 1553 Erweiterung der Hebe- und Fördereinrichtungen, den
2997 1553 3896 1592 Einbau eines Chamotterostes in den Hauptrauchkanal
3001 1593 3899 1631 und berschiedene Reparaturen in der Kehrichtverbren¬
3000 1632 3897 1671 nungsanstalt. Der Kredit wird ohne Diskussion be¬
2998 1671 3112 1701 willigt.
3054 1718 3897 1751 Landkauf. Der Vertrag über Landkauf von J. J.
2999 1751 3896 1790 Landolt und H. Miller wird auf Antrag von Dr.
3001 1791 3376 1821 Streuli genehmigt.
3057 1837 3606 1861 Schluß der Sitzung um 5¾ Uhr
3056 1877 3896 1910 Die nächste Sitzung, findet Ende August oder
2999 1911 3417 1941 Anfang September statt.
3248 2006 3637 2047 Ausland.
3063 2082 3896 2119 Deutschland. Einem vom Präsidenten der
2998 2120 3897 2164 Präsidialgeschäftsstelle des Deutschen Flotten¬
2997 2165 3895 2210 vereins geladenen zahlreichen Publikum, in dem
2996 2211 3894 2254 Militär und Marine stark überwogen, wurde
2994 2255 3894 2299 letzten Donnerstag auf dem Wannsee ein
2991 2300 3894 2344 Fernlenkboot des Seglers Christian
2990 2345 3683 2377 Wirth aus Nürnberg vorgeführt.
3053 2394 3912 2431 Nachdem das Boot auf den See hinaus¬
2989 2432 3894 2476 geschleppt worden war, und nachdem man sich
2992 2477 3896 2521 davon überzeugt hatte, daß niemand auf die¬
2993 2522 3896 2565 sem zurückgeblieben war, gelang es dem per¬
2993 2566 3896 2609 sönlich anwesenden Erfinder, jederzeit die fun¬
2995 2610 3896 2653 kentelegraphische Verbindung mit
2998 2654 3898 2697 dem Boote in vollkommener Weise herzustellen.
2996 2698 3899 2742 Das Boot folgte den Befehlen des Sendeappara¬
2999 2743 3899 2786 tes, der am Ufer des Sees neben den Zu¬
2997 2787 3899 2831 schauern aufgestellt war, mit Sicherheit. Das
2997 2832 3899 2876 Boot führte mehrere Manöver aus, hielt eine
2996 2877 3898 2922 gerade Fahrtrichtung ein und wand sich mit
2993 2923 3895 2966 Sicherheit auch in scharfen Kurven zwischen den
2996 2967 3397 2999 andern Booten durch.
3057 3018 3897 3056 Das unbemannte Boot, sagt ein weiterer
2996 3057 3896 3099 Bericht, vollzog die ihm durch drahtlose Tele¬
2994 3100 3897 3143 graphie übermittelten Befehle automatisch, le¬
2998 3144 3899 3188 diglich infolge des vom Sendeapparat durch
2994 3189 3897 3233 einen Tasterdruck abgegebenen Befehls mittelst
2996 3234 3898 3277 Hertzscher beim Sender und Empfänger kon¬
2996 3278 3897 3322 gruent abgestimmter Wellen. Bei der Länge
2997 3323 3897 3367 des Lenkbootes und seiner geringen Triebkraft
2996 3368 3896 3411 vollzogen sich die Bewegungen ziemlich lang¬
2997 3412 3896 3456 sam, aber das eine war doch überraschend be¬
2995 3457 3896 3500 wiesen, daß ein unbemanntes Boot vom Lande
2997 3501 3897 3546 aus beliebig zu lenken ist. Wie die Wirthsche
2997 3547 3897 3592 Erfindung namentlich für die Marinewaffe nutz¬
2996 3593 3895 3636 bar gemacht werden kann, steht noch dahin.
2994 3637 3895 3681 Jedenfalls war man erstaunt, ein unbemanntes
2994 3682 3770 3716 Boot dem Fernbefehl gehorchen zu sehen.
3180 3806 3701 3840 Italienische Kammer.
3060 3874 3896 3913 Rom, 6. Juli. Sp. Auf eine Anfrage Fos¬
2997 3914 3897 3957 caris antwortete Unterstaatssekretär di Scalea,
2999 3958 3898 4001 die italienischen Kriegsschiffe besuchten von Zeit
2998 4002 3898 4046 zu Zeit die Haupthäfen des Mittelmeeres, je¬
2997 4047 3896 4089 doch in den letzten Jahren die von Tripolis
2998 4090 3897 4135 nicht. Dies werde jedoch in Zukunft geschehen,
2997 4136 3895 4180 um das italienische Nationalgefühl bei den star¬
2999 4181 3897 4224 ken dortigen italienischen Kolonien zu erhalten.
2997 4225 3896 4269 Auf eine Anfrage Gallis erklärte di Scalea, es
2997 4270 3892 4312 seien Unterhandlungen im Gange zwischen den
2997 4313 3894 4356 türkischen Behörden und den aufständischen Al¬
2998 4357 3897 4401 banern und man dürfe auf eine friedliche
2996 4402 3893 4445 und befriedigende Lösung dieses beklagenswer¬
2996 4446 3893 4490 ten Konfliktes hoffen. Darauf wird die Bera¬
2997 4491 3897 4534 tung über das Versicherungsmonopol
2994 4535 3895 4578 wieder aufgenommen. Mehrere Redner verzich¬
2996 4579 3895 4622 ten unter dem Beifall der Kammer auf die Ein¬
2996 4623 3623 4656 bringung ihrer Tagesordnungen.
3057 4672 3894 4711 Rom, 8. Juli. Sp. Die Kammerkom¬
2998 4712 3898 4755 mission zur Prüifung des Versiche¬
2996 4756 3895 4800 rungsmonopols versammelte sich heute zu
2995 4801 3896 4845 einer Sitzung, an der auch der Ministerpräsident
2997 4846 3895 4889 und der Handelsminister teilnahmen. Gio¬
2997 4890 3896 4934 litti erklärte, so lange die Generaldebatte über
2997 4935 3895 4978 die Vorlage noch nicht abgeschlossen, sei es nicht
2995 4979 3896 5022 opportun, in die Spezialdebatte einzutreten. Der
2994 5023 3893 5067 Ministerpräsident hält an den Hauptgrundsätzen
2995 5068 3894 5112 des Gesetzes fest, fügte jedoch bei, er werde einer
2997 5113 3892 5156 Uebergangsfrist vor dem definitiven Inkraft¬
2997 5157 3893 5199 treten des Gesetzes zustimmen. Auch werde er
2994 5200 3888 5243 sich der Vertagung der Diskussion auf die Herbst¬
2994 5244 3436 5278 session nicht widersetzen.
3057 5293 3892 5330 Rom, 9. Juli. Sp. Ministerpräsident Gio¬
2995 5331 3893 5375 litti erklärte in der Kammer, das Versiche¬
2993 5376 3894 5409 rungsmonopol müsse zur Verwirklichung
