3836 5551
307 163 482 216 Montag

178 232 238 276 26
277 235 451 279 Oktober
472 237 589 280 1936

302 303 423 348 vlatt
451 306 478 349 5

819 137 1244 349 Neue
1327 140 1964 392 Zürcher
2027 139 2688 407 Zeitung

2952 200 3287 249 MittaganSgabe

3032 279 3085 319 M
3104 277 3223 320 1848

230 478 322 529 Die
342 480 753 546 Hauptergebnisse

77 539 162 591 der
177 542 540 605 eidgenössischen
550 550 893 611 Krisenabgabe

134 627 159 654 +
189 627 244 656 Der
267 626 367 662 Ertrag
391 628 437 657 der
460 632 576 665 ersten
603 634 773 668 Periode,
795 635 890 670 umfas.

78 663 141 696 send
163 666 205 694 die
226 666 313 700 Jahre
338 667 455 700 1034/35,
475 670 576 705 beläuft
599 673 651 707 sich,
671 674 722 702 mit
744 674 892 708 mitgeteilt,

75 704 126 736 auf
143 706 174 731 89
184 706 233 731 485
246 706 292 731 141
306 705 353 739 Fr.
378 705 453 741 Diese
468 709 582 738 Suinme
597 711 702 739 verteilt
719 712 763 746 sich
779 713 826 747 aus
843 713 891 746 fol-

76 744 159 775 gende
181 742 341 777 Kategorien
374 748 425 772 von
457 747 723 785 Abgabepflichtigen:
759 751 892 778 Notar-

77 778 167 814 liche
187 781 381 815 Personen
401 783 433 810 55
444 785 552 813 828000
572 787 618 821 Fr.
642 796 666 807 --
690 790 747 819 61,8
767 789 892 823 Prozent.

73 818 510 856 Aktiengesellschaften
534 826 684 853 29070964
707 827 754 861 Fr.
778 844 807 855 =
831 829 889 858 82,5

74 856 203 892 Prozent.
226 859 463 893 Genossenschaften
484 864 499 888 2
509 864 616 890 842134
638 865 685 899 Fr.
710 873 735 884 *=
759 866 800 896 8,2
823 866 890 899 Pro-

74 896 135 927 »ent
151 898 206 924 und
224 896 318 929 übrige
335 896 476 933 juristische
491 900 624 935 Personen
641 904 656 929 2
668 904 715 929 199
724 904 774 930 048
794 903 841 938 Fr.
858 920 889 932 ---

72 933 117 963 2.8
135 934 261 970 Prozent.
284 934 340 963 Ter
357 940 411 964 von
429 938 476 965 den
496 939 660 974 natürlichen
679 941 812 975 Personen
830 943 889 976 auf.

73 971 208 1008 gebrachte
231 973 450 1010 Abgabcnbctrag
472 976 501 1004 in
523 978 569 1005 der
590 979 661 1013 Höhe
684 985 735 1007 von
760 981 792 1007 SS
815 980 889 1009 Mill.

72 1008 201 1046 Franken,
219 1011 273 1045 seht
293 1011 340 1053 sich
355 1013 407 1041 mit
426 1015 485 1045 88.6
503 1015 577 1044 Mist.
598 1017 645 1052 Fr.
664 1018 726 1046 oder
743 1019 800 1050 69,9
820 1019 888 1052 Pro-

70 1050 134 1081 Lent
160 1052 213 1078 auS
240 1047 346 1084 Abgabe
374 1053 435 1081 vom
464 1053 700 1084 Einkommen
727 1056 888 1091 zusammen;

71 1090 128 1114 aus
147 1089 298 1122 Acrm-gen
318 1090 432 1123 ergaben
449 1091 494 1126 sich
514 1094 572 1124 14.8
590 1094 664 1122 Mill.
683 1095 730 1129 Fr.
750 1097 813 1123 oder
831 1097 889 1125 26.8

72 1124 202 1160 Prozent,
243 1127 370 1161 während
412 1129 453 1157 die
496 1131 600 1165 Abgabe
641 1136 693 1160 aus
732 1133 888 1162 Tantien,en

75 1166 87 1189 1
99 1166 151 1192 886
161 1168 211 1193 050
228 1165 274 1200 Fr.
293 1167 356 1193 oder
374 1168 415 1197 3.3
435 1168 550 1202 Prozent
569 1171 656 1205 ergab.

126 1203 176 1232 Bei
201 1206 247 1232 der
270 1204 469 1240 Volkszählung
493 1212 545 1235 von
570 1211 635 1235 1930
657 1211 767 1238 wurden
790 1210 819 1238 in
842 1212 888 1239 der

70 1240 193 1277 Schweiz
227 1244 298 1270 rund
322 1244 338 1269 2
362 1243 435 1272 Mill.
459 1245 667 1282 Erwerbstätige
701 1249 810 1282 gezählt,
843 1250 888 1277 der

71 1279 270 1316 Krisenabgabe
286 1281 445 1317 unterlagen
464 1283 527 1312 aber
547 1292 601 1313 nur
619 1287 667 1313 292
678 1287 727 1313 829
745 1287 887 1321 Personen.

69 1317 135 1346 Don
164 1319 249 1353 diesen
285 1319 460 1353 versteuerten
486 1324 534 1350 215
545 1325 593 1350 862
630 1331 684 1352 nur
710 1325 888 1357 Einkommen.

70 1356 106 1382 56
116 1358 166 1384 550
192 1358 363 1386 Einkommen
386 1360 441 1387 und
464 1360 612 1396 Vermögen
636 1364 689 1391 und
712 1364 744 1390 20
753 1364 802 1390 417
824 1366 887 1391 aus-

72 1393 214 1431 schließlich
238 1396 395 1431 Vermögen.
427 1398 482 1426 Der
504 1399 595 1428 Anteil
617 1401 662 1429 der
686 1401 819 1435 Personen
838 1402 888 1430 mit

71 1432 312 1462 Einkommen
330 1436 409 1463 unter
428 1438 459 1463 10
468 1439 517 1465 000
535 1439 582 1473 Fr.
597 1447 642 1467 am
658 1440 757 1475 Ertrag
774 1441 819 1468 der
836 1441 887 1468 Ab-

70 1473 138 1505 gäbe
159 1474 263 1507 beträgt
287 1475 357 1501 rund
382 1476 398 1500 9
421 1476 495 1504 Mill.
519 1477 577 1512 Fr.;
602 1479 716 1512 dagegen
740 1479 822 1512 haben
847 1480 887 1507 die

69 1510 230 1546 Pflichtigen
250 1511 299 1539 mit
319 1513 352 1538 80
361 1513 412 1539 000
431 1514 478 1548 Fr.
499 1517 553 1543 und
570 1517 644 1549 mehr
664 1517 834 1545 Einkommen
853 1518 884 1544 21

69 1549 147 1577 Mill.
174 1551 220 1585 Fr.
248 1549 423 1584 beigetragen.
460 1554 497 1581 Es
521 1555 689 1588 entrichteten
716 1556 757 1583 die
782 1556 887 1590 Abgabe

71 1586 119 1619 für
142 1588 313 1617 Einkommen
347 1593 399 1616 von
432 1592 498 1618 4000
521 1592 564 1620 bis
596 1594 628 1620 10
637 1595 687 1620 000
709 1594 755 1629 Fr.
779 1595 887 1620 231949

69 1624 220 1662 Pflichtige,
242 1630 294 1654 von
319 1628 418 1655 10-30
427 1630 477 1656 000
500 1630 546 1665 Fr.
567 1632 599 1658 35
610 1632 658 1658 597
678 1633 732 1660 und
755 1632 799 1666 für
823 1632 886 1661 Ein-

69 1663 188 1694 kommen
205 1665 270 1693 über
289 1666 323 1692 30
332 1666 382 1693 000
399 1667 446 1702 Fr.
464 1670 538 1697 4866.
564 1671 613 1697 406
630 1669 767 1705 Pflichtige
786 1671 886 1705 bezahl,

69 1702 114 1730 tcn
136 1704 177 1732 die
201 1703 414 1739 Spezialabgabr
434 1706 479 1740 für
500 1707 725 1736 Tantiemen
747 1714 799 1737 von
820 1710 887 1736 2000

69 1740 115 1769 bis
138 1743 205 1770 5000
227 1741 283 1777 Fr.,
305 1748 358 1770 von
380 1743 465 1772 8-25
475 1747 525 1773 000
546 1746 593 1781 Fr.
617 1748 666 1773 558
688 1747 815 1782 Bezüger,
834 1752 886 1775 von

69 1781 172 1808 25-50
182 1780 232 1808 000
250 1780 296 1814 Fr.
315 1780 359 1814 8f,
377 1782 420 1811 bis
440 1791 472 1818 zu
493 1786 541 1811 100
550 1786 600 1812 000
617 1785 664 1820 Fr.
682 1787 761 1814 deren
782 1786 822 1817 18,
839 1785 886 1819 aus

69 1818 136 1847 über
157 1822 206 1846 100
215 1821 265 1846 000
280 1818 329 1855 Ir.
346 1821 465 1856 brachten
485 1826 513 1850 es
532 1831 602 1851 neun
621 1825 767 1858 Pflichtige.

121 1858 204 1886 Unter
228 1859 279 1889 den
303 1859 467 1894 natürlichen
492 1861 626 1896 Personen
661 1863 786 1897 verfügen
822 1865 884 1890 1244

68 1896 133 1924 oder
158 1898 202 1931 1.4
216 1893 338 1932 Prozent
360 1900 405 1927 der
426 1900 684 1936 Abgabepflichtigen
705 1902 786 1935 dieser
809 1902 885 1929 Kate-

69 1934 146 1967 gorie
167 1937 236 1965 über
259 1936 317 1964 eine
342 1936 455 1966 Million
480 1940 534 1966 und
556 1939 630 1973 mehr
656 1938 886 1974 steuerpflichtiges

69 1972 291 2012 Vermögen.
322 1976 373 2004 Die
398 1976 558 2005 Millionäre
582 1978 665 2011 haben
689 1980 746 2009 62,3
771 1978 886 2013 Prozent

69 2011 118 2040 der
142 2014 248 2049 Abgabe
268 2019 330 2041 vom
356 2015 505 2049 Vermögen
528 2017 582 2044 und
607 2018 665 2047 40.8
689 2017 804 2051 Prozent
825 2022 886 2044 vom

65 2050 244 2080 Einkommen
269 2052 445 2087 aufgebracht;
471 2056 504 2081 36
529 2059 580 2082 von
606 2055 686 2089 ihnen
711 2055 804 2089 weisen
830 2055 885 2083 kein

67 2089 319 2126 abgabepflichtiges
339 2091 508 2120 Einkommen
526 2095 587 2121 aus.

120 2128 172 2158 Bei
197 2129 245 2158 den
271 2129 701 2166 Aktiengesellschaften
726 2131 815 2166 richtet
841 2131 886 2166 sich

68 2166 111 2196 die
135 2168 241 2203 Abgabe
262 2172 322 2196 vom
342 2168 518 2203 Reingewinn
540 2171 601 2205 nach
625 2171 670 2199 der
692 2170 811 2202 Rendite,
836 2172 884 2198 das

66 2204 143 2240 heißt
157 2207 217 2242 nach
233 2207 290 2235 dem
307 2206 467 2241 Verhältnis
483 2208 528 2236 des
545 2208 737 2243 Reingewinns
754 2216 814 2244 zum
830 2209 885 2237 ein¬

68 2244 206 2279 bezahlten
230 2245 422 2279 Aktienkapital
453 2248 507 2274 und
540 2249 588 2275 den
612 2248 749 2282 Reserven.
779 2246 885 2281 Danach

68 2283 164 2317 wiesen
184 2285 251 2311 9300
270 2283 463 2319 Gesellschaften
482 2286 547 2312 0—1
567 2286 682 2321 Prozent
701 2285 812 2315 Rendite
829 2286 885 2320 aus.

67 2322 137 2349 2932
163 2324 228 2350 1-5
249 2323 374 2357 Prozent.
397 2324 461 2350 1891
483 2325 550 2351 5-9
569 2325 684 2359 Prozent
704 2326 758 2353 und
781 2327 847 2351 2013
869 2325 885 2351 9

67 2361 124 2388 und
151 2362 225 2395 mehr
250 2361 388 2395 Prozente.
423 2362 474 2391 Die
507 2365 574 2390 9300
607 2363 884 2398 Aktiengesellschaften

67 2399 133 2427 oder
150 2401 208 2431 57,6
226 2400 342 2435 Prozent
361 2401 428 2429 aller
447 2402 650 2436 Gesellschaften,
667 2402 708 2430 die
727 2402 797 2429 keine
816 2402 884 2430 Ren-

68 2437 125 2466 dite
143 2440 206 2467 oder
225 2445 279 2467 nur
298 2439 355 2467 eine
374 2438 452 2474 solche
470 2443 522 2468 von
541 2440 658 2475 weniger
676 2442 721 2468 alS
739 2441 751 2467 1
769 2440 885 2475 Prozent

67 2477 222 2512 mifweifrn,
239 2477 365 2511 verfüge»
386 2479 450 2506 über
467 2478 510 2506 ein
532 2479 642 2513 Kapital
658 2483 711 2507 von
728 2481 745 2506 8
763 2478 885 2507 Milliar-

66 2513 119 2543 den
134 2516 263 2551 Franken.
287 2515 338 2545 Die
352 2516 450 2552 schlecht
466 2516 650 2546 rentierenden
664 2518 718 2545 und
734 2516 775 2545 die
790 2517 885 2551 außer-

68 2554 213 2589 ordentlich
247 2554 293 2589 gut
325 2554 509 2584 rentierenden
532 2555 725 2591 Gesellschaften
757 2555 884 2590 verfügen

67 2592 134 2621 über
151 2594 193 2622 ein
210 2592 454 2629 verhältnismäßig
471 2594 567 2623 kleines
584 2594 701 2629 Kapital.
727 2594 777 2623 Die
794 2595 885 2621 16136

67 2629 348 2667 Aktiengesellschaften
383 2632 433 2660 mit
458 2634 490 2660 34
501 2634 550 2660 600
559 2634 609 2660 000
636 2633 682 2668 Fr.
708 2633 883 2667 Reingewinn

65 2670 164 2704 Meisen
183 2671 227 2699 ein
245 2670 421 2705 einbezahltes
439 2672 549 2705 Kapital
566 2677 617 2700 von
635 2673 651 2699 6
661 2672 707 2699 731
720 2671 770 2699 766
778 2672 828 2698 000
837 2671 885 2706 Fr.

68 2712 132 2741 au«;
151 2710 218 2743 nicht
236 2708 383 2743 cinbezahlt
401 2710 457 2744 sind
474 2712 523 2737 544
534 2711 582 2737 764
592 2712 642 2737 000
660 2711 706 2745 Fr.

120 2747 172 2776 Die
188 2748 364 2782 zunehmende
381 2748 592 2783 Urbanisierung
609 2749 654 2783 hat
672 2749 729 2776 eine
746 2749 885 2782 verstärkte

69 2786 383 2821 Konzentration
421 2788 466 2814 deS
504 2787 736 2822 Vermögens
771 2787 801 2815 in
838 2787 885 2814 den

69 2824 238 2853 Städten
263 2832 311 2859 zur
337 2825 426 2859 Folge.
459 2826 503 2854 Da
527 2826 576 2853 das
599 2825 814 2860 Schwergewicht
840 2825 885 2853 der

69 2863 266 2899 Krisenabgabe
291 2862 359 2891 beim
387 2863 557 2892 Einkommen
581 2864 643 2899 liegt
666 2866 719 2892 und
743 2863 884 2898 außerdem

69 2902 119 2930 das
137 2902 287 2936 Vermögen
305 2903 383 2930 unter
400 2904 432 2929 50
442 2904 491 2929 000
509 2903 556 2937 Fr.
571 2901 721 2937 abgabefrei
742 2901 781 2936 ist,
800 2901 885 2936 ergibt

70 2940 115 2975 sich
142 2941 200 2969 eine
225 2940 365 2974 besonders
390 2940 453 2975 hohe
479 2941 722 2976 BcitragSleistung
747 2942 792 2968 der
820 2940 884 2974 städ¬

70 2979 163 3014 tischen
185 2979 355 3009 Gemeinden.
387 2979 438 3008 Die
459 2980 555 3008 Städte
576 2979 679 3014 Zürich,
701 2979 788 3012 Basel,
810 2980 884 3007 Bern

69 3019 126 3046 und
146 3019 215 3053 Gens
233 3018 316 3052 habe»
334 3020 404 3046 rund
422 3020 454 3045 40
476 3018 548 3047 Mill.
568 3018 614 3053 Fr.
635 3020 697 3046 oder
717 3017 826 3051 beinahe
844 3017 885 3045 die

68 3056 203 3090 Hälfte
226 3058 271 3085 der
294 3056 487 3091 Kriscnabgabc
510 3058 683 3091 aufgebracht.

122 3095 174 3124 Ein
200 3095 334 3129 Vergleich
359 3095 408 3123 mit
434 3096 479 3124 der
505 3096 644 3130 Kriegs
655 3096 695 3130 sie
706 3102 778 3126 uer.
804 3095 885 3123 dritte

69 3134 193 3167 Periode,
215 3133 309 3168 ergibt,
331 3133 381 3168 daß
402 3133 443 3162 die
465 3134 532 3168 Zahl
554 3134 599 3162 der
619 3133 884 3168 BerinögenSbefltzer

69 3172 120 3201 mit
137 3174 170 3200 50
180 3174 230 3200 000
247 3172 294 3207 Fr.
311 3173 364 3200 und
383 3172 457 3207 mehr
472 3173 619 3207 Vermögen
634 3178 707 3207 zivar
723 3179 768 3200 um
784 3173 799 3198 4
816 3172 884 3205 Pro-

68 3212 128 3244 zent
154 3212 278 3247 gestiegen
305 3210 343 3245 ist.
367 3211 411 3245 ihr
434 3211 641 3246 Vermögen
667 3209 884 3245 durchschnittlich

68 3250 133 3278 aber
151 3258 197 3278 um
216 3251 247 3277 10
264 3249 379 3284 Prozent
395 3257 411 3277 a
421 3249 437 3277 b
448 3257 463 3284 g
473 3256 485 3278 e
495 3258 512 3277 n
523 3258 537 3278 o
548 3257 574 3277 m
584 3257 610 3278 m
621 3257 633 3278 e
643 3257 660 3277 n
678 3249 723 3283 hat
740 3250 793 3277 und
811 3254 884 3283 zwar

70 3288 102 3322 ist
131 3289 213 3323 dieser
240 3287 376 3323 Rückgang
402 3295 434 3323 zu
461 3289 519 3317 vier
544 3288 653 3323 Fünftel
680 3288 719 3316 bei
746 3289 794 3315 den
818 3288 883 3315 Vcr-

70 3327 164 3362 mögen
182 3332 234 3355 von
257 3329 268 3353 1
290 3326 362 3355 Mill.
383 3327 429 3361 Fr.
450 3327 504 3355 und
524 3328 597 3361 mehr
616 3325 814 3361 nachzuweiscn.
834 3324 884 3353 Die

69 3365 233 3394 Millionäre
250 3365 333 3399 haben
353 3365 538 3401 zahlenmäßig
557 3373 601 3394 um
619 3366 667 3392 415
686 3366 748 3393 oder
765 3365 797 3391 25
816 3364 884 3398 Pro¬

68 3405 127 3437 zent
141 3404 342 3440 abgenommcn;
358 3403 401 3438 ihr
411 3404 560 3439 Vermögen
576 3405 606 3439 ist
618 3411 662 3432 um
674 3405 711 3435 1.1
724 3403 883 3432 Milliarden

69 3442 116 3476 Fr.
133 3445 195 3472 oder
209 3445 239 3471 31
257 3442 372 3478 Prozent
390 3443 522 3478 gesunken.
538 3443 579 3477 In
597 3443 672 3477 jenen
689 3442 838 3473 Kantonen,
856 3441 884 3469 in

70 3481 180 3517 welchen
205 3481 248 3517 sich
279 3482 339 3517 trotz
369 3483 414 3509 der
439 3481 513 3516 Krise
546 3481 689 3517 gegenüber
730 3482 774 3509 der
798 3480 884 3515 letzten

70 3520 252 3556 Krtegsstener
276 3520 333 3548 eine
356 3520 492 3554 Zunahme
525 3522 569 3548 des
594 3520 758 3554 Vermögens
790 3519 885 3554 ergibt,

70 3560 158 3594 dürste
183 3560 240 3588 dies
267 3559 314 3593 auf
336 3559 392 3587 eine
421 3559 513 3593 bessere
537 3559 677 3593 Erfassung
708 3559 752 3586 der
774 3558 884 3586 Stener-

72 3597 188 3629 faktorcn
209 3598 430 3633 zurückzuführen
449 3597 512 3632 fein.

122 3637 165 3665 An
184 3639 229 3665 der
248 3636 335 3670 Spitze
353 3637 398 3664 der
417 3637 661 3670 Steucrlcistungen
682 3636 742 3668 nach
761 3636 817 3662 dem
837 3635 884 3663 Er-

73 3675 134 3710 trag
150 3682 200 3708 pro
221 3675 289 3708 Kops
309 3675 370 3709 steht
391 3676 452 3709 »ach
471 3676 520 3703 wie
540 3679 589 3703 vor
608 3675 753 3708 Baselstadt
771 3673 821 3701 mit
839 3673 884 3706 sei-

72 3720 122 3742 nen
150 3713 248 3748 große»
277 3712 446 3742 Einkommen
474 3715 527 3741 und
554 3713 711 3747 Vermögen,
734 3711 811 3745 sowie
836 3712 884 3739 den

71 3752 232 3787 zahlreichen
253 3752 538 3787 Aktiengesellschaften.
568 3752 618 3780 Die
641 3751 813 3785 Erwartung,
834 3749 885 3782 daß

71 3791 112 3819 die
134 3791 270 3826 agrtkolen
295 3791 416 3819 Kantone
440 3789 683 3824 verhältnismäßig
707 3788 823 3823 weniger
849 3796 884 3816 a»

71 3829 112 3857 die
132 3829 326 3863 Krisenabgabe
344 3830 479 3864 beitragen
497 3831 610 3860 werden,
630 3829 674 3861 hat
696 3829 739 3862 sich
759 3828 825 3861 nicht
846 3827 885 3854 bc-

72 3868 168 3903 stätigt.
198 3869 282 3897 Einen
304 3867 440 3903 Rückgang
467 3876 512 3896 am
529 3867 799 3902 Gesamtauskommcn
828 3872 885 3893 ver¬

72 3907 190 3942 zeichnen
224 3906 264 3935 die
289 3906 410 3941 Kantone
434 3906 571 3941 Zürich.
603 3905 680 3940 Gens,
712 3904 756 3933 St.
782 3904 886 3935 Gallen,

930 453 1126 487 Schafshaufen.
1149 452 1316 487 Neuenburg.
1341 454 1455 484 GlarnS,
1480 454 1621 488 Appenzell
1644 453 1740 486 A.-Rh.

928 492 982 519 und
999 491 1137 525 Thurgau.
1163 491 1415 526 Verhältnismäßig
1432 492 1564 527 gesteigert
1581 492 1664 526 haben
1682 492 1740 525 ihre

927 528 1170 564 BcitragSleistung
1191 534 1240 557 vor
1260 530 1339 557 allem
1358 529 1511 564 Basclstadt,
1529 530 1613 561 Bern,
1633 530 1739 561 Waadt,

929 568 1110 596 Graubünden
1131 569 1185 594 und
1205 568 1371 596 Nidwalden.

978 606 1020 634 Ob
1040 607 1081 634 die
1102 605 1191 639 zweite
1212 606 1324 639 Periode
1347 607 1464 637 1936/37,
1484 607 1610 640 während
1632 606 1739 639 welcher

928 644 969 672 die
992 644 1185 678 Krisenabgabe
1208 645 1317 679 bezogen
1340 645 1418 674 wird,
1443 645 1492 672 das
1514 645 1592 679 gleich
1616 643 1738 676 befriedi¬

927 683 1006 717 gende
1030 681 1150 716 Resultat
1172 683 1280 717 ergeben
1302 683 1381 713 wird,
1404 683 1434 716 ist
1457 683 1617 716 einstweilen
1642 689 1673 716 zu
1697 683 1738 709 be-

927 720 1057 754 zweifeln;
1078 722 1106 747 e»
1124 720 1193 747 wird
1215 720 1252 748 im
1269 720 1404 755 Gegenteil
1422 721 1471 749 mit
1486 720 1560 749 einer
1579 720 1737 753 verstärkten

927 758 1107 793 Auswirkung
1127 757 1172 786 der
1193 758 1267 793 Krise
1288 766 1319 793 zu
1341 758 1447 794 rechnen
1468 758 1530 794 sein.

1098 849 1566 909 Siedlungsprojekte

1046 914 1142 963 und
1164 915 1264 972 ihre
1285 914 1616 972 Realisierung

973 997 1042 1024 Man
1062 996 1167 1031 schreibt
1186 1000 1250 1024 uns:

974 1049 1031 1076 Wr.
1052 1046 1104 1076 Die
1125 1046 1192 1081 sonst
1212 1047 1347 1083 sachlichen
1370 1048 1581 1082 Ausführungen
1601 1052 1654 1075 von
1677 1049 1733 1082 pm.

922 1080 952 1109 in
972 1082 1020 1109 Nr.
1041 1082 1106 1109 1792
1128 1083 1174 1109 der
1194 1085 1242 1113 „N.
1252 1083 1282 1115 Z.
1291 1082 1336 1116 Z."
1358 1082 1454 1114 dürfen
1475 1083 1505 1110 in
1524 1084 1605 1117 bezug
1623 1082 1670 1114 auf
1690 1082 1733 1108 die

922 1115 1196 1151 Schlußfolgerungen
1234 1117 1302 1151 nicht
1340 1116 1583 1150 unwidersprochen
1621 1116 1733 1143 bleiben.

922 1150 990 1183 Herr
1007 1151 1061 1179 km.
1077 1150 1122 1180 hat
1137 1150 1181 1183 fuf,
1196 1150 1317 1183 offenbar
1332 1151 1399 1185 nicht
1414 1151 1454 1178 die
1468 1151 1552 1181 Mühe
1568 1156 1732 1185 genommen,

922 1183 963 1212 die
978 1184 1127 1219 sämtlichen
1142 1184 1510 1219 Bestedlungsmöglichkeite»
1526 1185 1570 1218 für
1585 1184 1733 1218 Schweizer

923 1218 960 1246 im
986 1219 1110 1246 Ausland
1137 1217 1209 1246 einer
1237 1219 1382 1253 sachlichen,
1410 1219 1733 1253 unvoreingenommenen

922 1252 1048 1287 Prüfung
1080 1260 1112 1286 zu
1145 1253 1323 1287 unterziehen,
1355 1254 1405 1281 wie
1438 1253 1495 1280 dies
1527 1254 1556 1280 in
1590 1253 1648 1280 dem
1679 1257 1732 1280 von

922 1281 971 1321 Dr.
996 1286 1071 1321 Felix
1094 1286 1223 1326 Möschlin
1246 1292 1295 1315 vor
1318 1287 1379 1315 bald
1402 1287 1466 1322 zwei
1489 1287 1596 1321 Jahren
1619 1287 1733 1321 gcgrün-

923 1317 995 1350 deten
1057 1316 1389 1356 Gemeinnützigen
1450 1319 1733 1354 AuSlandsied-

923 1356 932 1382 l
942 1363 960 1383 u
970 1362 987 1383 n
999 1363 1014 1390 g
1024 1358 1038 1383 8
1048 1360 1063 1383 v
1074 1362 1086 1383 c
1096 1361 1110 1383 r
1120 1362 1132 1383 e
1143 1355 1151 1383 i
1162 1362 1180 1383 n
1198 1358 1243 1383 der
1262 1356 1321 1391 Fall
1341 1356 1454 1389 gewesen
1472 1355 1511 1389 ist,
1529 1355 1597 1390 sonst
1614 1355 1685 1389 hätte
1704 1362 1734 1382 er

923 1389 967 1424 sich
990 1391 1151 1425 überzeugen
1176 1390 1284 1424 müssen,
1308 1391 1358 1424 daß
1385 1390 1532 1424 diejenigen
1557 1390 1667 1420 Länder,
1692 1389 1734 1417 die

923 1419 967 1458 sich
983 1431 1031 1458 zur
1046 1424 1209 1461 Ansiedlung
1225 1425 1269 1458 für
1284 1424 1377 1457 unsere
1393 1426 1551 1452 Landsleute
1568 1425 1662 1458 eignen
1678 1426 1733 1451 und

922 1458 963 1486 die
987 1458 1085 1493 gewillt
1110 1457 1173 1491 sind,
1196 1459 1262 1492 diese
1285 1459 1487 1493 aufzunehmen,
1510 1459 1566 1492 lehr
1590 1460 1652 1485 bald
1675 1457 1734 1489 aus¬

922 1494 1023 1527 gezählt
1045 1493 1108 1526 sind.
1128 1492 1219 1526 Afrika
1240 1493 1325 1527 eignet
1346 1494 1391 1527 sich
1410 1496 1462 1520 aus
1485 1493 1658 1526 klimatische»
1679 1494 1733 1520 und

922 1526 1071 1561 politischen
1104 1526 1233 1555 Gründen
1256 1526 1344 1560 wenig
1375 1528 1419 1561 für
1451 1527 1542 1560 unsere
1565 1527 1733 1555 LandSleute.

923 1561 1057 1596 Siedlung
1073 1560 1101 1589 in
1117 1560 1308 1589 Nordamerika
1324 1560 1429 1596 bedingt
1445 1561 1508 1589 weit
1521 1562 1595 1594 mehr
1611 1559 1733 1594 Kapital-

921 1595 1057 1630 auswand,
1081 1596 1125 1622 als
1151 1595 1242 1629 unserc
1267 1595 1427 1630 mittellosen
1452 1595 1650 1623 Auswanderer
1675 1594 1733 1628 auf-

921 1625 1068 1669 zubringen
1099 1631 1248 1664 vermögen.
1283 1630 1386 1663 Mexiko
1417 1631 1471 1657 und
1503 1629 1733 1664 Zentralamerika

921 1659 977 1691 sind
1000 1663 1139 1698 klimatisch
1161 1666 1215 1691 und
1238 1663 1356 1698 politisch
1377 1664 1521 1699 ungünstig
1542 1665 1604 1691 oder
1628 1664 1732 1697 machen

921 1698 966 1731 für
1000 1699 1091 1732 unsere
1125 1698 1283 1726 Landsleute
1318 1699 1536 1733 unannehmbare
1570 1697 1732 1732 Aufnahme-

921 1732 1113 1767 bedingungen.
1138 1732 1180 1760 So
1204 1731 1354 1760 verbleiben
1379 1734 1424 1760 als
1449 1733 1628 1766 annehmbare
1653 1732 1733 1760 Sied¬

922 1767 1102 1801 lungsgebiete
1129 1774 1181 1794 nur
1206 1767 1267 1801 noch
1292 1766 1478 1806 Argentinien,
1504 1768 1649 1806 Paraguay
1678 1767 1733 1794 und

921 1799 1135 1835 Brasilien,
1160 1802 1214 1829 und
1249 1808 1300 1829 von
1336 1800 1421 1835 diesen
1448 1801 1479 1835 ist
1505 1805 1533 1828 es
1558 1799 1656 1828 ivieder
1683 1802 1732 1827 das

922 1836 1026 1869 letztere,
1048 1835 1078 1863 in
1110 1836 1166 1863 dem
1188 1836 1228 1863 bei
1260 1835 1391 1868 kleinstem
1413 1835 1653 1869 Kapitalaufwand
1675 1835 1733 1862 eine

927 1870 1061 1904 «sicherte,
1086 1870 1287 1903 auskömmliche
1314 1869 1432 1905 Existenz
1458 1870 1600 1904 ausgebaut
1627 1871 1733 1896 werden

927 1902 997 1931 kann.
1014 1905 1096 1932 Unter
1115 1903 1211 1938 solchen
1229 1903 1388 1936 Umständen
1405 1904 1436 1937 ist
1452 1907 1481 1932 es
1499 1903 1614 1937 wirklich
1631 1903 1733 1937 müßig,

922 1946 955 1972 zu
981 1938 1149 1973 ironisieren:
1177 1939 1245 1969 „Ein
1272 1939 1354 1969 Land,
1381 1940 1430 1965 das
1465 1939 1526 1972 »och
1551 1939 1619 1966 Geld
1654 1938 1734 1971 dasür

922 1973 1057 2003 bekommt,
1083 1972 1133 2004 daß
1159 1973 1268 2007 tüchtige
1294 1973 1441 2007 Schiveizer
1468 1972 1523 2006 ihm
1549 1973 1590 2000 die
1616 1979 1734 2007 unange¬

922 2007 1054 2040 nehmsten
1084 2006 1209 2034 Arbeite»
1239 2007 1395 2040 abnehmen,
1424 2007 1456 2040 ist
1486 2006 1601 2046 wirklich
1632 2014 1664 2041 zu
1693 2007 1734 2034 be¬

922 2041 1042 2069 neiden!"
1062 2040 1197 2070 Brasilien
1217 2041 1324 2075 braucht
1345 2041 1386 2068 die
1405 2042 1551 2075 Schweizer
1570 2041 1646 2074 nicht,
1665 2041 1734 2074 seine

921 2076 1061 2103 Urwälder
1086 2078 1139 2102 und
1164 2076 1345 2110 Eampländer
1371 2075 1426 2108 sind
1451 2076 1507 2108 ihm
1531 2075 1734 2103 unverlierbare

922 2110 1050 2143 Reserven
1072 2109 1117 2144 sür
1137 2109 1204 2137 viele
1226 2109 1433 2138 Generationen.
1456 2109 1506 2138 Die
1528 2110 1734 2144 Schweizer

920 2145 983 2172 aber
1004 2144 1131 2178 brauchen
1153 2144 1296 2178 Brasilien,
1320 2149 1397 2171 wenn
1421 2143 1453 2177 sie
1475 2143 1543 2177 nicht
1565 2144 1603 2171 im
1626 2144 1734 2178 eigenen

921 2179 993 2207 Land
1011 2186 1047 2206 an
1066 2178 1111 2206 der
1130 2177 1355 2212 ArbeitSlosigkett
1375 2178 1491 2211 ersticken
1510 2179 1614 2206 wollen.

973 2222 1058 2249 Wenn
1094 2221 1185 2253 unsere
1222 2220 1361 2254 Behörden
1399 2223 1426 2248 eS
1462 2221 1507 2248 als
1543 2219 1600 2254 ihre
1637 2219 1734 2254 Pflicht

921 2256 1041 2289 ansehe»,
1058 2255 1142 2283 etwas
1158 2255 1338 2289 Dauerhaftes
1355 2256 1399 2289 für
1416 2255 1457 2283 die
1473 2255 1548 2289 mehr
1563 2256 1607 2282 als
1626 2257 1674 2282 100
1684 2257 1734 2282 000

921 2289 1196 2323 Arbeitslose»
1231 2297 1263 2324 zu
1297 2293 1354 2321 tun,
1380 2290 1405 2322 so
1439 2290 1502 2323 muß
1536 2289 1593 2316 dies
1628 2290 1735 2322 prompt

921 2324 1060 2359 geschehe»,
1083 2322 1161 2351 bevor
1181 2323 1246 2358 diese
1265 2323 1447 2358 Arbeitslosen
1467 2331 1515 2358 zur
1534 2323 1734 2358 Verzweislung

918 2360 980 2386 oder
1010 2360 1068 2386 dem
1098 2358 1324 2386 Kommunismus
1356 2359 1386 2386 in
1417 2358 1457 2386 die
1488 2359 1568 2386 Arme
1601 2358 1733 2392 getrieben

918 2393 1032 2421 werden.
1054 2391 1180 2426 Spanien
1194 2392 1266 2427 sollte
1281 2395 1334 2420 uns
1348 2393 1484 2427 genügend
1498 2391 1655 2427 Fingerzeig
1670 2392 1732 2426 fei».

919 2427 956 2456 Es
977 2427 1040 2462 liegt
1059 2426 1139 2461 daher
1158 2427 1196 2455 im
1214 2427 1344 2462 Interesse
1364 2427 1471 2461 unseres
1492 2428 1594 2456 Landes
1614 2428 1669 2455 und
1688 2428 1733 2455 der

917 2462 1124 2494 Auswanderer,
1150 2467 1228 2489 wenn
1253 2461 1345 2496 unsere
1373 2461 1513 2495 Behörden
1540 2462 1594 2489 und
1620 2461 1733 2494 Private

918 2497 1027 2532 größere
1048 2497 1182 2525 Summen
1204 2497 1247 2528 für
1268 2496 1309 2524 die
1328 2496 1525 2531 Anstcdlungen
1546 2496 1576 2524 in
1595 2495 1734 2529 Brasilien

918 2532 1084 2566 auswcnden.
1105 2530 1241 2566 Brasilien
1255 2532 1343 2565 erhält
1357 2530 1431 2559 dabei
1445 2531 1521 2559 einen
1534 2530 1591 2565 sehr
1606 2531 1733 2565 geringen

918 2564 943 2630 t
945 2565 1000 2594 reis
1035 2566 1079 2600 sür
1104 2565 1153 2593 das
1178 2565 1259 2597 Land,
1292 2565 1399 2599 welches
1424 2566 1521 2606 unfern
1548 2564 1676 2594 Siedlern
1701 2572 1734 2599 zu

943 2599 1062 2628 taentum
1076 2600 1223 2636 abgegeben
1239 2600 1317 2628 wird.
1332 2600 1419 2628 Wenn
1434 2599 1554 2631 indirekt,
1569 2599 1631 2634 nach
1646 2600 1733 2627 vielen

917 2629 1034 2669 Jahren,
1052 2633 1118 2668 diese
1137 2634 1246 2663 Siedler
1265 2635 1323 2662 dem
1344 2642 1428 2662 neuen
1447 2634 1596 2663 Vaterland
1615 2641 1648 2668 zu
1666 2633 1733 2662 eint-

919 2677 977 2704 gem
994 2669 1089 2704 Nutzen
1108 2667 1246 2708 gereichen,
1264 2668 1289 2703 so
1307 2668 1339 2703 ist
1356 2668 1413 2697 dies
1431 2676 1484 2697 nur
1501 2670 1567 2702 recht
1584 2669 1639 2696 und
1656 2668 1734 2704 billig

919 2704 973 2732 und
993 2703 1071 2732 bietet
1091 2703 1158 2737 nicht
1176 2703 1266 2736 Anlaß
1285 2712 1317 2738 zu
1335 2703 1503 2738 Nörgeleien.
1533 2703 1584 2731 Die
1603 2703 1734 2737 Tatsache,

919 2738 970 2772 daß
992 2739 1069 2771 durch
1091 2737 1131 2765 die
1154 2732 1327 2772 organisierte
1350 2738 1577 2771 Auswanderung
1598 2737 1734 2771 Tausende

920 2777 972 2800 von
989 2771 1105 2807 gänzlich
1120 2770 1287 2806 Mittellose»
1303 2772 1401 2806 unsern
1415 2771 1600 2804 Armenkassen
1615 2772 1735 2800 dauernd

920 2807 1111 2841 abgenommen
1125 2806 1239 2837 werde»,
1253 2806 1284 2840 ist
1296 2808 1361 2834 aber
1374 2807 1436 2841 auch
1452 2806 1496 2840 sür
1510 2805 1588 2841 unser
1602 2806 1675 2835 Land
1691 2806 1734 2834 ei»

920 2841 987 2875 nicht
1012 2840 1222 2869 unbedeutender
1247 2840 1409 2869 materieller
1434 2840 1559 2871 Gewinn,
1585 2840 1734 2874 umsomehr

919 2877 963 2903 alS
987 2874 1029 2903 die
1051 2874 1217 2910 öffentlichen
1240 2874 1460 2910 Aufwendungen
1485 2875 1529 2908 für
1551 2876 1642 2908 unsere
1664 2876 1734 2903 Au8-

920 2911 1059 2938 Wanderer
1077 2909 1138 2943 nach
1156 2911 1210 2937 und
1228 2909 1290 2944 nach
1309 2909 1485 2944 größtenteils
1504 2909 1555 2937 mit
1575 2909 1671 2943 Zinsen
1691 2916 1734 2943 zu-

921 2944 1082 2985 rückbezahlt
1095 2944 1198 2972 werden
1214 2943 1321 2978 müsse».
1336 2944 1397 2977 Daß
1412 2944 1441 2972 in
1456 2945 1562 2979 unserm
1577 2944 1734 2978 Schweizer-

920 2980 977 3007 voll
994 2986 1051 3007 eine
1067 2977 1123 3020 sehr
1140 2978 1219 3012 große
1236 2978 1456 3012 Expansion
1467 2979 1592 3011 Straft
1616 2979 1733 3006 dauernd

920 3013 1074 3047 vorhanden
1095 3012 1135 3044 ist,
1156 3013 1223 3040 kann
1244 3013 1311 3047 nicht
1332 3012 1466 3047 bestritten
1486 3014 1601 3046 werden;
1622 3015 1650 3041 eS
1671 3013 1734 3046 muß

921 3055 974 3076 nur
1003 3047 1068 3082 diese
1098 3047 1176 3081 Kraft
1205 3046 1234 3075 in
1263 3047 1304 3075 die
1333 3046 1459 3082 richtigen
1489 3047 1601 3080 Bahnen
1632 3047 1735 3087 geleitet

919 3082 1033 3110 werden.
1067 3081 1367 3117 Schweizerfledlungen
1394 3080 1423 3110 in
1448 3081 1592 3116 Brasilien,
1618 3081 1659 3109 die
1682 3084 1734 3109 aus

921 3118 966 3144 der
986 3116 1091 3150 Heimat
1111 3116 1206 3144 imnier
1225 3116 1322 3144 wieder
1341 3116 1483 3151 Nachschub
1503 3116 1622 3150 erhalten
1643 3116 1735 3150 haben,

920 3145 1060 3185 bewahre»
1077 3151 1152 3185 heute
1169 3151 1238 3185 noch,
1256 3151 1285 3178 in
1304 3151 1348 3178 der
1366 3150 1468 3179 vierten
1487 3150 1660 3182 Gcnerativn,
1678 3150 1734 3184 ihre

920 3185 1050 3220 Eigenart
1066 3185 1120 3213 und
1136 3184 1212 3218 ihren
1229 3178 1442 3220 schweizerischen
1459 3185 1571 3213 Dialekt.

970 3228 1055 3256 Wenn
1072 3226 1200 3262 übrigens
1216 3228 1256 3256 die
1273 3228 1405 3263 Verfasser
1421 3229 1465 3256 der
1480 3228 1517 3256 im
1531 3226 1632 3256 Artikel
1646 3227 1732 3258 „Neue

918 3262 1053 3292 Literatur
1090 3269 1138 3303 zur
1175 3262 1508 3297 NuSwandcrunaSfrngc"
1549 3256 1732 3296 besprochenen

919 3296 1053 3332 Schriften
1070 3296 1110 3324 die
1126 3295 1198 3325 Titel
1213 3297 1263 3324 mit
1280 3297 1366 3331 eineni
1384 3290 1652 3331 Fragezeichen
1676 3300 1733 3324 ver¬

919 3331 993 3366 sehen
1012 3332 1104 3365 haben,
1123 3330 1148 3365 so
1167 3331 1251 3365 gewiß
1270 3330 1346 3366 nicht,
1365 3331 1427 3359 weil
1449 3331 1480 3365 sie
1500 3331 1540 3359 die
1560 3330 1682 3365 Chancen
1703 3331 1731 3358 in

918 3365 1054 3400 Brasilien
1072 3364 1216 3400 irgendwie
1233 3366 1263 3394 in
1280 3366 1366 3406 Frage
1384 3365 1469 3399 stellen
1487 3365 1603 3396 wollten,
1620 3365 1732 3398 sondern

918 3401 979 3429 weil
1000 3401 1040 3434 sic,
1058 3399 1108 3428 wie
1127 3399 1228 3440 Figura
1249 3399 1323 3435 zeigt,
1344 3400 1494 3436 berechtigte
1514 3399 1623 3434 Zweifel
1643 3399 1671 3427 in
1691 3399 1732 3428 die

917 3429 1085 3477 Fähigkeiten
1124 3432 1231 3468 unserer
1272 3434 1508 3470 „Intelligenzler"
1549 3428 1642 3468 haben,
1683 3434 1732 3465 die.

919 3463 1012 3504 typisch
1036 3468 1224 3504 schweizerisch,
1246 3462 1317 3504 wohl
1339 3476 1372 3505 z»
1395 3469 1506 3504 nörgeln
1529 3469 1583 3497 und
1606 3476 1637 3503 zu
1660 3468 1732 3496 kriti-

919 3504 1009 3540 stercii.
1026 3504 1089 3532 aber
1106 3502 1173 3538 nicht
1190 3504 1268 3538 besser
1286 3511 1318 3539 zu
1335 3505 1438 3538 machen
1456 3503 1596 3538 verstehen.

969 3616 1046 3650 Dazu
1069 3616 1181 3644 bemerkt
1204 3616 1250 3644 der
1273 3616 1407 3650 Acrfasicr
1432 3617 1477 3644 der
1501 3616 1678 3650 Rezensionen
1703 3615 1732 3644 i»

918 3651 966 3679 Nr.
979 3652 1053 3678 1792:

973 3704 1028 3731 Em.
1058 3701 1174 3736 Sachlich
1195 3703 1329 3742 gehaltene
1351 3702 1437 3730 Kritik
1457 3703 1502 3735 hat
1521 3707 1571 3729 vor
1591 3703 1669 3730 allem
1689 3702 1736 3729 den

921 3737 1005 3766 Wert,
1020 3736 1060 3764 die
1076 3730 1280 3769 Ocsscntlichkeit
1295 3736 1342 3768 auf
1357 3736 1458 3770 geivisse
1473 3736 1627 3769 Schwächen
1644 3736 1672 3763 in
1689 3737 1737 3764 den

921 3769 1192 3810 Problemstellungen
1217 3770 1310 3804 zweier
1335 3769 1539 3804 Anschauungen
1564 3770 1737 3810 ausinerkfam

922 3811 954 3838 z»
972 3804 1084 3838 niache»,
1102 3802 1185 3831 wobei
1203 3807 1230 3831 es
1249 3804 1330 3837 jedem
1350 3804 1495 3837 überlassen
1514 3803 1603 3835 bleibt,
1622 3803 1665 3838 sich
1684 3798 1737 3840 sein

922 3838 1026 3872 eigenes
1047 3836 1131 3866 Urteil
1151 3845 1183 3871 zu
1202 3837 1299 3866 bilden.
1328 3837 1369 3872 In
1398 3837 1479 3871 dieser
1498 3837 1595 3872 Absicht
1619 3832 1652 3871 sei
1681 3832 1737 3872 hier

923 3872 983 3906 kurz
1002 3872 1048 3905 ans
1069 3870 1153 3905 einige
1174 3871 1273 3906 Pnnktc
1302 3871 1330 3900 in
1359 3873 1407 3900 den
1427 3872 1520 3906 obige»
1541 3872 1737 3907 Auslassungen

923 3906 1056 3934 erwidert.

1831 450 1969 486 Sicherlich
1982 452 2037 486 sind
2050 452 2222 487 verschiedene
2234 452 2344 480 Gründe
2360 452 2534 486 anzuführen,
2546 450 2587 478 die

1779 485 1837 513 eine
1851 486 2041 520 Siedlung
2064 487 2093 514 in
2116 479 2332 520 Paranävor
2345 487 2446 513 ander»
2462 485 2586 514 Gebieten

1780 519 1917 552 besonders
1934 513 2088 553 vorteilhaft
2105 521 2220 553 mache»;
2238 520 2302 546 über
2320 520 2367 546 das
2386 522 2475 547 wurde
2493 519 2519 552 ja
2538 526 2586 552 gar

1780 553 1847 585 nicht
1864 553 2008 582 diskutiert.
2042 555 2120 587 Wohl
2137 555 2200 581 aber
2216 554 2284 580 kann
2301 561 2363 580 man
2381 554 2444 580 über
2461 554 2501 581 die
2518 554 2540 580 A
2552 560 2566 580 r
2576 553 2586 580 t

1779 587 1824 615 de?
1845 587 2063 621 Vorgehen«
2092 588 2242 622 berechtigte
2265 586 2372 620 Zweifel
2394 588 2481 627 hegen.
2501 588 2585 621 Ange-

1780 620 1851 655 sichts
1871 622 1915 649 deS
1935 621 2129 656 komplizierten
2158 623 2212 649 und
2242 620 2585 659 individualistisch-egoisti-

1779 650 1846 688 scheu
1867 656 2024 695 Charakter«
2052 658 2097 684 des
2117 654 2458 690 Durchschntttsschweizers
2486 649 2517 689 ist
2544 653 2585 682 die

1779 689 1942 724 erfolgreiche
1968 690 2175 724 Durchführung
2201 690 2297 724 großer
2323 689 2586 723 Sicdlungsprojekle

1779 727 1830 750 von
1847 724 1953 756 Anfang
1968 732 2004 751 an
2022 717 2077 757 sehr
2095 717 2211 758 fraglich.
2237 724 2287 751 Die
2304 723 2346 750 bis
2364 723 2416 756 jetzt
2434 723 2480 757 säst
2497 725 2585 756 durch-

1778 759 1849 791 Wegs
1877 758 2014 792 negativen
2044 758 2230 791 Erfahrungen
2260 757 2304 784 der
2335 758 2585 791 Auswanderungs-

1778 791 1881 818 vereine
1898 792 1980 825 haben
1998 792 2063 824 diese
2080 790 2203 825 vielleicht
2221 792 2290 826 allzu
2308 791 2435 824 skeptische
2452 792 2586 824 Meinung

1778 825 1825 856 aus
1847 827 1896 853 alle
1919 826 1992 859 Fälle
2015 825 2081 859 nicht
2105 827 2250 860 widerlegt.
2274 825 2361 855 Denn,
2384 827 2442 851 was
2466 825 2509 852 bis
2532 825 2585 858 jetzt

1778 859 1931 892 entschieden
1961 867 1993 894 zu
2021 860 2108 894 wenig
2140 860 2168 887 in
2198 861 2245 886 den
2266 860 2459 893 Vordergrund
2488 860 2585 893 gerückt

1778 895 1877 924 wurde,
1921 892 1960 928 ist.
2004 894 2060 921 eine
2114 892 2248 933 typisch
2302 892 2585 926 schweizerische

1778 926 1921 968 Lösung
1949 935 1981 961 zu
2002 928 2102 961 finden,
2122 928 2162 955 die
2183 928 2261 955 unter
2282 926 2518 967 Berücksichtigung
2540 927 2585 953 der

1778 960 1987 995 schweizerischen
2007 961 2152 996 Begabung
2171 961 2225 988 und
2243 961 2364 994 Bildung
2382 960 2426 988 via
2445 958 2585 994 Zwischen-

1777 995 1881 1027 Handel,
1894 996 2001 1028 Export.
2014 995 2125 1029 Import
2139 996 2192 1023 und
2205 994 2336 1029 einzelner
2350 993 2585 1028 Industriezweige

1778 1024 1822 1063 sich
1840 1030 1922 1064 letzten
1940 1030 2027 1057 Ende«
2043 1029 2105 1063 auch
2121 1037 2156 1057 an
2176 1029 2217 1056 die
2233 1027 2372 1062 Probleme
2388 1030 2434 1056 der
2451 1028 2585 1062 Siedlung

1777 1058 1962 1098 hrranmachen
1978 1063 2053 1091 kann.
2076 1063 2153 1092 Denn
2168 1062 2208 1090 bei
2223 1063 2272 1090 den
2287 1062 2384 1097 großen
2399 1062 2584 1096 vorliegenden

1778 1097 1915 1132 Projekten
1930 1098 1994 1131 stellt
2009 1097 2053 1137 sich
2068 1103 2120 1125 von
2134 1096 2242 1137 Anfang
2255 1105 2291 1124 an
2306 1098 2354 1123 das
2370 1095 2496 1129 Problem
2513 1096 2586 1129 ihrer

1778 1131 1879 1166 Lösung
1896 1132 1972 1165 durch
1990 1133 2030 1159 d,c
2048 1130 2291 1164 Privatinitiative,
2308 1131 2364 1158 eine
2383 1125 2586 1171 Genosienfchast

1778 1167 1841 1193 oder
1864 1169 1910 1194 de»
1933 1166 2024 1194 Staat.
2055 1166 2157 1194 Gerade
2182 1164 2223 1192 die
2244 1164 2428 1199 rrsolgreichcn
2451 1159 2587 1191 Äustand-

1777 1200 1906 1234 schweizer
1918 1200 1979 1233 auch
1993 1200 2021 1227 in
2033 1199 2145 1233 Paran»
2158 1197 2289 1232 beweisen,
2302 1197 2352 1232 daß
2365 1199 2393 1226 in
2406 1197 2499 1232 diesem
2512 1197 2585 1232 Falle

1777 1240 1830 1261 nur
1869 1234 1910 1268 die
1949 1234 2104 1267 private
2142 1231 2585 1266 Unternehmungskraft

1779 1270 1833 1295 und
1846 1269 1890 1296 der
1903 1268 2076 1302 Einstellung:
2089 1268 2219 1295 entweder
2233 1267 2286 1294 lebe
2299 1266 2334 1300 ich
2347 1267 2409 1293 oder
2423 1266 2483 1300 gehe
2495 1266 2531 1299 ich
2545 1273 2587 1299 zu-

1778 1304 1887 1336 gründe,
1900 1303 1948 1329 den
1961 1301 2055 1336 Erfolg
2067 1309 2103 1329 an
2120 1302 2164 1335 sich
2177 1308 2209 1335 zu
2223 1299 2312 1329 reiben
2325 1306 2442 1334 vermag,
2455 1307 2540 1333 genau
2553 1299 2587 1331 so,

1778 1336 1828 1364 wie
1852 1337 1908 1364 dies
1932 1336 1972 1363 bei
1998 1336 2094 1369 unsern
2120 1329 2332 1369 schweizerischen
2357 1333 2516 1367 Industrien
2542 1334 2587 1361 der

1777 1370 1837 1405 Fall
1849 1371 1887 1403 ist.

1829 1406 1906 1440 Wohl
1927 1407 1999 1433 wäre
2020 1408 2049 1433 e8
2072 1406 2127 1440 gut,
2149 1410 2227 1432 wenn
2249 1405 2290 1432 die
2312 1404 2436 1438 Schweiz,
2457 1411 2502 1431 um
2521 1402 2588 1434 nicht

1778 1445 1815 1466 an
1834 1441 1878 1466 der
1900 1438 2139 1472 „Arbeitslosigkeit
2160 1445 2191 1472 zu
2212 1436 2354 1469 ersticken",
2382 1436 2486 1470 eigenes
2514 1431 2586 1462 Land

1776 1479 1827 1502 von
1846 1476 1959 1509 größer,,
1974 1473 2129 1507 Ausmaßen
2147 1473 2281 1501 erwerben
2299 1473 2400 1502 könnte,
2416 1471 2499 1499 wobei
2518 1470 2587 1505 poli¬

1778 1509 1850 1542 tische
1885 1502 2025 1542 Probleme
2061 1509 2135 1541 sicher
2171 1507 2325 1541 austauchen
2362 1507 2481 1533 würde».
2530 1505 2588 1533 DaS

1781 1544 1860 1574 .Volk
1880 1544 1946 1576 ohne
1969 1535 2214 1575 Raum'-Problcm
2247 1540 2277 1573 ist
2300 1540 2361 1573 auch
2386 1539 2425 1567 bei
2451 1542 2504 1566 uns
2537 1545 2587 1566 von

1778 1577 1849 1611 jeher
1867 1578 1926 1605 akut
1947 1576 2068 1611 gewesen.
2097 1576 2138 1604 So
2158 1576 2230 1603 wäre
2250 1574 2331 1607 dieser
2349 1573 2484 1608 eigentlich
2505 1572 2589 1607 selbst¬

1777 1611 1978 1643 verständlichen
1996 1611 2154 1644 Forderung
2169 1609 2218 1637 mit
2236 1610 2322 1642 gutem
2338 1607 2466 1642 Gewissen
2480 1606 2542 1640 auch
2559 1606 2588 1634 in

1776 1646 1821 1673 der
1841 1645 1940 1678 Praris
1958 1645 2076 1678 Geltung
2092 1651 2125 1678 zu
2140 1642 2305 1677 verschaffen,
2322 1648 2399 1669 wenn
2419 1637 2463 1674 sich
2483 1639 2587 1674 tatsäch¬

1777 1680 1824 1712 lich
1851 1679 2031 1712 Bekämpfung
2058 1680 2102 1706 der
2128 1677 2352 1710 Arbeitslosigkeit
2377 1677 2431 1703 und
2455 1676 2588 1702 Auswan¬

1776 1713 1877 1748 derung
1896 1714 1978 1741 decken
1994 1714 2113 1740 würden.
2139 1710 2363 1744 Arbeitslosigkeit
2382 1711 2435 1737 und
2455 1710 2588 1737 Auswan¬

1775 1748 1876 1781 derung
1901 1747 1955 1779 sind
1977 1748 2039 1774 aber
2062 1747 2129 1780 nicht
2149 1746 2199 1774 mit
2221 1744 2494 1777 kommunizierenden
2518 1742 2588 1775 Röh¬

1776 1788 1824 1809 ren
1845 1789 1877 1814 zu
1899 1781 2067 1815 vergleichen,
2090 1781 2119 1808 in
2142 1781 2224 1807 denen
2245 1778 2422 1812 wechselseitig
2443 1778 2489 1805 der
2510 1776 2587 1809 recht¬

1775 1815 1866 1849 zeitige
1889 1814 2028 1849 Ausgleich
2063 1814 2249 1847 überflüssiger
2271 1812 2402 1846 Energien
2435 1811 2586 1844 stattsindcn

1774 1851 1850 1877 kann.
1882 1851 1959 1878 Denn
1984 1849 2079 1876 immer
2103 1847 2200 1875 wieder
2224 1846 2288 1879 muß
2311 1846 2452 1879 derjenige,
2474 1847 2520 1872 der
2543 1843 2587 1878 sich

1776 1884 1897 1918 praktisch
1915 1884 1969 1911 und
1988 1883 2112 1910 beratend
2130 1884 2175 1909 der
2190 1880 2587 1909 Auswandcrunaskandidaten

1775 1918 1919 1949 anntmmt,
1934 1917 1976 1944 die
1990 1916 2148 1950 betrübliche
2164 1914 2334 1949 Feststellung
2348 1914 2461 1946 machen,
2475 1913 2527 1945 daß
2544 1912 2589 1945 sich

1776 1952 1826 1979 mit
1846 1952 1965 1985 wenigen
1986 1950 2162 1984 Ausnahmen
2183 1949 2224 1977 die
2243 1948 2517 1979 Arbeitslosen
2537 1948 2589 1974 auS

1776 1986 1966 2018 verschiedenen
1991 1985 2121 2013 Gründen
2149 1985 2243 2019 gerade
2267 1983 2360 2016 nicht
2384 1983 2429 2013 für
2454 1982 2495 2009 die
2519 1982 2589 2008 Aus-

1777 2022 1942 2054 Wanderung
1970 2019 2071 2051 eignen.
2109 2018 2175 2046 Eine
2203 2017 2331 2049 wirkliche
2359 2016 2590 2049 MasscnauSwan-

1778 2055 1878 2081 deruna
1897 2056 1942 2081 der
1963 2045 2138 2086 arbeitslosen
2161 2052 2294 2080 Elemente
2318 2051 2348 2082 ist
2368 2050 2432 2077 aber
2453 2049 2591 2081 vorläufig

1778 2082 1886 2121 deshalb
1905 2093 1937 2122 zu
1956 2087 2116 2121 bezweifeln,
2134 2085 2195 2114 weil
2214 2084 2255 2112 bei
2273 2086 2326 2112 unS
2345 2084 2386 2112 die
2405 2084 2458 2112 Not
2477 2096 2510 2101 —
2528 2083 2590 2115 auch

1778 2122 1835 2155 hier
1861 2122 1957 2150 wieder
1983 2121 2032 2149 mit
2057 2121 2231 2153 Ausnahmen
2256 2131 2288 2137 —
2317 2118 2385 2151 nicht
2408 2118 2499 2145 derart
2524 2116 2591 2151 groß

1776 2156 1808 2188 ist
1827 2156 1876 2183 wie
1896 2156 1924 2184 in
1943 2156 2045 2183 andern
2064 2156 2185 2183 Ländern
2203 2155 2257 2181 und
2276 2153 2336 2181 weil
2356 2154 2405 2180 das
2425 2151 2524 2184 Wasser
2541 2152 2589 2178 den

1777 2190 1882 2221 meisten
1907 2190 1967 2222 noch
1992 2189 2059 2221 nicht
2083 2189 2126 2216 bis
2149 2196 2185 2215 an
2208 2186 2248 2215 die
2271 2187 2350 2220 Kehle
2373 2185 2439 2220 geht.
2471 2181 2521 2214 Bei
2544 2187 2589 2212 der

1776 2224 1922 2257 obstinaten
1936 2224 1990 2251 und
2003 2223 2070 2256 nicht
2088 2221 2160 2256 leicht
2176 2222 2313 2249 lenkbaren
2327 2221 2415 2248 Natur
2431 2220 2475 2247 deS
2491 2217 2589 2251 Durch¬

1776 2257 2014 2292 schnittschweizers
2035 2257 2099 2289 muß
2130 2256 2191 2289 auch
2224 2255 2281 2284 eine
2306 2252 2500 2288 Organisation
2532 2253 2589 2286 sehr

1775 2292 1910 2326 vorsichtig
1932 2291 2075 2324 ausgebaut
2099 2292 2213 2319 werden,
2236 2297 2282 2317 um
2306 2285 2371 2320 diese
2394 2289 2486 2320 Kräfte
2509 2288 2588 2315 unter

1777 2326 1963 2355 individueller
1984 2325 2222 2358 Berücksichtigung
2253 2324 2325 2357 ihres
2347 2324 2474 2351 Könnens
2497 2321 2525 2349 in
2548 2320 2590 2349 die

1776 2361 1924 2394 geeigneten
1942 2360 2055 2393 Bahnen
2071 2366 2103 2393 zu
2121 2359 2215 2387 lenken.

1827 2395 1864 2422 Es
1887 2393 1917 2427 ist
1939 2391 2192 2426 selbstverständlich,
2213 2391 2263 2424 daß
2285 2389 2324 2417 bei
2348 2389 2444 2423 solchen
2463 2387 2587 2421 Pionier-

1775 2427 1895 2455 arbeiten
1916 2419 1961 2458 der
1982 2419 2184 2458 Praktiker
2205 2430 2252 2452 vor
2274 2425 2332 2451 dem
2352 2422 2518 2456 Theoretiker
2539 2423 2587 2449 den

1776 2460 1894 2490 Vortritt
1916 2460 1969 2495 hat.
1991 2458 2077 2494 sofern
2098 2459 2170 2493 jener
2193 2458 2222 2486 in
2243 2457 2470 2486 unbekümmerter
2490 2456 2586 2484 Taten-

1778 2495 1827 2529 tust
1843 2495 1896 2524 und
1910 2492 2212 2527 Ilnternchmungskrast
2230 2500 2293 2520 neue
2309 2491 2387 2525 Wege
2400 2491 2495 2525 schasst.
2512 2490 2587 2525 Diese

1776 2529 1853 2561 Wege
1879 2529 1933 2562 sind
1956 2526 1999 2556 bis
2025 2527 2077 2562 jetzt
2102 2526 2152 2555 mit
2175 2525 2294 2559 wenigen
2319 2526 2494 2559 Ausnahmen
2520 2521 2587 2557 nicht

1776 2560 1925 2602 bcschrittcn
1946 2562 2064 2594 worden;
2084 2565 2114 2590 es
2136 2561 2191 2596 sind
2211 2555 2277 2595 nicht
2299 2559 2400 2588 einmal
2421 2558 2587 2593 erfolgreiche

1776 2597 1961 2636 Beziehungen
1978 2596 2028 2624 mit
2047 2596 2144 2630 unsern
2166 2595 2203 2623 im
2221 2595 2307 2623 Lande
2323 2592 2469 2628 ansässigen
2489 2589 2587 2626 schwei¬

1776 2631 1901 2666 zerischen
1929 2629 2092 2664 Praktiker»,
2120 2630 2167 2658 den
2196 2627 2399 2663 Jndnstricllen.
2428 2626 2587 2662 angeknüpst

1777 2669 1892 2694 worden.
1910 2664 1951 2694 Ob
1966 2663 2006 2692 bei
2024 2664 2072 2692 den
2090 2662 2242 2698 bisherigen
2258 2659 2440 2696 Mißerfolgen
2457 2663 2502 2690 der
2517 2661 2587 2688 Ans-

1777 2697 2064 2733 wandcrungsvercine
2092 2698 2133 2725 die
2159 2697 2274 2730 Vorsicht
2311 2698 2356 2723 des
2393 2694 2587 2729 unpraktisck-en

1776 2733 2029 2772 Intelligenzlers"
2052 2732 2119 2767 nicht
2139 2740 2184 2760 am
2201 2732 2286 2766 Platze
2307 2730 2347 2764 ist.
2368 2730 2401 2764 sei
2423 2738 2470 2765 znr
2489 2730 2588 2758 Beant-

1776 2768 1902 2799 Wortung
1923 2766 1981 2794 dem
2002 2766 2132 2800 gesunden
2152 2764 2412 2799 Menschenverstand
2433 2764 2589 2797 überlasten.

1777 2798 1855 2830 Den»
1872 2801 1929 2834 hier
1946 2800 2053 2839 handelt
2069 2802 2097 2828 eS
2115 2799 2159 2834 sich
2177 2793 2244 2832 nicht
2260 2806 2304 2826 um
2321 2797 2506 2831 Spekulation,
2524 2798 2588 2825 aün-

1777 2835 1858 2874 ftigen
1885 2827 2001 2863 Gewinn
2027 2835 2081 2862 und
2108 2833 2284 2873 persönliche»
2309 2831 2422 2867 Ehrgeiz
2446 2831 2589 2866 einzelner,

1776 2862 1888 2903 sondern
1908 2875 1952 2896 um
1971 2868 2020 2896 daS
2035 2868 2116 2896 Leben
2134 2872 2186 2895 von
2204 2866 2431 2901 Miteidgenosten.
2450 2865 2516 2907 Noch
2532 2865 2588 2893 ein-

1777 2904 1843 2931 mal:
1878 2903 1971 2937 gerade
1997 2901 2049 2935 jetzt
2075 2900 2125 2936 gilt
2148 2903 2177 2929 eS
2202 2901 2231 2929 In
2256 2900 2333 2935 zäher
2359 2895 2534 2931 Kieinarbclt,
2559 2899 2587 2927 in

1784 2944 1799 3000 a
1801 2934 2062 2972 egcnfcitine'c
2112 2933 2469 2970 Zusammenarbeit
2516 2941 2533 2962 u
2545 2935 2587 2961 nd

1808 2969 2172 3005 »eigennützigkeit,
2213 2970 2291 2997 unter
2330 2968 2501 3003 AuSnÜtznng
2543 2968 2587 2995 der

1777 3003 1989 3044 fchwcizerischen
2010 3002 2168 3032 Mentalität
2190 3004 2245 3031 und
2266 3004 2310 3031 der
2332 3002 2419 3030 Natur
2442 3003 2486 3029 deS
2509 3002 2587 3035 frcm-

1777 3041 1826 3067 den
1851 3038 1962 3069 Lande«,
1988 3037 2083 3066 immer
2108 3039 2161 3066 und
2186 3037 2260 3070 mehr
2283 3037 2372 3068 kleine,
2398 3035 2514 3072 zunächst
2540 3043 2588 3064 un-

1776 3072 1828 3136 S
1829 3071 1922 3101 inbar«
1939 3071 2182 3106 Stützpunkte
2198 3072 2244 3106 auf
2260 3071 2336 3105 jenen
2354 3070 2479 3099 Gebieten
2498 3078 2529 3105 zu
2548 3078 2587 3105 gc-

1828 3114 1896 3138 >nen,
1918 3105 1947 3135 in
1968 3107 2049 3134 denen
2071 3114 2134 3134 man
2157 3105 2200 3140 sich
2222 3113 2267 3134 am
2289 3104 2395 3139 meisten
2415 3104 2509 3140 Erfolg
2530 3109 2587 3132 ver-

1778 3141 1878 3175 spricht.
1895 3140 1973 3170 Denn
1991 3143 2018 3168 es
2029 3141 2100 3168 wäre
2116 3148 2146 3175 zu
2157 3140 2297 3171 bedanern,
2314 3144 2390 3167 wen»
2408 3137 2458 3167 mit
2468 3139 2525 3167 dem
2536 3138 2587 3172 Zn-

1777 3170 2000 3209 sammenbreche»
2024 3176 2093 3209 allzu
2117 3173 2290 3209 großzügiger
2312 3173 2431 3208 Projekte
2462 3173 2523 3207 auch
2546 3172 2587 3200 die

1776 3209 2093 3244 AuSwanderungSsrage
2103 3209 2199 3237 ivieder
2215 3209 2315 3236 einmal
2334 3208 2477 3241 versanden
2488 3208 2586 3235 würde.

2078 3279 2288 3329 Luftfahrt

1826 3346 1991 3381 Fluaplatz
2023 3345 2125 3376 Bern.
2164 3345 2271 3377 Bern.
2303 3348 2343 3373 24.
2365 3344 2421 3373 Okt.
2454 3356 2488 3380 ag
2519 3345 2587 3373 Vom

1775 3380 1911 3416 Flugplatz
1929 3380 2002 3409 Bern
2020 3381 2129 3408 konnten
2149 3380 2186 3408 im
2204 3379 2426 3413 September
2455 3381 2519 3406 1936
2536 3386 2587 3407 von

1776 3416 1824 3443 den
1849 3416 1906 3444 laut
1927 3415 2063 3450 Flugplan
2084 3415 2271 3449 vorgesehenen
2295 3414 2395 3446 Kursen
2419 3415 2451 3441 98
2473 3414 2588 3448 Prozent

1774 3450 1810 3513 «
1810 3449 1895 3484 flogen
1922 3450 2035 3477 iverden.
2068 3449 2119 3478 Die
2144 3449 2249 3480 «leisten
2275 3449 2396 3482 Ausfälle
2423 3448 2522 3483 zeigten
2547 3448 2587 3475 die

1810 3491 1903 3519 orgen-
1924 3485 1978 3512 und
1997 3483 2174 3512 Abendlinicn
2195 3484 2324 3518 Richtung
2342 3482 2429 3515 Basel,
2450 3483 2491 3511 die
2510 3482 2588 3510 unter

1775 3520 1824 3547 den
1854 3518 2030 3553 ungünstigen
2061 3518 2237 3553 Wetterlagen
2268 3517 2306 3546 Im
2337 3517 2411 3552 Jura
2440 3525 2472 3552 zu
2502 3517 2587 3545 leiden

1771 3553 1869 3587 hatten.
1898 3554 1952 3588 Auf
1971 3554 2018 3581 den
2041 3553 2272 3587 Alparsluglinien
2293 3553 2401 3580 wurden
2425 3552 2463 3580 im
2484 3559 2582 3586 ganzcn

1772 3590 1837 3616 1029
1864 3587 2016 3623 Passagiere
2048 3589 2189 3619 befördert,
2223 3594 2302 3621 gegen
2337 3588 2386 3614 798
2422 3587 2459 3614 im
2485 3586 2582 3615 Monat

1771 3622 1880 3656 August,
1900 3626 1959 3651 was
1978 3622 2050 3650 einer
2071 3622 2208 3656 Zunahme
2227 3626 2278 3649 von
2299 3621 2399 3655 nahezu
2418 3623 2451 3648 30
2470 3621 2584 3656 Prozent

1772 3650 1918 3693 entspricht.

1821 3698 2216 3735 LranSPazffik-Berkehr.
2250 3697 2429 3727 Alameda
2457 3697 2585 3732 (Kalifor-

1772 3733 1858 3772 ulen).
1877 3735 1918 3764 22.
1939 3735 1995 3763 Okt.
2025 3745 2058 3771 ag
2086 3734 2185 3766 (DRB)
2214 3733 2269 3761 Der
2288 3731 2465 3768 regelmäßige
2483 3732 2580 3761 Trans.

1784 3768 2102 3810 iazifik-Passagicrdienst
2120 3769 2209 3796 wurde
2226 3775 2269 3796 am
2287 3767 2422 3801 Mittwoch
2440 3766 2500 3802 nach
2516 3766 2585 3801 fünf-

1772 3798 1896 3838 jährigen
1913 3802 2142 3838 Vorbereitungen
2162 3802 2281 3838 eröffnet.
2309 3802 2368 3831 DaS
2388 3801 2586 3836 Großslugzeug

1773 3837 2036 3873 .Hawaii-Clippcr"
2067 3838 2170 3872 startete
2199 3845 2243 3865 »m
2274 3839 2303 3864 21
2336 3837 2392 3871 Uhr
2422 3836 2585 3864 mitteleuro¬

1773 3871 1869 3907 päische
1890 3872 1948 3908 Zeit
1969 3873 2019 3901 mit
2040 3872 2121 3907 sieben
2141 3870 2309 3907 Passagieren
2332 3878 2364 3905 zu
2386 3870 2481 3906 seinem
2503 3871 2585 3905 ersten

1773 3902 2026 3943 fahrplanmäßigen
2044 3908 2114 3942 Flug
2135 3906 2195 3942 nach
2216 3905 2376 3935 Manila.

2885 483 3169 543 Kantone

2930 571 2987 602 St.
2998 568 3127 599 Watten

2671 628 2715 656 St.
2738 627 2844 658 Gallen.
2867 627 2908 654 24.
2932 622 2989 653 Okt.
3074 621 3130 650 Der
3154 619 3370 654 Regicrungsrat
3394 619 3440 651 hat

2620 662 2697 690 eine»
2712 661 2836 696 Beschluß
2856 660 2951 695 gefaßt,
2970 657 3076 690 wonach
3096 662 3132 683 an
3151 654 3192 682 die
3211 653 3305 685 Kosten
3323 655 3368 680 des
3387 652 3439 680 Ab-

2619 696 2712 730 bruchs
2732 697 2786 724 und
2805 695 2849 723 der
2870 695 2893 722 R
2904 701 2916 722 c
2927 700 2944 721 u
2954 699 2966 720 e
2977 691 2992 724 r
3003 691 3022 724 st
3032 698 3044 718 e
3054 691 3064 718 l
3075 691 3085 717 l
3095 698 3113 717 u
3123 696 3140 717 n
3152 696 3167 723 g
3185 694 3238 716 von
3255 687 3277 715 K
3288 695 3303 714 a
3314 694 3340 715 m
3351 694 3360 714 r
3371 693 3388 714 n
3399 693 3411 714 e
3422 693 3439 713 o

2619 731 2674 758 und
2700 736 2751 758 von
2783 729 2847 762 stark
2875 723 3124 761 feuergefährlichen
3153 721 3438 755 Feuerwänden

2620 766 2677 792 dem
2699 763 2986 797 Gebäudeeigentümer
3007 762 3060 787 aus
3082 761 3138 786 dem
3159 756 3320 784 kantonalen
3342 756 3439 788 Feuer-

2622 798 2761 830 löschkonto
2789 797 2831 825 ein
2858 796 3023 828 Beitrag
3050 800 3102 820 von
3130 793 3163 818 30
3189 791 3233 818 bis
3260 792 3293 816 50
3322 790 3439 823 Prozent

2620 833 2737 866 gewährt
2755 833 2859 859 werden
2877 832 2953 859 kann,
2969 829 3056 861 sofern
3070 828 3116 854 der
3130 824 3355 857 Gebändebesitzer
3371 823 3438 854 nicht

2620 873 2649 894 ,n
2671 867 2715 893 der
2733 867 2799 899 Lage
2819 865 2859 897 ist.
2878 864 2919 891 die
2938 864 3025 890 vollen
3047 861 3141 892 Kosten
3159 866 3192 893 zu
3211 860 3304 892 trage»
3323 859 3387 885 oder
3405 858 3438 887 sie

2620 907 2673 927 nur
2692 902 2770 926 »ntcr
2789 899 2887 933 großen
2907 895 3138 931 Schwierigkeiten
3156 891 3319 926 ausbringen
3337 892 3438 918 könnte.

2672 949 2716 976 St.
2733 948 2839 979 Gallen,
2855 949 2896 975 24.
2913 946 2970 975 Okt.
2988 947 3025 981 <K
3043 945 3099 973 Der
3117 941 3332 978 Negierungsrat
3348 943 3439 968 unter-

2620 983 2714 1011 breitet
2732 985 2788 1011 dem
2803 982 2911 1015 Großen
2928 981 2994 1009 Rate
3012 980 3069 1007 eine
3084 978 3203 1012 Vorlage
3220 976 3285 1004 über
3302 975 3344 1003 die
3360 975 3438 1005 Fort-

2621 1009 2718 1051 setzung
2742 1017 2787 1050 der
2810 1015 2915 1050 Hilfe
2940 1015 2985 1048 sür
3009 1010 3336 1043 kleinbäuerliche
3362 1008 3407 1042 Ex
3418 1017 3439 1036 >-

2622 1052 2640 1087 st
2651 1059 2663 1078 e
2673 1059 2690 1078 n
2701 1059 2713 1084 z
2721 1059 2734 1079 «
2744 1058 2771 1079 n.
2800 1051 2842 1078 Da
2865 1055 2926 1077 vom
2951 1045 3161 1082 eidgenössischen
3184 1043 3439 1078 Volkswirtschafts-

2621 1084 2801 1116 dcpartement
2823 1086 2876 1111 a»S
2897 1084 2943 1110 der
2968 1076 3164 1111 Kreditrcserve
3190 1080 3234 1107 ein
3258 1078 3362 1112 Betrag
3385 1081 3439 1104 von

2624 1121 2672 1146 150
2681 1121 2730 1146 000
2754 1118 2797 1147 bis
2822 1118 2871 1144 200
2880 1117 2930 1144 000
2953 1117 3000 1150 Fr.
3024 1115 3053 1143 in
3077 1113 3194 1146 Aussicht
3218 1113 3314 1147 gestellt
3339 1112 3440 1142 wurde,

2622 1154 2762 1185 beantragt
2787 1160 2815 1179 er
2845 1152 2886 1179 die
2912 1149 3095 1184 Bewilligung
3129 1147 3202 1175 eines
3228 1146 3351 1175 Kredites
3387 1151 3438 1173 von

2622 1188 2714 1213 50000
2727 1190 2774 1221 Fr.
2799 1187 2836 1214 Er
2852 1186 2922 1213 wird
2939 1187 2985 1212 der
3001 1183 3025 1211 B
3036 1192 3050 1210 a
3062 1190 3102 1210 ne
3113 1190 3127 1209 r
3138 1183 3181 1214 nh
3193 1181 3200 1208 i
3213 1182 3222 1207 l
3234 1181 3242 1212 s
3253 1184 3267 1208 S
3278 1181 3314 1208 ka
3325 1181 3333 1212 s
3344 1180 3353 1214 s
3364 1188 3376 1207 e
3390 1187 3439 1213 zur

2622 1221 2779 1255 Verfügung
2795 1219 2899 1253 gestellt,
2916 1217 2956 1246 die
2972 1217 3069 1249 darauf
3084 1215 3186 1249 bedacht
3203 1215 3256 1247 sein
3271 1214 3344 1247 muß,
3362 1214 3439 1241 einen

2623 1247 2700 1289 gleich
2721 1255 2804 1288 hohen
2826 1254 2926 1286 Betrag
2948 1259 3000 1279 von
3021 1251 3135 1278 anderer
3158 1246 3233 1277 Seite
3255 1256 3287 1282 zu
3310 1248 3439 1281 erhalten,

2623 1297 2668 1316 um
2694 1291 2738 1316 des
2764 1295 2863 1322 ganzen
2889 1285 3135 1318 Bundesbeitrages
3158 1283 3291 1316 teilhaftig
3316 1290 3348 1316 zu
3373 1287 3440 1309 wer-

2624 1324 2680 1350 den.
2708 1324 2767 1351 Das
2787 1323 2853 1350 Geld
2873 1322 2919 1354 soll
2937 1325 2986 1347 vor
3001 1318 3081 1347 allem
3100 1318 3145 1349 für
3163 1318 3204 1345 die
3220 1317 3367 1350 Schassung
3385 1317 3439 1343 und

2622 1356 2787 1390 Steigerung
2820 1357 2864 1383 des
2896 1353 3144 1383 Nebenverdienstes
3177 1353 3223 1378 der
3256 1351 3439 1379 Kleinbauern

2624 1392 2677 1418 und
2701 1391 2775 1422 ihrer
2800 1389 2984 1423 Angehörigen
3008 1386 3156 1415 verwendet
3180 1386 3294 1412 werden.

2957 1457 3104 1493 Aargau

2805 1507 3252 1545 Luftschutzausstellung

2675 1563 2776 1592 Baden,
2800 1564 2840 1589 24.
2868 1562 2924 1590 Okt.
2954 1566 2984 1592 £s
3013 1560 3129 1593 Großem
3155 1558 3286 1592 Interesse
3313 1558 3437 1591 begegnet

2625 1597 2682 1624 eine
2697 1595 3003 1631 Lustschutzausstellung.
3019 1594 3059 1622 die
3074 1599 3135 1621 vom
3151 1595 3191 1620 23.
3208 1592 3252 1620 bis
3268 1594 3308 1620 25.
3325 1592 3438 1620 Oktober

2625 1637 2676 1658 von
2707 1634 2750 1659 der
2780 1632 2799 1659 L
2808 1638 2825 1658 u
2837 1631 2845 1663 s
2856 1631 2865 1657 t
2876 1630 2884 1663 s
2895 1630 2919 1668 ch
2930 1637 2947 1657 u
2957 1630 2973 1663 tz
2984 1631 2994 1656 k
3004 1637 3019 1656 o
3029 1637 3056 1656 m
3065 1636 3091 1655 m
3103 1627 3112 1655 i
3123 1627 3132 1660 s
3142 1627 3151 1660 s
3162 1627 3170 1654 i
3181 1634 3197 1654 o
3208 1635 3225 1653 n
3253 1626 3438 1665 durchgesührt

2626 1664 2703 1692 wird.
2720 1665 2757 1693 Cs
2772 1664 2877 1692 werden
2893 1671 2951 1691 eine
2967 1660 3289 1695 Sanitätsrcttungsstelle
3307 1661 3357 1688 mit
3374 1659 3439 1687 Not¬

2626 1697 2714 1733 spital,
2727 1698 2771 1727 ein
2787 1690 3004 1732 Lustschutzkcllcr,
3018 1694 3189 1730 verschiedene
3204 1694 3438 1728 Vcrdunkelungs-

2626 1733 2702 1760 arten
2726 1739 2761 1761 an
2785 1731 2918 1767 Fenstern,
2942 1730 2985 1759 ein
3007 1730 3199 1763 entrümpelter
3223 1729 3277 1756 und
3302 1728 3345 1756 ein
3370 1728 3438 1768 nicht

2626 1765 2816 1800 entrümpelter
2849 1765 2952 1799 Estrich,
2984 1763 3157 1798 verschiedene
3189 1758 3438 1796 Lnftschntzbeleuch-

2627 1801 2800 1835 tnngskörpcr
2816 1801 2870 1828 und
2886 1800 3027 1834 llcbungen
3043 1798 3091 1827 mit
3107 1797 3315 1826 Brandbomben
3332 1796 3437 1830 gezeigt.

2626 1833 2806 1868 Verschiedene
2839 1834 2948 1869 Firme»
2981 1836 3032 1860 aus
3064 1831 3166 1861 Baden.
3197 1830 3348 1865 Wcttingen
3384 1832 3437 1857 und

2626 1869 2711 1903 Turgi
2738 1869 2821 1903 haben
2851 1869 2893 1902 ihr
2921 1867 3053 1896 Material
3078 1875 3125 1900 zur
3152 1865 3311 1899 Verfügung
3341 1864 3437 1899 gestellt

2627 1903 2680 1930 und
2699 1903 2739 1931 die
2758 1901 2929 1937 Ausstellung
2946 1900 3096 1936 ansgebaut.

2891 1970 3167 2004 Arbeitslager

2677 2027 2778 2058 Baden.
2810 2028 2850 2054 24.
2876 2025 2932 2054 Okt.
2968 2031 2999 2057 L
3031 2024 3157 2059 Nachdem
3188 2026 3237 2052 das
3269 2023 3438 2058 aargauische

2625 2064 2791 2093 Arbeitsamt
2816 2065 2933 2098 mehrere
2956 2063 3139 2097 Arbeitslager
3165 2063 3209 2097 für
3234 2052 3436 2096 archäologisch«

2627 2102 2722 2137 Zwecke
2751 2101 2934 2138 durchgesührt
2964 2101 3016 2136 hat.
3046 2101 3076 2135 ist
3106 2108 3161 2128 »un
3192 2101 3235 2128 ein
3266 2100 3359 2134 foIdjcS
3389 2099 3437 2135 auf

2627 2147 2740 2169 neuer
2766 2140 2990 2175 Grundlage
3018 2140 3062 2173 sür
3091 2138 3185 2174 soziale
3212 2138 3351 2173 Aufgaben
3380 2138 3436 2166 ein¬

2628 2179 2745 2213 gerichtet
2761 2179 2877 2207 worden.
2890 2178 2928 2207 Es
2943 2178 3049 2212 handelt
3067 2177 3111 2212 sich
3128 2184 3173 2205 um
3191 2177 3234 2204 ein
3249 2175 3436 2210 Arbeitslager

2626 2221 2678 2245 von
2700 2218 2730 2245 13
2749 2217 2837 2246 Mann
2859 2217 2887 2245 in
2908 2216 3134 2245 Densbüren
3155 2222 3190 2243 an
3212 2216 3256 2242 der
3277 2215 3437 2248 Slasfelegg.

2627 2257 2676 2282 das
2705 2254 2733 2283 in
2764 2254 2837 2283 einer
2868 2254 3055 2288 leerstehenden
3086 2253 3260 2288 Schuhfabrik
3279 2252 3437 2285 Unterkunft

2628 2293 2755 2328 gefunden
2776 2292 2828 2327 hat.
2849 2292 2913 2328 Hier
2931 2293 3000 2320 wird
3017 2291 3061 2320 «in
3081 2292 3158 2322 altes,
3179 2290 3340 2325 baufälliges
3361 2292 3437 2324 Haus

2627 2339 2716 2360 arnier
2739 2331 2916 2361 Bauersleute
2938 2331 3071 2359 renoviert
3096 2331 3150 2358 und
3175 2335 3224 2356 vor
3249 2330 3307 2356 dem
3333 2328 3436 2361 Verfall

2628 2369 2740 2404 gerettet.
2761 2369 2803 2398 Da
2823 2369 2864 2397 die
2882 2368 3025 2397 Material-
3044 2368 3098 2396 und
3116 2367 3281 2402 Lagerkosten
3301 2367 3349 2400 auf
3369 2368 3436 2394 etiva

2627 2409 2694 2435 2500
2718 2408 2763 2443 Fr.
2787 2415 2819 2442 zu
2845 2407 2928 2442 stehen
2954 2408 3069 2435 komme»
3095 2407 3161 2433 kann
3186 2405 3236 2433 mit
3260 2405 3436 2439 bescheidenen

2628 2445 2739 2474 Mitteln
2765 2445 2837 2473 einer
2863 2445 3003 2479 bedrohten
3028 2443 3145 2480 Familie
3171 2443 3227 2477 ihre
3253 2443 3371 2478 Existenz
3397 2450 3437 2477 ge-

2628 2484 2703 2512 rettet
2731 2485 2843 2512 werden.
2873 2483 2980 2512 Bereits
3012 2482 3081 2511 wird
3113 2481 3262 2516 mitgctetlt,
3293 2481 3345 2514 daß
3376 2482 3437 2513 nach

2628 2521 2830 2557 Fertigstellung
2843 2521 2925 2555 dieser
2938 2521 3020 2554 ersten
3036 2520 3129 2549 Arbeit
3142 2524 3202 2547 vom
3217 2526 3301 2547 neuen
3316 2519 3437 2547 Arbeits-

2629 2561 2702 2594 lager
2726 2561 2763 2588 im
2787 2560 2897 2595 Fricktal
2919 2559 3036 2594 ähnliche
3059 2558 3197 2593 Ausgaben
3221 2558 3299 2591 gelöst
3322 2558 3436 2585 werden.

2901 2632 3161 2667 Bauprojekte

2678 2685 2817 2717 Zofingen,
2836 2686 2876 2711 22.
2895 2683 2952 2712 Okt.
2969 2684 3003 2723 £»
3021 2684 3080 2711 Das
3098 2683 3277 2716 Baugewerbe
3297 2682 3327 2715 ist
3348 2689 3438 2717 gegen-

2628 2718 2726 2753 wärtig
2749 2718 2796 2750 aus
2818 2719 2875 2745 dem
2896 2717 3090 2745 Arbeitsinarkt
3113 2718 3159 2744 deS
3181 2717 3305 2744 Kantons
3328 2717 3440 2749 Aarga»

2628 2751 2671 2779 die
2688 2760 2734 2780 am
2751 2751 2858 2785 meisten
2878 2751 3043 2779 notleidende
3061 2750 3188 2783 Branche.
3225 2749 3307 2783 Zwar
3325 2750 3371 2784 hat
3399 2749 3441 2777 die

2629 2785 2801 2820 Gewährung
2821 2791 2872 2813 von
2894 2784 3098 2813 Subventionen
3119 2784 3165 2812 des
3186 2783 3297 2812 Bundes
3319 2784 3373 2811 und
3396 2784 3441 2810 des

2628 2819 2739 2848 Staates
2782 2827 2817 2846 an
2859 2819 3023 2858 Hochbauten
3065 2819 3132 2852 dazu
3172 2816 3348 2851 beiaetragcn,
3389 2816 3440 2850 daß

2629 2853 2786 2887 namentlich
2805 2852 2880 2887 durch
2898 2852 3027 2885 Aufträge
3046 2851 3091 2879 der
3109 2851 3270 2879 Gemeinden
3291 2852 3348 2878 dem
3368 2851 3440 2879 Bau-

2629 2888 2744 2920 geivcrbe
2761 2887 2907 2920 verniehrtc
2924 2886 3018 2914 Arbeit
3033 2887 3131 2921 zukam.
3166 2885 3236 2913 Aber
3253 2884 3293 2912 die
3310 2884 3440 2917 Tatsache,

2628 2921 2678 2954 daß
2696 2926 2747 2949 von
2765 2922 2810 2948 der
2827 2920 2995 2960 Gesamtzahl
3013 2922 3057 2947 der
3076 2920 3113 2947 im
3132 2920 3239 2947 Kanton
3257 2918 3439 2951 Arbeitslosen

2628 2957 2701 2987 mehr
2718 2957 2762 2983 als
2780 2954 2820 2982 die
2836 2955 2859 2989 H
2868 2956 2884 2982 ä
2896 2955 2904 2982 l
2916 2954 2925 2988 f
2935 2956 2944 2982 t
2955 2962 2967 2982 e
2984 2954 3030 2987 auf
3046 2954 3096 2981 da«
3112 2954 3136 2981 B
3147 2961 3163 2980 a
3173 2961 3191 2980 u
3201 2961 3216 2987 g
3227 2960 3239 2980 e
3249 2958 3273 2980 w
3284 2960 3296 2980 c
3307 2960 3320 2980 r
3331 2953 3346 2979 b
3357 2960 3368 2980 c
3385 2954 3439 2980 ent¬

2627 2988 2694 3021 fällt.
2718 2988 2769 3024 ließ
2795 2988 2838 3017 ein
2862 2988 3049 3021 Planmäßige?
3074 2987 3212 3021 Vorgehen
3246 2993 3293 3028 znr
3318 2985 3440 3014 Arbeits-

2626 3022 2788 3057 beschaffnng
2820 3023 2863 3050 alS
2896 3021 3025 3057 dringend
3057 3020 3163 3056 geboten
3196 3016 3348 3054 erscheinen.
3389 3019 3440 3048 Die

2626 3056 2763 3085 Direktion
2790 3056 2835 3084 deS
2861 3055 2970 3090 Innern
3004 3057 3058 3083 und
3092 3055 3133 3083 die
3159 3053 3360 3084 Baudtrcktion.
3394 3053 3439 3081 der

2625 3091 2749 3119 Verband
2773 3089 2957 3124 aargauischer
2980 3089 3141 3118 Gemeinden
3174 3089 3228 3116 und
3262 3087 3302 3115 die
3327 3087 3439 3121 Leitung

2625 3125 2670 3152 deS
2704 3124 2860 3153 kantonalen
2883 3123 3156 3152 GewcrbeverbandcS
3179 3122 3263 3155 haben
3286 3121 3330 3149 ein
3362 3122 3439 3156 groß¬

2625 3158 2731 3197 zügiges
2779 3159 2801 3186 A
2813 3166 2826 3186 r
2837 3158 2851 3185 b
2862 3165 2874 3185 e
2885 3157 2893 3185 i
2905 3159 2913 3185 t
2924 3160 2938 3185 s
2949 3158 2964 3185 b
2974 3165 2986 3185 e
2997 3158 3005 3191 s
3016 3157 3040 3191 ch
3050 3165 3065 3184 a
3077 3157 3086 3189 s
3097 3157 3105 3189 f
3116 3164 3133 3184 u
3144 3164 3160 3184 n
3172 3164 3187 3190 g
3198 3158 3211 3183 S
3223 3161 3238 3189 P
3249 3163 3263 3183 r
3273 3163 3288 3183 o
3299 3163 3315 3189 g
3325 3163 3338 3182 r
3349 3163 3364 3182 a
3375 3163 3402 3182 m
3413 3162 3439 3182 in

2626 3187 2671 3227 für
2692 3196 2740 3221 das
2762 3192 2941 3226 Baugewerbe
2970 3190 3134 3219 vorbereitet.
3174 3191 3211 3218 Es
3242 3188 3339 3223 bezieht
3361 3189 3439 3229 Hoch-

2626 3228 2679 3254 »nd
2696 3226 2853 3261 Tiefbauten
2873 3227 2917 3253 der
2936 3225 3097 3253 Gemeinden
3116 3225 3170 3252 und
3190 3224 3236 3251 deS
3256 3223 3368 3251 Staates
3396 3222 3438 3250 ein

2626 3263 2679 3288 und
2700 3260 2806 3293 erreicht
2826 3258 2969 3293 insgesamt
2989 3257 3065 3287 einen
3088 3257 3274 3298 Kostenbetrag
3295 3262 3347 3284 von
3369 3257 3438 3284 rund

2627 3295 2666 3323 18
2706 3293 2922 3323 Millionen
2954 3292 2999 3328 Fr.
3039 3291 3088 3320 Bei
3129 3296 3173 3319 der
3215 3290 3352 3319 Direktion
3394 3291 3439 3318 des

2625 3328 2734 3362 Innern
2763 3328 2846 3358 haben
2874 3329 2907 3355 50
2929 3329 2991 3358 (von
3020 3325 3165 3360 insgesamt
3183 3326 3245 3356 234)
3275 3324 3439 3352 Gemeinden

2625 3361 2806 3390 Bauarbeiten
2828 3362 2998 3396 angemcldet,
3022 3360 3062 3388 die
3087 3359 3144 3387 eine
3168 3358 3364 3393 Kostensumme
3386 3363 3438 3385 von

2623 3398 2639 3423 6
2655 3396 2800 3424 Millionen
2817 3396 2862 3434 Fr.
2880 3394 3016 3428 erreichen.
3051 3394 3093 3421 Da
3110 3396 3139 3421 es
3157 3393 3201 3427 sich
3218 3400 3263 3420 um
3281 3392 3437 3425 Notstands-

2623 3430 2742 3458 arbeite»
2770 3428 2886 3462 handelt,
2921 3430 3024 3456 werden
3052 3428 3132 3456 Bund
3169 3427 3223 3454 »nd
3250 3425 3358 3454 Kanton
3394 3425 3437 3453 ein

2624 3463 2732 3496 Fünftel
2753 3463 2799 3492 des
2823 3462 3059 3497 Gesamtbetrages,
3081 3462 3136 3494 also
3160 3462 3199 3491 1.2
3220 3459 3368 3488 Millionen
3392 3460 3437 3493 Fr.

2624 3497 2810 3532 übernehmen,
2842 3496 2867 3530 so
2890 3496 2941 3530 daß
2973 3504 3005 3530 z»
3028 3495 3118 3526 Lasten
3141 3496 3185 3522 der
3209 3492 3373 3523 Gemeinde»
3398 3496 3438 3523 4.8

2624 3530 2770 3560 Millionen
2787 3531 2832 3570 Fr.
2850 3530 3008 3558 verbleibe».
3043 3529 3168 3563 Einzelne
3186 3529 3265 3556 unter
3282 3528 3330 3556 den
3349 3527 3437 3559 städti-

2624 3565 2691 3599 sche»
2710 3564 2873 3594 Gemeinden
2889 3564 2972 3596 haben
2991 3563 3047 3597 ihre
3065 3561 3344 3597 Hochbanbedürsniste
3364 3561 3438 3589 einer

2624 3598 2795 3637 gründlichen
2832 3598 3035 3631 Projektierung
3071 3598 3241 3630 unterzogen.
3279 3596 3322 3623 Sa
3361 3596 3438 3627 plant

2625 3633 2814 3667 Zofingen
2834 3632 2939 3661 Bauten
2960 3633 3003 3664 sür
3022 3630 3123 3665 «schul-,
3142 3626 3288 3663 Lusischutz-
3308 3630 3362 3657 und
3373 3630 3439 3657 Vcr-

2625 3666 2853 3702 waltungSzwccke
2872 3666 2909 3694 im
2929 3666 3115 3699 Kostenbetrag
3134 3669 3186 3692 von
3207 3664 3282 3696 mehr
3301 3664 3345 3691 als
3366 3663 3440 3691 einer

2626 3701 2738 3730 Million
2761 3701 2888 3738 Franken.

2676 3734 2744 3769 Auch
2763 3734 2804 3762 die
2823 3734 2961 3762 kantonale
2979 3731 3170 3761 Baudirektion
3189 3731 3252 3763 hilft
3272 3731 3329 3758 mit.
3359 3731 3439 3758 Rund

2625 3768 2667 3797 ein
2710 3768 2802 3803 halbe«
2845 3766 2965 3803 Hundert
3016 3766 3109 3795 Stra
3121 3766 3186 3798 ßen
3199 3765 3235 3792 i»
3247 3765 3292 3796 sta
3304 3772 3320 3792 n
3332 3765 3439 3796 dstel-

2625 3802 2635 3830 l
2645 3810 2662 3830 n
2674 3810 2690 3831 n
2702 3811 2717 3837 g
2727 3806 2740 3831 s
2752 3806 2767 3837 p
2778 3809 2792 3830 r
2803 3810 2817 3830 o
2829 3801 2836 3834 j
2848 3809 2860 3829 e
2871 3802 2881 3829 k
2891 3802 2901 3829 t
2911 3809 2931 3831 e.
2949 3801 3026 3829 deren
3044 3799 3223 3833 Ausführung
3241 3799 3278 3827 im
3297 3798 3438 3831 laufenden

2624 3836 2698 3871 Jahr
2723 3836 2776 3865 »nd
2802 3836 2928 3867 während
2955 3836 2999 3863 des
3023 3835 3125 3868 Jahres
3153 3834 3216 3860 1937
3252 3832 3281 3859 in
3316 3831 3438 3865 Betracht

2625 3871 2691 3902 fällt,
2709 3870 2764 3904 sind
2780 3868 3028 3904 auöfNhrnngsreif.
3045 3867 3193 3901 Außcrdein
3209 3865 3279 3894 tvird
3296 3865 3339 3893 ein
3358 3872 3437 3894 neuer

2623 3905 2718 3932 Aare
2729 3903 2818 3932 über
2830 3910 2924 3938 gang
2951 3901 2992 3930 bei
3012 3896 3105 3930 Aarau
3127 3901 3243 3935 geplant.
3283 3900 3384 3934 Ferner
3406 3898 3437 3933 ist

192 4021 359 4064 Robert
389 4021 771 4073 Glutz-Blotzheim

99 4089 155 4120 an
176 4078 330 4129 Hofrat
349 4079 397 4129 H.
417 4080 575 4129 Meyer
604 4079 648 4118 in
667 4078 859 4118 Weimar

145 4150 195 4178 Ein
213 4150 298 4184 Brief,
316 4149 456 4184 mitgeteilt
473 4150 524 4184 von
541 4150 642 4184 Hugo
659 4148 820 4182 Dietschi

129 4214 227 4243 Robert
256 4213 483 4248 Glutz-Blotzheim
521 4213 551 4247 ist
579 4218 631 4240 von
660 4212 755 4246 feinem
783 4211 888 4245 Lehrer,

77 4254 134 4280 dem
153 4251 287 4287 Professor
305 4252 349 4279 der
368 4251 506 4286 Geschichte
524 4251 591 4280 Karl
608 4250 736 4284 Wilhelm
753 4249 888 4284 Friedrich

75 4290 177 4324 Brcyer
202 4290 231 4318 in
253 4290 399 4323 LandShnt,
423 4290 508 4318 einem
530 4290 615 4322 nahen
639 4288 817 4317 Verwandten
841 4289 887 4314 des

76 4328 254 4364 Philosophen
282 4328 423 4363 Schilling,
451 4328 495 4362 für
520 4327 561 4355 die
588 4326 751 4361 historischen
778 4325 887 4359 Wissen¬

77 4366 185 4401 schaften
206 4366 341 4401 begeistert
362 4368 477 4394 ivorden.
507 4366 558 4394 Die
578 4365 640 4399 erste
661 4364 887 4398 Aufmunterung,

76 4404 117 4433 die
135 4404 282 4439 Schweizer
301 4404 439 4439 Geschichte
458 4404 600 4438 Johannes
618 4408 669 4431 von
687 4402 806 4431 Müllers
823 4401 887 4435 fort-

76 4443 193 4478 zusetzen,
220 4442 315 4476 erhielt
340 4450 369 4470 er
395 4442 458 4470 aber
485 4441 618 4476 anläßlich
645 4441 719 4469 eine«
744 4440 887 4475 zufällige»

77 4481 202 4516 Besuches
227 4481 263 4509 im
287 4480 374 4515 Jahre
400 4482 463 4508 1809
487 4479 515 4508 in
539 4479 633 4514 Zürich
657 4479 708 4512 von
732 4478 887 4512 Johann

77 4519 99 4553 H
109 4527 121 4547 c
133 4519 141 4548 t
154 4527 170 4548 n
181 4526 194 4547 r
206 4519 214 4547 i
225 4519 249 4554 ch
269 4518 292 4553 F
302 4520 318 4547 ü
330 4519 345 4553 ß
356 4519 365 4546 l
376 4518 393 4547 i.
423 4519 477 4547 Der
499 4519 620 4552 Umgang
643 4515 692 4546 mit
714 4517 887 4545 bedeutende»

77 4556 216 4592 Zürchern,
239 4556 288 4585 wie
308 4556 337 4591 I.
358 4557 388 4591 H.
410 4556 500 4591 Füßli,
521 4556 593 4591 Paul
613 4555 704 4589 Ustcri.
724 4554 754 4588 I.
775 4553 804 4588 I.
826 4554 888 4588 Hot-

78 4595 173 4631 tinger,
200 4594 304 4630 Schinz,
331 4595 420 4623 wirkte
447 4595 579 4629 anregend
606 4594 652 4627 ans
680 4593 735 4625 ihn.
779 4592 830 4620 Als
859 4592 888 4620 in

77 4633 229 4668 Solothurn
246 4632 355 4661 bekannt
371 4632 470 4664 wurde.
486 4631 584 4660 Robert
600 4631 673 4665 Glutz
690 4630 749 4665 gehe
766 4629 815 4658 mit
830 4631 887 4658 de»,

77 4671 259 4707 anmaßlichen
281 4671 385 4705 Vorsatz
405 4677 459 4703 um.
479 4670 521 4699 ei»
542 4669 679 4705 Fortsctzer
701 4670 745 4696 des
767 4668 888 4700 berühm¬

78 4711 119 4738 ten
135 4709 417 4744 Geschichtsschreibers
433 4709 575 4743 Johannes
591 4713 641 4735 von
658 4706 760 4735 Müller
776 4713 807 4741 zu
822 4711 888 4734 wer¬

78 4748 135 4780 den.
157 4748 271 4776 crivccktc
294 4749 343 4775 das
366 4747 405 4775 bet
431 4747 516 4782 seinen
538 4746 711 4780 Mitbürgern
734 4745 810 4778 Hohn
834 4745 888 4772 und

79 4786 168 4821 Spott.
195 4786 262 4814 Dies
280 4785 431 4813 verbitterte
447 4785 502 4819 ihm
519 4786 567 4812 de»
584 4783 740 4816 Aufenthalt
759 4782 787 4810 i»
805 4782 888 4816 seiner

78 4824 236 4858 Vaterstadt,
255 4822 333 4857 sodaß
353 4831 380 4851 er
399 4823 443 4857 sich
462 4829 493 4857 zn
512 4822 620 4856 Ansang
639 4822 683 4848 deS
702 4820 804 4854 Jahres
824 4821 888 4847 1815

79 4861 106 4890 in
128 4861 222 4896 Zürich
242 4861 388 4895 ansiedelte.
409 4860 472 4893 Hier
492 4860 634 4888 vollendete
654 4865 681 4886 er
703 4859 750 4886 den
773 4857 888 4891 inhaltS-

79 4900 178 4934 retck-e»
197 4899 277 4928 Band
296 4898 381 4932 seiner
402 4898 555 4932 .Geschichte
576 4898 620 4925 der
639 4895 808 4930 Eidgeiwssen
828 4901 888 4923 vom

78 4938 149 4966 Tode
165 4938 210 4966 des
226 4936 454 4971 Bürgermeisters
471 4936 634 4966 Waldnian»
652 4933 694 4962 bis
712 4941 771 4968 zn»,
788 4933 888 4967 ewigen

78 4976 192 5010 Frieden
214 4974 263 5004 mit
285 4973 455 5009 Frankreich"
476 4974 529 5002 »nd
551 4971 666 5006 übergab
689 4970 734 5004 ihn
757 4972 822 4998 1816
844 4973 888 4998 der

79 5012 291 5049 Oeffentlichkeit.
321 5014 375 5041 Der
395 5012 544 5047 Ausschrist.
566 5011 656 5045 tvelchc
679 5011 727 5038 daS
747 5010 823 5039 Werk
845 5011 889 5037 alS

79 5052 136 5081 eine
151 5050 320 5087 selbständige
335 5049 428 5079 Arbeit
443 5049 584 5084 erscheinen
602 5047 663 5082 ließ,
680 5047 750 5082 hatte
764 5048 809 5075 der
823 5047 889 5076 Dcr-

79 5089 156 5125 saffer
183 5090 231 5117 den
261 5088 369 5123 zweiten
398 5088 469 5117 Titel
498 5086 637 5121 bcigesügt:
681 5086 807 5119 .Johann
837 5091 888 5113 von

79 5128 198 5157 Müller»
219 5127 376 5162 Geschichten
397 5117 622 5159 Schweizerischer
642 5123 889 5158 Eidgenoffenschast

80 5166 183 5200 fünften
209 5164 286 5193 Teil«
312 5165 401 5199 zweite
425 5163 577 5197 Abteilung,
601 5167 653 5190 von
680 5161 778 5190 Robert
805 5162 889 5195 Glutz-

79 5203 246 5240 vlotzhetm."
267 5202 363 5237 Diesen
382 5201 490 5237 zweiten
511 5200 581 5229 Titel
604 5199 699 5233 seinem
719 5200 808 5228 Werke
829 5205 889 5228 vor-

80 5241 196 5278 zusetzen,
213 5241 304 5269 konnte
320 5241 365 5269 der
382 5240 513 5275 Versaster
528 5245 581 5267 nur
597 5238 674 5273 durch
690 5237 731 5266 die
748 5238 889 5274 dringend-

924 3992 976 4026 stcn
991 3992 1193 4027 Vorstellungen
1210 3992 1255 4021 der
1268 3993 1403 4027 Verleger,
1419 3993 1493 4022 Orcll
1508 3993 1589 4028 Füßli
1604 4000 1630 4021 u.
1645 3994 1737 4026 Coinp.

925 4028 953 4058 in
975 4029 1077 4065 Zürich,
1098 4030 1221 4065 bcivogen
1242 4033 1355 4059 iverden.

976 4067 1074 4097 Robert
1090 4068 1162 4102 Glutz
1180 4068 1253 4102 stand
1268 4069 1331 4096 aber
1348 4068 1445 4097 bereits
1462 4069 1490 4097 i»
1506 4069 1660 4102 Solothurn
1676 4069 1737 4104 auch

924 4105 953 4134 in
981 4113 1075 4141 regem,
1102 4105 1234 4141 geistigem
1262 4107 1376 4141 Verkehr
1412 4106 1461 4135 mit
1496 4108 1553 4135 dem
1589 4106 1738 4135 Weimarer

924 4144 1021 4178 Kreise.
1054 4135 1113 4173 Das
1136 4144 1228 4177 erhellt
1251 4147 1303 4172 aus
1327 4144 1413 4173 einem
1436 4145 1536 4179 Briefe,
1560 4145 1604 4173 der
1629 4144 1738 4179 kürzlich

923 4185 975 4209 aus
1008 4181 1181 4216 Deutschland
1216 4182 1439 4217 heimgewandert
1471 4182 1500 4217 ist
1532 4183 1586 4211 und
1620 4183 1668 4211 den
1704 4183 1738 4217 ich

923 4219 1025 4248 meiner
1045 4220 1417 4256 Autvgraphen-Sammlung
1438 4220 1616 4249 einvcrlciben
1638 4222 1737 4249 konnte.

924 4258 980 4286 Der
995 4258 1072 4292 Brief
1091 4259 1161 4292 trägt
1179 4259 1227 4286 das
1244 4259 1345 4287 Datum
1365 4260 1496 4293 .Soloth.,
1513 4262 1553 4288 24.
1571 4259 1638 4294 Jan.
1656 4260 1736 4287 1811"

924 4296 978 4323 und
1003 4296 1073 4328 ivcist
1099 4297 1148 4323 das
1173 4296 1265 4331 Siegel
1291 4297 1336 4325 des
1360 4297 1507 4331 Absenders
1531 4297 1586 4331 ans.
1612 4299 1660 4325 das
1686 4304 1738 4325 von

924 4333 1009 4362 einem
1043 4333 1134 4367 Schild
1167 4336 1319 4369 umrahmte
1351 4335 1545 4370 Monogramm
1579 4337 1600 4365 st
1620 4337 1645 4364 6
1647 4340 1653 4366 .
1686 4340 1738 4363 von

923 4372 1006 4400 unten
1034 4373 1094 4407 nach
1120 4373 1184 4400 oben
1210 4372 1338 4407 diagonal
1374 4374 1539 4408 durchstoßen
1573 4379 1625 4401 von
1652 4374 1737 4401 eine»,

924 4410 1014 4444 Degen
1039 4410 1093 4438 und
1116 4409 1189 4438 einer
1212 4410 1352 4444 Kielfeder,
1376 4411 1443 4439 alles
1467 4411 1594 4446 umgeben
1618 4417 1669 4439 von
1693 4412 1738 4438 der

923 4447 1054 4483 Inschrift
1076 4447 1208 4483 .Freiheit
1228 4450 1282 4476 und
1301 4450 1476 4478 Vaterland".
1495 4449 1556 4478 DaS
1574 4449 1738 4484 Schriftstück

926 4485 957 4519 ist
980 4485 1098 4521 gerichtet
1120 4493 1155 4514 an
1178 4486 1391 4522 .Mvhlgebvhrn
1413 4488 1500 4521 Herrn
1522 4488 1686 4521 Hofrath
1708 4488 1738 4520 H.

926 4524 1071 4557 Meyer,
1101 4523 1224 4553 Direktor
1246 4526 1291 4553 der
1312 4525 1450 4554 Akademie
1473 4526 1501 4553 in
1524 4520 1670 4558 Weimar",
1691 4526 1738 4553 den

925 4565 976 4590 aus
994 4562 1088 4597 Zürich
1108 4562 1284 4597 staninicnden
1303 4564 1410 4597 Freund
1430 4564 1552 4597 Goethes.
1571 4564 1608 4592 Es
1627 4563 1739 4596 eröffnet

926 4601 1026 4634 vorerst
1048 4600 1124 4629 einen
1147 4601 1262 4629 Einblick
1285 4601 1313 4629 in
1337 4603 1386 4629 das
1408 4601 1591 4635 Solothnrner
1615 4602 1738 4635 Thcater-

925 4637 1008 4671 lebcn,
1035 4639 1063 4667 in
1088 4639 1206 4673 welchem
1232 4639 1277 4666 der
1303 4639 1505 4673 Briefschreibcr
1531 4640 1607 4667 einen
1633 4641 1737 4674 vergeb¬

926 4676 1006 4710 lichen
1030 4677 1127 4709 Kamps
1150 4682 1196 4705 »in
1219 4677 1267 4704 de»
1291 4677 1368 4711 gute»
1394 4677 1570 4711 literarischen
1596 4677 1738 4710 Geschmack

925 4714 1021 4749 führte,
1045 4715 1099 4743 und
1124 4714 1270 4742 vermittelt
1303 4716 1374 4743 dann
1410 4715 1575 4749 interessante
1601 4716 1738 4743 nationale

925 4754 979 4780 und
997 4751 1165 4787 weltgeistige
1183 4753 1435 4787 Zusammenhänge.

978 4795 1032 4823 Der
1050 4794 1127 4825 Brief
1147 4794 1239 4823 lautet:

1078 4848 1204 4883 Geehrter
1222 4850 1340 4883 Freund!

977 4896 1028 4924 Sie
1052 4895 1197 4930 verzeihen,
1222 4896 1272 4930 daß
1300 4895 1335 4930 ich
1361 4896 1403 4930 ihr
1429 4899 1498 4933 (sic!)
1525 4898 1652 4931 Geehrtes
1677 4901 1736 4924 vom

925 4935 949 4961 2.
965 4934 1076 4962 Oktober
1092 4934 1140 4966 erst
1159 4933 1184 4967 so
1201 4934 1255 4967 spät
1272 4934 1441 4962 beantworte.
1459 4935 1506 4970 Ich
1523 4940 1581 4963 war
1598 4935 1654 4963 eine
1670 4935 1737 4969 Zeit-

927 4973 991 5006 lang
1013 4971 1166 5007 beschäftigt,
1188 4973 1235 4999 den
1259 4972 1373 5007 Katalog
1395 4973 1501 5007 unserer
1523 4973 1672 5005 Bibliothek
1694 4974 1737 5000 ab-

925 5010 1095 5045 zuschrciben,
1114 5010 1167 5038 und
1185 5016 1230 5038 um
1249 5010 1306 5038 dies
1325 5012 1524 5045 unangenehme
1542 5011 1657 5046 Geschäft
1677 5012 1736 5038 bald

926 5053 987 5076 vom
1003 5048 1080 5083 Halse
1096 5055 1127 5083 zu
1142 5046 1234 5081 haben,
1251 5047 1304 5082 ließ
1322 5047 1357 5083 ich
1372 5049 1439 5077 alle«
1455 5048 1548 5083 liegen.
1565 5049 1632 5078 Dies
1649 5048 1679 5083 ist
1695 5049 1737 5077 ei»

925 5084 1022 5114 Grund
1045 5085 1146 5115 meiner
1166 5085 1334 5120 verzögerten
1356 5086 1491 5120 Antwort;
1515 5088 1560 5115 der
1580 5087 1676 5115 andere
1699 5085 1738 5120 ist,

926 5122 962 5158 ich
978 5124 1116 5153 crivartcte
1130 5124 1171 5152 die
1186 5123 1271 5159 Musik
1285 5129 1337 5152 von
1354 5124 1423 5159 Jery
1439 5125 1493 5153 und
1508 5124 1604 5159 Bätely
1620 5126 1674 5153 und
1691 5124 1736 5152 bin

926 5161 955 5190 in
973 5161 1018 5191 der
1034 5162 1086 5191 Tat
1104 5162 1171 5197 froh,
1190 5162 1221 5196 sie
1247 5161 1340 5197 nicht
1364 5162 1483 5197 erhalten
1500 5171 1532 5197 zu
1551 5162 1642 5197 haben.
1659 5163 1736 5191 Denn

925 5199 997 5234 schon
1014 5200 1065 5229 mit
1082 5199 1190 5235 Anfang
1200 5200 1357 5234 September
1374 5200 1467 5235 schrieb
1485 5201 1521 5235 ich
1538 5201 1644 5235 unserer
1654 5200 1737 5235 Thea-

926 5237 1063 5273 tralischen
1083 5237 1244 5273 Gesellschaft
1264 5237 1313 5266 den
1334 5238 1520 5274 Scheidebrief,
1540 5239 1595 5267 und
1614 5240 1666 5267 auS
1688 5238 1737 5273 sol-

1775 3993 1875 4028 genden
1899 3993 2038 4022 Gründen.
2060 3993 2129 4027 Jene
2152 3992 2277 4028 Parthey.
2299 3990 2349 4020 mit
2373 3991 2481 4025 ivclchcr
2504 3990 2539 4023 ich
2562 3990 2588 4025 so

1774 4030 1827 4059 viel
1849 4031 1986 4067 gekämpft,
2007 4032 2061 4059 und
2083 4030 2172 4065 welche
2193 4037 2246 4059 nur
2268 4028 2587 4064 Kotzebucisch-Schikanc-

1774 4068 1899 4105 dcrischeS
1922 4069 1976 4097 und
1999 4069 2059 4104 noch
2081 4069 2238 4103 schlechteres
2261 4068 2331 4103 Zeng
2353 4067 2449 4099 wollte,
2471 4067 2516 4101 hat
2538 4069 2585 4095 de»

1775 4107 1843 4142 Sieg
1863 4108 1949 4137 davon
1972 4108 2104 4143 getragen,
2127 4107 2162 4142 ich
2191 4106 2312 4140 mußte
2342 4105 2423 4134 leider
2444 4105 2504 4140 »och
2526 4106 2586 4133 mit¬

1774 4146 1870 4180 helfen.
1905 4145 2037 4175 Armut
2070 4146 2140 4173 und
2175 4143 2359 4178 Edelst»n
2393 4143 2499 4178 spielen,
2524 4144 2587 4172 aber

1775 4184 1847 4212 dann
1871 4184 1936 4217 hatt'
1958 4183 1993 4219 ich
2016 4183 2057 4212 die
2080 4184 2161 4217 Sache
2183 4183 2240 4217 satt.
2264 4181 2322 4211 Wie
2345 4184 2417 4210 wäre
2440 4189 2496 4210 nun
2520 4181 2586 4216 Jery

1775 4222 1829 4250 und
1851 4222 1947 4256 Bätely
1971 4222 1998 4250 in
2021 4222 2102 4256 dieser
2124 4220 2284 4256 Gesellschaft
2305 4220 2372 4254 nicht
2394 4220 2496 4255 entehrt
2518 4226 2586 4249 wor-

1775 4260 1834 4288 dcn!
1856 4261 1900 4289 Da
1921 4260 1957 4293 ich
1980 4259 2248 4294 nichtsdestoweniger
2268 4259 2324 4287 eine
2346 4259 2513 4293 Sammlung
2534 4265 2585 4286 von

1775 4298 1875 4327 kleine»
1893 4298 2052 4333 Lustspielen
2071 4298 2155 4332 haben
2173 4297 2275 4331 möchte,
2295 4298 2366 4325 wäre
2377 4297 2412 4330 ich
2423 4296 2503 4329 ihnen
2517 4297 2584 4332 (sic!)

1776 4336 1834 4370 sehr
1849 4337 2010 4369 verbunden,
2027 4342 2103 4365 wen»
2120 4336 2169 4365 Sic
2188 4334 2241 4364 mir
2256 4333 2391 4370 anzeigen.
2407 4340 2449 4363 wo
2467 4334 2507 4362 die
2524 4335 2585 4365 drey

1775 4374 1876 4403 Stücke:

1979 4413 2034 4441 Der
2055 4414 2127 4447 kurze
2147 4412 2261 4443 Roman.

1979 4450 2054 4480 Liebe
2074 4452 2128 4478 und
2148 4449 2306 4485 Geheimnis
2328 4451 2382 4477 »nd

1980 4490 2074 4524 Scherz
2092 4488 2146 4517 und
2164 4488 2241 4522 Ernst
2259 4492 2311 4516 von
2329 4487 2402 4516 Stoll

1776 4553 1890 4586 gedruckt
1915 4553 1996 4588 seyen.
2022 4565 2054 4571 —
2079 4551 2127 4587 Ich
2153 4552 2222 4586 hatte
2249 4551 2315 4585 nicht
2342 4550 2382 4578 die
2408 4551 2484 4584 Ehre.
2511 4551 2585 4578 Mad.

1775 4595 1798 4618 v.
1824 4590 1976 4625 Wollzogen
2008 4591 2133 4625 ivährend
2169 4589 2239 4622 ihres
2272 4588 2445 4623 Aufenthalts
2479 4588 2507 4616 in
2541 4588 2586 4615 der

1776 4628 1894 4664 Schweiz
1915 4637 1947 4664 zu
1970 4628 2051 4663 sehen.
2074 4628 2121 4662 Ich
2144 4628 2230 4656 wollte
2252 4626 2368 4661 anfangs
2392 4626 2501 4655 Oktober
2525 4625 2585 4659 nach

1775 4667 1897 4701 Bvcrdon
1921 4666 2014 4701 reise»,
2036 4667 2097 4694 aber
2121 4664 2248 4700 schlechtes
2271 4665 2369 4693 Wetter
2392 4662 2524 4693 vereitelte
2546 4662 2585 4690 die

1776 4703 1859 4738 Reise;
1884 4705 1946 4738 auch
1970 4704 2098 4738 vernahm
2123 4704 2165 4738 ich.
2197 4703 2273 4731 Mad.
2297 4709 2320 4731 v.
2347 4703 2497 4737 Wollzogen
2522 4701 2585 4734 habe

1775 4742 1898 4777 Pverdon
1921 4742 1992 4777 schon
2013 4742 2147 4776 verlassen.
2169 4740 2216 4776 Ich
2238 4740 2335 4775 ersuche
2358 4740 2416 4770 Sic,
2438 4739 2480 4774 ihr
2500 4746 2585 4767 mcinc

1776 4780 1905 4815 höflichste
1927 4780 2105 4816 Empfehlung
2125 4777 2314 4820 auSzurichten.
2337 4792 2368 4797 —
2391 4776 2511 4812 Obgleich
2533 4775 2585 4805 wir

1776 4818 1833 4852 hier
1858 4819 1895 4847 tm
1919 4819 2065 4853 Hauptvrtc
2090 4818 2134 4846 der
2158 4818 2273 4852 Schweiz
2297 4818 2350 4845 n»S
2375 4816 2504 4850 befinde»,
2531 4814 2584 4849 gibt

1775 4859 1804 4884 eS
1829 4858 1887 4890 doch
1914 4856 2000 4891 wenig
2027 4856 2120 4885 Neues.
2165 4853 2259 4889 Einige
2285 4853 2424 4888 versichern
2451 4852 2479 4881 i»
2506 4852 2583 4881 allein

1775 4895 1875 4928 Ernste,
1895 4894 2019 4928 Berthier
2037 4895 2122 4924 werde
2141 4892 2301 4927 beständiger
2319 4891 2521 4921 Landaminann
2540 4891 2584 4918 der

1775 4932 1900 4968 Schweiz.
1923 4947 1953 4951 —
1974 4932 2098 4967 Mousso»
2119 4932 2186 4967 sagte
2205 4930 2336 4965 unlängst,
2356 4929 2386 4958 A.
2406 4930 2446 4958 W.
2466 4929 2583 4963 Schlegel

1777 4970 1815 5004 sey
1844 4971 1888 5002 bei,
1917 4971 1972 5005 ihm
2000 4971 2028 4999 i»
2056 4972 2128 5000 Bern
2158 4970 2278 5004 gewesen,
2305 4975 2392 5002 wegen
2419 4966 2512 5000 Pässen
2541 4966 2584 4999 sür

1776 5007 1816 5037 die
1836 5010 1911 5038 Mad.
1932 5009 2012 5038 Stack
2033 5010 2086 5037 und
2106 5009 2151 5043 ihn
2170 5008 2229 5041 nach
2248 5005 2446 5035 Nordamerika.
2465 5005 2501 5033 Er
2521 5004 2584 5040 habe

1776 5047 1832 5081 ihm
1857 5048 2033 5083 versprochen,
2061 5047 2108 5081 ihn
2133 5046 2171 5076 im
2195 5045 2340 5081 Frühjahr,
2365 5049 2442 5072 wenn
2469 5051 2497 5071 er
2523 5042 2585 5074 nach

1775 5085 1897 5114 Amerika
1920 5084 1993 5120 reise,
2016 5085 2044 5113 in
2067 5084 2219 5118 Solothurn
2242 5081 2441 5116 heimzusuchen.
2482 5080 2585 5112 Diesem

1775 5122 1846 5157 fügte
1863 5123 2013 5157 M(o»sion)
2033 5123 2087 5157 bey,
2104 5130 2166 5151 man
2185 5120 2280 5156 spreche
2299 5120 2364 5154 stark
2381 5120 2475 5150 davon.
2494 5118 2524 5147 A.
2543 5117 2584 5147 W.

1775 5160 1895 5197 Schlegel
1914 5162 1999 5190 werde
2019 5160 2062 5195 sich
2080 5160 2129 5189 mit
2147 5160 2222 5190 Mad.
2241 5159 2321 5187 Stack
2341 5157 2534 5192 verhcirathen.
2554 5169 2585 5175 —

1775 5198 1833 5228 Und
1850 5199 1900 5229 wie
1917 5200 1974 5235 geht
1990 5201 2018 5227 e»
2034 5199 2126 5234 Ihnen
2144 5198 2171 5227 in
2190 5197 2324 5227 Weimar?
2341 5195 2454 5224 Werden
2472 5194 2585 5223 Winkel-

1775 5239 1876 5266 mann»
1893 5237 1982 5267 Werke
1998 5237 2223 5272 ununterbrochen
2242 5233 2395 5272 sortgesetzt?
2413 5233 2526 5263 Werden
2544 5232 2586 5262 W.

2623 3989 2748 4025 Meisters
2784 3987 2978 4023 Manderjahre
3013 3988 3075 4015 bald
3111 3985 3263 4020 erscheinen,
3299 3986 3353 4012 und
3391 3985 3435 4012 der

2624 4030 2718 4063 zweytc
2738 4027 2816 4062 Thcil
2836 4032 2887 4055 von
2909 4026 2957 4055 Dr.
2979 4025 3075 4061 Faust?
3098 4038 3127 4044 —
3149 4023 3200 4052 Die
3220 4023 3436 4056 Beantivortnng

2624 4065 2706 4101 dieser
2723 4067 2828 4102 Fragen
2847 4065 2910 4100 liegt
2928 4065 2983 4093 mir
3000 4064 3056 4098 sehr
3074 4070 3117 4091 am
3137 4063 3246 4097 Herze»,
3267 4062 3365 4088 könne»
3385 4059 3436 4089 Sie

2624 4105 2678 4133 mir
2697 4105 2779 4133 etwas
2799 4104 2912 4131 darüber
2932 4103 3025 4137 sagen?

2674 4145 2766 4175 Meine
2797 4146 2926 4181 höflichste
2957 4143 3135 4180 Empfehlung
3165 4142 3249 4177 Ihrer
3280 4140 3434 4175 Gemahlin.

2624 4186 2705 4214 Leben
2728 4184 2778 4214 Sie
2801 4183 2866 4218 recht
2889 4183 2960 4218 wohl
2982 4184 3036 4211 und
3058 4182 3152 4210 denken
3175 4180 3225 4209 Sic
3247 4178 3375 4214 zuweilen
3399 4186 3434 4205 a»

2624 4223 2712 4258 Ihren
2734 4221 2906 4257 aufrichtigen

3111 4258 3141 4286 ».
3163 4255 3400 4292 Glutz-Blotzheim.

2676 4319 2702 4345 ?.
2714 4319 2737 4345 8.
2772 4315 2833 4349 Fast
2861 4315 2930 4348 hätte
2967 4314 3002 4348 ich
3036 4314 3077 4341 die
3112 4311 3270 4347 Hauptsache
3297 4310 3436 4345 vcrgcsic».

2623 4354 2715 4387 Ihnen
2741 4361 2773 4387 zn
2800 4353 2885 4387 sagen,
2911 4353 2962 4385 daß
2989 4352 3024 4385 ich
3051 4351 3091 4379 die
3116 4351 3208 4384 Opern
3234 4350 3353 4383 erhalte»
3382 4349 3436 4376 und

2623 4393 2714 4427 Ihne»
2733 4392 2813 4425 dasür
2832 4391 2896 4424 recht
2913 4390 2999 4418 vielen
3017 4390 3092 4418 Dank
3108 4388 3221 4423 schuldig
3238 4387 3301 4422 sey."

2674 4435 2729 4462 Der
2756 4433 2922 4467 vorstehende
2948 4431 3026 4464 Brief
3052 4430 3172 4465 erheischt
3199 4429 3286 4464 einige
3313 4430 3435 4458 Erläute¬

2624 4479 2734 4506 rungen.
2755 4471 2806 4501 Die
2825 4470 2952 4505 Abschrift
2973 4471 3017 4498 des
3037 4468 3320 4502 Bibliothckkatalvges
3339 4468 3437 4495 erklärt

2625 4510 2669 4544 sich
2689 4509 2808 4542 dadurch,
2828 4508 2878 4542 daß
2899 4508 2972 4542 Glutz
2991 4507 3034 4536 ein
3054 4506 3218 4541 tatkräftiger
3241 4505 3370 4541 Förderer
3391 4506 3436 4532 der

2623 4546 2847 4580 Stadtbibliothck
2873 4552 2931 4574 war
2959 4547 3012 4574 und
3038 4545 3114 4580 durch
3142 4544 3209 4579 seine
3238 4542 3360 4577 Mithilfe
3386 4543 3436 4573 erst

2623 4586 2757 4620 eigentlich
2787 4585 2833 4612 der
2861 4584 2957 4612 Grund
2995 4583 3039 4617 sür
3068 4584 3146 4611 deren
3176 4581 3329 4617 gedeihliche
3358 4582 3435 4616 Fort-

2623 4623 2793 4657 entioicklung
2822 4623 2903 4656 gelegt
2934 4622 3032 4650 wurde.
3071 4622 3135 4648 1808
3173 4620 3299 4654 gründete
3337 4628 3366 4648 er
3396 4620 3437 4647 die

2621 4661 2788 4695 Literarische
2804 4659 2973 4694 Gesellschaft,
2988 4660 3052 4687 1809
3070 4659 3126 4687 eine
3144 4657 3350 4692 .Theatralische
3365 4657 3436 4687 Lieb-

2622 4698 2881 4733 hnbergesellsehast".
2898 4696 3003 4732 Letztere
3022 4697 3108 4730 führte
3126 4696 3175 4725 mit
3193 4695 3318 4724 Vorliebe
3337 4695 3436 4730 Schau-

2624 4737 2701 4770 spiele
2718 4743 2769 4765 von
2786 4737 2808 4765 K
2819 4744 2833 4763 o
2844 4737 2859 4769 tz
2870 4743 2882 4763 e
2892 4736 2907 4763 b
2918 4743 2935 4763 u
2946 4743 2958 4763 c
2976 4736 3031 4768 aus.
3049 4736 3093 4762 der
3112 4741 3143 4769 zu
3161 4735 3233 4769 jener
3250 4734 3309 4768 Zeit
3327 4742 3361 4762 an
3379 4738 3436 4762 vcr-

2625 4773 2767 4809 schiedene»
2800 4772 3013 4808 schweizerischen
3045 4771 3295 4806 Licbhnberbühnen
3330 4772 3358 4800 in
3391 4776 3435 4800 der

2622 4813 2702 4841 Mode
2725 4818 2790 4840 war.
2822 4800 2872 4840 Die
2896 4809 2981 4845 seichte
3004 4810 3057 4839 und
3080 4810 3177 4844 frivole
3199 4809 3276 4842 Muse
3299 4810 3436 4843 KotzebneS

2623 4850 2713 4884 scheint
2733 4850 2796 4878 aber
2817 4849 2915 4877 Robert
2935 4849 3008 4882 Glutz
3029 4848 3118 4882 ebenso
3138 4847 3226 4882 wenig
3246 4847 3385 4882 befriedigt
3405 4855 3435 4882 zu

2621 4888 2704 4920 haben
2737 4885 2787 4916 wie
2819 4885 2947 4921 diejenige
2981 4887 3026 4914 de?
3058 4885 3167 4914 Wiener
3197 4885 3436 4921 LustspieldtchterS

2621 4925 2887 4961 Schikaneder,
2912 4925 2956 4952 der
2981 4925 3089 4958 Mozart
3114 4925 3161 4952 de»
3187 4924 3252 4956 Text
3278 4930 3324 4958 zur
3352 4924 3436 4958 .Zau-

2622 4965 2746 4998 berflöte"
2773 4962 2929 4995 beisteuerte.
2962 4962 3049 4994 Schon
3072 4969 3116 4990 am
3140 4964 3162 4990 8.
3187 4961 3345 4995 September
3371 4964 3435 4989 1810

2622 5001 2715 5038 schrieb
2739 5002 2818 5034 daher
2843 5001 2915 5035 Glutz
2938 5007 2974 5028 a»
2999 5000 3039 5028 die
3061 5006 3112 5028 von
3139 4999 3193 5033 ihm
3218 5000 3263 5027 t»S
3288 5001 3370 5028 Leben
3396 5006 3436 5035 ge¬

2622 5042 2714 5074 rufene
2737 5038 2898 5073 Gesellschast
2919 5038 2968 5066 den
2990 5037 3166 5072 Absagebrief.
3190 5036 3258 5066 DicS
3282 5038 3383 5072 geschah
3407 5039 3436 5066 in

2622 5079 2704 5115 Form
2722 5078 2794 5107 einer
2811 5076 2958 5111 gedruckten
2979 5076 3170 5110 .Erklärung",
3186 5076 3263 5109 durch
3282 5076 3323 5104 die
3341 5082 3369 5104 er
3386 5077 3435 5104 den

2622 5117 2796 5152 Mitgliedern
2816 5113 2902 5148 seinen
2922 5113 3042 5142 Austritt
3061 5114 3171 5142 bekannt
3191 5114 3249 5148 gab.
3268 5114 3319 5141 Als
3338 5115 3435 5142 Grund

2623 5155 2672 5191 gab
2694 5163 2721 5183 er
2741 5161 2775 5183 an
2797 5152 2838 5181 die
2859 5152 2937 5186 Wahl
2958 5153 3002 5180 der
3024 5152 3251 5185 anfzusührenden
3273 5152 3370 5180 Stücke,
3394 5154 3435 5181 die

2623 5195 2668 5222 der
2689 5193 2756 5226 Ehre
2774 5193 2818 5219 der
2839 5189 2999 5225 Gesellschast
3019 5189 3159 5225 nachteilig
3179 5190 3221 5222 sei.
3244 5190 3347 5224 .Jenen
3367 5191 3435 5219 Mit-

2623 5232 2740 5269 gliedern
2759 5231 2804 5259 der
2822 5228 2991 5266 Gesellschaft,
3009 5234 3061 5257 von
3079 5228 3162 5257 denen
3181 5235 3244 5257 man
3261 5229 3384 5264 Bildung
3402 5236 3434 5265 zu
