3871 5551
180 141 275 201 Nr.
306 142 425 206 236
476 162 502 200 S

1538 154 1966 230 Neunundsechzigster
2002 160 2242 233 Jahrgang.
2746 167 3048 244 Samstag,
3084 171 3182 235 24.
3218 171 3453 247 August
3486 171 3654 236 1889.

175 260 1002 671 Neue
1054 254 3687 825 Zürcher-Zeitung

1255 807 1400 964 und
1446 819 2005 986 schweizerisches
2054 822 2598 998 Handelsblatt.

332 795 845 830 Abonnementspreise.

779 835 792 855 3
801 834 898 856 Monate.
922 836 935 856 6
944 835 1039 859 Monate.

132 850 236 877 Zürich
249 856 319 879 (wenn
334 856 368 878 die
383 856 477 885 Zeitung
491 857 587 885 abgeholt
601 859 664 882 wird)
701 874 707 881 .
735 874 742 881 .
769 859 804 887 Fr.
820 862 885 883 4.50
912 861 951 888 Fr.
977 864 1040 885 8.50

134 879 255 908 Schweiz
271 883 398 910 (Bestellung
415 884 468 905 beim
483 884 628 912 Postbureau)
628 884 645 912 .
645 884 691 912 .
691 884 724 912 .
724 884 769 912 .
769 884 809 912 „
809 884 884 912 6.—
926 904 937 914 „
968 891 1037 911 11.—

192 908 221 930 do
275 910 321 931 (mit
334 911 405 939 Bezug
420 915 483 934 unter
494 912 658 939 Privatadresse)
698 930 705 937 .
734 931 740 941 .
782 917 791 941 „
822 917 884 939 7.50
924 931 935 942 „
965 918 1036 938 14.—

141 934 320 962 Deutschland
345 939 474 966 (Bestellung
495 941 550 963 beim
564 942 667 966 Postamt)
700 958 705 964 .
735 959 740 964 .
763 942 807 966 Mk.
822 945 882 967 6.25

138 960 428 993 Oesterrerich-Ungarn
448 968 510 992 (Best.
525 969 546 991 b.
562 968 666 994 Postamt)
700 968 722 995 fl.
737 969 756 991 ö.
772 969 804 992 W.
820 972 883 993 4.82

134 988 228 1018 Uebrige
238 992 330 1015 Staaten
346 993 383 1014 des
398 993 643 1018 Weltpostvereins
658 1012 663 1017 .
692 1012 697 1018 .
725 1011 732 1017 .
760 996 797 1023 Fr.
809 998 882 1019 11.50
909 998 946 1024 Fr.
961 1001 1032 1021 22.—

2983 831 3185 867 Inserate
3208 835 3275 865 und
3301 835 3525 869 Reklamen

2810 868 2890 890 werden
2903 874 3050 898 angenommen
3064 876 3106 893 von
3121 872 3256 898 sämmtlichen
3271 874 3369 902 Bureaux
3382 878 3417 898 der
3430 877 3695 909 Aktiengesellschaft

2830 896 2941 930 Schweiz.
2953 898 3202 929 Annoncenbureauz
3216 908 3266 930 von
3278 903 3347 931 Orell
3360 905 3434 938 Füßli
3447 905 3467 933 &
3481 906 3527 934 Co.
3541 907 3568 935 in
3579 907 3671 943 Zürich,

2808 929 2876 956 Basel,
2900 932 2964 956 Bern,
2986 934 3050 961 Chur,
3075 936 3181 967 Freiburg,
3201 938 3264 965 Genf,
3283 939 3408 968 Heidelberg,
3433 940 3561 966 Interlaken,
3583 943 3694 972 Konstanz,

2807 956 2920 986 Lausanne,
2941 961 3031 988 London,
3053 964 3137 992 Luzern,
3164 965 3273 990 Mailand,
3299 965 3433 995 Mülhausen,
3457 968 3493 992 St.
3515 969 3597 996 Gallen,
3623 969 3693 996 Vivis,

3152 992 3285 1020 Winterthur
3303 1000 3329 1019 rc.
3347 1001 3372 1017 rc.

2943 1027 3263 1068 Redaktiansbureau:
3282 1032 3433 1068 Brunngasse
3452 1036 3498 1063 Nr.
3518 1036 3543 1063 2.

158 1097 219 1148 Die
239 1099 426 1152 bürgerliche
446 1100 555 1153 Schule
575 1102 616 1145 im
637 1102 764 1152 Kanton
784 1104 838 1148 St.
859 1105 984 1149 Gallen.

368 1168 405 1202 (8
425 1167 503 1198 Korr,
521 1177 582 1199 vom
600 1170 645 1200 20.
663 1170 787 1207 August.)

215 1168 266 1208 Ist
306 1169 350 1203 die
385 1170 558 1212 bürgerliche
596 1172 702 1213 Schule
741 1174 786 1207 ein
822 1174 923 1215 Objekt
958 1176 1007 1209 des

147 1212 381 1256 Kompromisses
403 1216 453 1256 für
477 1216 519 1249 die
542 1216 661 1250 liberale
683 1218 786 1259 Partei
809 1220 840 1252 in
864 1221 914 1253 den
927 1221 1006 1261 künf¬

148 1258 227 1298 tigen
252 1260 774 1305 Verfassungsraths-Berathungen?
809 1264 891 1304 Diese
914 1266 1007 1307 Frage

145 1303 245 1343 dürfte
268 1305 346 1346 wohl
371 1306 430 1338 eine
453 1308 500 1339 der
523 1307 692 1348 wichtigsten
714 1309 782 1346 sein,
798 1310 881 1342 deren
896 1310 1007 1351 Lösung

146 1348 192 1379 die
215 1350 344 1390 nächsten
367 1350 489 1391 Wochen
511 1351 632 1393 bringen
656 1353 771 1394 müssen.
798 1355 868 1387 Das
888 1355 1007 1388 liberale

145 1393 325 1434 Programm
351 1396 461 1436 enthält
484 1406 522 1430 an
546 1398 594 1430 der
616 1398 709 1439 Spitze
733 1401 781 1431 der
803 1399 950 1439 Postulate
966 1401 1005 1433 im

146 1438 270 1477 Kapitel
293 1441 454 1483 Erziehung
477 1442 508 1474 in
530 1443 628 1483 kurzen
663 1444 787 1482 knappen
810 1444 932 1478 Worten
955 1446 1006 1478 den

145 1483 175 1520 so
198 1485 353 1525 ungemein
383 1486 529 1527 wichtigen
551 1487 836 1528 Programmpunkt:
885 1491 1006 1528 „Bür¬

147 1530 339 1569 gerliche
386 1531 678 1572 Volksschule.
746 1533 879 1589 Jede
879 1533 1006 1589 poli-

145 1573 273 1612 tische
312 1575 543 1610 Gemeinde
585 1578 657 1617 hat
703 1578 795 1612 eine
835 1580 1006 1621 bürger¬

203 1618 234 1657 liche
257 1620 758 1663 Primarschulgemeinde
779 1634 821 1664 zu
844 1625 1002 1658 bilden."

211 1663 271 1701 Im
317 1664 481 1706 bisherigen
527 1666 775 1707 Revisionskampf
815 1670 911 1702 wurde
956 1670 1004 1702 als

143 1707 262 1747 schönste
298 1710 462 1743 Standarte
496 1711 538 1743 die
577 1711 766 1752 „bürgerliche
788 1713 911 1752 Schule"
939 1720 1004 1747 vor¬

143 1756 318 1795 angetragen
333 1766 342 1795 ;
366 1765 435 1787 man
459 1756 523 1795 darf
545 1756 624 1796 wohl
639 1757 731 1797 sagen,
756 1758 813 1798 daß
835 1768 896 1799 zum
918 1762 1003 1800 guten

142 1797 246 1836 Theile
269 1800 322 1839 auf
344 1800 445 1839 diesem
467 1801 570 1834 Boden
592 1802 641 1834 der
663 1802 772 1842 Kampf
806 1804 934 1843 zwischen
956 1806 1003 1837 der

143 1842 286 1877 liberalen
310 1845 369 1877 und
386 1847 434 1877 der
446 1846 887 1886 ultramontan-demokratischen
902 1850 1003 1890 Partei

141 1889 342 1929 ausgefochten
366 1892 472 1923 wurde.
517 1891 575 1924 Die
604 1891 723 1924 liberale
747 1892 849 1934 Partei
872 1894 904 1935 ist
929 1894 1002 1934 nicht

140 1932 254 1974 besiegt,
278 1937 339 1967 und
362 1936 397 1975 sie
420 1936 455 1976 ist
478 1936 509 1967 in
531 1936 617 1975 dieser
639 1937 734 1978 Frage
755 1947 805 1970 um
830 1939 858 1978 so
880 1940 1003 1981 weniger

141 1977 255 2019 besiegt,
284 1981 332 2012 als
355 1981 456 2021 gerade
477 1980 521 2013 bei
545 1982 593 2014 der
619 1981 810 2023 bürgerlichen
834 1984 940 2018 Schule
962 1985 1002 2017 im

142 2023 368 2062 entscheidenden
400 2025 582 2066 Augenblicke
616 2026 662 2058 ein
695 2027 781 2066 Theil
803 2028 1002 2066 Demokraten,

140 2068 282 2108 vielleicht
304 2070 428 2112 weniger
462 2071 502 2103 im
535 2071 805 2113 Verfassungsrath,
841 2075 888 2106 als
910 2076 1003 2114 später

142 2113 180 2145 im
206 2114 297 2147 Volke
331 2117 384 2148 den
418 2115 649 2156 tonangebenden
671 2117 805 2155 Führern
839 2119 882 2151 die
915 2120 1002 2159 Heer¬

139 2158 216 2199 folge
240 2161 373 2201 versagen
400 2161 482 2193 wird.

213 2201 279 2233 Und
303 2202 368 2239 doch
392 2201 504 2241 machen
528 2201 579 2241 sich
602 2206 658 2234 aus
681 2203 729 2235 der
762 2203 854 2236 Mitte
887 2206 936 2237 der
959 2206 1004 2238 Li¬

139 2243 261 2278 beralen
296 2247 396 2287 gerade
429 2246 486 2288 jetzt
522 2246 625 2279 wieder
655 2247 804 2280 Stimmen
838 2250 911 2285 laut,
935 2259 1004 2283 man

142 2290 233 2330 müsse
256 2291 288 2323 in
311 2293 360 2324 der
393 2292 488 2332 Frage
521 2292 570 2323 der
603 2292 794 2332 bürgerlichen
825 2293 931 2333 Schule
953 2296 1003 2335 sich

141 2335 311 2377 nachgiebig
331 2336 435 2378 zeigen,
461 2337 517 2368 und
543 2340 573 2369 es
596 2337 697 2377 rathen
728 2342 786 2371 uns
809 2339 905 2377 unsere
929 2341 1002 2378 poli¬

139 2379 243 2419 tischen
282 2382 415 2420 Freunde
453 2382 611 2421 außerhalb
651 2386 698 2414 des
736 2382 882 2420 Kantons,
917 2385 1003 2424 dieses

139 2424 280 2464 Postulat
312 2436 378 2467 zum
414 2426 605 2467 Gegenstande
640 2428 687 2459 des
722 2428 947 2470 Kompromisses
968 2441 1003 2471 zu

140 2471 257 2509 machen
281 2473 341 2504 und
365 2474 449 2504 unter
471 2472 643 2510 Umständen
667 2481 737 2512 ganz
760 2482 793 2513 zu
818 2474 927 2513 opfern.

215 2516 274 2549 Die
299 2517 431 2558 Letzteren
454 2517 605 2555 vertrösten
630 2521 688 2549 uns
711 2518 826 2556 darauf,
850 2520 896 2552 der
915 2520 1005 2552 Bund

143 2561 238 2592 werde
272 2563 309 2593 da
343 2561 423 2600 schon
456 2561 564 2594 einmal
596 2562 743 2603 Ordnung
774 2563 896 2603 schaffen.
944 2565 1005 2598 Der

144 2605 232 2645 Trost
257 2607 290 2644 ist
315 2606 360 2639 ein
383 2606 547 2646 schwacher;
583 2607 632 2645 seit
665 2607 798 2648 fünfzehn
821 2608 936 2649 Jahren
960 2611 999 2642 be¬

142 2650 237 2690 stehen
285 2652 315 2683 in
355 2652 467 2691 unserm
509 2651 627 2684 Kanton
670 2652 998 2694 bundesverfas¬

142 2695 482 2737 sungswidrige
504 2695 666 2735 Zustände;
699 2698 756 2729 wir
777 2699 838 2737 sind
860 2699 908 2738 seit
931 2701 1004 2739 weiß

144 2739 220 2772 Gott
243 2743 298 2774 wie
320 2742 378 2774 viel
400 2741 517 2781 Jahren
541 2743 599 2773 und
623 2742 675 2774 wie
705 2742 763 2774 viel
784 2743 857 2775 Mal
893 2745 1003 2786 „einge¬

142 2786 264 2822 laden",
290 2786 394 2825 endlich
419 2786 501 2823 unser
517 2785 697 2825 Schulwesen
722 2787 775 2819 mit
798 2788 846 2821 der
869 2788 1002 2822 Bundes¬

139 2831 304 2871 verfassung
340 2832 371 2864 in
406 2831 546 2871 Einklang
581 2841 615 2871 zu
646 2831 773 2872 bringen.
820 2832 887 2866 Wir
911 2834 1001 2874 haben

141 2875 242 2916 bisher
266 2876 309 2908 die
333 2876 501 2915 Einladung
523 2876 647 2908 dankend
669 2876 794 2916 ignorirt
829 2879 886 2910 und
921 2880 1002 2912 dabei

141 2920 174 2956 ist
199 2925 230 2953 es
255 2921 408 2963 geblieben.
456 2920 532 2958 Nach
556 2921 736 2960 unendlichen
754 2921 908 2962 Kämpfen,
932 2925 998 2964 nach

143 2965 338 3007 Erschöpfung
373 2966 446 2998 aller
483 2966 652 2998 kantonalen
687 2967 746 2998 und
779 2968 999 3009 eidgenössischen

143 3009 313 3051 Instanzen,
337 3010 407 3050 nach
431 3011 560 3048 endlosen
582 3011 746 3043 Trölereien
769 3013 817 3044 der
840 3013 1001 3047 ultramon¬

145 3057 230 3091 tanen
244 3056 358 3097 Gegner
383 3056 418 3094 ist
442 3060 471 3087 es
495 3054 637 3095 einzelnen
650 3055 821 3088 Gemeinden
851 3058 999 3100 gelungen,

144 3100 192 3139 sich
217 3101 261 3134 die
285 3100 459 3141 bürgerliche
482 3100 590 3138 Schule
612 3109 647 3140 zu
671 3102 828 3141 erkämpfen
853 3105 910 3135 und
923 3104 999 3143 schon

137 3145 231 3184 haben
255 3147 309 3179 wir
329 3147 373 3178 die
396 3145 541 3185 Drohung
574 3152 631 3177 von
666 3147 896 3180 ultramontaner
918 3148 1000 3181 Seite

138 3190 250 3231 gehört,
275 3201 344 3224 man
368 3192 459 3223 werde
482 3189 526 3222 bei
548 3190 596 3222 der
610 3191 736 3230 nächsten
748 3191 999 3232 Schulverschmel¬

138 3244 212 3276 zung
236 3236 268 3269 in
292 3236 408 3277 gleicher
430 3234 521 3273 Weise
556 3235 702 3275 Vorgehen.
750 3236 816 3269 Wie
850 3238 919 3270 viele
944 3239 998 3271 Ge-

138 3280 267 3313 meinden
291 3282 366 3314 wird
389 3284 419 3312 es
444 3280 487 3313 bei
505 3280 665 3320 derartigen
677 3281 841 3321 Aussichten
865 3284 997 3323 gelüsten,

137 3325 236 3364 Hader
260 3327 319 3358 und
343 3325 441 3358 Streit
472 3325 524 3364 auf
546 3324 642 3365 Jahre
679 3326 738 3357 und
771 3326 867 3367 Jahre
900 3328 933 3360 in
955 3329 998 3361 die

137 3370 341 3411 Bürgerschaft
365 3380 399 3410 zu
424 3370 564 3410 bringen?
611 3370 678 3402 Das
702 3371 735 3409 ist
769 3371 797 3411 ja
834 3374 931 3412 gerade
955 3374 996 3406 die

135 3415 346 3453 Spekulation:
382 3422 439 3448 von
473 3414 523 3454 sich
559 3418 614 3447 aus
639 3416 748 3447 werden
782 3420 813 3447 es
847 3417 917 3449 viele
941 3417 996 3451 Ge¬

135 3460 266 3493 meinden
290 3460 366 3500 nicht
389 3459 523 3499 probiren
546 3460 606 3491 und
630 3460 719 3498 diesen
733 3461 860 3502 wenigen
882 3463 995 3502 machen

135 3505 192 3537 wir
215 3507 270 3538 das
294 3506 384 3539 Leben
407 3506 509 3545 sauer;
543 3505 589 3536 der
623 3504 712 3537 Bund
749 3505 815 3537 aber
850 3507 921 3539 wird
944 3508 994 3547 sich

135 3550 205 3589 nach
236 3552 289 3584 wie
325 3558 378 3583 vor
417 3550 471 3582 mit
509 3549 707 3588 akademischen
742 3550 915 3592 Maßregeln
950 3553 988 3585 be¬

135 3597 250 3636 gnügen
275 3596 383 3636 müssen
407 3595 468 3627 und
490 3594 545 3626 das
569 3594 658 3635 einzig
679 3594 846 3634 Wirksame,
869 3597 914 3629 ein
939 3598 987 3630 eid¬

132 3637 312 3679 genössisches
335 3639 515 3680 Schulgesetz,
545 3638 613 3679 liegt
624 3640 769 3681 vorläufig
792 3640 824 3673 in
839 3642 987 3682 unerreich¬

131 3685 217 3718 barer
240 3686 342 3725 Ferne.

198 3734 296 3773 Dieser
332 3733 524 3773 Spekulation
564 3732 616 3771 auf
651 3734 789 3766 dauernde
826 3734 990 3777 Erhaltung

127 3779 207 3811 eines
231 3777 663 3819 bundesverfassungswidrigen
678 3778 841 3817 Zustandes
855 3781 926 3819 muß
942 3781 989 3813 der

126 3823 159 3862 st.
185 3824 314 3864 gallische
338 3823 551 3856 Liberalismus
582 3823 823 3864 entgegentreten;
860 3834 889 3857 er
912 3827 988 3858 wäre

127 3869 176 3900 der
213 3868 413 3910 Sympathien
448 3869 495 3899 der
530 3867 711 3908 freisinnigen
742 3868 987 3911 Miteidgenossen,

128 3913 171 3945 die
196 3914 257 3954 ihm
282 3914 348 3947 eben
384 3912 453 3953 noch
486 3912 519 3944 in
547 3912 595 3944 der
618 3911 934 3955 Lichtensteiger-Frage
956 3916 987 3948 in

1048 1051 1076 1090 so
1108 1052 1224 1091 reichem
1245 1053 1341 1094 Maße
1374 1056 1635 1098 entgegengebracht
1666 1061 1792 1098 wurden,
1823 1062 1898 1103 nicht

1048 1097 1169 1138 würdig,
1206 1098 1300 1131 wollte
1337 1109 1366 1132 er
1399 1102 1451 1133 den
1472 1102 1732 1143 Bundesbehörden
1756 1106 1800 1139 ein
1824 1108 1896 1141 Ver¬

1048 1141 1249 1183 fassungswerk
1272 1153 1322 1184 zur
1347 1145 1592 1188 Gewährleistung
1617 1149 1815 1188 unterbreiten,
1842 1153 1896 1185 das

1047 1187 1139 1227 streng
1176 1197 1344 1228 genommen
1380 1190 1413 1223 in
1450 1191 1535 1229 dieser
1572 1193 1707 1235 Fassung,
1745 1196 1817 1235 ohne
1853 1198 1896 1230 die

1049 1231 1218 1273 bürgerliche
1241 1233 1359 1273 Schule,
1391 1244 1446 1277 gar
1467 1237 1541 1276 nicht
1564 1238 1764 1280 gewährleistet
1786 1243 1896 1275 werden

1047 1277 1116 1309 kann

1113 1322 1170 1356 Die
1183 1323 1505 1366 Kompromißstimmen
1522 1332 1579 1361 aus
1601 1329 1661 1362 dem
1685 1330 1795 1372 eigenen
1810 1333 1896 1374 Lager

1048 1368 1146 1407 weisen
1160 1373 1220 1402 uns
1235 1370 1287 1409 auf
1308 1370 1354 1403 die
1375 1371 1529 1414 schwierige
1542 1373 1682 1416 Stellung
1697 1376 1745 1408 der
1760 1376 1897 1411 liberalen

1048 1412 1148 1451 Partei
1170 1413 1211 1445 im
1229 1414 1502 1457 Verfassungsrathe
1525 1418 1577 1458 hin
1599 1420 1656 1451 und
1678 1421 1730 1459 auf
1751 1422 1794 1454 die
1811 1424 1897 1464 große

1047 1457 1205 1499 Mehrheit,
1239 1459 1293 1492 mit
1323 1462 1438 1501 welcher
1458 1462 1502 1495 die
1525 1463 1693 1505 bürgerliche
1717 1465 1821 1506 Schule
1844 1478 1895 1500 an¬

1048 1502 1151 1543 läßlich
1184 1504 1232 1536 der
1255 1504 1569 1548 Verfassungsrevision
1590 1514 1656 1541 vom
1676 1510 1773 1551 Jahre
1798 1514 1895 1548 1875,

1047 1556 1097 1586 zur
1131 1548 1198 1587 Zeit
1232 1549 1281 1581 des
1314 1550 1486 1592 Hochfluges
1528 1552 1664 1587 liberalen
1697 1555 1895 1594 Idealismus,

1050 1592 1127 1632 Bach
1150 1593 1186 1625 ab
1210 1594 1329 1635 geschickt
1352 1598 1456 1629 wurde.
1481 1598 1542 1630 Der
1559 1599 1746 1640 erstgenannte
1759 1602 1895 1642 Umstand

1048 1637 1111 1676 darf
1134 1637 1177 1670 die
1200 1639 1318 1672 liberale
1341 1641 1443 1681 Partei
1463 1642 1538 1682 nicht
1569 1643 1709 1685 schrecken;
1749 1647 1807 1679 eine
1828 1648 1895 1687 frei¬

1048 1683 1155 1722 sinnige
1176 1683 1326 1725 Mehrheit
1349 1686 1381 1725 ist
1405 1686 1530 1726 gesichert
1552 1690 1611 1721 und
1623 1690 1713 1722 damit
1725 1691 1774 1730 für
1789 1692 1896 1725 eimnal

1048 1728 1099 1759 das
1124 1727 1328 1770 Nothwendige
1352 1731 1472 1771 erreicht,
1498 1733 1550 1765 das
1573 1734 1705 1775 Paktiren
1728 1737 1786 1769 und
1806 1737 1895 1770 Kom¬

1048 1772 1210 1813 promisseln
1226 1783 1292 1815 mag
1316 1775 1367 1815 sich
1389 1776 1443 1816 auf
1463 1778 1565 1810 andere
1579 1779 1685 1820 Punkte
1703 1782 1848 1820 erstrecken.

1111 1813 1382 1856 Schwerwiegender
1407 1817 1440 1857 ist
1461 1819 1510 1850 der
1531 1822 1633 1852 andere
1654 1822 1796 1863 Einwurf.
1824 1823 1893 1857 Wir

1045 1858 1151 1898 müssen
1173 1859 1228 1892 mit
1252 1861 1312 1892 dem
1337 1862 1524 1895 Volkswillen
1559 1866 1680 1904 rechnen,
1715 1867 1769 1900 wir
1792 1868 1893 1908 dürfen

1045 1902 1116 1935 keine
1146 1904 1495 1949 Verfassungsgrundsätze
1528 1910 1682 1949 ausstellen,
1717 1918 1773 1945 von
1806 1914 1892 1946 denen

1045 1947 1099 1980 wir
1121 1949 1175 1981 mit
1199 1949 1272 1983 aller
1293 1950 1453 1992 Sicherheit
1475 1954 1581 1996 wissen,
1604 1956 1659 1996 daß
1677 1957 1717 1996 sie
1738 1967 1802 1997 zum
1818 1958 1892 1992 Ver¬

1046 1993 1149 2032 werfen
1172 1994 1221 2026 des
1244 2004 1351 2035 ganzen
1372 1997 1663 2040 Verfassungswerkes
1686 2002 1798 2042 führen.
1820 2003 1892 2036 Nun

1045 2038 1076 2076 ist
1099 2038 1166 2071 aber
1189 2040 1232 2072 die
1256 2040 1359 2082 Frage,
1391 2043 1428 2074 ob
1455 2043 1496 2075 im
1519 2044 1550 2085 st.
1576 2046 1719 2086 gallischen
1742 2047 1815 2080 Volk
1833 2049 1892 2080 eine

1044 2082 1194 2124 Mehrheit
1226 2085 1275 2123 für
1308 2086 1353 2118 die
1384 2086 1556 2129 bürgerliche
1579 2089 1683 2130 Schule
1717 2092 1767 2132 sich
1799 2093 1892 2133 finden

1043 2127 1120 2168 lasse,
1143 2130 1284 2168 durchaus
1306 2131 1379 2164 keine
1403 2134 1517 2173 gelöste.
1565 2135 1675 2177 Trotz
1698 2137 1746 2169 der
1767 2138 1892 2177 Abstim¬

1045 2182 1132 2214 mung
1162 2179 1219 2207 von
1247 2177 1343 2212 1875,
1378 2179 1464 2220 trotz
1499 2178 1574 2211 allen
1608 2181 1767 2222 seitherigen
1791 2183 1891 2215 Kund¬

1044 2216 1199 2259 gebungen,
1223 2220 1286 2260 darf
1301 2221 1452 2262 behauptet
1468 2225 1587 2261 werden,
1611 2226 1664 2265 daß
1681 2226 1728 2259 der
1744 2226 1891 2260 Grund¬

1044 2264 1114 2304 satz
1151 2265 1222 2297 der
1259 2264 1696 2308 interkonfessionellen
1740 2272 1892 2312 Schule

1044 2308 1198 2349 mächtigen
1221 2310 1322 2343 Boden
1346 2312 1385 2344 im
1411 2313 1497 2346 Volke
1519 2315 1615 2355 gefaßt
1635 2315 1686 2356 hat
1708 2317 1766 2349 und
1789 2318 1891 2358 täglich

1043 2353 1123 2393 mehr
1145 2354 1216 2393 faßt.
1257 2355 1298 2388 Es
1323 2356 1425 2390 kommt
1446 2367 1504 2391 nur
1526 2360 1631 2400 darauf
1652 2371 1700 2398 an,
1724 2362 1755 2394 in
1779 2363 1891 2403 welcher

1043 2397 1131 2435 Form
1155 2409 1184 2431 er
1206 2400 1267 2433 dem
1290 2401 1378 2434 Volke
1403 2403 1557 2443 präsentirt
1578 2405 1658 2438 wird.

1113 2449 1179 2481 Und
1201 2449 1264 2490 hier
1285 2451 1410 2491 glauben
1442 2454 1498 2485 wir
1530 2464 1603 2491 nun,
1637 2456 1693 2496 daß
1715 2465 1785 2489 man
1809 2460 1894 2490 1875

1047 2493 1152 2532 gefehlt
1167 2494 1228 2533 hat,
1254 2496 1300 2527 als
1325 2505 1392 2529 man
1417 2501 1472 2530 aus
1488 2499 1561 2539 jeder
1573 2500 1731 2541 politischen
1744 2501 1895 2535 Gemeinde

1047 2537 1127 2570 einen
1151 2539 1275 2580 einzigen
1287 2541 1450 2581 Schulkreis
1473 2543 1578 2583 machte
1601 2545 1657 2578 und
1673 2546 1729 2587 daß
1745 2556 1813 2580 man
1826 2548 1894 2588 auch

1046 2582 1102 2624 jetzt
1125 2583 1218 2623 fehlen
1240 2587 1346 2622 würde,
1377 2588 1474 2620 wollte
1497 2598 1567 2621 man
1588 2590 1641 2622 den
1661 2591 1730 2632 Satz
1753 2592 1803 2624 des
1825 2592 1888 2625 libe¬

1046 2628 1127 2659 ralen
1139 2627 1334 2670 Programms
1358 2632 1387 2664 in
1411 2633 1498 2672 seiner
1520 2634 1693 2676 dermaligen
1709 2636 1818 2676 Gestalt
1833 2639 1895 2670 dem

1046 2672 1374 2716 Verfassungsentwurfe
1400 2678 1592 2712 einverleiben.
1617 2680 1695 2713 Man
1718 2682 1769 2721 hat
1781 2683 1894 2720 unseres

1045 2717 1201 2757 Erachtens
1234 2721 1300 2760 zwei
1325 2721 1477 2759 Elemente,
1511 2724 1609 2764 welche
1630 2726 1660 2758 in
1683 2726 1767 2766 dieser
1790 2727 1887 2768 Schul¬

1045 2762 1127 2803 frage
1140 2772 1192 2804 eng
1214 2765 1269 2797 mit
1291 2766 1426 2799 einander
1446 2769 1617 2808 verwachsen
1632 2771 1700 2809 sind,
1723 2771 1797 2811 nicht
1806 2773 1894 2812 scharf

1045 2816 1135 2847 genug
1158 2809 1497 2852 auseinandergehalten:
1522 2814 1575 2846 das
1598 2815 1893 2855 konfessionelle

1044 2851 1182 2889 Element,
1219 2855 1274 2887 das
1295 2855 1418 2896 Prinzip
1440 2858 1488 2890 der
1511 2858 1700 2900 bürgerlichen
1723 2861 1829 2901 Schule
1852 2863 1892 2895 im

1043 2896 1221 2937 eigentlichen
1237 2899 1345 2937 Sinne,
1368 2903 1429 2934 und
1449 2902 1506 2934 das
1527 2904 1591 2937 rein
1613 2906 1893 2940 territoriale

1044 2941 1179 2974 Element.
1205 2945 1292 2983 Unser
1305 2944 1485 2986 Schulwesen
1498 2949 1589 2981 krankt
1606 2959 1643 2982 an
1658 2951 1733 2983 einer
1750 2952 1892 2993 unseligen

1042 2986 1270 3030 Zersplitterung
1305 2992 1363 3022 und
1400 2993 1445 3024 der
1468 2992 1662 3035 Hauptgrund
1699 2996 1768 3037 liegt
1791 2997 1820 3029 in
1845 3000 1891 3030 der

1042 3030 1160 3072 bislang
1171 3033 1440 3076 unübersteigbaren
1450 3037 1593 3076 Schranke
1609 3040 1655 3072 der
1671 3041 1891 3082 konfessionellen

1043 3076 1209 3118 Trennung.
1245 3079 1300 3111 Um
1325 3089 1359 3120 zu
1382 3082 1457 3114 einer
1481 3083 1638 3118 territorial
1660 3086 1890 3127 vernünftigeren

1041 3121 1249 3161 Organisation
1272 3134 1306 3163 zu
1332 3126 1463 3163 kommen,
1499 3129 1569 3166 muß
1592 3129 1677 3169 daher
1700 3133 1824 3171 zunächst
1848 3133 1889 3165 die

1042 3166 1242 3206 konfessionelle
1264 3168 1406 3209 Schranke
1440 3174 1555 3212 entzwei
1584 3174 1738 3216 geschlagen
1770 3178 1887 3210 werden.

1040 3210 1095 3243 Die
1128 3210 1297 3253 bürgerliche
1330 3215 1436 3254 Schule
1469 3217 1504 3257 ist
1536 3219 1587 3259 sich
1622 3220 1680 3259 also
1714 3221 1787 3259 nicht
1821 3221 1889 3262 bloß

1040 3255 1225 3297 Selbstzweck,
1256 3265 1322 3291 vom
1345 3260 1546 3301 Standpunkte
1580 3264 1654 3297 einer
1688 3265 1785 3304 freien,
1819 3267 1888 3299 über

1040 3302 1238 3343 konfessionelle
1281 3304 1490 3346 Engherzigkeit
1535 3309 1689 3349 erhabenen
1729 3311 1880 3344 Lebensan¬

1039 3345 1179 3387 schauung
1202 3351 1259 3380 aus
1281 3348 1439 3390 betrachtet,
1476 3353 1593 3390 sondern
1627 3354 1661 3396 sie
1685 3355 1718 3394 ist
1740 3356 1880 3395 nothwen¬

1040 3390 1118 3431 diges
1131 3391 1318 3434 Erforderniß
1331 3395 1406 3427 einer
1421 3396 1482 3429 rein
1496 3399 1670 3438 praktischen,
1688 3402 1886 3443 vernünftigen

1038 3436 1255 3479 Umgestaltung
1278 3439 1391 3479 unseres
1415 3441 1619 3481 Schulwesens.

1101 3486 1266 3526 Anderseits
1289 3490 1359 3530 muß
1382 3493 1534 3533 zugegeben
1549 3494 1666 3530 werden,
1691 3494 1748 3534 daß
1770 3496 1800 3527 in
1824 3496 1881 3528 ein¬

1034 3530 1129 3568 zelnen
1141 3532 1256 3570 Fällen,
1279 3534 1348 3574 auch
1367 3536 1516 3577 abgesehen
1530 3544 1587 3570 von
1603 3539 1648 3570 der
1664 3539 1883 3579 konfessionellen

1034 3574 1207 3617 Scheidung,
1243 3578 1302 3611 eine
1336 3581 1506 3614 territoriale
1530 3583 1731 3625 Verbefferung
1755 3585 1876 3626 durchge¬

1034 3619 1116 3661 führt
1138 3623 1248 3654 werden
1271 3625 1351 3665 muß.
1400 3625 1475 3659 Aber
1498 3630 1527 3659 es
1552 3628 1628 3668 heißt
1649 3629 1715 3662 weit
1737 3629 1806 3662 über
1830 3632 1882 3663 das

1033 3664 1100 3703 Ziel
1132 3666 1401 3710 hinausgeschossen,
1433 3678 1516 3705 wenn
1550 3682 1619 3705 man
1639 3682 1701 3706 nun
1723 3676 1778 3707 das
1800 3676 1875 3708 terri¬

1033 3710 1135 3743 toriale
1158 3712 1287 3745 Element
1312 3714 1340 3753 so
1362 3716 1428 3748 weit
1451 3717 1482 3749 in
1506 3718 1557 3749 den
1573 3718 1776 3759 Vordergrund
1799 3720 1881 3759 stellt,

1033 3755 1087 3794 daß
1112 3765 1180 3788 man
1203 3757 1246 3789 die
1270 3758 1418 3800 Großzahl
1440 3762 1489 3794 der
1511 3762 1684 3804 bestehenden
1707 3764 1875 3806 Schulorga¬

1032 3799 1145 3833 nismen
1168 3803 1257 3834 tödtet
1278 3805 1340 3836 und
1361 3804 1589 3846 schablonenhaft
1623 3813 1679 3841 aus
1712 3809 1786 3849 jeder
1807 3811 1874 3849 poli¬

1034 3844 1132 3884 tischen
1168 3846 1321 3880 Gemeinde
1358 3850 1419 3883 eine
1455 3851 1689 3893 Schulgemeinde
1722 3855 1880 3889 konstruirt.

1030 3889 1112 3928 Diese
1135 3890 1297 3929 Schablone
1333 3894 1383 3934 hat
1418 3900 1475 3928 uns
1508 3898 1591 3929 1875
1627 3899 1706 3932 einen
1730 3899 1881 3941 Großtheil

1029 3933 1164 3967 liberaler
1186 3936 1335 3971 Stimmen
1358 3939 1498 3981 geraubt;
1534 3943 1602 3981 diese
1632 3952 1703 3984 ganz
1726 3945 1880 3986 unnöthige

1946 1083 2119 1118 territoriale
2156 1086 2402 1130 Einschachtelung
2433 1090 2484 1131 hat
2518 1093 2568 1126 der
2604 1094 2794 1138 bürgerlichen

1947 1129 2123 1169 Volksschule
2145 1130 2193 1172 ihr
2216 1131 2296 1165 Grab
2319 1134 2457 1176 gegraben
2491 1138 2550 1170 und
2582 1140 2617 1179 sie
2638 1143 2734 1174 würde
2762 1147 2794 1176 es

1945 1173 1992 1214 ihr
2016 1177 2081 1213 auch
2105 1175 2145 1208 im
2168 1175 2263 1217 Jahre
2289 1180 2372 1211 1889
2398 1180 2511 1221 graben.

2010 1211 2103 1243 Stelle
2118 1222 2187 1246 man
2202 1214 2260 1253 also
2276 1214 2307 1248 in
2323 1217 2370 1249 der
2387 1217 2559 1261 Verfassung
2574 1222 2626 1255 den
2643 1222 2791 1257 Grund¬

1943 1255 2015 1295 satz
2037 1256 2106 1290 der
2138 1257 2441 1301 bürgerlichen
2463 1263 2616 1303 Schule
2648 1269 2708 1307 auf,
2743 1271 2792 1302 als

1945 1300 2117 1340 leuchtendes
2138 1302 2309 1343 Palladium
2342 1307 2392 1339 des
2418 1307 2655 1349 fortschritllichen
2678 1313 2790 1347 Libera¬

1943 1344 2052 1378 lismus
2075 1349 2134 1379 und
2157 1347 2281 1390 begnüge
2305 1360 2373 1384 man
2397 1351 2445 1392 sich
2468 1353 2510 1386 im
2533 1355 2670 1398 Uebrigen
2692 1358 2792 1400 bezüg¬

1943 1388 1997 1429 lich
2020 1391 2066 1423 der
2088 1392 2289 1427 territorialen
2305 1396 2515 1438 Organisation
2548 1401 2603 1433 mit
2624 1404 2676 1434 den
2697 1403 2791 1443 Maß¬

1944 1435 2077 1473 nahmen,
2101 1437 2198 1476 welche
2221 1440 2397 1481 erforderlich
2418 1442 2489 1483 sind,
2515 1454 2565 1478 um
2590 1447 2651 1479 dort
2672 1457 2707 1488 zu
2729 1455 2792 1482 ver¬

1943 1479 2047 1520 bessern
2069 1483 2127 1514 und
2150 1492 2185 1522 zu
2208 1483 2311 1525 helfen,
2345 1493 2390 1519 wo
2421 1489 2578 1528 ungesunde
2600 1491 2791 1535 Verhältnisse

1945 1524 2078 1565 bestehen,
2102 1526 2161 1566 jene
2176 1528 2453 1571 Schulorganismen
2476 1533 2598 1576 dagegen
2612 1547 2646 1577 zu
2660 1537 2790 1579 belassen,

1943 1570 2024 1602 deren
2057 1571 2184 1610 gesunde,
2218 1574 2450 1618 leistungsfähige
2483 1579 2544 1611 und
2572 1586 2629 1614 von
2650 1583 2791 1625 konfessio¬

1943 1614 2034 1647 nellen
2050 1615 2211 1656 Schranken
2234 1618 2346 1659 befreite
2362 1622 2547 1664 Fortexistenz
2570 1628 2731 1668 ermöglicht
2747 1629 2790 1667 ist.

2011 1664 2056 1696 So
2080 1670 2136 1698 von
2160 1667 2245 1700 allem
2260 1670 2443 1712 Unnöthigen
2458 1671 2556 1712 befreit
2572 1677 2629 1707 und
2645 1677 2791 1719 gereinigt,

1942 1707 2016 1740 wird
2038 1709 2081 1741 die
2103 1710 2274 1753 bürgerliche
2296 1714 2404 1754 Schule
2425 1717 2483 1749 eine
2505 1718 2665 1762 freisinnige
2686 1722 2792 1763 Mehr¬

1944 1752 2002 1792 heit
2027 1754 2093 1794 auch
2117 1755 2158 1787 im
2174 1757 2260 1790 Volke
2282 1769 2332 1792 um
2355 1761 2406 1801 sich
2429 1761 2556 1801 schaaren
2579 1764 2656 1806 sehen
2681 1768 2739 1800 und
2762 1768 2791 1807 so

1943 1798 1993 1837 hat
2017 1799 2050 1838 sie
2074 1804 2105 1833 es
2127 1800 2202 1840 nicht
2235 1804 2344 1846 nöthig,
2381 1805 2423 1839 ein
2446 1807 2547 1848 Objekt
2578 1810 2626 1842 des
2649 1811 2792 1851 Kompro¬

1942 1842 2047 1884 misses,
2071 1845 2117 1877 ein
2140 1845 2315 1888 Gegenstand
2349 1851 2399 1883 des
2420 1852 2728 1896 Fraktionenschachers
2757 1867 2793 1897 zu

1942 1889 2060 1921 werden.

1988 2008 2361 2054 Schweizerisch-reformirtes
2386 2015 2559 2061 Predigerfest
2585 2020 2614 2056 in
2636 2020 2739 2064 Zürich.

2168 2070 2234 2105 (19.,
2250 2071 2295 2102 20.
2313 2073 2369 2103 und
2385 2074 2429 2105 21.
2446 2075 2570 2112 August.)

2297 2122 2434 2159 (Schluß.)

1997 2130 2062 2161 War
2092 2132 2140 2162 das
2158 2133 2410 2170 Haupttraktandum
2436 2139 2481 2169 des
2508 2142 2587 2176 ersten
2613 2144 2697 2178 Tages
2726 2146 2795 2180 mehr

1942 2170 2075 2206 abstrakter
2105 2173 2203 2208 Natur,
2233 2176 2258 2210 so
2289 2178 2352 2212 griff
2380 2179 2427 2209 das
2454 2180 2499 2211 des
2525 2183 2627 2217 zweiten
2644 2184 2732 2221 Tages
2749 2187 2795 2216 ins

1943 2212 2009 2241 volle
2031 2211 2111 2243 Leben
2141 2215 2237 2247 hinein.
2272 2216 2343 2253 Nach
2370 2219 2426 2249 dem
2453 2221 2713 2261 Eröffnungsgesang
2740 2227 2795 2256 und

1942 2251 2024 2281 einem
2041 2261 2093 2283 von
2111 2254 2171 2289 Pfr.
2190 2256 2242 2286 Dr.
2260 2256 2359 2292 Furrer
2378 2260 2551 2296 gesprochenen
2570 2263 2663 2294 Gebete
2681 2267 2795 2300 referirte

1942 2291 2002 2326 Pfr.
2020 2292 2190 2330 Albrecht
2207 2304 2258 2327 von
2277 2297 2412 2334 Rorschach
2435 2302 2463 2331 in
2482 2303 2569 2337 freiem
2588 2304 2714 2342 Vortrage
2734 2307 2795 2338 über

1942 2332 1991 2363 das
2009 2333 2122 2368 Thema:
2153 2336 2223 2372 „Die
2239 2338 2357 2375 Aufgabe
2385 2341 2428 2372 der
2454 2345 2637 2379 evangelischen
2660 2346 2747 2379 Kirche
2765 2349 2795 2378 in

1942 2372 2027 2409 Bezug
2055 2375 2102 2409 auf
2129 2376 2178 2406 das
2207 2377 2345 2413 öffentliche
2363 2380 2491 2416 Gewissen
2519 2385 2574 2414 und
2599 2385 2636 2416 die
2654 2387 2795 2423 öffentliche

1941 2413 2099 2450 Meinung."
2135 2416 2194 2447 Der
2210 2418 2312 2450 Redner
2328 2421 2397 2454 freut
2423 2423 2476 2458 sich,
2507 2424 2559 2459 daß
2586 2425 2634 2456 das
2651 2427 2748 2463 Thema
2768 2430 2794 2460 so

1941 2454 2025 2489 gefaßt
2042 2457 2129 2486 wurde
2147 2458 2202 2488 und
2219 2460 2284 2494 nicht
2301 2469 2352 2491 von
2371 2463 2452 2493 einem
2470 2464 2593 2502 Einfluß,
2610 2468 2718 2500 sondern
2730 2470 2791 2500 eben

1941 2503 1993 2524 von
2010 2496 2078 2526 einer
2096 2496 2214 2534 Aufgabe
2240 2500 2282 2530 der
2300 2503 2482 2538 evangelischen
2499 2505 2588 2541 Kirche
2608 2509 2646 2538 die
2663 2508 2733 2539 Rede
2751 2511 2794 2546 sei,

1940 2535 2008 2565 denn
2024 2537 2053 2566 in
2070 2537 2154 2572 jenem
2165 2538 2238 2574 Falle
2255 2541 2344 2576 müßte
2355 2543 2405 2573 das
2415 2544 2536 2579 Resultat
2548 2547 2593 2578 der
2604 2549 2794 2587 Untersuchung

1941 2575 1984 2610 für
2013 2581 2064 2607 uns
2092 2582 2173 2609 etwas
2201 2580 2356 2615 beschämend
2380 2586 2518 2619 ausfallen.
2555 2588 2626 2624 Sehe
2643 2598 2715 2626 man,
2747 2593 2793 2622 wie

1940 2616 2056 2649 planvoll
2084 2619 2120 2648 im
2139 2619 2273 2657 Gegensatz
2304 2631 2333 2658 zu
2360 2628 2415 2655 uns
2432 2625 2471 2655 die
2489 2627 2629 2664 katholische
2645 2629 2734 2666 Kirche
2752 2641 2792 2662 ar¬

1940 2655 2021 2686 beitet.
2050 2658 2103 2688 Die
2119 2659 2257 2694 Probleme
2275 2662 2320 2692 des
2332 2664 2517 2700 Sozialismus
2534 2669 2591 2698 und
2606 2670 2650 2700 der
2663 2670 2793 2702 Sklaven¬

1940 2695 2008 2731 frage
2036 2698 2131 2728 nimmt
2159 2699 2192 2734 sie
2209 2709 2243 2730 an
2261 2701 2301 2732 die
2319 2703 2397 2738 Hand
2420 2705 2475 2735 und
2493 2708 2575 2741 macht
2592 2709 2672 2740 damit
2690 2711 2793 2747 Propa¬

1939 2737 2022 2772 ganda
2051 2738 2096 2770 für
2121 2739 2173 2773 ihre
2199 2741 2281 2778 eigene
2308 2743 2399 2778 Sache.
2434 2746 2487 2777 Die
2517 2750 2677 2785 evangelische
2707 2751 2793 2786 Kirche

1939 2778 2041 2808 arbeitet
2070 2780 2141 2813 mehr
2168 2781 2302 2816 innerhalb
2331 2785 2376 2814 der
2404 2785 2632 2822 Parteischranken.
2675 2792 2792 2826 Welchen

1939 2816 2051 2852 Einfluß
2069 2819 2111 2852 hat
2130 2820 2275 2858 heutzutage
2292 2824 2427 2859 hinwieder
2439 2827 2478 2857 die
2491 2828 2587 2864 Presse,
2606 2831 2689 2866 welche
2702 2833 2791 2866 Macht

1938 2858 1968 2891 ist
1999 2859 2080 2888 einem
2098 2860 2280 2895 Schriftsteller
2307 2873 2359 2895 von
2376 2866 2434 2901 Ruf
2456 2869 2581 2904 gegeben!
2616 2871 2688 2902 Man
2717 2873 2789 2903 denke

1938 2906 1990 2928 nur
2016 2907 2050 2929 an
2068 2900 2137 2935 Max
2155 2901 2289 2933 Nordau's
2306 2905 2475 2940 zerstörendes
2494 2909 2565 2942 Buch
2595 2911 2665 2946 „Die
2684 2913 2790 2943 konven¬

1937 2939 2055 2969 tionellen
2074 2940 2159 2976 Lügen
2178 2942 2219 2971 der
2236 2943 2417 2980 Gegenwart".

1991 2988 2045 3018 Die
2055 2988 2147 3025 Frage,
2166 2991 2198 3020 ob
2215 2991 2263 3022 das
2281 2992 2420 3030 öffentliche
2431 2997 2561 3032 Gewissen
2580 3001 2634 3030 und
2645 3000 2684 3031 die
2696 3001 2788 3037 öffent¬

1937 3027 1993 3062 liche
2021 3028 2154 3066 Meinung
2184 3032 2230 3061 das
2257 3033 2357 3068 Gleiche
2385 3036 2512 3073 bedeuten,
2541 3042 2654 3070 verneint
2681 3051 2708 3072 er
2735 3044 2789 3073 und

1936 3068 2022 3102 findet,
2049 3070 2099 3105 daß
2125 3071 2170 3106 sich
2198 3072 2234 3102 die
2253 3074 2340 3104 beiden
2359 3076 2472 3113 Begriffe
2491 3079 2555 3113 nicht
2574 3081 2662 3111 decken.
2699 3082 2783 3117 Jenes

1936 3108 1965 3141 ist
1984 3116 2014 3144 zu
2032 3111 2150 3145 letzterem
2168 3113 2237 3148 mehr
2253 3115 2297 3144 der
2315 3115 2443 3150 konstante
2463 3118 2637 3156 Untergrund,
2665 3123 2787 3155 während

1935 3148 1972 3178 die
1991 3149 2127 3185 öffentliche
2145 3152 2278 3190 Meinung
2296 3156 2350 3190 eher
2370 3157 2411 3187 ein
2429 3158 2624 3196 schwankendes,
2654 3164 2788 3194 veränder¬

1934 3188 2009 3223 liches
2025 3189 2177 3228 Zeitgebilde
2205 3194 2242 3228 ist.
2280 3195 2342 3225 Das
2362 3197 2450 3233 Wesen
2469 3198 2513 3231 der
2541 3201 2786 3240 öffentlichen

1934 3229 2120 3268 Meinung
2139 3232 2170 3268 ist
2187 3233 2274 3268 schwer
2292 3244 2323 3271 zu
2344 3236 2500 3274 bestimmen,
2530 3241 2639 3277 indessen
2667 3244 2729 3278 steht
2746 3245 2786 3274 die

1933 3269 2063 3305 Thatsache
2082 3271 2134 3307 fest,
2148 3273 2197 3308 daß
2214 3278 2242 3304 es
2254 3275 2308 3306 eine
2320 3277 2394 3312 solche
2411 3279 2472 3314 gibt.
2490 3280 2534 3315 In
2552 3282 2702 3316 Anbetracht
2721 3285 2787 3319 ihrer

1933 3310 2065 3344 vielfachen
2085 3311 2264 3350 Verirrungen
2291 3317 2401 3352 glauben
2419 3322 2521 3355 manche
2539 3321 2714 3359 Sorgenvolle
2732 3326 2787 3354 und

1932 3349 2103 3386 Verstimmte,
2123 3353 2173 3388 daß
2191 3363 2252 3385 man
2271 3356 2304 3391 sie
2322 3357 2386 3392 nicht
2404 3367 2435 3394 zu
2454 3360 2566 3395 beachten
2585 3364 2695 3397 brauche.
2724 3364 2786 3395 Das

1932 3390 1962 3422 ist
1980 3392 2103 3427 unrichtig
2133 3395 2188 3424 und
2215 3396 2303 3431 gerade
2332 3399 2371 3428 die
2397 3401 2593 3437 protestantische
2611 3403 2696 3439 Kirche
2720 3407 2784 3440 muß

1931 3430 2060 3468 Stellung
2077 3434 2187 3468 nehmen
2204 3444 2234 3472 zu
2252 3437 2301 3470 ihr.
2337 3438 2390 3469 Sie
2406 3440 2449 3475 hat
2467 3442 2496 3471 in
2513 3441 2590 3475 dieser
2607 3444 2720 3480 Hinsicht
2732 3447 2787 3476 eine

1931 3470 2053 3506 Aufgabe.
2091 3473 2158 3509 Ihre
2177 3475 2285 3513 Organe
2303 3478 2402 3514 müssen
2420 3480 2468 3510 den
2487 3482 2572 3518 Muth
2596 3483 2684 3520 haben,
2718 3487 2786 3516 einer

1931 3511 2034 3546 falschen
2062 3513 2218 3550 öffentlichen
2236 3518 2371 3555 Meinung
2398 3522 2535 3557 gegenüber
2564 3524 2616 3554 eine
2633 3524 2785 3562 Gegenströ¬

1930 3559 2013 3588 mung
2029 3555 2203 3589 anzubahnen.

1983 3594 2044 3624 Das
2063 3595 2246 3634 Losungswort
2264 3599 2307 3631 der
2320 3600 2475 3637 Gegenwart
2489 3605 2586 3635 lautet:
2604 3607 2783 3645 Erweiterung

1929 3634 1971 3663 der
1991 3634 2157 3669 Volksrechte.
2193 3639 2288 3674 Pflicht
2315 3641 2358 3672 der
2376 3642 2461 3676 Kirche
2489 3645 2520 3679 ist
2537 3649 2575 3679 es,
2605 3647 2682 3678 neben
2702 3649 2782 3683 diesen

1928 3674 2036 3709 Rechten
2061 3678 2122 3712 auch
2140 3678 2179 3708 die
2197 3679 2323 3715 Pflichten
2350 3683 2395 3712 des
2412 3683 2507 3715 Volkes
2526 3694 2557 3721 zu
2576 3686 2690 3718 betonen.
2727 3690 2781 3720 Sie

1929 3715 1975 3748 soll
1994 3717 2047 3746 und
2065 3718 2130 3752 muß
2149 3718 2277 3757 Stellung
2304 3722 2410 3758 nehmen
2438 3733 2483 3761 zur
2502 3726 2606 3763 sozialen
2628 3729 2708 3765 Frage
2727 3732 2782 3760 und

1928 3758 1956 3784 es
1974 3756 2067 3793 genügt
2086 3758 2161 3794 nicht,
2180 3761 2230 3796 daß
2247 3762 2280 3796 sie
2299 3763 2361 3799 bloß
2379 3765 2428 3796 ihre
2441 3766 2599 3803 Geneigtheit
2612 3777 2641 3805 zu
2654 3769 2779 3803 derselben

1929 3796 1995 3826 kund
2006 3798 2066 3832 gibt.
2098 3799 2151 3830 Die
2164 3800 2245 3836 Sache
2259 3802 2291 3838 ist
2302 3804 2372 3834 einer
2383 3805 2457 3840 tiefen
2469 3808 2524 3836 und
2536 3809 2633 3841 ernsten
2645 3809 2780 3847 Prüfung,

1928 3836 1952 3871 ja
1972 3838 2031 3872 noch
2048 3840 2120 3873 mehr
2139 3841 2208 3871 eines
2225 3843 2322 3879 großen
2341 3845 2441 3880 Opfers
2459 3848 2545 3883 werth.
2582 3849 2704 3886 Dagegen
2732 3853 2779 3886 soll

1927 3880 1955 3907 es
1978 3878 2025 3908 den
2043 3879 2298 3916 Sozialdemokraten
2324 3886 2407 3921 gesagt
2433 3888 2540 3924 werden,
2571 3889 2621 3925 daß
2646 3898 2699 3921 nur
2725 3894 2778 3922 eine

1927 3918 2013 3948 innere
2031 3920 2235 3959 Umgestaltung,
2254 3924 2328 3959 durch
2345 3934 2409 3957 neue
2420 3928 2556 3962 Menschen
2575 3930 2612 3960 die
2621 3931 2709 3967 soziale
2724 3933 2778 3963 und

1928 3958 2021 3994 speziell
2039 3960 2077 3989 die
2096 3961 2272 3999 Besitzesfrage
2291 3965 2373 4001 gelöst
2391 3967 2488 3997 werden
2513 3968 2599 4000 könne.

2889 1104 2935 1139 In
2951 1105 3051 1141 Betreff
3076 1107 3122 1139 des
3148 1108 3393 1147 öffentlichen
3411 1113 3628 1150 Gewissens
3650 1118 3698 1148 be¬

2837 1143 2894 1178 darf
2912 1145 2990 1179 dieses
3006 1147 3061 1182 sehr
3078 1148 3116 1183 oft
3133 1148 3177 1179 der
3202 1149 3335 1188 Weckung.
3370 1152 3454 1184 Eines
3476 1156 3687 1193 ungebührlichen

2836 1184 2981 1220 Einflusses
2999 1188 3042 1222 hat
3060 1188 3130 1223 schon
3148 1190 3229 1224 öfters
3247 1191 3285 1222 die
3304 1192 3379 1224 Alles
3397 1194 3544 1228 besudelnde
3553 1197 3691 1230 Revolver¬

2835 1225 2912 1260 presse
2930 1226 2976 1261 sich
2993 1228 3086 1263 erfreut
3102 1231 3158 1260 und
3175 1230 3224 1261 das
3241 1231 3310 1263 Volk
3326 1234 3394 1269 hatte
3410 1235 3477 1270 seine
3487 1236 3587 1273 Freude
3596 1239 3689 1270 daran.

2836 1264 2882 1296 Da
2908 1266 2967 1298 darf
2993 1276 3044 1299 von
3062 1269 3137 1301 Seite
3162 1270 3203 1302 der
3221 1274 3404 1310 evangelischen
3423 1276 3561 1312 kirchlichen
3579 1279 3689 1317 Organe

2835 1305 2900 1340 nicht
2918 1308 3076 1345 geschwiegen
3094 1311 3202 1342 werden.
3224 1312 3277 1344 Sie
3295 1315 3394 1350 müssen
3412 1317 3458 1350 auf
3476 1317 3524 1348 den
3543 1318 3615 1354 Plan
3633 1321 3690 1351 und

2835 1345 2919 1381 reden,
2929 1352 2986 1379 was
3002 1349 3078 1384 Recht
3094 1352 3150 1382 und
3167 1352 3263 1388 Pflicht
3278 1354 3398 1390 gebieten.
3428 1357 3487 1388 Wie
3506 1360 3575 1394 leicht
3591 1362 3691 1392 nimmt

2836 1390 2864 1416 es
2882 1387 3067 1423 beispielsweise
3084 1391 3133 1423 das
3152 1392 3290 1429 öffentliche
3308 1394 3436 1432 Gewissen
3461 1399 3509 1429 mit
3528 1402 3583 1431 dem
3601 1401 3691 1439 Krieg,

2836 1427 2882 1457 wie
2900 1428 2927 1461 so
2945 1429 3010 1464 nicht
3027 1431 3103 1465 selten
3130 1433 3178 1463 irrt
3196 1437 3225 1464 es
3244 1435 3305 1470 auch
3323 1436 3468 1474 hinsichtlich
3484 1440 3530 1470 des
3541 1442 3690 1477 praktischen

2835 1467 3051 1504 Christenthums.
3086 1471 3146 1503 Gar
3175 1482 3206 1510 zu
3233 1483 3309 1512 gerne
3335 1477 3366 1512 ist
3392 1481 3421 1508 es
3441 1480 3484 1509 ein
3501 1480 3688 1517 Schlafpulver

2836 1516 2912 1544 gegen
2942 1509 2980 1539 die
3006 1511 3085 1547 ernste
3103 1512 3242 1549 Wahrheit.
3276 1516 3336 1547 Mit
3362 1517 3475 1552 äußeren
3492 1520 3596 1556 Opfern
3622 1524 3689 1554 wird

2836 1549 2886 1579 das
2902 1549 3031 1586 Gewissen
3057 1553 3117 1586 noch
3142 1554 3207 1590 nicht
3235 1556 3327 1590 salvirt
3360 1558 3426 1589 Eine
3445 1561 3615 1596 erschreckende
3632 1564 3687 1594 Ab¬

2836 1589 2987 1627 stumpfung
3012 1592 3089 1628 dieses
3116 1594 3273 1630 öffentlichen
3290 1597 3435 1635 Gewissens
3458 1601 3516 1632 tritt
3534 1605 3685 1640 namentlich

2836 1630 2864 1659 in
2881 1629 2968 1667 Bezug
2994 1633 3040 1666 auf
3068 1634 3250 1671 geschlechtliche
3267 1637 3446 1676 Verirrungen
3463 1650 3494 1678 zu
3513 1643 3590 1680 Tage.
3625 1644 3684 1676 Wie

2835 1669 2904 1700 wäre
2922 1674 2951 1701 es
2969 1672 3036 1707 sonst
3052 1674 3167 1710 möglich,
3185 1677 3237 1711 daß
3248 1677 3324 1709 Leute
3340 1687 3394 1710 von
3405 1681 3460 1716 sehr
3471 1683 3584 1719 lasziven
3592 1685 3687 1716 Sitten

2835 1718 2865 1746 zu
2884 1711 2949 1742 Amt
2967 1713 3020 1743 und
3038 1713 3154 1745 Würden
3180 1718 3304 1753 gelangen
3332 1720 3386 1751 und
3409 1722 3438 1751 in
3457 1723 3585 1758 denselben
3604 1734 3690 1756 unan¬

2836 1752 2959 1787 gefochten
2976 1754 3116 1785 verbleiben
3134 1756 3269 1788 könntm?
3290 1759 3387 1791 Damit
3405 1763 3442 1792 im
3459 1763 3687 1804 Zusammenhang

2835 1791 2896 1827 steht
2914 1792 2975 1827 auch
2992 1794 3030 1824 die
3047 1794 3075 1829 so
3091 1795 3180 1833 häufig
3197 1798 3390 1831 vorkommende
3406 1802 3549 1838 Frivolität
3564 1807 3608 1837 der
3623 1807 3690 1842 Ehe¬

2836 1832 3016 1870 schließungen.
3052 1834 3096 1871 In
3123 1837 3167 1867 der
3183 1838 3260 1874 That,
3287 1840 3326 1870 die
3352 1845 3516 1879 evangelische
3533 1845 3618 1881 Kirche
3640 1848 3684 1883 hat

2836 1873 2896 1908 noch
2913 1874 2967 1904 eine
2985 1876 3061 1911 große
3073 1877 3190 1914 Aufgabe
3207 1887 3256 1910 vor
3267 1881 3313 1916 sich
3324 1883 3378 1913 und
3390 1883 3448 1919 darf
3459 1884 3545 1916 keinen
3558 1886 3690 1924 Anspruch

2835 1914 2938 1949 erheben
2964 1916 3011 1950 auf
3036 1917 3110 1947 einen
3135 1918 3398 1960 Normalarbeitstag.
3434 1925 3557 1961 Etwelche
3581 1928 3691 1966 Erfolge

2836 1954 2879 1989 hat
2896 1955 2930 1989 sie
2947 1955 2998 1991 jetzt
3015 1956 3085 1991 schon
3097 1966 3127 1994 zu
3142 1960 3313 1998 verzeichnen;
3331 1963 3375 1994 als
3387 1965 3481 2000 solchen
3493 1971 3575 1999 nennt
3586 1968 3689 2000 Redner

2836 2003 2854 2031 z.
2873 1995 2910 2026 B.
2928 1996 2976 2026 den
2993 1996 3216 2036 Sonntagsschutz.

2891 2044 2946 2074 Die
2961 2044 3048 2080 Kirche
3064 2047 3108 2082 hat
3124 2049 3183 2079 aber
3200 2051 3261 2085 auch
3277 2053 3326 2087 auf
3342 2052 3383 2083 die
3400 2054 3540 2092 öffentliche
3557 2057 3693 2097 Meinung

2839 2084 2894 2115 und
2912 2085 2961 2115 das
2979 2085 3116 2123 öffentliche
3133 2089 3262 2126 Gewissen
3291 2100 3323 2128 zu
3340 2095 3423 2129 achten
3454 2098 3509 2126 und
3536 2098 3568 2132 sie
3591 2107 3622 2135 zu
3652 2102 3694 2130 be¬

2839 2125 2937 2161 fragen.
2955 2126 3006 2156 Sie
3024 2128 3090 2158 wird
3106 2130 3220 2161 alsdann
3239 2133 3364 2169 erfahren,
3384 2135 3434 2171 daß
3451 2137 3501 2168 das
3519 2138 3585 2169 Volk
3602 2148 3636 2171 an
3646 2141 3692 2173 der

2839 2165 3024 2200 zerstreuenden
3051 2169 3105 2198 und
3129 2170 3288 2206 zersetzenden
3306 2173 3446 2211 Thätigkeit
3473 2177 3517 2208 der
3535 2178 3620 2215 Kirche
3637 2181 3694 2212 kein

2839 2204 3026 2242 Wohlgefallen
3044 2208 3095 2243 hat.
3131 2210 3173 2240 Es
3199 2212 3231 2247 ist
3248 2213 3308 2247 auch
3325 2215 3390 2250 nicht
3407 2216 3496 2247 erbaut
3513 2227 3549 2249 an
3566 2221 3622 2250 dem
3639 2222 3690 2251 all¬

2839 2245 2915 2282 fällig
2932 2247 3143 2280 vorkommenden
3159 2251 3273 2289 Mangel
3296 2254 3342 2285 des
3358 2256 3564 2294 Verständnisses
3581 2262 3628 2297 auf
3645 2263 3690 2293 der

2839 2285 2934 2322 Kanzel
2952 2289 3090 2324 gegenüber
3116 2290 3180 2327 dem,
3208 2297 3266 2323 was
3294 2295 3331 2325 im
3348 2296 3489 2328 Weltleben
3513 2300 3561 2334 echt
3577 2301 3692 2337 Wahres

2839 2327 2894 2357 und
2912 2327 2999 2359 Gutes
3017 2330 3085 2366 liegt.
3120 2331 3173 2362 Die
3199 2336 3362 2371 evangelische
3389 2338 3475 2374 Kirche
3500 2342 3564 2377 muß
3591 2342 3636 2378 sich
3652 2344 3694 2374 im

2839 2367 2968 2403 Ferneren
2985 2377 3037 2399 von
3054 2372 3156 2408 dorther
3173 2373 3248 2410 sagen
3265 2376 3353 2412 lassen,
3370 2377 3409 2408 im
3420 2379 3532 2416 Kampfe
3549 2391 3626 2419 gegen
3642 2384 3693 2415 den

2839 2408 3114 2442 Ultramontanismus
3131 2413 3233 2449 brauche
3260 2419 3289 2446 es
3307 2420 3387 2448 etwas
3414 2421 3485 2456 mehr
3510 2422 3619 2459 Energie
3636 2425 3693 2455 und

2838 2448 2939 2483 sicheres
2957 2450 3100 2486 Auftreten.

2890 2485 2999 2521 Spricht
3014 2496 3078 2518 man
3096 2497 3149 2520 von
3171 2492 3240 2522 einer
3256 2493 3382 2532 Aufgabe,
3409 2497 3437 2531 so
3464 2499 3530 2534 muß
3546 2508 3609 2530 man
3626 2502 3688 2537 auch

2838 2525 2877 2555 die
2895 2526 2987 2557 Mittel
3004 2536 3035 2564 zu
3052 2529 3118 2564 ihrer
3136 2531 3236 2569 Lösung
3254 2534 3356 2566 kennen.
3380 2537 3450 2568 Dem
3468 2539 3644 2575 Sprechenden
3653 2542 3687 2575 ist

2838 2566 2934 2597 einmal
2952 2568 3034 2605 gesagt
3052 2570 3163 2606 worden,
3181 2573 3213 2603 da
3232 2574 3295 2610 helfe
3314 2584 3365 2607 nur
3389 2578 3427 2608 die
3446 2579 3612 2617 Orthodoxie.
3647 2583 3690 2613 Er

2837 2606 2869 2643 ist
2885 2608 2992 2639 anderer
3008 2610 3117 2646 Ansicht.
3152 2612 3268 2649 Obwohl
3295 2617 3355 2651 auch
3381 2627 3408 2648 er
3425 2621 3475 2650 das
3492 2621 3606 2657 religiöse
3622 2622 3690 2653 Mo¬

2837 2649 2908 2677 ment
2926 2649 2990 2682 nicht
3007 2650 3062 2680 will
3092 2651 3120 2682 in
3149 2652 3194 2684 den
3212 2654 3390 2692 Hintergrund
3417 2659 3514 2696 stellen,
3536 2662 3562 2696 so
3580 2663 3645 2699 weiß
3662 2672 3691 2694 er

2836 2687 2902 2722 doch,
2921 2688 2972 2723 daß
2988 2693 3017 2720 es
3035 2691 3168 2726 Tausende
3183 2703 3238 2724 von
3255 2697 3377 2731 ehrbaren
3395 2700 3536 2731 Männern
3553 2702 3591 2732 im
3604 2702 3690 2735 Lande

2837 2727 2899 2763 gibt,
2928 2730 2968 2759 die
2996 2731 3059 2766 ohne
3085 2733 3126 2763 ein
3154 2735 3378 2773 ausgesprochenes
3394 2740 3687 2779 Glaubensbekenntniß

2837 2768 2964 2803 durchaus
2993 2771 3089 2808 sittlich,
3116 2775 3286 2812 gewissenhaft
3313 2779 3368 2810 und
3392 2780 3490 2816 human
3509 2783 3607 2819 gesinnt
3624 2785 3692 2819 sind.

2837 2808 2912 2843 Nicht
2928 2811 2979 2841 alle
2995 2812 3093 2843 können
3110 2814 3159 2844 den
3175 2815 3346 2852 Rigikulm
3373 2821 3417 2850 des
3436 2822 3575 2854 Glaubens
3592 2825 3691 2855 erklim¬

2836 2857 2895 2879 men
2905 2858 2913 2884 ;
2931 2851 2995 2885 seien
3013 2853 3063 2883 wir
3081 2854 3153 2884 dann
3170 2855 3236 2892 froh,
3254 2867 3330 2888 wenn
3348 2860 3380 2893 sie
3399 2863 3551 2898 wenigstens
3568 2865 3614 2899 auf
3626 2865 3684 2895 dem

2834 2890 3037 2927 Rigistaffel
3055 2894 3097 2924 der
3106 2895 3200 2926 Moral
3218 2898 3323 2929 bleiben.
3342 2900 3394 2931 Die
3404 2904 3569 2939 evangelische
3579 2905 3688 2942 Predigt

2834 2930 2878 2964 hat
2894 2932 2951 2961 und
2968 2932 3052 2967 behält
3068 2935 3123 2965 eine
3140 2938 3216 2972 große
3233 2937 3396 2977 Bedeutung.
3425 2942 3479 2973 Sei
3501 2944 3536 2979 sie
3551 2953 3605 2975 nur
3622 2946 3690 2981 nicht

2834 2970 2902 3007 allzu
2919 2971 3036 3009 freigebig
3054 2975 3102 3004 mit
3120 2976 3175 3006 dem
3193 2978 3423 3015 Weltgerichtston.
3456 2984 3542 3015 Einen
3559 2986 3684 3022 größeren

2834 3011 2948 3047 Einfluß
2974 3014 3040 3049 suche
3066 3015 3105 3045 die
3122 3016 3207 3054 Kirche
3237 3021 3285 3055 auf
3314 3022 3352 3051 die
3370 3023 3458 3059 Presse
3484 3033 3516 3061 zu
3543 3027 3690 3063 gewinnen.

2834 3051 2892 3082 Mit
2910 3054 2978 3083 einer
2996 3056 3105 3092 einzigen
3122 3057 3275 3094 Ausnahme
3303 3062 3380 3099 besitzt
3409 3064 3442 3098 sie
3468 3065 3521 3101 jetzt
3547 3067 3607 3102 noch
3631 3068 3687 3099 kein

2833 3092 2972 3126 politisches
2990 3094 3094 3132 Organ,
3113 3098 3233 3133 während
3251 3101 3344 3137 freilich
3362 3104 3415 3133 eine
3434 3104 3518 3140 schöne
3528 3106 3626 3143 Anzahl
3644 3109 3687 3143 ihr

2833 3133 2985 3168 wenigstens
3010 3135 3076 3171 nicht
3092 3137 3206 3174 feindlich
3224 3143 3425 3179 entgegenstehen
3453 3147 3509 3176 und
3526 3148 3684 3184 gelegentlich

2834 3171 2900 3208 ihrer
2918 3173 3000 3210 Sache
3017 3176 3062 3211 sich
3079 3178 3230 3214 annehmen.

2885 3214 2980 3246 Treten
2997 3218 3045 3247 wir
3054 3219 3147 3254 endlich
3165 3220 3207 3251 der
3216 3221 3300 3259 Frage
3312 3225 3372 3260 noch
3390 3226 3479 3263 näher,
3498 3237 3599 3259 warum
3608 3231 3687 3267 unser

2832 3255 3008 3289 geschriebenes
3033 3259 3089 3288 und
3114 3261 3286 3297 gesprochenes
3304 3265 3380 3296 Wort
3410 3267 3449 3298 bei
3476 3268 3530 3299 den
3554 3270 3683 3302 Arbeiter¬

2833 3295 2923 3329 kreisen
2942 3297 2967 3330 so
2985 3299 3066 3334 wenig
3084 3300 3228 3332 Vertrauen
3259 3304 3347 3338 findet.
3384 3307 3437 3339 Die
3456 3309 3604 3347 Erklärung
3622 3312 3684 3348 liegt

2832 3336 2901 3370 wohl
2918 3337 3002 3374 darin,
3020 3339 3070 3374 daß
3088 3342 3136 3371 wir
3154 3341 3285 3379 Geistliche
3303 3354 3333 3380 zu
3351 3348 3434 3385 wenig
3447 3349 3606 3387 Berührung
3623 3353 3681 3382 und

2830 3375 2957 3412 Fühlung
2973 3379 3021 3408 mit
3046 3381 3122 3414 ihnen
3148 3382 3238 3417 haben.
3272 3385 3359 3416 Wenn
3386 3388 3430 3419 der
3447 3389 3521 3427 Berg
3536 3390 3597 3422 eben
3614 3393 3682 3428 nicht

2830 3424 2861 3451 zu
2888 3417 3030 3453 Mohamed
3055 3421 3119 3456 geht,
3147 3423 3172 3456 so
3199 3425 3254 3459 geht
3273 3426 3414 3462 Mohamed
3442 3438 3502 3466 zum
3520 3431 3598 3468 Berg.
3634 3433 3681 3469 Zu

2830 3457 2946 3492 unserem
2965 3459 3051 3490 Worte
3070 3463 3135 3497 muß
3151 3463 3189 3494 die
3207 3464 3309 3502 thätige,
3327 3469 3493 3504 aufopfernde
3505 3471 3576 3502 Liebe
3594 3473 3682 3510 hinzu¬

2831 3499 2919 3529 treten.
2938 3499 2996 3530 Wir
3013 3501 3103 3537 stehen,
3119 3503 3217 3539 schließt
3235 3506 3278 3536 der
3295 3506 3406 3545 Redner,
3423 3510 3538 3546 zwischen
3548 3512 3620 3544 Rom
3628 3515 3686 3546 und

2830 3537 2886 3568 dem
2905 3540 3001 3570 nackten
3019 3542 3178 3578 Unglauben.
3214 3546 3255 3577 Es
3285 3547 3317 3582 ist
3346 3548 3412 3580 keine
3441 3551 3525 3586 schöne
3542 3552 3682 3592 Stellung.

2829 3578 2937 3614 Behalte
2953 3580 3011 3611 aber
3039 3582 3078 3613 die
3104 3586 3266 3622 evangelische
3284 3587 3369 3623 Kirche
3398 3599 3452 3622 nur
3479 3592 3605 3631 Fühlung
3631 3597 3683 3627 mit

2829 3619 2877 3649 den
2905 3620 3029 3655 innersten
3056 3622 3236 3660 Bedürfnissen
3263 3627 3308 3658 des
3330 3629 3579 3668 Menschenherzens,
3605 3634 3678 3666 dann

2829 3659 2872 3694 hat
2890 3660 2922 3693 sie
2936 3660 2994 3697 noch
3012 3662 3103 3693 immer
3119 3665 3171 3696 eine
3189 3666 3314 3698 dankbare
3332 3670 3387 3700 und
3404 3671 3468 3707 hohe
3488 3674 3611 3709 Mission.

2880 3706 3007 3743 Zwischen
3023 3710 3104 3745 diesen
3121 3712 3238 3751 Vortrag
3253 3715 3311 3746 und
3327 3717 3377 3748 das
3398 3719 3516 3756 folgende
3534 3721 3682 3759 Korreferat

2829 3747 2894 3777 wird
2912 3747 2950 3778 die
2967 3749 3044 3785 Wahl
3062 3752 3105 3781 des
3123 3753 3237 3789 nächsten
3245 3756 3374 3792 Festortes
3392 3761 3447 3791 und
3456 3761 3676 3798 Festpräsidenten

2827 3788 2929 3822 gestellt.
2964 3789 3007 3825 Zu
3034 3792 3148 3826 ersterem
3165 3795 3231 3826 wird
3249 3797 3376 3829 Aarau
3403 3801 3531 3835 bestimmt
3557 3805 3612 3834 und
3629 3805 3680 3837 das

2826 3827 3025 3864 Festpräsidium
3041 3840 3077 3861 an
3099 3832 3166 3869 Hrn.
3185 3835 3390 3876 Welti-Kettiger
3415 3841 3446 3871 in
3467 3842 3593 3881 Aarburg
3609 3845 3683 3876 über¬

2826 3870 2925 3904 tragen.

2876 3923 2935 3953 Mit
2953 3924 3044 3958 seinem
3053 3926 3198 3960 Vorredner
3217 3931 3246 3966 ist
3262 3932 3306 3963 der
3317 3933 3480 3970 Korreferent
3489 3937 3549 3973 Pfr.
3560 3939 3677 3975 Probst

2823 3970 2875 3993 von
2891 3963 2995 4000 Horgen
3012 3966 3042 3997 in
3059 3967 3108 3998 den
3125 3971 3230 4004 meisten
3237 3972 3360 4006 Punkten
3377 3976 3577 4013 einverstanden.
3606 3980 3677 4016 Nach

2824 4003 2878 4038 ihm
2897 4004 2962 4034 kann
2980 4005 3018 4036 die
3046 4007 3184 4046 öffentliche
3202 4011 3338 4051 Meinung
3368 4016 3437 4052 wohl
3456 4018 3535 4053 irren,
3561 4020 3593 4055 ist
3621 4022 3682 4052 aber

395 4067 576 4135 Feuilleton
576 4067 714 4135 1889
964 4089 983 4117 2

176 4164 256 4192 Aus
277 4165 340 4191 den
360 4161 650 4195 Verhandlungen
676 4162 734 4189 des
754 4162 929 4198 Schweizer

439 4202 662 4236 Alpenclubs.

134 4251 478 4287 Eröffnungsrede
516 4251 578 4280 des
609 4249 963 4287 Festpräsidenten,

476 4291 640 4328 Regierungsrathes

484 4340 624 4375 (Schluß.)

173 4334 233 4364 Wir
253 4335 356 4368 dürften
374 4334 464 4366 unsere
481 4333 620 4368 Rückschau
638 4334 683 4367 auf
702 4335 750 4364 das
768 4334 828 4368 erste
847 4334 917 4369 Jahr
936 4336 979 4366 des

116 4373 256 4409 Bestebens
274 4375 378 4409 unserer
397 4374 567 4410 Verbindung
594 4375 657 4405 nicht
675 4374 803 4409 schließen,
832 4377 893 4408 ohne
920 4378 979 4410 noch

114 4415 185 4444 einer
202 4415 358 4451 Schöpfung
375 4415 473 4451 gedacht
489 4423 522 4450 zu
540 4414 629 4449 haben,
656 4415 695 4444 die
723 4423 753 4450 zu
781 4416 829 4446 den
855 4416 979 4452 schönsten

115 4454 160 4484 des
180 4454 209 4484 S.
220 4458 242 4484 A.
263 4456 292 4484 C.
311 4456 389 4492 zählt,
417 4456 450 4489 ich
468 4455 550 4485 meine
576 4455 616 4484 die
635 4463 694 4484 vom
713 4455 792 4489 ersten
813 4456 881 4485 C.C.
905 4458 978 4494 bezw.

115 4503 167 4524 von
195 4497 278 4526 einem
306 4496 381 4529 durch
408 4496 486 4528 dieses
516 4495 641 4528 bestellten
671 4495 977 4534 Redaktionsausschusse,

113 4536 243 4570 bestehend
269 4540 322 4567 aus
340 4537 389 4566 den
407 4536 507 4572 Herren
526 4535 581 4566 Dr.
598 4535 678 4570 Roth,
697 4536 749 4566 Dr.
767 4536 903 4568 Simmler
923 4539 978 4568 und

113 4576 150 4605 R.
170 4576 256 4611 Lindt,
284 4578 396 4613 besorgte
424 4577 483 4611 erste
511 4576 679 4610 Publikation
710 4576 754 4606 des
781 4576 903 4611 Vereins,
929 4579 977 4609 das

110 4616 173 4648 erste
192 4616 325 4652 Jahrbuch
352 4617 398 4648 des
417 4616 443 4647 S.
454 4618 486 4644 A.
496 4617 527 4645 C.
563 4617 615 4647 Um
639 4616 720 4651 dessen
749 4618 976 4654 unvergänglichen

112 4657 205 4692 Werth
222 4666 253 4694 zu
271 4658 480 4692 charakterisiren,
498 4665 560 4693 mag
577 4657 622 4687 der
638 4657 758 4692 Hinweis
775 4659 901 4694 genügen,
928 4660 977 4694 daß

112 4697 194 4731 außer
213 4699 260 4728 den
279 4698 412 4734 Berichten
430 4699 492 4728 über
510 4698 625 4733 Fahrten
645 4699 680 4727 im
700 4697 856 4733 Klubgebiet,
877 4699 975 4735 verfaßt

112 4745 166 4766 von
194 4738 247 4768 Dr.
266 4739 410 4772 Simmler,
435 4738 630 4774 Frey-Geßner,
657 4738 766 4774 Eugène
783 4738 919 4774 Rambert,
946 4740 965 4771 L.

111 4777 249 4814 Fininger,
280 4778 313 4809 C.
340 4778 450 4816 Hauser,
480 4779 515 4809 A.
542 4778 621 4813 Roth,
652 4779 689 4808 die
717 4779 856 4812 Abschnitte
885 4780 975 4815 „Freie

112 4817 244 4853 Fahrten"
274 4819 330 4848 und
350 4819 497 4855 „Aufsätze"
527 4822 581 4849 uns
610 4820 662 4849 eine
692 4819 775 4855 wahre
804 4820 974 4854 Musterkarte

113 4859 253 4892 erlauchter
271 4859 376 4890 Namen
394 4860 439 4890 als
455 4859 587 4894 Verfasser
605 4868 652 4889 vor
668 4859 761 4895 Augen
780 4860 891 4894 führen:
921 4861 973 4892 Ed¬

111 4899 196 4928 mund
213 4907 239 4928 v.
258 4899 425 4936 Fellenberg:
453 4900 516 4930 Das
535 4900 698 4933 Aletschhorn
728 4900 782 4930 und
801 4901 849 4930 das
868 4901 972 4932 Silber¬

110 4938 196 4973 horn;
214 4938 252 4975 F.
269 4940 383 4975 Thioly:
413 4940 449 4968 Le
469 4949 591 4977 passage
608 4940 647 4969 du
665 4941 711 4969 col
731 4941 765 4969 de
786 4940 970 4977 l’Alphubel;

108 4977 148 5007 G.
167 4978 288 5009 Studer:
316 4980 380 5011 Das
397 4980 610 5016 Mattwaldhorn
638 4982 693 5011 und
720 4982 771 5015 sein
799 4981 971 5017 Panorama;

110 5018 239 5052 Melchior
257 5021 357 5053 Ulrich:
386 5021 443 5051 Der
468 5020 517 5057 Piz
541 5021 730 5056 Morteratsch;
757 5022 790 5057 J.
809 5022 841 5058 J.
859 5022 971 5053 Weilen¬

109 5067 193 5088 mann
204 5068 211 5088 :
224 5059 281 5090 Der
293 5060 342 5096 Piz
355 5060 528 5097 Tremoggia;
548 5062 575 5092 L.
589 5062 736 5093 Enderlin:
749 5063 806 5093 Der
818 5063 865 5099 Piz
877 5063 970 5099 Zupö;

108 5098 145 5127 R.
163 5098 257 5129 Lindt:
275 5100 340 5130 Das
357 5101 593 5138 Finsteraarhorn;
615 5103 644 5133 L.
659 5102 831 5139 Rütimeyer:
848 5103 901 5135 Die
919 5104 970 5135 Be¬

108 5139 247 5175 völkerung
265 5142 308 5170 der
326 5141 430 5176 Alpen;
457 5143 491 5177 H.
520 5142 651 5178 Denzler:
678 5144 758 5174 Ueber
786 5144 824 5174 die
851 5144 969 5179 Wechsel¬

108 5180 274 5215 beziehungen
290 5180 407 5216 zwischen
424 5185 472 5211 den
490 5183 740 5219 Bergbesteigungen
757 5186 815 5215 und
830 5186 879 5215 den
898 5188 969 5220 topo¬

108 5220 265 5254 graphischen
290 5220 491 5257 Vermessungen
520 5224 549 5253 in
575 5224 619 5254 der
647 5224 779 5260 Schweiz;
806 5225 838 5255 E.
866 5226 967 5259 Desor:

108 5260 219 5294 Apercçu
243 5261 421 5296 phénomène
439 5263 586 5299 erratique
616 5265 664 5292 des
686 5265 790 5301 Alpes;
820 5266 872 5296 Dr.
891 5266 924 5301 F.
942 5275 967 5297 v.

104 5299 228 5334 Tschudi:
245 5301 509 5338 Alpwirthschaftliche
521 5303 711 5340 Streiflichter;
727 5304 759 5341 J.
772 5306 859 5342 Coaz:
878 5306 966 5342 Freier

1031 4024 1227 4062 Gedankenflug
1246 4027 1307 4058 über
1326 4029 1362 4059 die
1382 4029 1546 4068 Waldungen
1564 4033 1607 4063 der
1626 4033 1765 4070 Schweizer
1783 4036 1887 4071 Alpen;

1031 4065 1064 4100 H.
1095 4066 1300 4104 Sczadrowsky:
1331 4070 1486 4102 Nationaler
1515 4073 1619 4110 Gesang
1648 4075 1686 4104 bei
1717 4078 1764 4105 den
1791 4077 1887 4111 Alpen¬

1030 4106 1182 4140 bewohnern
1192 4116 1201 4143 ;
1229 4109 1307 4144 Hans
1326 4110 1465 4142 Wieland:
1492 4113 1627 4148 Aufgaben
1644 4115 1690 4148 für
1707 4116 1746 4145 die
1764 4116 1887 4147 kleineren

1031 4145 1104 4176 Leute
1132 4150 1209 4178 unter
1227 4149 1272 4179 den
1292 4150 1507 4186 Alpenklubisten.
1545 4154 1589 4184 Da
1619 4155 1697 4188 haben
1725 4158 1774 4187 wir
1801 4158 1833 4192 sie
1860 4158 1886 4192 ja

1031 4186 1192 4222 beisammen,
1219 4189 1267 4225 fast
1294 4191 1344 4220 alle
1372 4191 1412 4222 die
1428 4192 1581 4229 Koryphäen
1601 4194 1642 4226 der
1660 4196 1805 4232 Alpinistik,
1832 4198 1888 4228 und

1031 4232 1087 4257 was
1106 4229 1138 4261 sie
1156 4233 1212 4259 uns
1239 4230 1267 4260 in
1285 4231 1358 4266 ihren
1376 4232 1471 4264 Gaben
1496 4235 1601 4269 geboten
1628 4236 1707 4271 haben
1729 4253 1758 4257 —
1780 4238 1813 4270 ich
1831 4239 1887 4275 sage

1030 4267 1076 4298 das
1096 4270 1248 4303 namentlich
1272 4271 1321 4301 den
1340 4272 1448 4309 jüngern
1468 4275 1637 4311 Mitgliedern
1657 4277 1702 4307 des
1721 4277 1748 4305 S.
1762 4279 1782 4306 A
1804 4278 1832 4307 C.
1851 4294 1885 4300 —

1029 4312 1057 4338 es
1075 4309 1107 4344 ist
1125 4310 1212 4345 werth,
1240 4311 1334 4342 immer
1357 4314 1450 4345 wieder
1478 4316 1680 4353 hervorgezogen,
1708 4319 1801 4355 gelesen
1833 4320 1887 4350 und

1030 4349 1147 4386 beherzigt
1175 4359 1206 4386 zu
1226 4353 1334 4383 werden.
1369 4353 1444 4384 Wem
1470 4356 1528 4387 aber
1555 4357 1628 4392 solche
1645 4359 1749 4392 Pathen
1776 4368 1805 4396 zu
1833 4360 1886 4391 Ge¬

1029 4392 1111 4419 vatter
1129 4390 1219 4426 stehen,
1239 4392 1286 4422 das
1306 4394 1369 4427 muß
1390 4395 1458 4429 wohl
1476 4397 1517 4427 ein
1537 4397 1626 4432 rechter
1643 4398 1735 4436 Junge
1754 4400 1815 4435 sein,
1834 4410 1884 4430 von

1028 4430 1083 4460 dem
1101 4439 1131 4465 zu
1149 4435 1275 4463 erwarten
1293 4434 1373 4469 stand,
1401 4436 1451 4471 daß
1469 4445 1496 4467 er
1523 4438 1568 4472 sich
1595 4439 1697 4475 gehörig
1723 4441 1885 4476 auswachsen

1028 4471 1116 4501 werde.

1076 4521 1197 4558 Verehrte
1217 4524 1315 4559 Herren
1343 4527 1398 4556 und
1423 4527 1628 4565 Klubgenossen!
1666 4530 1746 4566 Zwar
1774 4533 1818 4562 bin
1845 4533 1879 4567 ich

1022 4561 1074 4592 kein
1092 4562 1310 4599 Gedankenleser;
1328 4567 1388 4597 aber
1406 4567 1477 4601 sollte
1492 4568 1528 4602 ich
1539 4570 1603 4604 mich
1615 4570 1728 4605 täuschen
1742 4572 1771 4602 in
1783 4574 1879 4603 meiner

1023 4601 1213 4640 Vermuthung,
1231 4605 1281 4640 daß
1300 4608 1361 4637 viele
1380 4611 1455 4638 unter
1473 4609 1563 4644 Ihnen
1591 4619 1634 4647 zur
1651 4611 1710 4647 Zeit
1739 4616 1803 4643 etwa
1830 4615 1879 4647 fol¬

1021 4644 1116 4677 genden
1135 4645 1269 4683 Monolog
1288 4647 1393 4679 halten:
1417 4650 1485 4684 „Um
1503 4649 1589 4681 Gott!
1609 4656 1665 4682 was
1684 4653 1730 4685 soll
1750 4654 1797 4684 das
1816 4663 1878 4685 wer¬

1020 4683 1076 4719 den,
1095 4693 1172 4715 wenn
1189 4686 1266 4718 unser
1284 4687 1471 4723 Festpräsident
1497 4692 1547 4721 mit
1569 4693 1613 4722 der
1638 4693 1780 4727 nämlichen
1806 4695 1877 4726 Aus¬

1021 4723 1173 4759 führlichkeit
1191 4727 1247 4756 und
1264 4728 1454 4765 Gründlichkeit
1473 4732 1519 4762 wie
1538 4732 1593 4763 dies
1611 4734 1671 4768 erste
1682 4735 1732 4764 alle
1743 4735 1876 4771 folgenden

1019 4764 1055 4793 24
1071 4764 1157 4801 Jahre
1183 4775 1214 4803 zu
1241 4767 1380 4802 behandeln
1409 4771 1454 4805 sich
1481 4780 1683 4808 vorgenommen
1712 4775 1792 4806 hat!"
1828 4776 1876 4811 Ja,

1020 4804 1091 4834 dann
1108 4805 1192 4840 dürfte
1211 4808 1352 4845 allerdings
1371 4812 1459 4845 unsere
1478 4813 1672 4849 Mittagssuppe
1698 4816 1749 4845 kalt
1768 4816 1876 4852 werden,

1019 4845 1086 4880 oder,
1105 4850 1163 4877 was
1181 4849 1403 4886 wahrscheinlicher
1428 4852 1470 4887 ist,
1488 4853 1532 4883 der
1550 4854 1651 4885 Redner
1671 4855 1804 4890 schließlich
1833 4858 1875 4888 der

1017 4885 1122 4922 Einzige
1139 4888 1170 4917 in
1186 4889 1277 4922 diesem
1296 4890 1384 4922 Saale
1407 4892 1511 4924 bleiben.
1549 4895 1643 4930 Allein,
1672 4896 1737 4929 seien
1755 4897 1807 4927 Sie
1826 4907 1876 4928 un¬

1018 4930 1114 4962 verzagt
1125 4928 1132 4956 !
1170 4928 1229 4959 Mit
1256 4931 1320 4966 solch
1337 4940 1500 4968 verwegenen
1520 4935 1624 4969 Plänen
1652 4939 1722 4973 trage
1751 4937 1784 4971 ich
1813 4940 1875 4973 mich

1016 4967 1089 5001 nicht.
1125 4968 1175 5003 Ich
1193 4970 1304 5005 gedachte
1322 4973 1464 5010 allerdings
1482 4975 1656 5012 ursprünglich
1686 4980 1738 5007 aus
1757 4979 1799 5008 der
1817 4981 1874 5009 wei¬

1015 5009 1071 5037 tern
1089 5007 1225 5043 Geschichte
1250 5012 1298 5041 des
1315 5013 1341 5041 S.
1352 5015 1386 5041 A.
1397 5013 1424 5042 C.
1454 5015 1493 5045 die
1521 5016 1714 5051 bedeutsamsten
1736 5018 1874 5050 Momente

1016 5048 1228 5085 herauszuheben,
1245 5052 1301 5081 und
1320 5054 1386 5088 hatte
1404 5055 1466 5088 mich
1484 5056 1575 5086 bereits
1594 5057 1675 5087 daran
1693 5060 1810 5094 gemacht,
1837 5069 1872 5090 an

1014 5087 1094 5122 Hand
1110 5088 1154 5119 der
1172 5089 1318 5124 Chroniken
1336 5094 1382 5124 des
1395 5094 1554 5131 Jahrbuches
1573 5098 1611 5127 die
1623 5099 1773 5134 wichtigsten
1783 5100 1872 5130 Daten

1013 5136 1043 5163 zu
1060 5129 1175 5164 eruiren,
1200 5132 1246 5160 als
1269 5133 1313 5162 ein
1329 5134 1394 5169 mich
1409 5137 1519 5171 plötzlich
1537 5137 1737 5173 durchzuckender
1754 5139 1872 5171 Gedanke

1014 5168 1074 5202 mich
1093 5169 1240 5204 innehalten
1258 5173 1311 5207 ließ
1328 5174 1384 5204 und
1395 5175 1442 5205 den
1455 5177 1590 5213 Fortgang
1603 5179 1643 5209 der
1653 5179 1741 5209 Arbeit
1755 5181 1870 5215 hemmte.

1013 5208 1094 5239 Wie?
1112 5209 1179 5246 sagte
1196 5212 1232 5245 ich
1248 5214 1303 5242 mir
1321 5214 1402 5249 selbst,
1419 5224 1497 5246 wenn
1516 5218 1565 5248 Du
1586 5227 1640 5248 nun
1655 5220 1694 5249 bei
1704 5221 1748 5249 der
1762 5222 1869 5256 ohnehin

1013 5250 1094 5283 knapp
1109 5252 1295 5286 zugemessenen
1306 5253 1393 5288 Muße
1409 5257 1451 5286 ein
1464 5257 1527 5290 nicht
1541 5259 1683 5293 müheloses
1693 5260 1767 5290 Werk
1784 5265 1870 5291 unter¬

1011 5290 1125 5326 nimmst,
1144 5294 1193 5322 das
1212 5294 1252 5321 ein
1270 5293 1387 5324 Anderer
1406 5297 1496 5326 bereits
1526 5298 1601 5332 besser
1627 5301 1683 5328 und
1710 5301 1869 5335 gründlicher

1011 5331 1106 5367 besorgt
1124 5332 1192 5368 hat?
1227 5333 1288 5364 Und
1314 5334 1389 5371 flugs
1414 5336 1480 5372 setzte
1497 5337 1533 5372 ich
1550 5339 1613 5373 mich
1629 5340 1676 5375 hin
1701 5341 1757 5371 und
1780 5341 1869 5376 schrieb

1928 4063 1962 4087 an
1981 4057 2086 4093 Freund
2103 4060 2169 4096 Buß
2196 4062 2223 4093 in
2241 4063 2347 4095 Glarus
2375 4066 2411 4095 die
2439 4067 2572 4098 indiskrete
2600 4070 2692 4106 Frage,
2719 4075 2779 4102 was

1928 4098 2054 4134 eigentlich
2074 4100 2117 4130 der
2135 4100 2233 4137 Inhalt
2251 4104 2330 4138 seiner
2341 4105 2580 4143 Jubiläumsschrift
2590 4110 2629 4144 sei.
2648 4111 2707 4141 Und
2720 4112 2781 4148 siehe

1927 4138 1979 4168 da!
2007 4140 2072 4171 seine
2089 4143 2243 4178 umgehende
2270 4145 2392 4176 Antwort
2418 4148 2544 4184 bestätigte
2572 4150 2610 4180 die
2635 4151 2780 4188 Richtigkeit

1928 4180 2021 4211 meiner
2039 4181 2230 4220 Vermuthung,
2258 4185 2308 4220 daß
2334 4188 2382 4217 wir
2399 4189 2447 4218 mit
2465 4189 2605 4224 doppeltem
2622 4191 2711 4227 Faden
2740 4202 2780 4229 ge¬

1927 4219 1989 4254 näht
2016 4221 2095 4256 haben
2127 4224 2240 4256 würden.
2285 4227 2344 4258 Und
2374 4229 2398 4262 so
2429 4229 2486 4264 darf
2517 4230 2550 4264 ich
2580 4231 2638 4266 Sie,
2669 4234 2779 4269 verehrte

1927 4260 2024 4294 Herren
2042 4264 2098 4293 und
2125 4263 2251 4301 Freunde,
2279 4268 2423 4303 hinsichtlich
2450 4270 2494 4300 der
2520 4271 2779 4311 Weiterentwicklung

1927 4303 1971 4330 des
1990 4301 2017 4330 S.
2028 4304 2059 4331 A.
2071 4301 2099 4331 C.
2119 4313 2170 4334 von
2189 4306 2271 4340 seinen
2290 4308 2426 4344 Anfängen
2455 4310 2495 4340 bis
2513 4312 2560 4346 auf
2586 4312 2632 4343 den
2662 4315 2777 4351 heutigen

1927 4342 1984 4377 Tag
2001 4345 2135 4377 verweisen
2153 4346 2200 4379 auf
2216 4347 2254 4376 die
2273 4348 2418 4385 Festschrift,
2446 4350 2483 4381 die
2507 4352 2534 4382 in
2554 4352 2637 4383 Bälde
2655 4358 2707 4384 aus
2735 4357 2777 4386 der

1925 4385 2073 4417 gewandten
2089 4384 2172 4420 Feder
2197 4387 2242 4417 des
2260 4388 2327 4424 Hrn.
2346 4390 2564 4426 Vizepräsidenten
2581 4394 2672 4427 unsers
2698 4394 2726 4425 C.
2748 4396 2777 4425 C.

1926 4422 2060 4457 erscheinen
2080 4426 2154 4461 wird,
2182 4428 2235 4457 und
2263 4428 2290 4460 in
2315 4431 2413 4465 welcher
2430 4440 2456 4461 er
2474 4436 2537 4468 uns,
2565 4433 2598 4468 ich
2624 4435 2667 4465 bin
2696 4436 2777 4471 dessen

1925 4464 2015 4498 gewiß,
2034 4466 2076 4495 ein
2094 4466 2243 4503 lebendiges,
2263 4469 2442 4505 farbenreiches
2455 4472 2520 4503 Bild
2531 4474 2632 4508 unserer
2641 4475 2776 4512 Geschichte

1926 4511 1972 4533 vor
1990 4505 2081 4540 Augen
2098 4507 2190 4543 führen
2209 4509 2283 4540 wird.

1977 4545 2067 4581 Dafür
2094 4549 2164 4584 aber,
2193 4550 2243 4586 daß
2273 4553 2306 4586 ich
2336 4554 2422 4589 gerade
2453 4555 2501 4585 das
2531 4556 2591 4590 erste
2621 4557 2774 4595 Lebensjahr

1923 4586 2026 4617 unserer
2045 4587 2216 4627 Verbindung
2240 4592 2270 4622 in
2286 4595 2368 4624 etwas
2384 4595 2486 4630 epischer
2503 4596 2591 4627 Breite
2607 4597 2700 4632 Ihnen
2717 4602 2773 4630 dar¬

1923 4626 2015 4661 gestellt
2033 4628 2102 4664 babe,
2121 4630 2197 4663 dafür
2214 4633 2304 4668 glaube
2321 4634 2356 4668 ich
2373 4634 2438 4669 Ihre
2451 4635 2575 4672 Nachsicht
2593 4639 2666 4668 kaum
2687 4640 2774 4674 beson¬

1923 4669 1981 4696 ders
1993 4668 2020 4698 in
2031 4668 2163 4705 Anspruch
2175 4673 2280 4707 nehmen
2297 4682 2326 4711 zu
2340 4675 2444 4710 müssen.
2463 4677 2505 4707 Es
2517 4677 2548 4710 ist
2561 4678 2587 4712 ja
2599 4679 2655 4713 doch
2669 4681 2772 4716 immer,

1922 4708 1982 4741 auch
1998 4708 2042 4742 für
2060 4710 2108 4740 den
2127 4712 2292 4748 erwachsenen
2311 4714 2410 4751 Mann,
2436 4716 2479 4746 ein
2497 4717 2640 4753 besonderer
2657 4720 2772 4757 Zauber,

1922 4747 1964 4778 der
1982 4748 2020 4778 die
2038 4749 2131 4780 Stätte
2149 4754 2268 4790 umweht,
2287 4763 2327 4784 wo
2346 4756 2445 4790 unserer
2458 4756 2579 4793 Kindheit
2592 4759 2677 4796 Wiege
2691 4762 2772 4797 stand,

1921 4788 1977 4818 und
2006 4793 2064 4819 was
2090 4794 2147 4822 uns
2176 4795 2259 4824 treuer
2289 4795 2381 4826 Eltern
2410 4797 2503 4827 Mund
2533 4808 2584 4828 von
2614 4801 2661 4830 den
2692 4803 2771 4837 ersten

1920 4829 2051 4863 Schritten
2069 4832 2172 4867 erzählt,
2197 4834 2236 4864 die
2253 4836 2303 4865 wir
2320 4836 2374 4866 in's
2391 4836 2471 4868 Leben
2489 4839 2586 4873 hinaus
2602 4841 2704 4876 gethan,
2722 4843 2772 4873 das

1920 4868 2019 4905 pflegen
2037 4872 2087 4902 wir
2105 4873 2133 4902 in
2152 4873 2222 4907 steter
2233 4875 2396 4909 freundlicher
2404 4878 2574 4915 Erinnerung
2585 4890 2615 4917 zu
2629 4882 2770 4918 bewahren.

1920 4909 2036 4941 Sodann
2054 4912 2115 4942 aber
2132 4914 2207 4948 schien
2226 4918 2256 4945 es
2272 4917 2326 4946 mir
2344 4918 2414 4948 einen
2432 4919 2535 4954 eigenen
2553 4921 2613 4956 Reiz
2631 4930 2661 4957 zu
2681 4923 2770 4958 bieten,

1919 4951 1968 4980 das
1985 4951 2059 4986 Bild,
2077 4953 2125 4983 das
2143 4954 2182 4991 die
2206 4956 2402 4991 gesammte
2428 4959 2567 4996 25jährige
2592 4962 2770 5000 Entwicklung

1919 4991 1963 5020 des
1981 4991 2008 5019 S.
2019 4994 2051 5020 A.
2061 4993 2092 5021 C.
2124 4995 2244 5031 gewährt,
2275 4997 2303 5027 in
2334 4998 2415 5032 seinen
2446 4999 2495 5029 Ur-
2513 5001 2567 5030 und
2584 5002 2769 5040 Grundzügen,

1917 5032 2045 5066 gleichsam
2064 5034 2101 5064 im
2118 5034 2321 5072 Mikrokosmos,
2347 5039 2374 5067 in
2398 5039 2488 5073 diesem
2505 5042 2584 5076 ersten
2602 5042 2769 5079 Lebensjahre

1917 5071 1963 5102 des
1980 5072 2091 5104 Vereins
2109 5077 2285 5112 vorgezeichnet
2304 5086 2334 5114 zu
2353 5078 2446 5113 finden.

1972 5113 2031 5143 Und
2049 5123 2107 5144 nun
2125 5117 2237 5153 erübrigt
2255 5119 2307 5148 mir
2325 5120 2393 5153 noch,
2411 5121 2524 5155 zwischen
2545 5122 2616 5157 jenen
2629 5124 2770 5162 Anfängen

1917 5154 1973 5182 und
1990 5153 2047 5184 dem
2064 5154 2131 5191 Jetzt
2148 5157 2202 5186 eine
2219 5158 2289 5195 kurze
2305 5159 2434 5194 Parallele
2451 5169 2483 5197 zu
2500 5162 2582 5197 ziehen
2608 5165 2663 5194 und
2691 5166 2770 5203 einige

1918 5192 2210 5233 Schlußbetrachtungcn
2229 5199 2311 5229 daran
2340 5208 2369 5236 zu
2397 5202 2513 5237 knüpfen.
2551 5204 2608 5234 Und
2635 5206 2768 5241 fürwahr!

1916 5233 1959 5263 Es
1975 5234 2007 5269 ist
2023 5235 2065 5265 ein
2084 5236 2134 5271 fast
2151 5238 2238 5274 stolzes
2257 5238 2364 5275 Gefühl,
2381 5241 2428 5271 das
2443 5245 2497 5272 uns
2510 5244 2549 5273 die
2561 5244 2641 5280 Brust
2654 5247 2769 5283 schwellt,

1916 5282 1991 5304 wenn
2008 5276 2059 5306 wir
2076 5277 2152 5311 solche
2169 5277 2383 5317 Vergleichungen
2399 5283 2531 5317 anstellen.

1971 5315 2031 5346 Aus
2049 5317 2096 5347 den
2116 5319 2275 5353 dreihundert
2294 5322 2350 5353 sind
2368 5323 2433 5354 ihrer
2450 5325 2607 5359 dreitausend
2625 5330 2769 5364 geworden,

1915 5357 2002 5388 welche
2018 5358 2058 5387 die
2075 5357 2164 5394 Fahne
2181 5362 2226 5390 des
2243 5360 2271 5391 S.
2283 5362 2317 5390 A.
2328 5361 2358 5391 C.
2378 5364 2519 5399 hochhalten
2538 5367 2566 5396 in
2584 5368 2625 5398 der
2645 5367 2768 5406 Schweiz,

2825 4092 2864 4123 die
2881 4093 2954 4129 Jahr
2970 4104 3018 4126 um
3035 4096 3106 4133 Jahr
3123 4099 3285 4138 frohgemuth
3303 4104 3482 4143 hinausziehen
3500 4109 3530 4138 in
3546 4109 3585 4139 die
3603 4110 3678 4142 blaue

2825 4132 2909 4169 Ferne
2928 4136 2982 4166 und
3000 4137 3170 4176 hinansteigen
3190 4143 3245 4173 und
3263 4144 3465 4178 hinanklimmen
3490 4157 3519 4185 zu
3538 4150 3584 4180 den
3602 4151 3681 4185 leuch¬

2825 4174 2916 4205 tenden
2934 4175 3039 4211 Zinnen
3056 4178 3099 4209 der
3117 4181 3262 4219 Hochwacht
3281 4185 3416 4223 Europas,
3445 4191 3500 4220 und
3519 4191 3590 4225 welch
3607 4196 3679 4228 reges

2825 4214 2906 4245 Leben
2925 4220 3075 4253 namentlich
3092 4228 3138 4257 zur
3154 4222 3320 4261 Winterszeit
3346 4228 3384 4258 im
3411 4228 3529 4265 Schooße
3557 4231 3599 4261 der
3624 4233 3680 4262 ein¬

2825 4257 2911 4290 zelnen
2930 4257 3090 4296 Sektionen;
3108 4263 3154 4292 wie
3172 4264 3323 4302 anhänglich
3335 4268 3389 4302 sind
3402 4269 3442 4299 die
3455 4270 3604 4306 Mitglieder
3622 4272 3679 4303 dem

2824 4295 2960 4328 Verbände
2977 4301 3033 4330 und
3056 4305 3086 4331 es
3103 4303 3205 4338 dürften
3221 4307 3291 4340 wohl
3306 4308 3372 4342 ihrer
3382 4309 3487 4346 Wenige
3498 4312 3557 4347 sein,
3567 4312 3604 4342 die
3613 4314 3678 4347 nicht

2826 4336 2926 4375 freudig
2944 4340 3103 4375 einstimmen
3122 4344 3150 4373 in
3168 4346 3217 4375 das
3234 4347 3404 4384 Bekenntniß,
3431 4351 3482 4386 daß
3508 4352 3546 4382 die
3572 4353 3601 4382 in
3628 4354 3678 4385 den

2825 4377 3020 4416 Klubsitzungcn
3039 4383 3194 4419 verbrachten
3213 4386 3315 4418 Abende
3332 4397 3363 4425 zu
3381 4391 3428 4420 den
3447 4392 3569 4426 schönsten
3587 4393 3679 4425 Stun¬

2823 4418 2872 4448 den
2891 4420 2960 4454 ihres
2977 4422 3074 4453 Lebens
3090 4425 3186 4460 zählen.
3223 4427 3283 4458 Und
3299 4429 3328 4459 in
3354 4431 3423 4461 allen
3453 4432 3568 4467 Thälern
3594 4434 3676 4470 stehen

2823 4458 2856 4491 sie
2875 4459 2959 4494 bereit,
2978 4463 3011 4497 ich
3029 4462 3086 4498 darf
3104 4466 3171 4501 wohl
3190 4467 3274 4504 sagen,
3299 4469 3337 4506 die
3354 4470 3501 4506 Führer
3522 4478 3592 4504 aus
3610 4484 3680 4505 un¬

2822 4498 2925 4533 serer
2943 4502 3046 4538 Schule,
3075 4508 3128 4535 uns
3146 4507 3377 4544 hinauszugeleiten
3405 4512 3467 4542 über
3497 4514 3594 4548 Schnee
3620 4516 3677 4547 und

2821 4539 2884 4574 Eis,
2902 4541 2965 4572 über
2982 4543 3046 4578 Fels
3063 4546 3119 4575 und
3135 4547 3228 4578 Geröll
3244 4550 3293 4583 auf
3310 4550 3349 4580 die
3367 4552 3477 4587 höchsten
3495 4554 3604 4585 Warten
3620 4557 3678 4587 und

2824 4584 2879 4611 uns
2897 4582 2968 4616 sicher
2986 4583 3075 4614 wieder
3092 4585 3346 4625 herunterzulootsen.
3381 4591 3431 4629 Ja,
3462 4596 3523 4628 auch
3550 4596 3615 4631 ihrer
3642 4598 3676 4631 sei

2821 4621 2919 4657 gedacht
2945 4631 2979 4653 an
2997 4624 3086 4659 diesem
3113 4626 3266 4665 Jubiläum,
3294 4632 3337 4661 der
3366 4635 3453 4664 treuen
3482 4635 3609 4671 Männer,
3636 4638 3676 4668 die

2822 4662 2898 4692 lieber
2916 4663 2963 4693 das
2987 4665 3071 4700 eigene
3094 4665 3174 4698 Leben
3203 4670 3248 4700 als
3276 4671 3347 4707 ihren
3376 4673 3496 4710 „Herrn"
3524 4677 3561 4706 im
3587 4676 3676 4711 Stiche

2820 4702 2909 4737 lassen.
2946 4703 2996 4735 Sie
3014 4705 3132 4740 dürfen's
3149 4710 3210 4744 auch
3228 4713 3320 4747 getrost
3333 4722 3431 4750 wagen,
3449 4715 3516 4746 denn
3529 4717 3593 4751 nicht
3604 4719 3674 4751 mehr

2818 4750 2873 4772 nur
2890 4743 2944 4773 eine
2961 4745 3020 4775 oder
3036 4748 3104 4782 zwei,
3122 4749 3230 4782 sondern
3242 4752 3297 4783 eine
3310 4753 3426 4790 stattliche
3437 4755 3517 4792 Reihe
3527 4765 3578 4787 von
3590 4757 3672 4788 Klub¬

2819 4782 2907 4817 hütten
2927 4785 2963 4814 im
2979 4794 3074 4822 ganzen
3085 4788 3232 4827 Hochgebiet
3247 4794 3339 4828 herum
3349 4795 3477 4831 zerstreut,
3495 4797 3575 4833 stehen
3587 4798 3673 4834 bereit,

2819 4824 2874 4853 dem
2893 4823 2998 4860 Freund
3022 4827 3066 4858 der
3083 4829 3166 4866 Berge
3192 4832 3243 4868 ein,
3271 4835 3303 4864 ob
3329 4836 3389 4869 auch
3419 4837 3588 4872 bescheidenes,
3614 4838 3672 4874 doch

2818 4864 2966 4899 schützendes
2983 4867 3087 4904 Obdach
3111 4879 3142 4906 zu
3158 4872 3300 4909 gewähren.
3335 4875 3432 4911 Jenem
3460 4878 3539 4912 ersten
3565 4879 3670 4913 muster¬

2817 4904 2933 4940 gültigen
2951 4906 3082 4944 Jahrbuch
3099 4911 3144 4941 des
3169 4912 3196 4940 S.
3207 4914 3238 4942 A.
3250 4914 3279 4942 C.
3297 4916 3352 4950 sind
3379 4917 3415 4947 im
3439 4917 3517 4951 Laufe
3543 4919 3586 4948 der
3610 4918 3671 4954 Zeit

2816 4944 2853 4973 23
2870 4947 2967 4976 weitere
2984 4948 3144 4985 Geschwister
3160 4961 3205 4989 zur
3218 4953 3293 4986 Seite
3309 4958 3428 4992 getreten.
3449 4957 3539 4988 Meine
3551 4958 3669 4994 Herren!

2816 4984 2885 5015 Was
2903 4986 2934 5021 ist
2951 4989 3001 5018 das
3018 4989 3063 5023 für
3079 4991 3134 5022 eine
3150 4994 3339 5030 unerschöpflich
3357 4997 3430 5031 reiche
3447 4997 3606 5034 Fundgrube
3622 5000 3671 5032 für

2816 5025 2855 5055 die
2872 5025 3020 5063 Kenntnisse
3047 5031 3151 5066 unseres
3178 5035 3281 5069 theuren
3299 5036 3513 5072 Heimatlandes;
3540 5042 3597 5069 was
3623 5041 3670 5074 für

2815 5065 2870 5096 eine
2888 5066 2964 5103 Fülle
2981 5070 3042 5105 auch
3059 5080 3111 5103 von
3129 5074 3238 5110 urchiger
3257 5075 3475 5112 Bergsfröhlichkeit
3501 5079 3554 5109 und
3580 5080 3669 5114 echtem

2816 5106 3003 5142 Alpenhumor.
3037 5111 3088 5146 Ja,
3104 5121 3167 5144 man
3185 5115 3243 5150 darf
3261 5116 3346 5152 sagen,
3372 5117 3422 5148 das
3440 5118 3524 5154 Beste,
3540 5123 3598 5150 was
3615 5125 3670 5152 aus

2815 5149 2858 5177 der
2877 5148 2957 5183 Feder
2974 5152 3016 5181 der
3034 5152 3126 5187 Besten
3152 5158 3228 5185 unter
3245 5160 3300 5186 uns
3327 5158 3447 5194 geflossen
3477 5160 3509 5194 ist
3527 5175 3559 5181 —
3578 5164 3607 5192 es
3624 5162 3669 5197 hat

2814 5187 2868 5221 hier
2886 5189 2952 5222 seine
2969 5191 3060 5222 Stätte
3076 5194 3210 5229 gefunden.
3246 5196 3320 5232 Nicht
3347 5206 3377 5233 zu
3394 5200 3519 5235 vergessen
3549 5202 3593 5232 der
3610 5211 3669 5234 vor¬

2815 5228 2949 5263 trefflichen
2966 5231 3136 5268 Itinerarien,
3153 5235 3227 5269 dieser
3235 5237 3376 5274 prächtigen
3387 5239 3587 5272 Vademecums
3598 5243 3670 5279 jedes

2813 5268 2919 5304 eifrigen
2945 5271 3085 5308 Klubisten,
3112 5275 3187 5310 dieser
3199 5276 3317 5312 vielleicht
3335 5280 3394 5313 noch
3413 5289 3443 5316 zu
3469 5283 3551 5319 wenig
3569 5285 3669 5318 gewür¬

2812 5308 2899 5344 digten
2925 5310 3045 5348 Beiträge
3070 5322 3116 5348 zur
3141 5314 3276 5352 Kenntniß
3303 5327 3356 5350 von
3382 5320 3457 5351 Land
3483 5323 3539 5354 und
3566 5324 3669 5357 Leuten.

2813 5348 2878 5379 Das
2890 5352 3037 5386 verlorenste
3050 5353 3127 5389 Thal,
3144 5355 3188 5386 der
3199 5358 3357 5394 vergessenste
3370 5361 3552 5394 Erdenwinkel
3563 5366 3669 5401 unseres

2813 5389 2914 5425 schönen
2933 5391 3103 5425 Vaterlandes
3118 5410 3148 5415 —
3162 5397 3215 5432 hier
3233 5400 3332 5430 werden
3351 5401 3383 5437 sie
3395 5406 3451 5433 uns
3464 5404 3526 5440 nahe
3536 5405 3672 5442 gebracht.
