3807 5551
178 126 975 530 Neue
1004 144 3600 657 Zürcher-Zeitung

527 639 791 675 Abonnement.

749 681 860 711 Jährlich.
875 683 891 705 6
901 681 1007 706 Monate.
1022 683 1038 707 3
1048 682 1156 708 Monate.

169 703 272 734 Zürich
284 706 364 734 (wenn
373 706 410 732 die
419 707 522 739 Zeitung
535 710 640 743 abgeholt
651 711 722 740 wird)
740 711 782 742 Fr.
794 712 868 735 16.—
893 711 932 741 Fr.
954 714 1014 735 8.—
1041 713 1083 742 Fr.
1096 714 1157 737 4.50

169 733 294 766 Schweiz
309 736 353 763 (bei
368 737 426 761 allen
440 738 608 769 Postbureaux)
752 759 764 770 „
792 743 870 766 21.—
906 758 916 770 „
942 742 1020 767 10.50
1056 744 1088 770 „
1088 744 1157 770 5.50

230 780 242 793 „
305 765 350 794 (bei
357 766 379 791 d.
387 766 520 796 Expediton
528 768 568 798 für
575 768 721 800 Privatadr.)
752 789 763 800 „
791 772 868 795 24.—
905 788 915 799 „
942 773 1019 795 12.—
1050 788 1062 800 „
1096 773 1155 797 6.50

168 792 303 823 Italien,
325 794 495 826 Frankreich
514 799 564 823 und
583 799 616 823 die
633 801 730 830 übrigen

215 823 317 849 Staaten
326 825 367 849 des
376 826 573 856 Weltpostvereins
583 828 723 860 (Bestellung

214 853 251 880 beit
264 854 305 880 der
316 846 474 888 Expedition)
474 846 738 888 .......
738 846 775 888 „
775 846 862 888 38.—
901 877 913 890 „
939 861 1016 885 19.—
1053 877 1064 890 „
1083 861 1158 885 10.—

451 885 515 915 Für
540 893 621 917 ganz
648 889 867 919 Deutschland

169 917 201 944 zu
215 914 344 939 abonniren
359 915 395 940 bei
409 916 450 940 den
466 917 571 946 dortigen
581 917 733 947 Postbureaux
749 920 788 947 für
803 920 816 943 3
825 919 924 943 Monate
944 918 1079 948 Reichsmrk.
1096 921 1159 945 5.75

531 947 595 975 Für
616 947 788 976 Oesterreich

170 979 201 1004 zu
215 975 344 1000 abonniren
358 975 393 1001 bei
406 975 448 1000 den
462 976 567 1010 dortigen
582 976 736 1007 Postbureaux
753 978 791 1006 für
806 979 820 1001 3
833 978 932 1003 Monate
978 979 1003 1008 fl.
1014 980 1042 1004 d.
1042 980 1082 1004 W.
1097 980 1158 1005 4.57

505 1005 566 1034 Für
590 1008 696 1031 andere
715 1006 825 1031 Länder

278 1035 328 1065 sind
344 1035 501 1064 Bestellungen
517 1041 548 1059 an
564 1036 599 1059 die
613 1034 749 1065 Expedition
765 1036 791 1060 in
806 1036 887 1065 Zürich
903 1039 1058 1066 einzusenden.

1388 766 2017 847 Siebenundfünfzigster
2054 766 2379 847 Jahrgang.

1585 944 1850 1047 Erstes
1903 950 2175 1037 Blatt.

3006 671 3190 711 Inserate

2595 713 2651 743 sind
2671 719 2703 739 an
2723 715 2911 747 Haasenstein
2933 719 2955 743 &
2974 719 3082 751 Bogler
3102 723 3128 747 in
3148 723 3240 753 Zürich,
3264 725 3345 755 Basel,
3367 727 3441 758 Genf,
3458 728 3589 760 Stuttgart,

2777 746 2910 777 Frankfurt,
2926 747 3017 777 Berlin,
3032 750 3155 783 Hamburg
3170 760 3197 779 rc.
3213 761 3244 779 rc.
3259 756 3414 785 einzusenden.

2601 782 2866 816 Insertionspreis
2882 787 2919 815 für
2934 787 2969 813 die
2985 790 3082 820 Schweiz
3097 793 3126 816 20
3137 792 3182 821 Rp.
3192 793 3226 818 die
3242 794 3392 827 fünfspaltige
3406 797 3477 827 Zeile,
3492 798 3533 829 für
3547 799 3589 826 das

2882 816 2993 843 Ausland
3007 820 3038 843 25
3052 820 3105 845 Cts.
3121 822 3173 846 oder
3186 823 3217 848 20
3230 823 3352 856 Pfennige.

2833 886 2931 911 Bureau
2945 887 2982 912 der
2998 887 3135 914 Redaktion:
3156 890 3314 923 Brunngasse,
3328 894 3351 919 2.

2641 950 2688 976 Die
2703 952 2806 982 Zeitung
2818 953 2884 982 wird,
2900 956 3079 986 ausgenommen
3102 963 3134 981 an
3154 958 3231 982 Sonn-
3252 960 3303 984 und
3321 960 3445 993 Festtagen,
3466 962 3548 994 täglich

2963 986 3067 1014 zweimal
3083 987 3229 1018 ausgegeben.

2599 1054 2706 1083 Einzelne
2725 1055 2853 1081 Nummern
2873 1056 2955 1084 kosten:
2974 1056 3069 1086 einfache
3086 1060 3120 1086 10,
3144 1059 3186 1083 mit
3201 1060 3296 1093 Beilage
3316 1064 3352 1092 15,
3375 1065 3476 1095 doppelte
3490 1068 3523 1092 20
3538 1068 3578 1096 Rp.

160 1113 514 1195 Zürich,

1346 1126 1714 1211 Donnerstag,
1760 1133 1852 1200 13.
1898 1130 2236 1215 September
2278 1136 2456 1207 1877.

3360 1158 3456 1220 Nr.
3492 1149 3610 1217 429

474 1315 965 1389 Tagesbericht

537 1402 609 1432 vom
636 1402 685 1433 12.
711 1397 905 1442 September.

234 1439 307 1486 Der
332 1439 451 1487 Fall
489 1449 581 1481 von
617 1444 843 1491 Plewna,
884 1447 937 1485 der
974 1447 1052 1486 laut
1091 1447 1272 1498 Depeschen

158 1493 225 1528 aus
252 1490 404 1536 Sistowa
430 1491 500 1531 und
524 1492 686 1539 Bukarest
712 1493 804 1543 schon
829 1506 887 1535 am
913 1497 1077 1546 Sonntag
1103 1498 1140 1536 in
1170 1499 1272 1547 Folge

160 1539 249 1577 eines
277 1541 496 1588 allgemeinen
520 1542 689 1582 Sturmes
714 1544 855 1584 Seitens
881 1546 936 1584 der
961 1547 1270 1596 russisch-rumäni¬

158 1587 246 1635 schen
273 1589 432 1639 Truppen
471 1591 592 1640 erfolgt
629 1593 700 1640 sein
737 1593 841 1641 sollte,
881 1595 1033 1646 bestätigt
1073 1597 1130 1646 sich
1172 1598 1269 1646 nicht,

159 1636 263 1684 findet
289 1639 348 1688 sich
372 1640 530 1690 vielmehr
570 1642 663 1690 heute
689 1642 823 1692 offiziell
848 1644 1035 1691 dementirt,
1076 1648 1142 1686 und
1184 1655 1271 1697 zwar

157 1694 225 1727 von
268 1689 331 1727 den
372 1689 496 1738 Russen
536 1691 643 1740 selbst.
696 1693 786 1742 Auch
826 1695 882 1733 ein
906 1696 1165 1746 Sturmangriff
1207 1699 1270 1747 auf

158 1737 303 1784 Plewna
330 1738 388 1786 hat
412 1740 467 1778 der
505 1741 641 1789 (bereits
668 1743 922 1794 mitgetheilten)
962 1744 1138 1795 offiziellen
1165 1748 1268 1796 russi¬

158 1786 244 1834 schen
272 1788 426 1838 Depesche
464 1791 594 1840 zufolge
623 1793 703 1840 noch
740 1794 825 1841 nicht
852 1795 1117 1845 stattgefunden;
1156 1796 1203 1845 ja,
1231 1803 1268 1838 es

158 1836 233 1885 geht
258 1842 325 1877 aus
351 1838 450 1887 dieser
475 1839 602 1889 hervor,
628 1842 696 1889 daß
721 1842 777 1882 der
802 1844 934 1893 Angriff
961 1845 1018 1893 sich
1043 1845 1100 1885 bis
1116 1845 1267 1897 Montag

158 1887 275 1926 Abend
314 1889 376 1936 auf
411 1890 598 1939 vorläufige
628 1892 1128 1941 Annäherungs-Operationen
1168 1909 1266 1946 gegen

157 1936 303 1983 Plewna
326 1937 522 1987 beschränkte
561 1940 629 1980 und
656 1942 733 1990 noch
757 1943 842 1982 keine
877 1945 1001 1992 großen
1026 1946 1164 1995 Erfolge
1190 1948 1267 1994 auf¬

157 1988 317 2034 zuweisen
342 1987 411 2037 hat,
455 1997 552 2029 wenn
578 1991 710 2037 anders,
736 1997 810 2031 was
835 1993 933 2033 kaum
959 1995 1187 2044 anzunehmen
1210 1997 1265 2042 ist,

156 2036 207 2074 die
232 2037 358 2086 Russen
383 2038 485 2085 selber
509 2040 552 2088 sie
578 2041 664 2090 nicht
689 2043 838 2091 geringer
864 2044 1047 2090 darstellen,
1075 2046 1130 2084 als
1158 2046 1200 2093 sie
1224 2047 1265 2086 in

152 2085 209 2123 der
233 2087 450 2136 Wirklichkeit
476 2088 559 2136 sind.
584 2091 789 2141 Inzwischen
814 2093 931 2132 dauert
956 2094 1006 2134 die
1032 2094 1260 2145 Beschießung

155 2135 321 2182 Plewnas
359 2139 639 2188 ununterbrochen
679 2141 748 2189 fort
786 2142 853 2181 und
893 2143 999 2190 haben
1037 2145 1088 2183 die
1127 2145 1263 2194 Russen,

156 2185 244 2224 einer
262 2186 553 2237 Havas-Depesche
566 2190 705 2239 zufolge,
731 2192 854 2239 gestern
869 2193 1014 2240 Morgen
1030 2195 1124 2232 einen
1138 2196 1265 2243 großen

155 2234 301 2283 Ausfall
325 2237 380 2274 der
397 2237 527 2276 Türken
546 2239 838 2289 zurückgeschlagen
865 2243 934 2281 und
960 2242 1101 2292 scheinen
1118 2245 1263 2284 Terrain

155 2295 196 2332 zu
222 2286 405 2332 gewinnen.
431 2286 521 2336 Doch
539 2287 723 2338 behaupten
749 2291 799 2329 die
812 2292 953 2335 Türken,
980 2294 1041 2332 wie
1054 2294 1261 2334 moderirend

150 2334 372 2384 hinzugefügt
411 2336 508 2382 wird,
553 2338 630 2386 noch
671 2340 793 2379 immer
832 2340 904 2389 ihre
945 2341 1260 2392 Hauptpositionen.

161 2404 205 2409 —
232 2384 377 2434 Wichtig
402 2386 471 2424 und
496 2387 699 2436 bezeichnend
741 2390 799 2437 für
836 2390 888 2430 die
912 2392 1113 2440 europäische
1138 2394 1264 2441 Diplo¬

156 2435 262 2473 matie
300 2435 352 2480 ist,
394 2443 490 2475 wenn
532 2438 576 2486 sie
611 2438 671 2487 sich
707 2437 872 2487 bestätigt,
913 2441 965 2479 die
1002 2442 1173 2490 Nachricht
1208 2444 1265 2483 der

160 2483 322 2526 „Times"
352 2490 416 2524 aus
430 2486 727 2534 Turnu-Severin,
754 2489 886 2536 wonach
898 2490 948 2529 die
960 2491 1108 2540 russische
1121 2492 1262 2542 Kriegs¬

155 2533 288 2581 leitung
312 2533 598 2585 Vorbereitungen
624 2538 724 2585 trifft,
764 2540 815 2578 ein
849 2539 1017 2587 russisches
1045 2541 1263 2590 Armeekorps

154 2589 221 2621 von
247 2584 385 2629 50,000
409 2584 528 2625 Mann
553 2586 632 2625 über
657 2588 707 2626 die
732 2587 861 2627 Donau
886 2600 926 2637 zu
952 2589 1056 2639 setzen,
1095 2602 1156 2631 um
1182 2592 1264 2631 über

154 2632 329 2681 serbischen
355 2634 473 2674 Boden
498 2647 595 2685 gegen
620 2637 763 2676 Widdin
788 2639 857 2677 und
884 2638 988 2687 Sofia
1030 2651 1073 2689 zu
1097 2642 1260 2690 operiren,

155 2681 312 2729 während
339 2683 485 2724 Serbien
521 2688 575 2725 ein
600 2687 944 2737 Observationskorps
987 2701 1032 2729 an
1071 2690 1120 2729 die
1146 2691 1263 2731 Drina

153 2731 266 2772 stellen
291 2733 387 2771 wird.
438 2735 565 2774 Damit
586 2737 699 2775 würde
724 2738 780 2776 der
802 2738 884 2784 Fall
904 2750 979 2776 nun
1004 2740 1175 2785 eintreten,
1199 2742 1261 2780 den

154 2779 509 2831 Oesterreich-Ungarn
548 2787 682 2825 vordem
720 2788 777 2825 als
813 2787 884 2826 eine
908 2787 1114 2837 Bedrohung
1157 2790 1261 2837 seiner

154 2829 314 2876 eigensten
340 2831 525 2883 Interessen
556 2834 743 2884 betrachtete
780 2837 848 2875 und
888 2837 943 2876 als
982 2837 1171 2888 denjenigen
1207 2839 1261 2878 be-

154 2878 315 2927 zeichnete,
357 2882 411 2921 der
454 2884 523 2923 eine
549 2885 760 2934 militärische
785 2886 904 2925 Aktion
931 2887 1113 2935 seinerseits
1141 2896 1260 2927 unver¬

154 2929 303 2977 meidlich
329 2932 458 2979 machen
485 2934 606 2972 würde.
635 2935 726 2974 Man
752 2936 848 2980 weiß,
876 2937 941 2983 daß
954 2936 1003 2976 die
1016 2938 1258 2986 österreichisch-¬

152 2979 343 3027 ungarische
368 2981 559 3032 Regierung
596 2984 778 3033 gegenüber
800 2985 968 3032 Rußland
1003 2987 1056 3025 die
1087 2991 1259 3036 vertrags¬

153 3028 289 3077 mäßige
313 3029 567 3080 Verpflichtung
591 3034 829 3074 übernommen
869 3035 938 3085 hat,
976 3035 1049 3075 dem
1076 3037 1148 3083 Zar
1180 3038 1260 3086 freie

153 3077 253 3125 Hand
279 3090 320 3127 zu
345 3079 444 3129 lassen
471 3080 522 3121 bei
548 3082 723 3132 Besetzung
749 3085 976 3129 Rumäniens,
1001 3086 1102 3135 besten
1128 3087 1258 3126 Unver¬

150 3127 328 3175 letzlichkeit
352 3131 427 3178 noch
453 3131 551 3180 durch
567 3132 730 3181 Verträge
755 3138 854 3173 unter
880 3136 940 3174 den
957 3136 1074 3183 Schutz
1087 3136 1258 3185 Europa's

153 3178 277 3224 gestellt
301 3186 383 3224 war,
421 3188 574 3230 wogegen
611 3183 670 3231 sich
706 3183 798 3222 dann
824 3183 902 3223 aber
927 3185 982 3223 der
1006 3185 1081 3232 Zar
1105 3187 1259 3225 anderer¬

151 3227 231 3274 seits
258 3228 466 3279 verpflichten
489 3232 616 3279 mußte,
644 3232 790 3272 Serbien
813 3233 901 3281 nicht
925 3235 964 3273 in
988 3234 1050 3273 den
1064 3235 1168 3284 Krieg
1190 3236 1260 3275 mit

150 3276 427 3327 hineinzuziehen.
479 3281 568 3320 Was
603 3282 689 3322 wird
714 3283 908 3331 Oesterreich
935 3283 1032 3331 thun,
1068 3291 1164 3322 wenn
1189 3286 1258 3333 letz¬

151 3329 237 3365 teres
264 3329 341 3376 trotz
381 3330 464 3368 aller
500 3330 657 3380 früheren
683 3332 937 3381 Abmachungen
975 3344 1049 3372 nun
1089 3333 1164 3382 doch
1201 3345 1255 3382 ge¬

149 3375 299 3425 schieht?
349 3379 445 3418 Aller
470 3379 800 3431 Wahrscheinlichkeit
836 3382 915 3431 nach
939 3382 1070 3432 nichts;
1107 3384 1194 3422 denn
1219 3387 1256 3423 es

149 3425 191 3469 ist
216 3427 304 3474 nicht
330 3429 568 3479 anzunehmen,
593 3431 660 3477 daß
675 3432 724 3471 die
737 3431 871 3480 Russen,
896 3431 979 3480 ohne
991 3433 1047 3471 der
1061 3432 1257 3482 Konnivenz

151 3474 369 3525 Oesterreichs
394 3478 454 3528 sich
479 3480 644 3528 versichert
669 3493 709 3529 zu
734 3482 851 3528 haben,
879 3482 939 3520 den
951 3482 1124 3531 serbischen
1137 3483 1257 3522 Boden

148 3523 304 3562 betreten.
372 3527 438 3565 Die
465 3529 703 3579 Andrassy'sche
730 3531 857 3579 Politik
893 3539 959 3570 von
983 3532 1063 3579 Fall
1099 3543 1140 3580 zu
1178 3533 1257 3579 Fall

149 3572 267 3620 scheint
292 3574 331 3613 in
356 3575 409 3614 der
435 3577 528 3625 That
554 3581 604 3617 ein
631 3581 761 3628 wahres
787 3581 994 3629 Chamäleon
1022 3593 1063 3630 zu
1088 3581 1156 3628 sein
1186 3582 1256 3622 und

149 3622 201 3661 die
224 3622 484 3673 Vertragstreue
521 3627 590 3665 und
629 3630 819 3678 Ehrlichkeit
856 3631 910 3669 der
949 3631 1257 3680 allerchristlichsten

150 3673 376 3721 europäischen
413 3675 637 3723 Diplomatie,
676 3679 731 3716 als
769 3679 969 3726 leuchtendes
1010 3680 1159 3721 Vorbild
1199 3683 1257 3720 der

150 3720 282 3767 Völker,
308 3724 377 3762 eine
400 3725 484 3763 fides
509 3728 648 3774 punica.

224 3774 282 3818 In
324 3773 473 3824 Belgrad
513 3777 631 3825 scheint
672 3778 735 3818 das
779 3778 1003 3827 wochenlange
1055 3779 1257 3827 Schwanken

150 3822 301 3871 zwischen
326 3824 436 3873 heißer
464 3825 547 3866 Gier
583 3828 652 3867 und
688 3828 787 3868 kalter
825 3828 1052 3876 Ueberlegung
1090 3829 1257 3876 nunmehr

149 3871 374 3913 überwunden
398 3886 441 3922 zu
466 3875 547 3923 sein.
595 3877 666 3917 Am
690 3878 855 3926 Sonntag
894 3878 938 3925 ist
962 3879 1064 3924 Fürst
1088 3878 1256 3927 Zeretleff,

148 3922 279 3971 welcher
304 3923 355 3963 die
378 3924 665 3976 Verhandlungen
696 3930 762 3968 mit
786 3928 841 3967 der
867 3927 1038 3977 serbischen
1065 3927 1256 3977 Regierung

1336 1264 1418 1304 über
1443 1265 1495 1305 die
1521 1266 1664 1315 ersehnte
1678 1268 1894 1309 Konvention
1920 1270 2042 1319 führte,
2069 1273 2140 1312 in's
2154 1273 2303 1321 russische
2318 1275 2448 1323 Haupt¬

1335 1316 1488 1362 quartier
1512 1315 1759 1367 zurückgekehrt.
1810 1320 1906 1359 Man
1929 1321 2004 1360 will
2027 1322 2158 1361 daraus
2183 1324 2352 1373 schließen,
2379 1325 2446 1372 daß

1335 1366 1404 1404 eine
1429 1365 1600 1413 definitive
1624 1366 1882 1418 Vereinbarung
1921 1372 1987 1409 mit
2022 1370 2095 1411 dem
2122 1372 2195 1418 Zar
2232 1385 2273 1422 zu
2313 1375 2446 1414 Stande

1335 1414 1522 1461 gekommen
1547 1417 1602 1463 ist.
1652 1416 1795 1467 Gestützt
1819 1420 1906 1459 wird
1931 1419 2011 1465 diese
2025 1421 2226 1472 Auffassung
2253 1424 2332 1472 noch
2350 1425 2445 1474 durch

1332 1463 1384 1503 die
1409 1464 1545 1512 Abreise
1572 1458 1762 1514 Fadejeff's,
1789 1469 1842 1507 der
1867 1469 1949 1517 nach
1975 1469 2123 1517 Belgrad
2149 1474 2335 1520 gekommen
2360 1481 2443 1520 war,

1333 1524 1394 1553 um
1420 1514 1481 1561 für
1507 1514 1568 1553 den
1595 1516 1683 1562 Fall,
1724 1517 1790 1565 daß
1815 1518 1984 1559 Serbiens
2020 1519 2180 1570 Wünsche
2217 1524 2269 1562 im
2309 1523 2440 1571 Haupt¬

1333 1564 1484 1611 quartier
1509 1564 1597 1612 nicht
1628 1565 1786 1615 diejenige
1821 1567 2129 1619 Berücksichtigung
2164 1571 2299 1619 fänden,
2332 1574 2444 1622 welche

1332 1613 1388 1651 der
1430 1614 1701 1661 Friedenspartei
1743 1617 1934 1666 Schweigen
1978 1619 2178 1669 auferlegte,
2229 1622 2280 1660 die
2319 1623 2440 1662 Unter¬

1332 1663 1480 1711 stützung
1505 1663 1567 1706 der
1567 1663 1842 1706 Slavenkomites
1870 1667 2075 1717 anzubieten.
2128 1670 2270 1719 Fadejeff
2296 1672 2338 1720 ist
2362 1673 2441 1722 nach

1331 1711 1483 1751 Moskau
1508 1712 1754 1762 zuruckgekehrt,
1782 1717 1852 1762 also
1879 1716 2014 1766 braucht
2031 1718 2178 1759 Serbien
2204 1721 2268 1759 das
2293 1722 2438 1770 offiziöse

1330 1762 1496 1808 Rußland
1523 1764 1609 1811 nicht
1633 1765 1737 1814 mehr,
1764 1766 1918 1814 nachdem
1944 1772 1978 1806 es
2005 1768 2063 1817 sich
2089 1770 2155 1808 mit
2172 1771 2245 1810 dem
2263 1770 2439 1821 offiziellen

1328 1811 1532 1860 verständigt
1556 1813 1625 1861 hat.

1404 1861 1472 1905 Im
1498 1862 1911 1912 österreichischen
1936 1864 2284 1917 Abgeordnetenhause
2302 1873 2372 1909 trat
2397 1871 2435 1909 in

1327 1909 1383 1947 der
1421 1910 1696 1951 Generaldebatte
1734 1912 1815 1952 über
1851 1914 1904 1953 die
1941 1915 2192 1965 Steuerreform
2231 1919 2301 1958 eine
2340 1919 2437 1967 solche

1327 1959 1599 2009 Zersplitterung
1633 1962 1691 2001 der
1716 1962 1980 2013 Anschauungen
2008 1964 2091 2004 über
2128 1967 2178 2006 die
2202 1968 2342 2008 Details
2382 1970 2438 2009 der

1328 2009 1469 2057 Reform
1495 2021 1535 2058 zu
1561 2012 1661 2059 Tage,
1702 2012 1767 2058 daß
1799 2014 1861 2052 das
1890 2012 1989 2062 Haus
2027 2015 2284 2066 wahrscheinlich
2324 2020 2361 2058 in
2388 2020 2438 2058 die

1328 2059 1596 2108 Spezialdebatte
1633 2072 1695 2109 gar
1732 2061 1818 2111 nicht
1855 2063 2014 2103 eintreten
2052 2066 2122 2104 und
2147 2065 2346 2117 Vertagung
2383 2069 2438 2109 der

1328 2108 1468 2157 Reform
1494 2109 1686 2158 beschließen
1712 2112 1807 2151 wird.

1401 2158 1467 2197 Die
1493 2159 1816 2207 ungarischen
1843 2160 1983 2201 Blätter
2007 2163 2108 2210 geben
2134 2163 2223 2212 ihrer
2250 2165 2435 2216 Entrüstug

1326 2206 1508 2251 Ausdruck,
1532 2209 1602 2254 daß
1626 2208 1683 2247 der
1709 2209 2142 2261 österreichisch-ungarische
2165 2214 2374 2263 Botschafter
2398 2217 2437 2256 in

1326 2256 1434 2303 Paris
1462 2257 1521 2305 sich
1549 2258 1720 2306 geweigert
1751 2258 1843 2307 habe,
1883 2261 1934 2299 im
1960 2261 2091 2301 Namen
2130 2264 2186 2302 des
2211 2264 2435 2312 Parlaments

1325 2307 1418 2344 einen
1445 2307 1562 2355 Kranz
1600 2308 1661 2355 auf
1693 2308 1753 2346 den
1780 2310 1877 2358 Sarg
1903 2310 2025 2357 Thiers
2063 2313 2320 2361 niederzulegen,
2360 2316 2437 2356 weil

1324 2366 1359 2393 er
1384 2355 1443 2404 sich
1482 2368 1528 2395 an
1566 2356 1671 2395 keiner
1708 2358 1897 2407 politischen
1923 2360 2199 2408 Demonstration
2238 2363 2433 2413 betheiligen

1324 2405 1435 2443 könne.
1474 2405 1546 2444 Der
1571 2405 1814 2457 Lorbeerkranz,
1840 2409 1972 2457 welcher
1996 2411 2058 2458 auf
2083 2412 2267 2461 Anregung
2293 2414 2349 2452 des
2364 2414 2434 2453 Ab¬

1324 2455 1518 2501 geordneten
1536 2455 1602 2494 Dr.
1620 2456 1788 2496 Kuranda
1813 2459 1882 2497 und
1908 2462 2005 2498 unter
2031 2460 2087 2499 der
2114 2461 2340 2511 Mitwirkung
2366 2465 2434 2504 und

1323 2503 1391 2542 mit
1426 2504 1488 2543 den
1525 2505 1784 2554 Unterschriften
1824 2508 1882 2547 der
1906 2508 2167 2557 Abgeordneten
2204 2512 2273 2551 Dr.
2301 2512 2431 2561 Herbst,

1324 2553 1435 2601 Kopp,
1463 2554 1595 2593 Sturm
1620 2566 1655 2594 u.
1683 2556 1726 2594 A.
1764 2558 1840 2606 nach
1868 2558 1978 2605 Paris
2015 2559 2156 2608 geschickt
2190 2562 2315 2607 wurde,
2354 2566 2433 2612 trug

1324 2602 1387 2651 auf
1411 2604 1500 2642 einer
1523 2605 1651 2651 weißen
1677 2606 1821 2654 Schleife
1845 2608 1918 2647 eine
1942 2608 2152 2658 französische
2176 2611 2344 2659 Inschrift
2368 2614 2434 2652 mit

1323 2653 1396 2691 dem
1421 2652 1593 2693 Ausdruck
1630 2655 1686 2694 der
1712 2655 1911 2706 Huldigung
1949 2658 2007 2705 für
2044 2660 2106 2698 den
2143 2661 2266 2707 großen
2293 2663 2432 2702 Todten.

1324 2702 1396 2741 Der
1420 2703 1601 2750 Präsident
1637 2704 1697 2743 des
1722 2705 2105 2756 Abgeordnetenhauses,
2142 2710 2208 2749 Dr.
2235 2711 2431 2760 Rechbauer,

1321 2751 1449 2800 richtete
1476 2753 1529 2791 ein
1555 2753 1905 2803 Beileidstelegramm
1932 2768 1976 2794 an
2000 2757 2053 2796 die
2077 2757 2216 2797 Wittwe
2240 2760 2376 2808 Thiers.

1396 2796 1467 2835 Der
1518 2798 1697 2845 Präsident
1738 2799 1794 2848 der
1835 2801 2212 2851 französischen
2256 2806 2430 2854 Republik,

1320 2845 1506 2895 Marschall
1544 2847 1628 2886 Mac
1652 2848 1789 2897 Mahon
1826 2850 1897 2898 setzt
1932 2852 2050 2891 wieder
2074 2853 2160 2899 seine
2183 2854 2430 2900 Wahltournée

1319 2895 1389 2942 fort
1425 2897 1496 2934 und
1535 2905 1624 2945 zwar
1655 2899 1801 2938 diesmal
1826 2900 1864 2939 in
1891 2900 1945 2939 der
1971 2900 2132 2941 Gironde.
2184 2904 2253 2943 Am
2279 2904 2430 2955 Montag

1318 2944 1391 2993 traf
1415 2957 1449 2983 er
1476 2946 1512 2983 in
1538 2947 1719 2994 Bordeaux
1745 2949 1820 2992 ein,
1861 2957 1912 2987 wo
1944 2961 1978 2988 er
2002 2950 2226 3000 bekanntlich,
2266 2955 2343 3004 nach
2370 2956 2429 2994 den

1317 2994 1594 3044 Versicherungen
1631 2996 1797 3045 offiziöser
1820 2998 1971 3044 Blätter,
2014 3002 2081 3040 mit
2108 3002 2267 3051 Rücksicht
2294 3005 2356 3052 auf
2380 3005 2431 3044 die

1319 3043 1588 3091 bevorstehenden
1624 3046 1771 3094 Wahlen
1821 3048 1892 3086 eine
1930 3049 2030 3097 große
2069 3050 2353 3100 Programmrede
2390 3066 2429 3102 zu

1320 3093 1435 3140 halten
1461 3093 1698 3144 beabsichtigte.
1749 3096 1832 3136 Eine
1870 3097 1958 3137 Rede
1982 3099 2041 3146 hat
2066 3111 2102 3137 er
2126 3112 2197 3140 nun
2224 3103 2367 3151 wirklich
2392 3105 2429 3142 in

1321 3143 1501 3191 Bordeaux
1540 3144 1714 3192 gehalten,
1754 3148 1821 3185 und
1853 3152 1928 3186 was
1955 3148 2011 3194 für
2038 3150 2129 3188 eine!
2181 3151 2254 3198 Auf
2279 3152 2331 3192 die
2355 3154 2428 3192 An¬

1318 3192 1467 3239 sprache,
1506 3195 1572 3233 mit
1609 3195 1739 3242 welcher
1765 3196 1818 3234 der
1844 3196 1984 3240 Maire,
2023 3198 2101 3238 Mr.
2126 3200 2327 3247 Fourcand,
2367 3203 2427 3242 den

1317 3242 1503 3289 Marschall
1540 3243 1701 3291 begrüßte
1742 3265 1780 3272 —
1815 3247 1887 3284 eine
1912 3247 2107 3296 Ansprache,
2136 3250 2186 3287 die
2210 3251 2261 3289 im
2288 3250 2427 3300 Ganzen

1317 3291 1466 3339 politisch
1492 3293 1636 3341 ziemlich
1663 3294 1819 3342 nüchtern
1836 3296 1906 3334 und
1924 3296 2069 3343 farblos,
2097 3298 2153 3346 für
2167 3299 2216 3338 die
2230 3300 2423 3351 Erhaltung

1315 3340 1373 3378 des
1387 3341 1547 3387 Friedens
1574 3344 1641 3381 und
1668 3344 1724 3381 der
1736 3344 1907 3394 Ordnung
1921 3346 2065 3393 plädirte
2081 3368 2125 3374 —
2155 3352 2348 3389 antwortete
2373 3352 2427 3390 der

1315 3387 1524 3437 Marschall:

1395 3445 1502 3492 „Herr
1516 3444 1655 3485 Maire!
1686 3447 1751 3486 Als
1777 3448 1822 3495 ich
1848 3455 1909 3487 vor
1935 3450 2012 3497 zwei
2025 3451 2161 3500 Jahren
2187 3454 2284 3501 durch
2309 3455 2366 3494 die
2366 3455 2427 3494 der

1316 3493 1466 3542 Ihrigen
1503 3493 1739 3543 benachbarten
1767 3495 1941 3545 Gegenden
1966 3500 2049 3545 kam,
2083 3508 2156 3540 war
2179 3504 2226 3550 ich
2252 3503 2345 3552 schon
2369 3505 2428 3543 da¬

1319 3543 1412 3583 mals
1453 3543 1637 3592 überrascht
1675 3554 1741 3584 von
1783 3547 1856 3585 dem
1883 3546 1975 3594 Geist
1998 3549 2056 3587 der
2081 3551 2253 3601 Ordnung
2279 3554 2348 3592 und
2375 3554 2429 3593 der

1320 3591 1464 3638 Arbeit,
1502 3594 1630 3642 welcher
1665 3595 1755 3644 Ihre
1778 3595 2046 3646 Bevölkerungen
2073 3599 2200 3646 beseelt.
2251 3602 2316 3650 Ich
2341 3603 2429 3650 finde

1318 3642 1358 3681 in
1383 3643 1485 3689 dieser
1510 3644 1637 3692 großen
1675 3646 1744 3683 und
1778 3645 1910 3692 schönen
1935 3647 2044 3686 Stadt
2069 3649 2122 3688 die
2146 3651 2262 3699 gleiche
2288 3653 2429 3701 Thätig¬

1314 3692 1376 3730 keit
1401 3693 1471 3731 und
1497 3694 1549 3733 die
1575 3694 1688 3742 gleiche
1713 3694 1972 3744 Verständigkeit
1996 3698 2168 3746 (sagesse)
2194 3701 2325 3740 wieder.
2364 3703 2427 3752 Ich

1319 3741 1417 3789 theile
1442 3743 1493 3781 die
1519 3743 1623 3791 hohen
1638 3744 1795 3793 Gefühle,
1821 3745 1873 3783 die
1890 3746 1954 3784 Sie
1978 3745 2092 3793 soeben
2117 3748 2155 3786 in
2172 3749 2281 3797 ihrem
2296 3752 2426 3791 Namen

1318 3791 1534 3839 ausgedrückt
1559 3792 1677 3841 haben.
1703 3794 1808 3833 Seien
1822 3794 1888 3833 Sie
1912 3795 2011 3843 dessen
2029 3797 2203 3846 versichert,
2231 3799 2289 3839 der
2302 3801 2424 3847 Friede,

1317 3840 1448 3888 welcher
1486 3842 1549 3881 das
1576 3843 1653 3890 erste
1680 3844 1787 3891 Ihrer
1811 3844 2020 3892 Bedürfnisse
2046 3847 2112 3893 ist,
2150 3849 2236 3887 wird
2262 3851 2349 3897 nicht
2375 3862 2426 3898 ge¬

1315 3889 1449 3938 fährdet
1485 3891 1567 3938 sein.
1616 3893 1685 3932 Die
1722 3894 1894 3941 Ordnung
1917 3895 2002 3933 wird
2027 3896 2115 3943 nicht
2139 3898 2259 3944 gestört
2285 3900 2424 3945 werden,

1315 3940 1385 3978 und
1422 3948 1520 3979 wenn
1559 3942 1620 3980 das
1658 3943 1751 3981 Land
1789 3944 1850 3991 auf
1887 3944 2015 3983 meinen
2049 3946 2171 3994 Appell
2209 3951 2425 3995 geantwortet

2507 1288 2611 1335 haben
2648 1290 2745 1335 wird,
2784 1292 2867 1331 wird
2905 1292 2956 1332 die
2980 1293 3194 1344 Verfassung,
3232 1296 3286 1335 der
3312 1296 3378 1336 Sie
3402 1297 3466 1346 Hr.
3492 1297 3610 1339 Maire

2505 1339 2541 1386 so
2564 1339 2699 1388 ergeben
2724 1341 2806 1386 sind,
2833 1342 2903 1381 und
2927 1343 3022 1382 deren
3046 1346 3156 1383 treuer
3180 1344 3330 1394 Wächter
3356 1346 3402 1394 ich
3425 1346 3496 1393 bin,
3525 1348 3608 1395 ohne

2504 1388 2688 1438 Hemmniß
2727 1391 2965 1438 funktioniren,
3004 1404 3065 1432 um
3101 1394 3152 1434 die
3186 1395 3270 1434 volle
3297 1395 3526 1446 Entwicklung
3551 1398 3606 1438 der

2503 1440 2702 1479 nationalen
2732 1440 2930 1489 Wohlfahrt
2964 1453 3005 1490 zu
3028 1442 3179 1492 sichern."
3233 1445 3344 1485 Wenn
3371 1447 3433 1485 das
3459 1447 3510 1486 die
3535 1454 3607 1487 ver¬

2502 1487 2667 1536 sprochene
2705 1490 2870 1539 politische
2907 1491 3187 1541 Programmrede
3224 1495 3281 1533 des
3308 1495 3527 1544 Präsidenten
3553 1498 3605 1543 ist,

2502 1537 2536 1585 so
2562 1539 2646 1586 muß
2672 1549 2753 1579 man
2781 1540 2933 1589 gestehen,
2961 1542 3025 1588 daß
3053 1542 3095 1590 sie
3121 1544 3189 1582 eine
3205 1544 3308 1593 höchst
3325 1545 3534 1595 unschuldige
3550 1547 3603 1594 ist.

2817 1659 3291 1717 Eidgenossenschaft.

2576 1736 2616 1772 —
2647 1736 2972 1783 Bundesstadt.
3023 1740 3108 1785 Nach
3147 1741 3227 1779 einer
3260 1742 3509 1789 Korrespondenz
3547 1745 3601 1783 des

2505 1785 2720 1828 „Landboten"
2762 1787 2799 1830 ist
2838 1798 2890 1824 am
2928 1792 2977 1825 11.
3003 1789 3187 1834 September
3224 1792 3288 1828 eine
3320 1793 3514 1839 Abordnung
3551 1795 3603 1832 der

2498 1836 2633 1881 Tessiner
2657 1836 2834 1883 Regierung
2858 1838 2894 1874 in
2917 1838 3008 1875 Bern
3032 1841 3209 1886 angelangt,
3234 1852 3291 1878 um
3314 1842 3373 1879 den
3394 1843 3600 1890 Bundesrath

2498 1885 2572 1921 über
2597 1886 2653 1922 den
2678 1885 2818 1930 Konflikt
2857 1888 2891 1924 in
2917 1886 3016 1932 ihrem
3043 1889 3171 1926 Kanton
3195 1901 3233 1936 zu
3257 1892 3474 1937 unterrichten.
3528 1894 3598 1931 Mit

2498 1935 2590 1979 Recht
2614 1935 2693 1971 wird
2717 1935 2889 1983 beigefügt:
2918 1937 3000 1975 Dem
3024 1938 3244 1984 benachbarten
3255 1940 3383 1984 Italien
3407 1942 3518 1979 immer
3542 1944 3601 1981 das

2498 1984 2684 2030 Schauspiel
2708 1986 2800 2029 dieser
2823 1986 2988 2033 traurigen
3011 1988 3229 2035 Verhältnisse,
3259 1991 3318 2027 wie
3342 1992 3448 2036 Tessin
3469 1992 3510 2036 sie
3533 1993 3598 2038 hat,

2497 2044 2536 2078 zu
2561 2034 2729 2079 gewähren,
2770 2035 2806 2079 ist
2843 2037 2939 2072 weder
2976 2038 3028 2081 für
3054 2038 3150 2084 diesen
3174 2040 3312 2083 Kanton,
3352 2041 3423 2086 noch
3462 2042 3517 2086 für
3554 2042 3602 2079 die

2497 2083 2635 2129 Schweiz
2660 2084 2834 2130 überhaupt
2860 2093 2920 2123 von
2933 2086 3046 2133 Nutzen
3072 2089 3136 2125 und
3160 2090 3286 2134 gereicht
3310 2091 3436 2136 unseren
3460 2091 3601 2137 republi¬

2498 2133 2647 2181 konischen
2674 2133 2904 2178 Institutionen
2928 2136 3075 2183 wahrlich
3102 2138 3184 2183 nicht
3207 2150 3264 2184 zur
3289 2139 3379 2186 Ehre.

2573 2204 2613 2209 —
2644 2183 2732 2220 Die
2758 2183 3069 2232 Einführung
3107 2188 3182 2224 der
3208 2190 3597 2236 Erfindungspa¬

2494 2235 2623 2269 tente
2647 2233 2696 2270 in
2732 2233 2809 2268 der
2833 2234 3043 2280 Schweiz.
3096 2237 3177 2281 Herr
3199 2238 3405 2285 Bundesrath
3432 2240 3519 2285 Droz
3542 2241 3599 2286 hat

2494 2282 2634 2326 hierüber
2659 2282 2747 2319 einen
2772 2282 3034 2330 Gesetzesentwurf
3072 2288 3312 2332 ausgearbeitet,
3353 2290 3419 2325 dem
3444 2289 3510 2327 eine
3535 2290 3594 2327 all¬

2495 2332 2595 2377 seitige
2619 2332 2830 2378 Beleuchtung
2867 2334 2960 2379 dieser
2985 2335 3039 2379 für
3076 2337 3181 2381 unsere
3205 2337 3369 2382 Industrie
3391 2340 3456 2375 und
3480 2340 3594 2385 unsern

2495 2381 2644 2417 Ackerbau
2680 2381 2911 2428 hochwichtigen
2949 2384 3051 2430 Frage
3089 2387 3287 2433 vorausgeht.
3339 2389 3410 2424 Aus
3447 2388 3596 2435 derselben

2494 2431 2642 2475 resultirt,
2668 2431 2729 2474 daß
2755 2431 2802 2467 die
2827 2432 2964 2477 Schweiz
2990 2434 3167 2479 Angesichts
3191 2436 3242 2473 der
3258 2437 3425 2483 Vorgänge
3450 2438 3496 2474 im
3509 2440 3595 2476 Aus¬

2493 2480 2567 2517 land
2593 2480 2673 2525 nicht
2698 2482 2805 2526 länger
2830 2483 2896 2518 dem
2912 2483 3064 2528 Prinzipe
3088 2485 3141 2521 des
3160 2486 3375 2532 gewerblichen
3390 2487 3596 2533 Eigenthums

2493 2530 2556 2566 und
2583 2531 2638 2567 den
2667 2536 2728 2567 aus
2767 2531 2931 2576 demselben
2967 2533 3185 2578 resultirenden
3209 2536 3393 2581 Vortheilen
3417 2538 3464 2574 die
3489 2538 3590 2575 Aner¬

2493 2580 2631 2625 kennung
2656 2580 2797 2626 versagen
2822 2581 2902 2626 darf,
2931 2582 3007 2628 ohne
3031 2583 3121 2628 ihren
3150 2585 3332 2630 Wohlstand
3359 2597 3396 2631 zu
3421 2587 3594 2633 gefährden.

2492 2630 2574 2673 Herr
2598 2630 2685 2674 Droz
2713 2630 2873 2675 behandelt
2895 2631 3062 2678 sorgfältig
3096 2634 3146 2670 die
3180 2635 3396 2680 prinzipiellen
3422 2636 3594 2682 Einwürfe,

2492 2678 2596 2723 welche
2633 2689 2724 2724 gegen
2749 2680 2804 2716 den
2829 2680 2938 2726 Schutz
2968 2682 3018 2718 der
3045 2683 3256 2730 Erfindungen
3294 2686 3427 2730 gemacht
3464 2688 3593 2731 werden,

2493 2739 2524 2764 er
2548 2728 2643 2773 findet
2667 2729 2812 2774 dieselben
2842 2730 2924 2775 nicht
2952 2731 3118 2776 begründet
3148 2733 3211 2770 und
3236 2734 3361 2780 gelangt
3385 2735 3533 2782 vielmehr
3558 2747 3597 2781 zu

2490 2777 2648 2823 folgenden
2674 2776 2858 2823 Schlüssen:
2887 2780 2919 2823 1)
2945 2781 3018 2817 Das
3044 2781 3233 2827 Eigenthum
3258 2784 3341 2820 einer
3367 2785 3543 2831 Erfindung
3558 2786 3596 2831 ist

2492 2827 2541 2863 ein
2566 2827 2667 2872 ebenso
2693 2828 2846 2873 legitimes
2871 2829 2931 2865 wie
2970 2830 3125 2877 dasjenige
3149 2832 3232 2869 eines
3264 2834 3454 2871 materiellen
3479 2835 3596 2880 Gegen¬

2490 2877 2611 2920 standes
2624 2889 2634 2922 ;
2660 2877 2756 2921 seiner
2780 2879 2886 2915 Natur
2911 2880 2986 2923 nach
3011 2879 3086 2916 aber
3108 2882 3188 2917 kann
3204 2887 3237 2919 es
3252 2893 3316 2919 nur
3342 2884 3397 2928 auf
3421 2884 3509 2921 einen
3524 2891 3594 2921 vor¬

2491 2926 2713 2972 übergehenden
2738 2926 2848 2974 Schutz
2872 2929 3031 2974 Anspruch
3059 2931 3192 2975 machen,
3219 2932 3343 2976 welcher
3367 2934 3431 2969 dem
3450 2933 3594 2978 Erfinder

2491 2976 2637 3021 gestattet,
2662 2976 2710 3012 die
2734 2977 2925 3014 materiellen
2949 2978 3079 3023 Früchte
3105 2980 3198 3025 seiner
3215 2981 3325 3018 Arbeit
3341 2993 3378 3026 zu
3404 2986 3519 3026 ernten,
3545 2984 3597 3021 der

2490 3026 2675 3070 gesammten
2700 3025 2892 3072 Gesellschaft
2906 3027 3012 3084 jedoch
3037 3029 3094 3066 den
3110 3030 3263 3076 Heimfall
3279 3031 3364 3068 eines
3388 3032 3596 3078 Eigenthums

2491 3074 2601 3119 sichert,
2641 3075 2768 3120 welches
2805 3077 2925 3113 Andere
2963 3078 3064 3121 später
3100 3079 3206 3124 hätten
3243 3081 3388 3118 entdecken
3413 3083 3476 3119 und
3503 3083 3593 3119 bean¬

2489 3124 2637 3168 spruchen
2661 3125 2786 3161 können.
2838 3128 2870 3170 2)
2896 3127 2970 3163 Das
3006 3128 3227 3174 Patentsystem
3256 3130 3296 3174 ist
3321 3131 3372 3167 der
3397 3131 3596 3177 allgemeinen

2494 3174 2702 3220 Entwicklung
2726 3175 2778 3210 der
2793 3174 2958 3219 Industrie
2979 3177 3151 3222 förderlich,
3176 3179 3248 3215 weil
3264 3185 3296 3216 es
3313 3180 3370 3217 den
3387 3181 3594 3227 Erfindungs¬

2490 3223 2562 3268 geist
2586 3224 2734 3267 anfeuert.
2762 3225 2834 3261 Das
2852 3225 2993 3269 Beispiel
3016 3227 3069 3264 der
3086 3228 3213 3271 Länder,
3239 3229 3287 3265 die
3303 3234 3336 3267 es
3361 3241 3592 3275 angenommen,

2489 3273 2527 3314 ist
2552 3273 2835 3320 empfehlenswerth
2859 3275 2926 3310 und
2950 3276 2999 3312 die
3021 3276 3181 3320 Kritiken,
3219 3279 3307 3314 deren
3332 3278 3521 3325 Gegenstand
3544 3281 3594 3318 die

2490 3322 2702 3369 Patentgesetze
2739 3323 2815 3368 sind,
2855 3324 2965 3368 weisen
2989 3326 3048 3370 auf
3070 3327 3118 3362 die
3143 3327 3400 3374 Nothwendigkeit
3426 3336 3488 3367 von
3513 3331 3593 3367 Ver¬

2487 3371 2681 3417 besserungen
2704 3372 2773 3417 hin,
2811 3374 3017 3419 rechtfertigen
3057 3376 3128 3412 aber
3152 3375 3232 3422 nicht
3255 3378 3303 3413 die
3328 3379 3518 3426 Aufhebung
3540 3381 3594 3418 des

2488 3420 2640 3466 Systems.
2694 3424 2727 3466 3)
2754 3422 2798 3458 Es
2836 3423 2912 3468 liegt
2935 3423 2970 3460 in
2994 3425 3051 3460 den
3080 3425 3202 3470 meisten
3227 3427 3343 3469 Fällen
3372 3429 3419 3465 im
3443 3429 3595 3477 Interesse

2487 3471 2538 3506 des
2566 3471 2738 3516 Erfinders,
2766 3472 2814 3508 ein
2839 3473 2953 3517 Patent
2977 3484 3015 3518 zu
3040 3475 3168 3520 nehmen
3193 3477 3257 3513 und
3275 3477 3384 3524 Schutz
3400 3489 3438 3523 zu
3454 3479 3590 3524 fordern.

2566 3521 2606 3557 —
2636 3521 3231 3571 Mobiliarversicherung.
3267 3527 3322 3563 An
3346 3528 3398 3564 der
3422 3529 3517 3572 Hand
3540 3531 3593 3567 der

2489 3569 2645 3606 Statuten
2677 3570 2728 3607 der
2770 3570 3056 3617 „Schweizerischen
3081 3573 3271 3620 Gesellschaft
3310 3587 3349 3620 zu
3386 3579 3595 3625 gegenseitiger

2489 3619 2706 3664 Versicherung
2731 3621 2783 3656 des
2809 3620 2991 3658 Mobiliars
3016 3632 3109 3669 gegen
3122 3624 3373 3670 Brandschaden"
3403 3629 3520 3665 können
3534 3630 3595 3667 wir

2488 3668 2578 3713 heute
2601 3669 2782 3715 mittheilen,
2809 3670 2871 3715 daß
2895 3671 2949 3707 der
2973 3672 3065 3717 durch
3090 3673 3214 3719 Löschen
3239 3676 3426 3722 verursachte
3450 3677 3594 3722 Schaden

2488 3717 2657 3763 allerdings
2683 3720 2818 3763 vergütet
2843 3720 2934 3756 wird.
2969 3722 3053 3766 Nach
3078 3726 3097 3766 §
3122 3728 3141 3758 4
3165 3724 3216 3760 der
3241 3728 3413 3770 genannten
3439 3727 3594 3767 Statuten

2487 3767 2566 3803 wird
2603 3768 2737 3812 nämlich
2777 3771 2936 3815 vergütet:
2976 3772 3027 3807 der
3053 3771 3208 3817 Schaden,
3248 3775 3371 3819 welcher
3408 3776 3456 3813 bei
3495 3778 3593 3816 einem

2485 3817 2613 3852 Brande
2649 3817 2741 3862 durch
2779 3818 2837 3855 das
2861 3819 2983 3865 Wasser
3012 3821 3083 3857 oder
3120 3822 3175 3858 den
3200 3824 3315 3869 Drang
3352 3825 3402 3861 der
3428 3827 3592 3871 Umstände

2485 3865 2606 3902 eintritt
2634 3886 2675 3891 —
2706 3867 2780 3912 auch
2806 3869 2857 3904 der
2882 3869 3033 3914 Schaden,
3073 3871 3200 3915 welchen
3225 3873 3275 3909 ein
3299 3873 3487 3920 Blitzstrahl,
3515 3877 3589 3923 auch

2484 3914 2563 3959 ohne
2589 3917 2770 3960 Anzünden,
2797 3919 2914 3963 zufügt.
2942 3920 2988 3955 Es
2999 3920 3080 3955 wird
3091 3925 3156 3957 uns
3180 3922 3285 3958 weiter
3309 3924 3504 3970 mitgetheilt,
3530 3927 3594 3973 daß

2484 3964 2535 4000 der
2565 3965 2733 4007 „Verband
2750 3967 2799 4002 der
2813 3967 2965 4012 deutschen
2977 3969 3361 4017 Privatversicherungen"
3393 3975 3597 4022 ausdrücklich

548 4131 737 4183 Feuilleton
768 4130 874 4179 1877.

329 4247 428 4281 Das
460 4249 750 4288 Geheimniß
781 4250 863 4284 der
891 4250 1080 4290 Dächer.
1211 4251 1255 4284 12

446 4307 569 4342 Novelle
585 4318 646 4343 von
666 4308 804 4349 Gustav
824 4309 960 4350 Höcker.

208 4342 318 4376 Doktor
339 4342 435 4377 Beuer
465 4344 562 4379 konnte
592 4356 679 4386 ganze
700 4346 816 4380 Abende
837 4346 906 4387 lang
939 4347 992 4380 mit
1013 4347 1262 4388 angespanntester

149 4385 392 4426 Aufmerksamkeit
421 4388 555 4429 zuhören,
582 4401 666 4425 wenn
695 4391 745 4425 der
771 4391 919 4432 Professor
951 4390 1001 4431 auf
1023 4392 1079 4431 sein
1098 4391 1262 4432 Lieblings¬

146 4430 251 4469 thema,
282 4430 327 4463 die
347 4431 440 4472 Edda,
473 4442 506 4474 zu
529 4434 654 4475 sprechen
683 4434 744 4469 kam
774 4436 832 4468 und
864 4437 893 4470 in
925 4436 1001 4470 einer
1032 4436 1260 4476 liebenswürdig

146 4475 343 4514 plaudernden
373 4476 475 4519 Weise,
507 4480 554 4514 die
582 4489 641 4514 von
673 4481 734 4515 dem
765 4481 845 4521 mehr
866 4481 1046 4515 doktrinären
1066 4481 1147 4515 Tone
1168 4481 1259 4521 seines

146 4520 266 4560 Kollegs
287 4521 407 4562 gänzlich
430 4523 548 4565 abwich,
566 4525 668 4564 seinem
687 4526 828 4565 gelehrten
841 4525 940 4566 Stoffe
960 4525 1082 4566 spielend
1102 4526 1150 4560 die
1165 4535 1260 4566 popu¬

146 4565 249 4606 lärsten
270 4568 373 4602 Seiten
402 4568 626 4609 abzugewinnen
660 4571 718 4604 und
747 4572 807 4604 dem
839 4570 1050 4611 Verständnisse
1079 4571 1130 4605 des
1159 4571 1259 4611 Laien,

145 4610 273 4651 welchem
303 4611 348 4645 die
377 4612 524 4654 Kenntniß
554 4615 602 4648 der
635 4615 709 4649 alten
731 4614 956 4655 Sprachsormen
988 4615 1083 4655 fehlte,
1113 4616 1183 4650 über
1213 4617 1260 4652 die

147 4654 265 4695 größten
288 4656 536 4696 Schwierigkeiten
565 4658 804 4699 hinwegzuhelfen
831 4660 935 4698 wußte.
976 4658 1036 4693 Die
1055 4659 1190 4694 Vorliebe
1210 4662 1259 4700 für

145 4699 197 4731 den
234 4699 355 4740 gleichen
384 4700 567 4743 Gegenstand
600 4713 666 4737 war
698 4704 750 4738 der
782 4704 939 4745 eigentliche
975 4703 1260 4748 Berührungspunkt

145 4742 272 4783 zwischen
292 4744 402 4779 Beiden
434 4747 491 4780 und
524 4747 568 4780 die
588 4747 816 4788 Genugthuung,
846 4749 889 4783 die
916 4748 1028 4788 Julian
1059 4748 1146 4783 darin
1176 4750 1259 4794 fand,

144 4787 197 4820 den
211 4788 436 4830 Wissensdrang
456 4791 507 4824 des
518 4791 605 4826 Laien
629 4802 686 4826 von
706 4793 806 4832 seinem
816 4793 999 4833 Reichthume
1019 4802 1055 4832 zu
1073 4792 1259 4835 befriedigen,

143 4830 200 4871 ließ
235 4833 287 4873 ihn
319 4834 444 4868 darüber
478 4835 682 4877 hinwegsehen,
715 4838 772 4877 daß
801 4838 863 4877 ihm
892 4838 939 4871 die
969 4836 1106 4877 häufigen
1137 4838 1259 4878 Besuche

144 4874 269 4910 Beuer's
299 4877 433 4918 vielleicht
463 4879 546 4920 lästig
578 4882 729 4920 geworden
756 4886 865 4922 wären,
894 4891 977 4915 wenn
998 4882 1048 4915 der
1069 4881 1259 4922 Brennpunkt

142 4919 286 4959 derselben
316 4922 366 4963 sich
394 4923 551 4965 innerhalb
580 4926 632 4959 der
650 4926 857 4966 gewöhnlichen
876 4926 1023 4966 geselligen
1043 4926 1258 4967 Unterhaltung

143 4963 253 5005 bewegt
272 4966 359 5005 hätte.
398 4968 457 5008 Im
475 4969 618 5009 Verlaufe
638 4970 725 5010 dieser
744 4971 1009 5013 Zusammenkünfte
1032 4969 1130 5010 erfuhr
1145 4970 1258 5010 Julian

142 5016 200 5041 von
221 5009 325 5048 seinem
334 5011 473 5053 Besucher
492 5018 551 5048 aus
570 5015 661 5056 dessen
681 5015 891 5056 gelegentlichen
907 5016 1126 5055 Andeutungen,
1148 5015 1204 5055 daß
1226 5025 1258 5051 er

142 5051 242 5092 früher
275 5055 325 5088 als
345 5056 561 5097 Rechtsanwalt
589 5059 624 5093 in
653 5059 772 5100 hiesiger
790 5059 884 5093 Stadt
902 5059 1057 5100 wohnhaft
1075 5060 1196 5099 gewesen
1217 5059 1257 5099 sei

141 5095 200 5128 und
220 5097 301 5132 dann
322 5098 394 5138 seine
406 5101 522 5142 Praxis
542 5103 571 5136 in
592 5104 655 5138 eine
674 5104 777 5138 andere
789 5103 882 5137 Stadt
901 5104 1011 5144 verlegt
1032 5104 1118 5143 hatte.
1141 5105 1256 5144 Später

144 5149 206 5173 war
228 5151 259 5175 er
279 5142 363 5184 durch
383 5145 446 5179 eine
456 5146 600 5187 Erbschaft
619 5159 653 5189 zu
665 5148 827 5188 Vermögen
849 5148 1015 5189 gekommen,
1036 5153 1100 5182 was
1121 5149 1172 5188 ihn
1191 5158 1257 5182 ver¬

142 5184 269 5227 anlaßte,
297 5187 344 5222 die
362 5189 583 5232 Jurisprudenz
604 5193 728 5233 gänzlich
748 5193 968 5233 niederzulegen.
1009 5192 1108 5226 Leider
1128 5194 1206 5233 hatte
1225 5203 1257 5228 er

141 5229 225 5269 durch
247 5231 429 5272 unglückliche
451 5234 678 5274 Spekulationen
708 5237 766 5278 sein
785 5238 947 5277 Vermögen
966 5237 1072 5271 wieder
1092 5237 1256 5277 eingebüßt,

142 5282 207 5306 war
228 5275 262 5307 in
282 5275 470 5317 kümmerliche
490 5279 684 5322 Verhältnisse
705 5282 840 5322 gerathen
869 5283 927 5315 und
959 5281 1037 5321 hatte
1067 5281 1156 5322 daher
1184 5291 1256 5321 gern

139 5316 195 5350 den
215 5317 333 5358 Antrag
363 5320 412 5354 der
433 5321 518 5361 Frau
538 5323 709 5365 Trommlin,
740 5327 785 5359 die
814 5325 905 5360 einem
935 5324 1067 5366 juristisch
1097 5325 1256 5365 gebildeten

1319 4048 1434 4083 Manne
1465 4049 1510 4084 die
1530 4050 1723 4092 Verwaltung
1755 4052 1835 4093 ihres
1856 4052 2035 4093 Vermögens
2054 4064 2089 4095 zu
2108 4056 2267 4096 übergeben
2288 4058 2432 4098 wünschte,

1320 4102 1536 4132 angenommen.
1581 4096 1674 4130 Seine
1705 4096 1918 4137 Bekanntschaft
1948 4098 1999 4131 mit
2029 4099 2114 4139 Frau
2134 4100 2300 4136 Trommlin
2329 4103 2434 4137 datirte

1319 4137 1386 4177 noch
1417 4143 1475 4172 aus
1506 4139 1557 4173 der
1577 4140 1643 4181 Zeit
1674 4141 1764 4181 seiner
1783 4142 1905 4182 hiesigen
1927 4141 2179 4184 Anwaltspraxis,
2212 4155 2258 4179 wo
2280 4156 2309 4180 er
2329 4147 2360 4180 in
2381 4148 2434 4181 den

1320 4180 1406 4221 ersten
1428 4183 1557 4217 Stadien
1587 4186 1638 4218 des
1670 4195 1727 4219 von
1761 4185 1850 4226 ihrem
1872 4185 1977 4221 Gatten
1998 4188 2214 4229 angestrengten
2236 4190 2432 4231 Scheidungs¬

1320 4226 1459 4266 prozesses
1479 4227 1526 4267 ihr
1548 4228 1776 4270 Rechtsbeistand
1798 4230 1922 4271 gewesen
1942 4231 1998 4264 und
2021 4236 2052 4265 es
2074 4233 2134 4272 ihm
2155 4235 2274 4274 geglückt
2295 4246 2367 4275 war,
2388 4237 2432 4270 die

1321 4271 1458 4311 gänzliche
1469 4272 1627 4312 Trennung
1648 4274 1699 4307 der
1711 4274 1781 4315 Ehe,
1802 4276 1848 4309 die
1862 4275 2024 4309 Trommlin
2045 4277 2139 4316 später
2161 4279 2225 4319 doch
2246 4281 2312 4320 noch
2334 4281 2431 4320 durch¬

1320 4314 1411 4354 gesetzt
1430 4316 1518 4355 hatte,
1539 4327 1572 4356 zu
1592 4319 1775 4358 verhindern.
1806 4320 1850 4354 Es
1872 4329 1934 4353 war
1955 4321 2104 4361 natürlich,
2124 4323 2181 4363 daß
2203 4333 2233 4356 er
2254 4325 2306 4362 auf
2327 4325 2431 4359 Seiten

1320 4359 1407 4397 seiner
1427 4360 1559 4395 Klientin
1579 4362 1669 4404 stand,
1690 4365 1748 4397 und
1769 4366 1806 4398 da
1827 4375 1858 4399 er
1878 4364 1984 4404 merkte,
2005 4366 2065 4406 daß
2080 4367 2200 4406 Julian,
2221 4368 2336 4408 welcher
2347 4370 2430 4409 Frau

1319 4403 1484 4438 Trommlin
1514 4407 1582 4446 nach
1612 4407 1663 4441 der
1691 4408 1778 4448 rohen
1806 4409 1998 4449 Behandlung
2030 4411 2108 4450 ihrer
2130 4411 2225 4452 Nichte
2254 4413 2430 4452 beurtheilte,

1319 4448 1439 4482 anderer
1461 4450 1607 4491 Meinung
1628 4462 1703 4492 war,
1735 4453 1764 4492 so
1793 4454 1891 4487 wurde
1920 4453 2009 4493 dieses
2029 4454 2146 4495 Thema
2171 4456 2299 4497 zwischen
2319 4458 2428 4491 Beiden

1317 4493 1457 4533 möglichst
1477 4496 1645 4530 vermieden.

1379 4535 1425 4574 In
1445 4536 1535 4574 seiner
1555 4547 1645 4572 neuen
1668 4539 1833 4579 Anstellung
1856 4539 1904 4573 als
1914 4539 2078 4575 Verwalter
2099 4541 2183 4581 schien
2204 4543 2253 4576 der
2275 4543 2428 4583 ehemalige

1318 4577 1447 4614 Advokat
1466 4582 1635 4621 mancherlei
1657 4583 1866 4624 Anfechtungen
1886 4593 1942 4618 von
1963 4584 2067 4619 Seiten
2088 4586 2136 4619 der
2158 4586 2304 4626 Personen
2324 4591 2428 4627 ausge¬

1316 4623 1374 4663 setzt
1393 4635 1426 4665 zu
1449 4625 1516 4666 sein,
1548 4626 1592 4660 die
1613 4627 1692 4667 schon
1721 4627 1770 4666 seit
1789 4629 1907 4668 Jahren
1927 4628 1958 4661 in
1977 4628 2063 4668 Frau
2083 4630 2273 4665 Trommlin's
2293 4631 2428 4671 Diensten

1315 4668 1431 4707 standen
1462 4672 1521 4705 und
1555 4671 1604 4710 sich
1625 4672 1704 4710 wohl
1723 4682 1781 4706 nur
1801 4673 1900 4713 schwer
1919 4673 2021 4706 darein
2039 4674 2127 4714 fügen
2146 4675 2279 4714 mochten,
2297 4676 2351 4709 den
2370 4676 2428 4710 Be¬

1316 4713 1408 4753 fehlen
1439 4715 1520 4749 eines
1541 4716 1683 4756 Fremden
1713 4727 1746 4757 zu
1777 4717 1935 4758 gehorchen.
1975 4717 2039 4757 Für
2060 4718 2171 4758 Julian
2198 4720 2267 4759 ging
2288 4721 2349 4754 dies
2371 4725 2428 4754 aus

1315 4759 1369 4792 den
1389 4760 1603 4800 gelegentlichen
1624 4761 1833 4802 Aeußerungen
1866 4761 1941 4795 einer
1962 4761 2046 4801 Frau
2067 4764 2179 4803 hervor,
2210 4763 2308 4805 welche
2330 4775 2360 4798 er
2381 4765 2428 4805 für

1315 4804 1361 4837 die
1381 4805 1526 4845 Führung
1557 4805 1647 4844 seiner
1676 4806 1934 4848 wirthschaftlichen
1952 4806 2208 4847 Angelegenheiten
2240 4808 2291 4847 seit
2320 4810 2429 4850 einiger

1315 4848 1382 4890 Zeit
1414 4849 1447 4882 in
1477 4849 1579 4889 Dienst
1613 4860 1779 4890 genommen
1811 4852 1897 4892 hatte.
1941 4850 1996 4884 Sie
2028 4862 2093 4885 war
2120 4852 2165 4886 die
2198 4853 2318 4887 Wittwe
2349 4855 2428 4889 eines

1315 4893 1500 4932 Schneiders,
1534 4896 1583 4928 der
1613 4896 1740 4929 weiland
1770 4896 1814 4930 die
1846 4895 1953 4929 Würde
1982 4895 2062 4929 eines
2092 4896 2271 4938 Stadtraths
2300 4899 2430 4934 bekleidet

1314 4937 1400 4978 hatte,
1420 4938 1482 4971 und
1502 4938 1573 4978 fand
1593 4939 1669 4975 keine
1688 4940 1805 4980 Ironie,
1837 4940 1955 4979 sondern
1973 4949 2032 4974 nur
2053 4940 2135 4974 einen
2155 4942 2238 4982 ihren
2258 4942 2429 4979 Anteceden¬

1314 4983 1372 5015 tien
1393 4982 1591 5022 gebührenden
1611 4983 1721 5018 Tribut
1742 4985 1838 5024 darin,
1870 4993 1951 5018 wenn
1970 4993 2039 5018 man
2061 4984 2099 5025 sie
2119 4985 2170 5020 mit
2192 4986 2297 5027 „Frau
2319 4989 2428 5023 Stadt-

1314 5026 1433 5065 räthin"
1457 5028 1597 5066 anredete,
1627 5033 1694 5062 was
1724 5030 1756 5062 in
1775 5030 1824 5063 der
1845 5028 1922 5068 That
1942 5028 2008 5067 auch
2030 5029 2180 5070 allgemein
2202 5031 2324 5072 geschah.
2365 5033 2428 5073 Ihr

1312 5071 1509 5111 verstorbener
1529 5072 1630 5106 Mann
1650 5083 1716 5106 war
1734 5074 1784 5107 der
1803 5073 1921 5107 Bruder
1940 5081 2003 5106 von
2017 5072 2104 5113 Frau
2122 5074 2317 5110 Trommlin's
2327 5077 2428 5118 Haus¬

1312 5114 1449 5156 hälterin,
1469 5116 1633 5156 derjenigen
1654 5117 1774 5157 Person,
1803 5116 1902 5156 welche
1922 5116 1973 5150 mit
1993 5117 2056 5151 dem
2080 5118 2202 5153 Eintritt
2221 5120 2275 5153 des
2295 5120 2427 5155 Verwal¬

1312 5163 1374 5192 ters
1403 5169 1452 5193 am
1483 5160 1596 5200 meisten
1625 5170 1685 5195 von
1715 5161 1791 5199 ihrer
1812 5161 1960 5194 Autorität
1991 5161 2144 5203 eingebüßt
2169 5164 2256 5202 hatte.
2299 5165 2343 5199 Es
2363 5174 2427 5199 war

1312 5203 1401 5241 daher
1431 5203 1584 5243 erklärlich,
1613 5204 1676 5244 daß
1701 5205 1749 5238 die
1770 5204 1997 5245 „Stadträthin"
2018 5206 2066 5239 die
2085 5206 2188 5247 Partei
2207 5207 2287 5247 ihrer
2308 5208 2427 5248 Schwä¬

1314 5246 1395 5285 gerin
1416 5246 1518 5287 ergriff
1540 5248 1599 5282 und
1620 5248 1674 5288 auf
1692 5249 1746 5283 den
1756 5247 1920 5283 Advokaten
1941 5249 2005 5283 übel
2026 5260 2061 5290 zu
2075 5251 2201 5291 sprechen
2220 5261 2297 5292 war,
2317 5252 2347 5291 so
2368 5256 2427 5287 ent¬

1312 5290 1434 5331 schieden
1454 5291 1504 5331 sich
1527 5292 1593 5331 auch
1614 5292 1729 5332 Julian
1758 5293 1819 5334 ihre
1842 5293 2056 5334 gelegentlichen
2078 5295 2195 5336 giftigen
2216 5296 2427 5336 Aeußerungen

1311 5336 1384 5369 über
1403 5336 1499 5375 seinen
1520 5335 1594 5376 Gast
1612 5337 1746 5371 verbeten
1765 5337 1852 5378 hatte,
1881 5338 1997 5379 welcher
2022 5340 2092 5380 nach
2111 5339 2161 5374 der
2180 5340 2222 5374 im
2240 5340 2427 5375 Trommlin'¬

2495 4064 2569 4104 schen
2590 4066 2686 4107 Hause
2711 4066 2854 4106 geltenden
2875 4066 3048 4107 Auffassung
3080 4069 3130 4109 sich
3161 4070 3243 4111 durch
3266 4072 3475 4114 Heuchelkünste
3500 4075 3532 4109 in
3551 4076 3597 4110 die

2497 4108 2588 4149 Gunst
2617 4111 2666 4143 der
2686 4111 2793 4151 Herrin
2814 4110 3020 4152 eingeschlichen
3050 4114 3110 4147 und
3141 4114 3256 4154 dieselbe
3276 4116 3443 4157 vollständig
3464 4119 3598 4159 umstrickt

2496 4153 2587 4194 haben
2607 4154 2693 4194 sollte.

2548 4205 2674 4243 Obwohl
2693 4205 2805 4244 Julian
2834 4215 2893 4240 von
2925 4206 3026 4247 seinem
3048 4208 3163 4250 Fenster
3194 4215 3251 4244 aus
3284 4211 3363 4245 einen
3384 4212 3492 4255 großen
3512 4214 3598 4255 Theil

2491 4249 2541 4281 des
2561 4259 2617 4282 von
2638 4249 2720 4288 Frau
2742 4250 2906 4284 Trommlin
2926 4252 3093 4293 bewohnten
3114 4254 3227 4294 Hauses
3248 4255 3397 4296 übersehen
3418 4256 3515 4292 konnte
3535 4261 3597 4295 und

2491 4292 2550 4325 eine
2570 4293 2899 4333 Hauptannehmlichkeit
2924 4295 3080 4338 desselben,
3115 4298 3157 4331 die
3187 4307 3255 4332 man
3285 4299 3357 4338 nicht
3389 4300 3536 4342 unbenutzt
3563 4314 3598 4344 zu

2489 4335 2576 4375 lassen
2596 4336 2693 4377 pflegt,
2715 4338 2834 4378 nämlich
2854 4340 2916 4378 jene
2936 4341 3071 4381 herrliche
3085 4342 3231 4382 Veranda,
3251 4343 3319 4383 nach
3340 4345 3388 4379 der
3410 4346 3597 4389 Parkanlage

2489 4379 2677 4420 hinausging,
2697 4381 2727 4421 so
2748 4385 2845 4417 wurde
2866 4384 2911 4417 die
2926 4384 3122 4425 Bewohnerin
3141 4386 3217 4427 selbst
3238 4387 3302 4426 doch
3324 4390 3370 4423 nie
3390 4390 3493 4429 seinem
3506 4392 3598 4427 Blicke

2489 4423 2615 4463 sichtbar,
2635 4426 2693 4459 und
2714 4427 2771 4460 das
2781 4426 2916 4468 Gerücht,
2936 4429 2994 4468 daß
3012 4430 3050 4467 sie
3071 4431 3101 4464 in
3121 4430 3243 4471 strenger
3254 4431 3520 4475 Abgeschlossenhett
3537 4446 3597 4472 von

2486 4468 2535 4501 der
2557 4467 2635 4502 Welt
2655 4468 2725 4509 lebe,
2747 4469 2833 4510 schien
2853 4471 2903 4511 sich
2924 4482 2957 4513 zu
2976 4473 3140 4514 bestätigen.
3172 4474 3238 4509 Nur
3259 4485 3298 4509 an
3319 4477 3430 4517 schönen
3451 4479 3596 4523 Abenden,

2488 4521 2571 4546 wenn
2600 4512 2646 4546 die
2677 4514 2847 4555 Dunkelheit
2877 4517 3130 4558 hereingebrochen
3159 4528 3232 4558 war,
3266 4520 3399 4556 bemerkte
3419 4522 3531 4561 Julian
3549 4535 3596 4564 zu¬

2487 4556 2589 4590 weilen
2606 4557 2668 4591 eine
2686 4559 2828 4600 weibliche
2848 4560 2970 4602 Gestalt,
2988 4562 3035 4595 die
3054 4562 3087 4596 in
3107 4564 3160 4597 den
3170 4563 3374 4605 Parkanlagen
3393 4566 3597 4610 lustwandelte,

2486 4601 2555 4635 bald
2587 4602 2771 4643 auftauchend
2801 4604 2841 4639 im
2871 4605 3092 4647 Mondenlichte,
3122 4608 3189 4640 bald
3220 4609 3252 4642 in
3282 4609 3336 4644 den
3366 4610 3504 4651 Schatten
3533 4623 3597 4648 ver¬

2488 4645 2669 4686 schwindend.
2708 4648 2820 4688 Julian
2840 4650 3012 4690 vermuthele
3040 4651 3114 4691 nicht
3132 4653 3184 4685 mit
3204 4653 3332 4694 Unrecht,
3361 4655 3420 4695 daß
3439 4656 3484 4690 die
3504 4657 3597 4698 nächt¬

2487 4690 2554 4730 liche
2575 4692 2845 4733 Spaziergängerin
2864 4695 2950 4735 Frau
2968 4696 3136 4731 Trommlin
3154 4697 3201 4737 sei,
3221 4698 3322 4737 welche
3340 4699 3390 4739 für
3408 4700 3452 4734 die
3472 4701 3523 4741 sich
3547 4713 3598 4738 am

2488 4736 2569 4776 Tage
2602 4737 2756 4776 auserlegte
2777 4738 2968 4780 Zimmerhast
2997 4741 3030 4774 in
3056 4741 3105 4775 der
3126 4741 3238 4782 frischen
3259 4743 3414 4784 Abendlust
3433 4744 3597 4786 Entschädi¬

2489 4790 2567 4820 gung
2586 4780 2683 4820 suchte.
2725 4782 2853 4823 Plötzlich
2874 4784 2964 4824 jedoch
2984 4785 3060 4818 blieb
3082 4785 3119 4825 sie
3139 4790 3194 4820 aus
3224 4787 3283 4820 und
3305 4787 3405 4827 Woche
3425 4790 3477 4830 auf
3497 4790 3598 4832 Woche

2487 4825 2619 4864 verging,
2651 4825 2723 4865 ohne
2742 4826 2800 4866 daß
2819 4827 2856 4867 sie
2876 4828 2927 4867 sich
2947 4829 3053 4862 wieder
3074 4830 3178 4870 gezeigt
3197 4831 3286 4871 hätte.
3327 4832 3414 4872 Frau
3431 4832 3598 4870 Trommlin

2488 4868 2548 4908 lag,
2578 4869 2632 4902 wie
2664 4868 2774 4909 Julian
2806 4881 2862 4905 von
2893 4872 3002 4906 Doktor
3022 4873 3120 4907 Beuer
3151 4873 3257 4915 erfuhr,
3287 4885 3327 4909 an
3357 4876 3433 4911 einer
3463 4878 3597 4918 schweren

2488 4912 2641 4953 Krankheit
2660 4914 2820 4949 darnieder.
2840 4916 2900 4949 Die
2917 4917 3156 4957 „Stadträthin",
3177 4919 3291 4958 obwohl
3302 4919 3414 4960 Julian
3433 4921 3469 4961 sie
3484 4924 3592 4961 grund¬

2487 4956 2589 4997 sätzlich
2618 4958 2666 4991 nie
2693 4958 2764 4991 über
2792 4959 2838 4993 die
2858 4959 3118 5001 Angelegenheiten
3146 4962 3234 5002 seiner
3262 4963 3410 5004 seltsamen
3429 4965 3595 5005 Nachbarin

2486 5001 2622 5041 befragte,
2653 5001 2796 5041 berichtete
2829 5004 2882 5037 mit
2911 5005 3053 5046 besorgter
3074 5007 3175 5040 Miene
3206 5018 3264 5041 von
3292 5008 3368 5043 einer
3388 5010 3595 5049 zunehmenden

2488 5044 2759 5085 Verschlimmerung
2788 5048 2837 5080 der
2857 5048 3013 5089 Krankheit
3044 5052 3103 5084 und
3133 5050 3235 5091 endlich
3256 5051 3339 5091 sogar
3371 5062 3428 5085 von
3449 5054 3526 5088 einer
3545 5054 3595 5090 be¬

2486 5088 2684 5129 vorstehenden
2703 5090 2878 5132 Operation,
2900 5093 2952 5133 auf
2971 5094 3071 5134 welche
3090 5095 3136 5129 die
3155 5095 3253 5136 Aerzte
3272 5095 3334 5134 ihre
3352 5096 3425 5135 letzte
3437 5096 3594 5140 Hoffnung

2488 5132 2577 5173 gesetzt
2597 5133 2702 5172 hätten.
2744 5134 2849 5176 Einige
2868 5136 2952 5177 Tage
2971 5138 3079 5178 darauf
3100 5138 3217 5178 erzählte
3237 5139 3283 5172 die
3305 5139 3505 5182 Stadträthin,
3535 5143 3595 5185 daß

2486 5177 2531 5211 die
2550 5177 2714 5217 Operation
2735 5178 2787 5213 mit
2807 5181 2975 5220 glücklichem
2995 5181 3114 5222 Erfolge
3132 5181 3275 5222 vollzogen
3296 5184 3412 5217 worden
3430 5184 3479 5224 sei.
3509 5186 3588 5222 Aber

2485 5221 2586 5255 denken
2606 5221 2666 5256 Sie
2694 5233 2762 5263 nur,
2792 5224 2870 5265 Herr
2899 5225 3057 5266 Professor,
3087 5231 3154 5259 was
3181 5226 3231 5267 sich
3262 5226 3347 5261 dabei
3376 5229 3502 5271 ereignet
3530 5229 3600 5271 hat!

2486 5265 2561 5305 fügte
2582 5266 2618 5306 sie
2638 5267 2670 5300 in
2691 5267 2795 5308 großer
2816 5269 2984 5310 Aufregung
3016 5270 3074 5304 und
3104 5270 3148 5304 ein
3167 5270 3238 5306 über
3257 5272 3315 5305 das
3336 5273 3439 5308 andere
3458 5275 3530 5309 Mal
3551 5276 3599 5311 die

2486 5310 2589 5351 Hände
2608 5310 2913 5353 zusammenschlagend
2933 5315 3027 5355 hinzu.
3055 5315 3116 5356 Ehe
3135 5315 3179 5349 die
3188 5315 3352 5357 Operation
3372 5328 3425 5352 vor
3445 5318 3496 5360 sich
3517 5321 3600 5367 ging,

2484 5354 2578 5395 haben
2596 5356 2643 5390 die
2663 5357 2761 5397 Aerzte
2780 5357 2828 5398 ihr
2847 5358 3035 5399 Chloroform
3056 5360 3199 5402 gegeben;
3225 5361 3294 5395 aber
3316 5366 3348 5396 es
3368 5373 3430 5397 war
3450 5364 3528 5404 nicht
3547 5375 3595 5405 ge-
