3872 5551
153 202 841 263 Nr. 58 Morgenblatt.
1451 117 3574 252 Der Zürcher Zeitung 120. Jahrgang. Montag, 27. Februar 1899.
142 295 3618 740 Neue Zürcher Zeitung
318 806 1017 856 Abonnementspreise. 3 Monate. 6 Monate.
148 848 1015 889 Zürich wenn die Zeitung abgeholt wird . . . Fr. 5.50 Fr. 10. —
171 869 1017 919 do. ins Haus gebracht . . . . . . . „ 6.— „ 11.50
150 903 1017 942 Schweiz Bestellung beim Postbureau . . . . „ 6.50 „ 12.50
197 930 1011 968 do. mit Bezug unter Privatadresse . . . „ 8.— „ 15.—
152 962 866 995 Deutschland Bestellung beim Postamt . . . Mk. 6.—
152 986 868 1022 Oesterreich-Ungarn do. fl. d. W. 5.66
154 1009 1020 1051 Italien-Aegypten do. . . . Fr. 8.10 Fr. 15.50
153 1041 1022 1080 Rußland do. . . . Rbl. 3.06 Rbl. 6.18
158 1061 1020 1104 Uebrige Staaten des Weltpostvereins . . . Fr. 12.50 Fr. 24.—
221 1098 853 1139 5 Theaterstr. Readaktionsbureau Goethestr. 10
1234 861 2537 1028 und schweizerisches Handelsblatt.
2977 806 3338 837 Insertionspreise:
2911 842 3405 875 Per einspaltige Petitzeile oder deren Raum
2854 866 3461 905 für die Schweiz 25. Rp., für das Ausland 40 Rp.,
2689 894 3621 932 Lokal-Inserate 20 Rp. (exkl. Finanz- u. Chiffre-Anzeigen, sowie f. Aktien-Ges.)
2993 926 3330 957 Reklamen Fr. 1.— per Zeile.
2964 950 3364 985 Alleinige Inseraten-Annahme:
3012 986 3310 1024 Rudolf Mosse
2721 1021 3596 1055 Annoncen-Expedition für alle schweizerischen und ausländischen Zeitungen
2932 1053 3393 1086 5 Theaterstr. Zürich Goethestr. 10
170 1218 987 1288 Das neue zürcherische Schulgesetz im
444 1289 710 1330 Kantonsrat.
233 1353 999 1413 Die Gelegenheit, für den zürcherischen
165 1402 999 1458 Kantonsrat, ein Schulgesetz zu beraten, ist seit
166 1444 998 1503 1859, aus welchem Jahre das derzeit geltende
163 1489 1002 1547 Gesetz stammt, nicht so selten gewesen, wenn
163 1535 997 1592 auch eine Revision jenes alten gesetzgeberischen
163 1578 993 1636 Werkes, eines Meisterwerkes für seine Zeit,
163 1624 997 1681 bisher nicht zu stande gekommen ist. Die Ge¬
164 1669 999 1725 schichte der Revision ist eine Chronik der
164 1711 1002 1769 Niederlagen. Der Weg der kantonsrätlichen
164 1758 1002 1813 Vorlage führte ebenso wenig zu einem Ziele als
168 1807 629 1847 das Mittel der Initiative.
225 1843 1001 1903 Und doch wird man nicht sagen können, daß
165 1888 1004 1948 das bisherige Gesetz in keiner Richtung revisions¬
166 1934 1008 1992 bedürftig sei; es wäre ja gar nicht möglich, daß
166 1977 1010 2037 vier Dezennien einer so raschlebigen Zeit nicht
166 2023 1007 2082 die Voraussetzungen ändern würden, auf denen
165 2067 1001 2126 jenes beruht. Aber es konnte nicht ausbleiben,
166 2112 1015 2171 daß die bisherigen Erfahrungen ihren Einfluß
167 2156 1014 2215 bei der Behandlung eines neuen Gesetzentwurfes
169 2200 1013 2259 ausübten. Obwohl die Notwendigkeit der Neu¬
170 2244 1015 2304 regelung dringender ist als je, sehen wir die
170 2289 1019 2349 Thatsache, daß man sich in seinen Vorschlägen
169 2332 1018 2392 mehr beschränkt, als es jemals früher der Fall
170 2377 1018 2436 gewesen war. So kommt es, daß gegenüber dem
171 2419 1014 2481 ersten Revisionsentwurf, der vor zwei Dezennien
172 2464 1010 2525 dem Volke zur Annahme empfohlen wurde, das,
175 2512 1020 2569 mit dem man sich heute hervorwagt, in ver¬
175 2554 1015 2612 schiedener Richtung zurückbleibt. So hat man
179 2598 1020 2656 bekanntlich die Fortbildungsschule und die
181 2644 1007 2700 Bürgerschule außerhalb des Entwurfes gelassen,
188 2683 1017 2744 weil die Anschauungen darüber noch zu wenig
188 2730 1019 2787 abgeklärt seien. Man hat auch die Sekundar¬
177 2777 737 2822 schule gelassen wie sie heute ist.
244 2817 1019 2872 Der hervorragendste Fortschritt des Ent¬
176 2859 1019 2916 wurfes ist die Achtklassenschule. Ihr Vorteil
175 2904 1024 2960 liegt in zwei Richtungen. Indem die Zeit für
179 2945 1015 3004 die Ausbildung des Schülers verlängert wird,
180 2989 1024 3048 kann der Unterricht naturgemäß eine höhere
185 3034 1025 3091 Stufe erreichen. Vermehrte Bildung für jeden
189 3078 1030 3135 unserer Einwohner kann uns nur zum Segen
194 3122 1023 3179 ausschlagen zumal in einer Zeit intensiven wirt¬
198 3163 1026 3223 schaftlichen Wettbewerbes im allgemeinen und
202 3208 1026 3268 der ungünstigen Lage von Kleingewerbe und
198 3254 1032 3312 Landwirtschaft gegenüber den Anforderungen
194 3296 1026 3356 der veränderten Marktverhältnisse insbesondere.
193 3341 1024 3400 Dann aber ist die Thatsache nicht zu unter¬
191 3385 1025 3444 schätzen, daß durch Verlängerung der Alltags¬
191 3431 1031 3490 schulpflicht um zwei Jahre eine Lücke in der
190 3476 1025 3534 Beschäftigung der jungen Leute ausgefüllt wird,
192 3517 1028 3578 die sich immer mehr in verderblicher Weise be¬
191 3563 1031 3623 merkbar machte. Die Schüler, welche die heutige
194 3608 1033 3668 Altagsschule verlassen, stehen im dreizehnten
195 3648 1029 3712 Jahre. Das Fabrikgesetz verbietet die Arbeit in
196 3697 1030 3756 Fabriken für Kinder unter vierzehn Jahren
197 3739 1028 3799 schlechthin. Der Zwischenraum, der dadurch für
202 3787 1031 3842 die Kinder aus den Kreisen der industriellen
206 3824 1025 3889 Arbeiterschaft entsteht, ist nicht ohne Bedeutung,
211 3872 1033 3932 zumal die betreffenden Altersjahre die Zeit der
217 3915 1030 3976 größten Empfänglichkeit für das Gute wie für
219 3963 1033 4020 das Schlechte darstellen. In dieser Richtung
214 4004 1031 4057 durch Verlängerung der Alltagsschulzeit Abhülfe
1036 1157 1866 1221 zu schaffen ist eine gerchtfertigte Rücksicht auf
1034 1205 1864 1265 die industrielle Bevölkerung, die seit  dem Erlaß
1038 1248 1866 1310 des geltenden Schulgesetzes von etwa der Hälfte
1039 1296 1869 1354 der ganzen Bevölkerung auf drei Vierteile an¬
1038 1355 1259 1388 gewachsen ist.
1103 1381 1872 1442 Freilich in Bezug auf die landwirtschaftliche
1042 1426 1874 1487 Bevölkerung hat das letztere Argument nur be¬
1042 1471 1874 1532 dingte Geltung. Da ist ein Zwischenraum nicht
1041 1519 1873 1576 vorhanden. Man ist froh, wenn das Kind der
1044 1564 1875 1620 Schule entlassen ist und man schätzt seine wenn
1044 1604 1880 1666 auch an sich noch geringe Arbeitsleistung. Wohl
1045 1651 1876 1711 kann man sagen, daß gerade hier vermehrte
1042 1696 1880 1755 Bildung am ehesten von nöten wäre. Aber auf
1047 1740 1878 1798 der andern Seite muß man den vermehrten
1047 1787 1878 1842 Widerstand der landwirtschaftlichen Bevölkerung
1047 1827 1882 1888 gegen eine um zwei volle Jahre verlängerte
1049 1872 1879 1933 Schulzeit angesichts der notorisch herrschenden
1050 1919 1879 1975 landwirtschaftlichen Arbeiternot begreifen. Dieser
1051 1961 1886 2019 Erwägung hat sich denn auch die Kommission
1051 2004 1886 2065 zugänglich gezeigt und sie hat in dieser Hinsicht
1050 2050 1884 2109 vorgeschlagen, daß den Gemeinden das Recht
1054 2096 1886 2153 gelassen werde, den Unterricht der beiden obersten
1053 2138 1886 2199 Klassen im Sommerhalbjahre auf die gegegenwärtige
1055 2185 1886 2242 Ergänzungschulzeit zu beschränken. Diesen Vor¬
1057 2226 1890 2286 schlag hat der Kantonsrat unter einläßlicher
1058 2271 1890 2331 Diskussion mit großer Mehrheit zugestimmt.
1061 2316 1887 2374 Freilich wurden verschiedene Anträge auf strikte
1061 2358 1888 2418 Durchführung der Achtklassenschule gestellt. Aber
1059 2403 1889 2463 sie hatten von Anfang an wenig Aussicht auf
1057 2450 1895 2507 Erfolg. Man hatte das Gefühl, daß der
1059 2494 1895 2550 Präsident der Kommission, „der kleine Mann
1060 2536 1886 2595 mit dem großen Herzen", dem man es anmerkte,
1063 2579 1894 2639 wie schwer ihn seine Beschränkung ankam, ge¬
1059 2622 1895 2684 wiß nicht ohne die tiefste Ueberzeugung von
1061 2668 1895 2727 seiner Notwendigkeit den weniger weitgehenden
1061 2713 1890 2770 Vorschlag verteidigte. Wir glauben, daß das
1065 2758 1893 2814 weite Maß, das sich in dieser Grundstimmung
1067 2802 1861 2848 kundgab, dem Schulgesetze zum Heile gereicht.
1129 2843 1897 2900 Die Achtklassenschule stellt, vermehrte An¬
1063 2888 1897 2944 forderungen an die Lehrthätigkeit. Daß der
1065 2931 1900 2986 Regierungsrat, wie er erklärte, unmittelbar
1066 2974 1892 3032 nachdem die Vorlage vom Volke angenommen
1067 3019 1900 3076 sein wird, an die Erhöhung der Lehrer¬
1067 3065 1900 3120 besoldungen gehen will, ja daß bereits ein
1066 3108 1904 3164 Vorentwurf bereit liegt, wird mancher recht
1071 3154 1901 3207 und billig finden. Wir verstehen die Aufbesserung
1072 3198 1902 3250 in den Lehrerbesoldungen in erster Linie als
1073 3238 1911 3295 eine Aufbesserung für unsere geplagten Lehrer
1072 3284 1906 3339 auf dem Lande, deren Arbeitsleistung zu ihrer
1070 3331 1913 3382 gesetzlich festgestellten Honorierung (das Minimum
1073 3375 1898 3426 beträgt bekanntlich 1200 Fr. nebst Wohnung,
1074 3416 1908 3471 2 Klafter Holz und ½ Juchart  Gemüseland) in
1075 3460 1911 3517 einem auffallenden Mißverhältnis steht. Die
1074 3506 1905 3561 neue Schulvorlage bringt zudem insbesondere
1071 3551 1902 3604 den Lehrern auf dem Lande eine Mehrbelastung.
1076 3594 1908 3648 Es wird, wenn das neue Gesetz in Kraft ist,
1071 3636 1913 3693 eine Reihe von Gemeinden geben, in  denen ein
1072 3683 1912 3737 einziger Lehrer tagtäglich acht Klassen zu unter¬
1073 3729 1913 3778 richten hat. Man hat im Kantonsrate die
1077 3772 1911 3822 Schwierigkeit betont, einen Lektionsplan für so
1075 3814 1913 3868 viele Klassen aufzustellen. Seitdem ist das
1075 3858 1913 3912 Rätsel gelöst und ein solcher Plan den Kantons¬
1078 3902 1913 3956 ratsmitgliedern zugestellt worden. Aber sicher
1081 3947 1913 3999 ist das, daß die Anforderungen in solchen
1077 3990 1907 4036 Fällen auf das höchst zulässige gesteigert werden.
1914 1138 2741 1204 Abgesehen hieon liegt ein besserer Ausgleich in
1908 1190 2746 1247 den Besoldungsverhältnissen in Interesse einer
1912 1233 2745 1290 größeren Stabilität der auf dem Lande wirkenden
1911 1275 2750 1335 Lehrkräfte. Wenn ein Vertreter der Lehrerschaft
1914 1319 2747 1381 im Kantonsrate  die Zusicherung, die er vom
1914 1367 2754 1425 Regierungsrate verlangte, in diesen Sinne ver¬
1915 1411 2753 1470 standen hat, so wird jedermann ihm beistimmen
1915 1471 2041 1503 können.
2103 1585 2577 1640 Eidgenossenschaft.
2042 1646 2756 1702 Die beiden Anarchisten, deren jüngst er¬
1918 1687 2758 1743 folgte Ausweisung wir gemeldet, heißen Bossoni
1919 1727 2761 1784 Giovanni von Stradella, geb. 1875, Maurer, und
1924 1765 2760 1824 Stocchi Vittorio von Lesignano, Italien. geb. 1860,
1924 1805 2760 1863 Maurer. Das Bundesblatt meldet diese Namen; jetzt
1920 1846 2762 1903 wird die Neugier der sozialdemokratischen Blätter gestillt
1924 1884 2761 1943 sein, die schrien, „man" nenne nicht einmal mehr die
1930 1938 2373 1973 Namen solcher Ausgewiesenen.
2164 2038 2522 2082 Kantone.
2282 2109 2428 2136 Zürich
1988 2140 2768 2187 * Statthalter Jakob Meier in Bülach ist
1930 2173 2772 2231 Freitag nachts halb 12 Uhr der schweren Krankheit, von
1933 2219 2769 2270 der die „N. Z. Z." gemeldet, erlegen. Meier war am
1934 2259 2770 2310 80. November 1831 geboren und bekleidete das Statt¬
1934 2307 2312 2340 halteramt seit Mai 1880.
2227 2358 2475 2384 Schaffhausen
2002 2392 2771 2446 (r.-Kor.) Herr Freuler hat wieder einmal
1934 2438 2773 2489 als Hecht etwas Bewegung in unsern politischen
1934 2484 2769 2532 Karpfenteich gebracht. Er griff eine städtische
1932 2522 2776 2577 Frage auf, um sich als Hüter der Volksrechte
1936 2572 2775 2620 aufzuspielen. Nachdem die Stadt zu der Wasser¬
1934 2611 2776 2666 versorgung hin ein Elektrizitätswerk erstellt,
1939 2660 2773 2711 das Gaswerk und die Wasserwerke im Rhein
1939 2702 2771 2754 erworben hat, bedürfen diese Werke einer
1938 2748 2779 2796 definitiven Organisation. Nach dem Vorbild
1940 2791 2786 2840 anderer Schweizerstädte stellte man eine gesonderte
1940 2833 2785 2886 Verwaltung unter der Oberaufsicht des Stadt¬
1941 2880 2779 2930 rates und der Aufsicht einer besondern Kommission
1938 2923 2780 2973 auf. Da die Stadtverfassung den Erlaß von
1941 2969 2779 3016 Verordnungen allgemeiner Natur dem Großen
1938 3011 2777 3060 Stadtrat überbindet, so glaubte dieser die
1942 3058 2779 3103 definitive Kompetenz zum Erlaß einer solchen
1941 3095 2782 3149 Verordnung zu besitzen. Allein Herr Freuler
1944 3147 2781 3191 erklärte Rekurs an die Regierung und verlangte,
1942 3186 2785 3236 daß die Verordnung der Einwohnergemeinde zur
1947 3231 2781 3281 Abstimmung vorgelegt werde. Der Regierungs¬
1948 3275 2782 3325 rat ist nun einem prinzipiellen Entscheide aus¬
1947 3326 2782 3368 gewichen und hat erkannt, daß die Verordnung
1955 3364 2787 3414 als provisorische genehmigt werde. Im Hinblick
1949 3409 2787 3458 auf die bevorstehende Erweiterung der Wasser¬
1950 3453 2787 3502 werke, den Bau eines Trams nach Neuhausen
1949 3498 2791 3547 u. s. w. sei jedenfals in wenig Jahren eine
1952 3543 2791 3590 andere Organisation nötig. Jene wäre dann
1951 3586 2731 3626 dem Entscheid der Gemeinde zu unterstellen.
2021 3634 2779 3680 Für Fernerstehende wäre es nun unerfindlich,
1952 3673 2791 3725 wie aus einer solchen rein formellen Kompetenz¬
1957 3719 2791 3767 frage ein lebhafter Meinungsaustausch entstehen
1957 3759 2789 3812 könnte. Allein hier mischen sich eben sofort
1952 3804 2789 3856 Personenfragen in die Diskussion ein und so
1955 3852 2792 3900 entbehrte der Kampf, der auch in den Tages¬
1953 3895 2793 3944 blättern weitergesponnen wurde, nicht einer ge¬
1953 3941 2793 3988 wissen Hitze. Um viele Wochen ist nun das
1955 3981 2791 4024 Inkraftreten der neuen Organisation hinaus¬
2790 1125 3628 1187 geschoben. Es ist nur zu hoffen, daß aus dieser
2791 1176 3629 1231 Verzögerung für das Waffenwerk kein Nachteil
2793 1220 3631 1275 entstehe. Denn der Umbau der nun seit dreißig
2793 1267 3623 1317 Jahren bestehenden Drahtseiltransmission in eine
2798 1309 3628 1360 elektrische ist von den Experten (Herrn Prof.
2803 1355 3626 1403 Zschokke und Denzler) als höchst dringlich be¬
2801 1395 3626 1450 zeichnet worden. Hoffentlich wird nun der Um¬
2801 1440 3630 1496 bau — Organisation hin, Organisation her —
2803 1493 3149 1531 schleunigst begonnen.
3029 1539 3404 1582 Appenzell A.-Rh.
2861 1581 3637 1638 (Δ Korr. vom 23. Februar aus Herisau.) Wir
2802 1627 3643 1678 Herisauer sind mit andern Leuten in der Ostschweiz
2805 1666 3639 1718 gegenwärtig mitten in Eisenbahnbestrebungen
2805 1706 3639 1759 drin. Die Appenzellerbahn will uns, ohne daß die
2805 1746 3643 1799 Gemeinde einen Rappen zu bezahlen hätte, eine direkte
2812 1786 3641 1838 Schmalspurlinie nach St. Gallen bauen. Die Finan¬
2807 1829 3640 1878 zierung des Projektes mit seinen 1½2 Millionen Fr.
2810 1866 3642 1918 Baukosten ist schon einige Zeit komplet; die endgül¬
2807 1906 3642 1958 tigen Pläne und deren Genehmigung durch den Bun¬
2810 1946 3643 1997 desrat werden nicht mehr lange auf sich warten lassen
2811 1987 3643 2038 und dann kann mit dem Bau begonnen werden. Das
2813 2028 3400 2070 wäre Nr. 1 der schwebenden Projekte.
2868 2064 3646 2117 Dann liegen wir bekanntlich auch an der projekt¬
2813 2107 3654 2157 ierten Linie Normalbahn Romanshorn-St. Gallen-¬
2819 2144 3649 2197 Watwil-Riken-Zürichsee. Das ist Projekt Nr. 2, dessen
2819 2184 3649 2237 Ausführung unserer gesamten Bevölkerung ungemein
2820 2222 3649 2278 am Herzen liegt, und wofür ein ganz beträchtliches
2821 2264 3657 2318 Opfer zu bringen die Gemeinde bereit ist; zweifels¬
2821 2303 3655 2358 ohne wird sie in allernächster Zeit dazu kommen, über
2821 2343 3654 2398 die Höhe des zu leistenden Betrages Beschluß zu
2823 2385 3652 2437 fassen. Es werden aber von mehr als einer Seite
2822 2427 3650 2477 (nicht von Herisau, natürlich) Anstrengungen gemacht,
2823 2464 3654 2517 dieses Bodensee-Zürichseebahnprojekt zu hintertreiben
2821 2504 3653 2557 und dasselbe als völlig aussichtslos hinzustellen. Der
2820 2547 3656 2597 Stein, welcher dem in sich selbst allerdings große
2820 2585 3654 2637 Schwierigkeiten bergenden Unternehmen in den Weg
2822 2626 3656 2676 gewälzt wurde, war das Projekt Flawil-Bütschwil,
2823 2666 3661 2715 ebenfalls eine Normalbahn, welche eine etwas bessere
2822 2706 3659 2755 Verbindung des Toggenburgs mit der Stadt St. Gallen
2822 2746 3659 2796 als bisher herstellen und vor allem viel billiger sein
2826 2783 3660 2835 würde, als die kürzere über Herisau gehende Linie;
2824 2825 3658 2875 diese Flawil-Bütschwilbahn hätte nicht viel mehr als
2824 2862 3658 2915 lokale Bedeutung. Das wäre Projekt Nr. 3, welches
2821 2907 3659 2953 uns Herisauer ebenfalls, aber in sehr negativem
2825 2952 3051 2984 Sinne berührt.
2878 2983 3664 3034 Und nun ist allerneuestens noch Projekt Nr. 4
2825 3025 3665 3073 aufgetaucht, nämlich Ausbau der schmalspurigen Appen¬
2823 3068 3669 3112 zellerbahn nach Südwesten, d. h. Abzweigung der
2824 3105 3666 3151 Linie Winkeln-Herisau-Urnäsch-Appenzell, bezw. Er¬
2823 3144 3668 3191 stellung einer neuen Linie von der Station Waldstatt
2829 3181 3667 3233 aus nach dem Toggenburg, über Schönengrund,
2830 3223 3668 3272 Peterzell, Brunadern nach Lichtensteig oder Wattwil:
2824 3267 3672 3312 das wäre also schmalspuriger Anschluß an die Toggen¬
2829 3305 3673 3351 burgerbahn und eventuell Rikenbahn. Dies an Stelle
2829 3343 3669 3391 der Normalbahn St. Gallen-Herisau-Degersheim-¬
2831 3381 3670 3431 Wattwil, welche 14 Millionen kosten wird, während
2831 3423 3673 3471 der Bau der Schmalspurbahn von Waldstatt aus auf
2834 3461 3670 3510 nur 4 Millionen devisiert ist von Ingenieur Ritter-¬
2835 3504 3672 3549 Egger in Zürich, welcher Sonntag den 19. Februar
2837 3542 3672 3590 vor einer 400 Mann zählenden Versammlung in
2838 3585 3678 3628 Schönengrund über dieses Schmalspurprojekt sprach
2836 3624 3678 3668 und es zur Ausführung empfahl. Auch mit diesem
2835 3664 3674 3706 Projekt können wir Herisauer noch nicht sympathi¬
2836 3703 3674 3745 sieren, so lange nur noch ein Atom von Aussicht vor¬
2834 3746 3673 3785 handen ist für Verwirklichung der durchgehenden Linie
2836 3781 3673 3827 Romanshorn-St. Gallen-Wattwil-Riken; denn es ist
2835 3825 3675 3865 für uns bis zu einem gewissen Grade Lebensfrage,
2837 3862 3674 3906 wenn immer möglich endlich einmal an eine Nor¬
2835 3899 3672 3948 malbahn zu liegen zu kommen. Die Schmalspur
2838 3949 3676 3986 kennen wir nun seit bald einem Vierteljahrhundert
2838 3986 3676 4018 und möchten daher einmal etwas Besseres haben.
232 4151 772 4212 1 Feuilleton.
540 4266 693 4289 Siena.
247 4298 1039 4351 Der Reisende, welcher sich heut zu Tage den be¬
200 4340 1043 4390 deutenderen Städten Deutschlands nähert, findet, daß
197 4384 1041 4428 sie auf den ersten Blick einander sehr gleichen — thut
192 4418 1040 4471 doch die moderne Kultur unaufhaltsam ihr nivellierendes
190 4458 1039 4512 Werk! Wir müssen, bevor wir zu dem Kern der Städte
196 4500 1042 4550 gelangen, Arbeiterviertel durchwandern mit himmel¬
188 4539 1036 4590 hohen, unschönen Häusern, die charakterlos und lang¬
185 4577 1039 4630 weilig einander angähnen — oder man sieht die Städte
184 4619 1041 4671 umgeben von schönen Villen mit Gärten, von hübschen
183 4658 1040 4711 Wohnhäusern im Stiel aller Jahrhunderte. Selbst im
183 4698 1044 4751 Innern der Städte mußte das Charakteristische der
182 4737 1044 4790 alten Bauern der weniger malerischen Ordnung
182 4778 1035 4829 weichen. — Erker, Kellervorsprünge, kleine finstere,
182 4817 1042 4870 geheimnisvolle Thore mußten fallen — die alten
183 4857 1043 4908 Kirchen wurden freigelegt und die vielen Häuser und
183 4895 1044 4947 Häuschen, die gleichsam Schutz suchend sich an die
187 4934 1044 4986 alten Kathedralen lehnten und diese dadurch zugleich
182 4975 1044 5026 verdeckten, wurden erbarmungslos wegrasiert. Ueberall
183 5012 1041 5066 wurde Licht und Luft geschafft; es ist aus mit den
182 5051 1041 5106 geheimen Schlupfwinkeln, mit dem angstvollen Anein¬
182 5095 1042 5145 anderrücken. Die Losung heißt: Freie Bewegung für
181 5134 1042 5184 die Menschen, damit sie zu der ihnen möglichen Ent¬
182 5174 1041 5223 wicklung gelangen und: ein der Größe der Gebäude
181 5210 1040 5261 entsprechender freier Raum, damit sie die ihnen mög¬
181 5262 666 5289 liche Wirkung ausüben können.
239 5287 1043 5341 Auch in Italien hat die Neuzeit ihre gleichmachende
179 5328 1043 5380 Arbeit längst begonnen. Wer vermöchte noch an Turin
180 5366 1040 5410 oder Mailand einen besonders italienischen Charakter
1080 4083 1916 4138 zu entdecken? Rom hat seine moderne Hälfte, „das
1080 4127 1916 4177 weiße Rom" seit der Einigung Italiens bekommen.
1081 4167 1917 4216 Immerhin hat Italien aber eine Menge von Städten
1080 4207 1916 4255 aufzuweisen, die noch heute fast so aussehen wie vor
1091 4248 1916 4295 Jahrhunderten und deren anblick uns zurückversetzt in
1082 4285 1916 4336 alte Zeiten. In diesen alten Städten liegt ein märchen¬
1080 4327 1659 4367 hafter Zauber, eine unendliche Poesie.
1137 4364 1921 4416 Wer hätte das nicht in Venedig empfunden, dessen
1084 4406 1920 4456 alte Paläste schweigend sich, wie ehemals in den
1084 4444 1920 4496 stillen Wassern der Kanäle spiegelen — wer dächte in
1086 4486 1920 4535 Florenz nicht täglich an Lorenzo il Magnifico, weil so
1082 4526 1918 4575 vieles unverändert an ihn erinnert, an Savonaolo,
1083 4561 1920 4617 dessen Zelle man noch besucht, an Fra Angelico, der
1086 4606 1920 4655 Säle und Zeilen von San Marco schmückte, so
1083 4645 1921 4696 wie wir sie noch jetzt sehen, der in Farben betete und
1086 4688 1920 4735 predigte und dessen Sprache uns dort an Ort und
1085 4722 1922 4775 Stelle eben gerade so verständlich ist, wie den Leuten
1085 4765 1921 4814 von damals. Wer dächte in Genua nicht an Fiesco und
1085 4804 1919 4854 Doria und Eleonore? Noch immer liegen die bewim¬
1086 4845 1923 4893 pelten Schifre im Hafen und das lebhafte Volk der
1087 4886 1921 4932 Genuesen drängt wie damals  durch die engen Straßen,
1087 4927 1923 4972 in denen noch immer die stolzen Marmorpaläste zum
1085 4964 1924 5011 Himmel ragen, Zeugen jener prächtigen Zeit und jener
1089 5011 1438 5042 glänzenden Aristokratie.
1121 5043 1924 5090 Eine der am meisten „stehen gebliebenen" Städte ist
1087 5085 1924 5131 sicherlich Siena, jene streitbare Stadt. Noch jetzt um¬
1087 5121 1922 5169 geben sie dieselben alten Festungsmauern wie vor Jahr¬
1086 5167 1921 5207 hunderten. Hier giebt es weder Vorstädte noch Villen¬
1087 5204 1921 5247 anlagen, es ist alles beim alten geblieben. Und auch
1085 5246 1922 5286 der Fremdenverkehr ist kein großer — liegt doch die
1086 5287 1917 5325 Stadt abseits von der großen Hauptverkehrsstraße.
1085 5326 1923 5363 Das erhöht den Eindruck des Alten und als Reisender
1085 5364 1916 5395 ist man ja selbstsüchtig genug, sich darüber zu freuen.
2011 4079 2793 4125 Die Sienesen wollen die Gründung ihrer Stadt
1958 4120 2799 4165 schon bis in die Zeit des Romulus zurücklegen. That¬
1959 4160 2794 4204 sache ist nur, daß die Stadt eine von Augustus ge¬
1957 4205 2794 4244 gründete Kolonie war (Julia Scenensis) und noch jetzt
1957 4240 2796 4285 begegnet uns zum Beweis auf Schritt und Tritt das
1962 4281 2798 4324 Stadtwappen, eine Zwillinge säugende Wölfin. Nach
1956 4320 2800 4363 dem Verfall des römischen Reiches ging Siena in den
1956 4361 2797 4403 Besitz der Longobarden über, denen es später durch
1958 4399 2799 4445 Kari den Großen entrissen wurde. Dieser verschenkte
1958 4439 2800 4485 viele der sienesischen Burgen und Schlösser an Grafen
1956 4482 2800 4524 und Barone, seine Anhänger und Gefährten in Kriegs¬
1963 4525 2801 4562 abenteuern. So bildete sich die nachmalige sienesische
1963 4559 2797 4603 Aristokratie und Feudalherrschaft heran. Jene Großen,
1964 4604 2798 4642 als sie dann reich und reicher wurden, verließen sie
1964 4643 2802 4684 ihre Schlösser und Burgen und zogen in die Stadt.
1963 4680 2800 4724 Dort bauten und bewohnten sie die prächtigen gothischen
1964 4719 2801 4764 Paläste, die noch heute unser Entzücken sind. Es ist
1964 4762 2803 4802 natürlich, daß sich zwischen diesen Familien ein Streit
1965 4803 2803 4842 um die Macht entspann — bald waren die Tolomei
1967 4842 2803 4882 obenauf, dann die Piccolomini, heute die Melavolti,
1965 4879 2797 4922 morgen die Salimbeni. Den Anlaß zu diesen Streitig¬
1968 4923 2803 4962 keiten gab immer der Kampf zwischen Papsttum und
1964 4960 2128 4993 Kaisertum.
2012 5001 2799 5043 Siena war aber immer ghibellinisch. Und so geriet
1964 5040 2806 5082 es auch in Kampf mit dem guelsischen mächtigen
1964 5083 2802 5119 Nachbarstaat Florenz. Die Geschichte erzählt von der
1975 5119 2806 5158 großen Schlacht von Monteaperto als „das grüne
1965 5159 2805 5198 Feld blutrot gefärbt war". Die Florentiner unterlagen,
1968 5198 2803 5238 aber der Sieg der Sienesen war teuer erkauft. Sie
1966 5239 2805 5280 nannten seitdem ihre Stadt auch wohl civitas Virginis
1964 5281 2802 5311 — da sie den Sieg der Hülfe der Jungfrau zuschrieben.
2018 5318 2803 5359 Freilich holten sich die Florentiner ihre Revanche
1965 5354 2805 5391 neun Jahre später, 1269 in der Schlacht am colle di
2843 4069 3679 4119 Val d'Elba. Die Guelsen drangen in Siena ein und
2840 4117 3675 4157 führten mit der Zeit dort eine Art bürgerlicher Oli¬
2842 4156 3677 4198 garchie „Noveschi" genannt ein. Man leitete die Re¬
2841 4195 3678 4237 publik Anfangs weise und verständig, ja man ver¬
2844 4235 3678 4278 schönerte in jener Zeit die Stadt auf alle Art. Später
2842 4274 3679 4318 jedoch dachte man weniger an das öffentliche Wohl als
2842 4313 3682 4362 an sein eigenes Interesse — nach und nach wurde der
2846 4354 3682 4402 edle Stolz des sienesischen Charakters unterdrückt und
2842 4395 3677 4440 endlich schwang sich ein einzelner an die Spitze der
2842 4437 3017 4471 Verwaltung.
2889 4477 3679 4519 Es war Pandolfo Petrucci, der Tyrann, den Ma¬
2842 4512 3678 4560 chiavelli das Muster eines Fürsten nannte, wegen seiner
2842 4551 3678 4601 nicht zu läugnenden Liebe zu den Wissenschaften und
2848 4592 3681 4640 schönen Künsten. In Wahrheit ging es aber mit der
2845 4636 3683 4680 sienesischen Freiheit unter seiner Herrschaft bergab. Ihm
2844 4674 3682 4722 folgten seine Söhne, die ebenso tyrannisch und weniger
2843 4716 3683 4760 begabt waren als er, und endlich Alessandro Bichi,
2848 4756 3684 4800 der seine Vorgänger an Willkür noch übertraf und der
2845 4798 3385 4832 einer Verschwörung zum Opfer fiel.
2897 4834 3680 4882 Die Noveschi wurde dann verbannt, kehrten aber
2846 4877 3679 4920 zurück vor die Mauern von Siena, unterstützt durch
2845 4915 3681 4959 Milizen Papst Clemens VIl. und in Gesellschaft
2852 4954 3684 5000 florentinischer Söldner. Daß sie vor der Porta Camollia
2848 4995 3684 5040 geschlagen wurden, versetzte den Papst in ohnmächtige
2849 5036 3688 5079 Wut. Ohnmächtig — weil er selbst ungücklicher oder
2844 5073 3684 5120 glücklicherweise ins Kastell S. Angelo hatte flüchten
2849 5115 3682 5160 müssen, während der Plünderung Roms durch Karl V.
2848 5152 3683 5199 Zwei Monate war er so Gefangener des Kaisers und
2848 5198 3688 5237 brütete dort Rachepläne aus gegen beide Republiken
2848 5233 3683 5277 Florenz und Siena. Als er sich zwei Jahre später mit
2850 5271 3688 5317 Karl aussöhnte, als er diesen sogar zum römischen
2849 5317 3687 5357 Kaiser krönte, da war das Schicksal der Republiken
2846 5356 2968 5387 besiegelt.
