3188 4606
186 185 366 212 Abonnement:

134 224 178 249 Bei
194 224 251 246 allen
261 222 406 250 Postbureaux

119 253 196 280 franko
223 257 283 280 durch
306 256 337 279 die
358 260 420 284 ganze

207 288 335 318 Schweiz:

159 323 185 343 12
194 322 287 344 Monate
306 320 342 347 Fr.
354 320 388 344 16.

170 352 185 370 6
196 350 288 373 Mouate
307 349 342 377 Fr.
367 349 389 372 8.

124 382 168 410 Für
174 381 249 409 Zürich
261 388 283 405 u.
295 381 423 410 Umgebung

153 415 186 437 dei
201 418 235 437 der
255 413 393 444 Expedition:

163 447 176 467 6
187 447 279 471 Monate
299 447 334 474 Fr.
345 448 366 470 6.
378 458 406 463 —

163 476 176 496 3
188 475 280 498 Monate
299 475 334 503 Fr.
345 476 367 500 3.
377 475 405 498 50

152 530 199 556 Für
213 531 254 553 das
272 531 401 555 Ausland

130 559 230 583 abonnire
239 564 291 582 man
299 558 340 586 gef.
348 559 382 583 bei
390 560 425 582 der

129 586 425 617 Post-Zeitungsexpedition

131 616 152 645 in
162 615 234 644 Zürich
252 616 298 639 oder
308 615 381 640 direkte
393 615 425 639 bei

157 645 196 667 den
205 642 319 673 Verlegern
328 642 397 671 selbst.

546 278 1015 512 Neue
1064 265 2468 549 Zürcher-Zeitung.

1389 136 1505 212 Nr.
1505 136 1651 212 255

533 607 714 669 Zürich,
750 604 989 661 Mittwoch,

1225 566 1540 618 Sechsundvierzigster
1558 563 1734 620 Jahrgang.

1125 675 1212 705 Druck
1229 673 1287 704 und
1306 673 1411 710 Verlag
1430 677 1484 703 von
1502 670 1603 707 Orell,
1620 669 1702 707 Füßli
1721 672 1777 700 und
1796 670 1896 703 Comp.

1999 599 2051 645 12.
2096 591 2356 648 September
2389 595 2510 640 1866.

2615 162 2851 198 Insertionsgebühr:

2587 203 2635 233 Die
2635 203 2753 233 4spaltige
2773 199 2882 230 Petitzeile

2629 232 2677 256 oder
2691 232 2752 255 deren
2766 229 2839 254 Raum

2668 261 2694 283 15
2703 257 2801 287 Rappen.

2585 316 2779 344 Korrespondenzen
2796 312 2840 340 sind

2622 345 2654 368 die
2669 341 2850 367 Redaktion,

2588 373 2688 401 Inserate
2703 375 2795 401 dagegen
2810 375 2838 391 an
2852 369 2887 390 die

2654 399 2820 427 Expedition

2598 430 2634 452 der
2648 428 2669 452 N.
2679 425 2878 456 Zürcher-Zeitung

2658 463 2682 480 zu
2700 454 2816 483 adressiren.

2618 484 2805 513 Ankündigungen
2817 486 2858 504 von

2591 513 2765 538 Medikamenten
2788 509 2889 536 bedürfen

2612 543 2646 565 der
2657 539 2824 571 Genehmigung
2834 538 2868 560 der

2627 565 2856 599 Medizinaldirektion.

2592 626 2663 653 Briefe
2671 626 2715 648 und
2722 624 2802 649 Gelder
2807 622 2891 650 franko.

115 853 393 902 Verhandlungen
413 852 472 890 des
489 852 624 899 großen
637 850 770 896 Rathes
792 858 861 889 von
879 848 996 893 Zürich

445 910 652 950 (Fortsetzung.)

155 1012 275 1050 Sitzung
297 1017 360 1041 vom
384 1009 429 1038 10.
451 1007 621 1043 September.
648 1006 768 1044 (Forts.)
791 1006 831 1040 In
852 1008 896 1036 der
910 1006 998 1041 Nach¬

110 1056 313 1094 mittagssitzung
332 1054 401 1085 wird
429 1052 480 1082 mit
507 1053 551 1082 der
572 1050 736 1088 Beralhung
759 1054 804 1081 der
825 1050 999 1088 Gesetzesent¬

106 1101 180 1137 würfe
201 1099 345 1138 betreffend
367 1098 406 1129 die
428 1096 593 1136 zürcherische
604 1094 788 1133 Rechtspflege
805 1094 989 1132 fortgefahren

109 1148 152 1178 Der
171 1144 234 1182 erste
256 1144 397 1179 Abschnitt
420 1148 491 1177 „von
511 1142 568 1170 dem
589 1139 708 1175 Bestand
730 1143 776 1170 der
794 1139 931 1175 Gerichte"
950 1138 1000 1168 mit

113 1198 146 1222 den
163 1189 260 1221 Titeln
288 1185 526 1223 Friedensrichter,
545 1184 751 1222 Kreisgerichte,
771 1183 1000 1223 Bezirksgerichte,

113 1231 402 1269 Staatsanwaltschaft,
434 1228 662 1266 Schwurgericht,
694 1227 915 1265 Handelsgericht
946 1228 1000 1256 und

106 1279 273 1317 Obergericht
305 1277 373 1308 wird
405 1274 455 1312 fast
482 1274 662 1303 unverändert
684 1280 889 1310 angenommen.
932 1271 1002 1301 Laut

104 1328 154 1353 dem
175 1323 316 1361 vorletzten
330 1318 403 1351 Titel
423 1317 509 1355 erhält
524 1319 568 1348 der
581 1316 697 1350 Kanton
712 1317 755 1346 ein
769 1316 999 1353 Handelsgericht,

106 1371 150 1397 das
172 1370 224 1397 aus
247 1366 311 1405 zwei
331 1362 510 1401 Mitgliedern
532 1364 576 1392 des
590 1360 782 1399 Obergerichts
806 1362 861 1391 und
879 1360 914 1389 15
928 1359 1002 1391 kauf¬

109 1412 278 1448 männischen
301 1409 433 1446 Richtern
454 1405 557 1442 besteht.
586 1405 641 1436 Die
652 1405 885 1441 kaufmännischen
895 1403 1004 1442 Richter

97 1458 204 1487 werden
222 1463 288 1486 vom
310 1454 363 1484 Gr.
384 1451 462 1486 Rath
484 1452 535 1480 aus
558 1449 742 1485 sämmtlichen
764 1449 945 1486 Mitgliedern
960 1450 1004 1478 der

98 1500 342 1534 Handelskammer
370 1498 426 1527 und
456 1495 525 1525 einer
552 1492 617 1531 Liste
638 1501 695 1524 von
716 1494 754 1523 36
775 1493 892 1527 Namen,
913 1492 1004 1528 welche

96 1545 144 1575 die
172 1543 411 1579 Handelskammer
445 1539 608 1577 vorschlägt,
645 1532 772 1576 gewählt.
824 1536 886 1572 Zur
913 1534 1004 1573 Wahl

96 1589 200 1623 dürfen
217 1596 273 1618 nur
294 1586 432 1622 Personen
461 1572 663 1625 vorgeschlagen
684 1584 804 1617 werden,
825 1579 863 1615 die
885 1580 936 1609 das
958 1580 1003 1609 30.

97 1626 260 1670 Altersjahr
280 1633 436 1670 angetreten
456 1627 554 1664 haben,
567 1624 610 1658 im
631 1623 848 1666 Ragionenbuch
868 1625 1004 1661 eingetra¬

99 1687 155 1714 gen
178 1679 230 1714 sind
258 1678 314 1706 und
336 1676 383 1712 seit
405 1661 571 1713 mindestens
584 1659 656 1710 fünf
672 1668 779 1703 Jahren
813 1668 849 1705 im
868 1666 1003 1704 Handels¬

106 1721 213 1759 geschäft
233 1720 379 1754 betreiben,
401 1719 475 1752 oder,
484 1706 593 1752 sofern
601 1713 635 1754 sie
653 1713 734 1749 nicht
742 1712 781 1750 im
793 1713 1005 1748 Ragionenbuch

112 1766 272 1803 eingetragen
306 1765 373 1800 sind,
405 1760 531 1797 während
561 1758 722 1794 mindestem
749 1757 819 1797 zehn
833 1751 952 1791 Jahren
961 1752 1006 1789 ein

106 1807 339 1846 Handelsgeschäft
361 1805 492 1837 betrieben
520 1801 615 1840 haben.
656 1797 731 1837 Das
731 1797 824 1837 Amt
832 1796 914 1834 eines
928 1791 1010 1835 kauf¬

101 1853 292 1890 männischen
300 1851 426 1888 Richters
447 1848 478 1889 ist
499 1847 542 1878 ein
564 1846 765 1883 unbesoldetes,
792 1844 882 1877 reines

102 1903 162 1927 amt.
208 1896 274 1927 Das
304 1894 525 1932 Handelsgericht
555 1893 624 1922 wird
656 1892 707 1921 mit
736 1891 800 1930 zwei
827 1888 1005 1924 Mitgliedern

101 1945 140 1977 des
160 1936 362 1979 Obergerichts
384 1942 439 1969 und
453 1938 516 1973 fünf
527 1936 760 1974 kaufmännischen
771 1926 911 1973 Richtern
907 1930 1006 1969 besetzt.

96 1985 148 2015 Die
172 1985 412 2022 kaufmännischen
442 1981 550 2018 Richter
580 1979 704 2016 wechseln
725 1979 776 2013 alle
803 1970 864 2016 drei
888 1972 1016 2012 Monate

97 2033 161 2066 nach
185 2031 259 2061 einer
280 2031 360 2066 durch
382 2029 432 2057 das
453 2025 628 2063 Obergericht
647 2032 678 2062 zu
701 2023 904 2059 bestimmenden
919 2012 1007 2055 Kehr¬

97 2078 242 2112 ordnung.

151 2123 204 2154 Da
225 2128 272 2153 der
294 2119 492 2160 gegenwärtige
519 2117 722 2156 Vizepräsident
743 2117 789 2144 des
811 2113 863 2143 Gr.
885 2111 1006 2148 Rathes,

96 2168 143 2202 Hr.
165 2167 240 2198 RR.
262 2165 408 2202 Treichler,
430 2163 476 2199 für
496 2162 536 2191 die
557 2161 745 2197 vorliegenden
760 2157 903 2191 Entwürfe
924 2155 1006 2190 Refe¬

97 2218 152 2241 rent
175 2212 219 2248 ist,
241 2211 270 2248 so
292 2210 365 2239 wird
389 2207 429 2236 die
450 2205 535 2242 Wahl
557 2205 629 2234 eines
650 2202 886 2241 Vizepräsidenten
900 2200 939 2228 ad
951 2200 1009 2227 hoc

94 2262 324 2293 vorgenommen,
346 2252 390 2281 die
412 2250 450 2279 im
471 2248 577 2287 zweiten
600 2246 783 2277 Skrutinium
795 2243 845 2277 auf
854 2242 926 2275 Hrn.
941 2240 1010 2270 RR.

81 2297 195 2330 Huber
217 2299 291 2331 fällt.

154 2342 278 2379 Zweiter
299 2338 459 2375 Abschnitt:
481 2339 549 2368 Von
569 2341 614 2369 der
634 2338 800 2375 Kompetenz
821 2338 865 2365 der
880 2333 1010 2367 Gerichte.

77 2386 162 2417 Art.
189 2386 236 2420 89,
267 2387 313 2414 der
339 2383 409 2420 sagt,
430 2381 481 2418 daß
506 2382 546 2410 die
565 2382 759 2418 Kreisgerichte
781 2380 810 2410 in
831 2379 899 2408 allen
919 2377 1011 2413 Zivil¬

77 2429 298 2468 streitigkeiten,
321 2430 400 2457 deren
420 2425 522 2461 Betrag
538 2425 575 2453 50
590 2423 638 2457 Fr.
659 2425 730 2458 nicht
744 2423 896 2460 übersteigt,
911 2421 1011 2456 endlich

77 2479 112 2505 d.
133 2475 163 2512 h.
195 2471 378 2509 inappellabel
410 2469 575 2505 entscheiden,
597 2469 653 2497 und
675 2468 728 2504 daß
750 2467 791 2497 die
812 2466 942 2502 Parteien
963 2466 1013 2495 mit

84 2519 270 2558 Umgehung
303 2520 347 2546 der
376 2514 569 2551 Kreisgerichte
597 2512 654 2547 ihre
674 2512 952 2549 Streitgegenstände,
973 2511 1013 2540 die

89 2565 169 2595 über
193 2563 281 2599 diesen
302 2558 400 2596 Werth
422 2557 619 2594 hinausgehen,
640 2556 723 2586 direkt
737 2558 789 2585 ans
805 2554 1013 2593 Bezirksgericht

89 2610 221 2646 bringen
243 2606 357 2640 können,
378 2602 455 2639 führt
475 2610 506 2640 zu
527 2602 597 2631 einer
618 2600 733 2638 längern
756 2598 926 2636 Diskussion.
960 2598 1012 2631 Hr.

92 2653 155 2684 Dr.
180 2651 324 2682 Ullmer
345 2648 377 2686 ist
398 2654 465 2685 ganz
496 2645 651 2681 entschieden
681 2652 761 2682 gegen
790 2644 830 2673 die
850 2642 1012 2677 Inappella¬

94 2698 208 2727 bilität.
251 2695 306 2724 Die
335 2693 450 2722 Gründe
480 2691 525 2727 für
553 2690 592 2719 die
614 2689 770 2726 beantragte
791 2688 950 2724 Neuerung,
973 2686 1013 2716 die

98 2745 200 2782 zudem
221 2749 276 2772 von
298 2738 435 2768 Niemand
457 2735 580 2773 verlangt
599 2738 711 2765 worden
730 2734 777 2771 sei,
797 2732 864 2768 seien
885 2732 1012 2769 ungenü¬

104 2788 186 2823 gend.
208 2785 261 2815 Die
282 2782 483 2819 Behauptung,
504 2782 531 2809 es
553 2779 634 2816 lohne
654 2779 701 2815 sich
723 2780 773 2807 das
795 2775 952 2812 Appelliren
969 2775 1013 2809 für

108 2830 328 2868 Bagatellsachen
349 2833 442 2863 wegen
463 2828 507 2855 der
527 2824 626 2860 Kosten
648 2824 727 2859 nicht,
749 2822 821 2860 treffe
836 2821 907 2857 nicht
921 2821 1013 2856 durch¬

108 2881 170 2912 weg
192 2882 230 2912 zu,
251 2875 283 2902 da
306 2872 334 2900 in
358 2870 459 2905 solchen
480 2868 572 2902 Fällen
594 2868 663 2903 nicht
678 2867 758 2897 allein
773 2869 817 2897 der
829 2864 1015 2901 Kostenpunkt

106 2919 258 2955 entscheide.
279 2917 320 2950 In
341 2919 386 2946 der
407 2914 563 2951 Bewegung
583 2920 638 2943 von
662 2913 737 2941 1830
752 2910 787 2946 sei
801 2913 845 2940 der
860 2908 1014 2946 allgemeine

103 2963 181 2997 Ruf
211 2964 270 2998 nach
301 2962 385 2991 einem
416 2958 558 2993 doppelten
585 2956 783 2994 Instanzenzug
803 2955 851 2990 für
870 2953 920 2983 alle
942 2952 1016 2986 Fälle

110 3015 258 3046 gegangen.
299 3005 401 3036 Sollen
423 3004 463 3032 die
483 3002 677 3040 Kreisgerichte
692 3000 832 3037 endgültig
847 2997 1016 3033 entscheiden,

111 3052 139 3085 so
162 3051 272 3088 müßten
295 3050 328 3087 sie
348 3047 504 3088 zahlreicher
525 3045 768 3086 zusammengesetzt
788 3044 851 3080 sein.
876 3041 942 3078 Daß
965 3041 1016 3070 wir

115 3096 154 3125 bei
174 3094 258 3130 diesen
269 3094 415 3130 Gerichten
427 3091 496 3121 keine
505 3090 645 3121 Garantie
656 3091 703 3126 für
715 3095 777 3127 gute
788 3087 1015 3122 Rechtsprechung

117 3140 208 3175 haben,
229 3138 356 3175 beweisen
377 3136 417 3167 die
438 3135 521 3165 vielen
542 3135 668 3170 Rekurse.
691 3150 726 3155 —
747 3133 799 3167 Hr.
814 3130 881 3162 RR.
904 3130 1017 3159 Suter

1059 779 1092 816 ist
1112 779 1201 815 dafür,
1233 777 1286 813 daß
1319 777 1365 812 für
1386 775 1577 815 geringfügige
1598 774 1670 809 Fälle
1691 775 1761 806 keine
1782 774 1962 812 Appellation

1059 823 1213 859 stattfinden
1234 821 1326 852 könne.
1366 821 1468 857 Solche
1488 819 1712 857 Bestimmungen
1733 819 1822 855 finden
1844 820 1892 856 sich
1911 817 1962 855 fast

1060 868 1089 898 in
1110 867 1179 897 allen
1208 869 1310 898 andern
1340 866 1463 896 Staaten
1492 866 1550 895 und
1582 866 1641 894 was
1671 864 1717 901 sich
1746 866 1890 894 anderswo
1912 866 1963 902 gut

1060 912 1180 950 bewährt
1191 911 1269 948 habe,
1290 912 1373 941 werde
1385 910 1431 947 sich
1444 911 1507 945 auch
1520 909 1561 939 bei
1572 910 1628 939 uns
1639 908 1709 945 nicht
1729 908 1832 945 schlecht
1847 909 1961 944 machen.

1059 956 1146 987 Ueber
1174 956 1258 992 solche
1289 954 1468 990 inappellable
1493 952 1724 991 Entscheidungen
1753 952 1849 989 bestehe
1871 954 1963 991 zudem

1061 1002 1126 1037 noch
1148 1000 1187 1031 die
1208 999 1343 1030 Kontrole
1363 1001 1409 1029 der
1430 998 1597 1036 öffentlichen
1617 996 1766 1034 Meinung.

1119 1050 1169 1084 Hr.
1191 1048 1364 1083 Oberrichter
1386 1047 1555 1078 Gwalter
1575 1046 1671 1084 spricht
1697 1046 1744 1083 sich
1768 1046 1796 1075 in
1817 1045 1964 1082 ähnlichem

1062 1095 1155 1125 Sinne
1175 1096 1237 1132 aus.
1280 1093 1320 1123 Es
1342 1092 1373 1129 ist
1394 1093 1452 1129 ihm
1473 1091 1673 1130 unbegreiflich,
1694 1090 1744 1121 wie
1766 1098 1830 1120 man
1851 1090 1902 1124 auf
1922 1094 1966 1119 der

1063 1140 1137 1169 einen
1159 1138 1237 1170 Seite
1258 1137 1342 1176 sieben
1361 1137 1506 1168 Männern
1529 1139 1583 1167 aus
1610 1138 1667 1167 dem
1687 1135 1776 1167 Volke
1804 1138 1854 1165 das
1883 1134 1967 1170 Recht

1062 1183 1210 1218 einräume,
1230 1181 1298 1212 über
1315 1181 1410 1217 Leben,
1430 1181 1551 1216 Freiheit
1570 1183 1627 1211 und
1648 1181 1720 1217 Ehre
1739 1183 1787 1210 der
1805 1178 1968 1215 Mitbürger

1064 1226 1132 1263 ohne
1162 1225 1339 1260 Appellation
1370 1226 1560 1266 abzusprechen
1593 1225 1650 1262 (als
1677 1223 1887 1260 Geschworne),
1920 1222 1970 1255 auf

1064 1273 1110 1301 der
1130 1273 1230 1300 andern
1252 1271 1332 1300 Seite
1358 1271 1422 1301 aber
1442 1271 1483 1300 die
1514 1269 1628 1307 gleichen
1649 1269 1793 1304 Männer,
1824 1275 1904 1297 wenn
1935 1267 1967 1303 sie

1064 1315 1108 1345 als
1130 1315 1306 1348 Kreisrichter
1327 1315 1409 1354 sitzen,
1429 1315 1476 1349 für
1495 1313 1614 1351 unfähig
1636 1314 1749 1348 erkläre,
1780 1312 1845 1341 über
1866 1310 1968 1349 wenige

1064 1358 1186 1392 Franken
1221 1359 1360 1397 endgültig
1397 1358 1595 1398 abzusprechen.
1631 1374 1669 1379 —
1706 1358 1756 1391 Hr.
1797 1355 1968 1392 Statthalter

1064 1402 1180 1440 Gujer
1201 1405 1299 1441 spricht
1319 1404 1365 1442 sich
1387 1404 1439 1433 mit
1459 1403 1558 1441 großer
1571 1401 1684 1433 Wärme
1699 1403 1747 1439 für
1760 1403 1810 1431 den
1824 1398 1969 1435 doppelten

1065 1449 1264 1488 Instanzenzug
1286 1451 1346 1478 aus.
1389 1448 1430 1478 Es
1452 1447 1550 1484 handle
1571 1447 1618 1484 sich
1639 1447 1694 1484 hier
1715 1455 1764 1476 um
1786 1445 1827 1475 ein
1841 1443 1969 1483 Prinzip.

1065 1493 1107 1526 In
1128 1496 1176 1523 den
1197 1493 1331 1530 dreißiger
1361 1492 1466 1529 Jahren
1498 1492 1566 1527 seien
1598 1492 1648 1522 alle
1676 1490 1971 1526 Fortschrittsmänner

1067 1539 1113 1575 für
1134 1539 1196 1577 zwei
1218 1537 1364 1575 Instanzen
1380 1538 1503 1575 gewesen.
1546 1536 1621 1566 Man
1633 1536 1694 1572 solle
1709 1534 1838 1572 dieselben
1854 1532 1970 1567 dadurch

1066 1583 1154 1620 ehren,
1175 1583 1227 1617 daß
1249 1590 1313 1612 man
1335 1582 1374 1612 die
1407 1582 1494 1621 zweite
1514 1581 1629 1620 Instanz
1659 1580 1702 1610 als
1735 1579 1778 1608 ein
1809 1576 1971 1612 Palladium

1066 1630 1112 1657 der
1131 1626 1249 1664 Freiheit
1269 1626 1345 1663 nicht
1359 1625 1470 1663 antaste.
1489 1642 1531 1647 —
1556 1625 1609 1660 Hr.
1635 1624 1718 1658 Prof.
1739 1621 1924 1657 Friedrich
1946 1626 1971 1648 v.

1067 1671 1154 1708 Wyß
1175 1673 1262 1707 macht
1283 1671 1384 1706 darauf
1404 1670 1594 1706 aufmerksam,
1622 1669 1672 1704 daß
1695 1676 1760 1698 man
1787 1667 1827 1697 bei
1856 1670 1911 1695 uns
1933 1664 1973 1693 die

1068 1716 1204 1746 Garantie
1226 1716 1273 1751 für
1294 1716 1347 1745 eine
1369 1723 1432 1753 gute
1454 1709 1681 1752 Rechtsprechung
1712 1712 1741 1741 in
1771 1711 1841 1741 einer
1870 1708 1973 1747 höhern

1068 1759 1182 1799 Instanz
1204 1761 1286 1797 suche,
1305 1760 1433 1794 während
1456 1744 1566 1796 dieselbe
1592 1757 1783 1791 anderwärts,
1810 1751 1972 1787 namentlich

1069 1805 1099 1834 in
1120 1805 1332 1840 Nordamerika,
1354 1805 1383 1834 in
1398 1806 1443 1834 der
1457 1803 1736 1839 Verantwortlichkeit
1749 1802 1856 1839 gesehen
1878 1807 1971 1839 werde,

1069 1850 1110 1880 die
1130 1850 1180 1885 auf
1199 1852 1258 1879 dem
1280 1849 1471 1887 Einzelrichter
1489 1849 1564 1885 ruht.
1606 1849 1647 1879 Er
1665 1849 1697 1886 ist
1728 1849 1887 1888 überzeugt,
1918 1852 1969 1887 daß

1064 1894 1111 1928 hei
1131 1897 1185 1923 uns
1208 1894 1247 1924 die
1268 1892 1639 1930 Zweckmäßigkeitsgründe,
1668 1893 1707 1922 die
1729 1892 1775 1926 für
1802 1892 1969 1933 Aufhebung

1063 1930 1123 1975 des
1136 1938 1277 1975 doppelten
1306 1937 1519 1980 Instanzenzugs
1549 1923 1590 1968 bei
1620 1937 1827 1976 geringfügigen
1856 1939 1970 1979 Dingen

1061 1983 1194 2019 sprechen,
1217 1983 1312 2012 immer
1333 1982 1408 2017 mehr
1429 1978 1549 2019 Gewicht
1578 1981 1693 2018 erhalten
1723 1985 1834 2012 werden.
1857 2000 1896 2004 —
1917 1984 1971 2015 Die

1067 2025 1131 2062 HH.
1153 2026 1358 2063 Süßtrunk,
1379 2021 1487 2065 Fluck
1498 2019 1564 2060 und
1577 2024 1685 2055 Meili
1707 2026 1824 2062 sprechen
1839 2027 1970 2062 ebenfalls

1068 2080 1150 2110 gegen
1160 2072 1200 2101 die
1212 2074 1345 2109 genannte
1358 2062 1610 2106 Inappellabilität.,
1620 2069 1747 2106 während
1761 2071 1812 2104 Hr.
1823 2071 1971 2107 Schwar¬

1069 2114 1377 2154 zenbach-Landis
1408 2115 1455 2150 für
1484 2114 1525 2143 die
1558 2113 1680 2152 Vorlage
1711 2115 1805 2145 votirt.
1837 2133 1875 2137 —
1896 2118 1971 2153 Noch

1070 2160 1177 2198 ergreift
1198 2163 1243 2189 der
1263 2158 1400 2194 Referent,
1421 2158 1473 2194 Hr.
1494 2157 1564 2188 RR.
1586 2158 1766 2195 Treichler
1797 2162 1846 2190 das
1878 2160 1972 2191 Wort.

1070 2203 1162 2232 Wenn
1181 2205 1247 2237 noch
1269 2206 1351 2232 etwas
1373 2211 1411 2232 an
1430 2205 1480 2232 den
1500 2201 1712 2239 Kreisgerichten
1743 2212 1776 2241 zu
1807 2204 1909 2241 bessern
1929 2204 1974 2239 sei,

1072 2246 1100 2280 so
1121 2246 1156 2280 sei
1176 2248 1204 2274 es
1225 2248 1286 2281 das,
1307 2246 1357 2281 daß
1379 2254 1444 2275 man
1466 2248 1515 2275 den
1536 2246 1677 2284 doppelten
1699 2244 1899 2286 Instanzenzug
1929 2248 1975 2279 für

1072 2288 1267 2326 Bagatellfälle
1283 2287 1441 2325 abschneide.
1482 2288 1559 2324 Thue
1581 2297 1647 2319 man
1661 2283 1717 2319 das
1736 2290 1816 2325 nicht,
1845 2291 1873 2327 so
1907 2292 1973 2328 seien

1073 2334 1139 2369 diese
1160 2333 1283 2370 Gerichte
1303 2333 1436 2363 verloren.
1477 2332 1540 2363 Das
1568 2333 1640 2364 Volk
1670 2333 1745 2364 wolle
1779 2335 1807 2364 in
1838 2336 1973 2366 unbedeu¬

1074 2381 1166 2407 tenden
1187 2378 1296 2414 Sachen
1324 2377 1380 2407 eine
1408 2377 1512 2412 schnelle
1542 2381 1598 2407 und
1627 2378 1716 2417 billige
1743 2378 1838 2417 Justiz.
1880 2380 1975 2413 Dafür

1074 2421 1135 2459 gebe
1156 2424 1192 2456 es,
1215 2424 1249 2451 da
1270 2421 1310 2451 die
1331 2421 1511 2459 Einführung
1536 2424 1583 2451 des
1602 2422 1804 2461 Einzelrichters
1824 2424 1974 2458 verworfen

1073 2468 1191 2503 worden,
1215 2465 1271 2495 kein
1292 2467 1403 2496 anderes
1424 2465 1521 2496 Mittel
1542 2468 1587 2495 als
1610 2465 1787 2504 Abschneiden
1808 2469 1852 2497 der
1866 2468 1974 2506 zweiten

1075 2510 1196 2549 Instanz.
1238 2510 1280 2543 In
1300 2510 1401 2545 solchen
1423 2510 1515 2544 Fällen
1538 2510 1640 2540 komme
1670 2513 1697 2540 es
1728 2511 1845 2549 weniger
1876 2513 1976 2547 darauf

1075 2564 1121 2592 an,
1150 2556 1199 2592 daß
1222 2555 1375 2591 haarscharf
1404 2557 1468 2591 nach
1496 2557 1546 2584 den
1573 2554 1779 2591 Rechtsformen
1809 2556 1974 2592 entschieden,

1075 2600 1119 2629 als
1142 2600 1192 2636 daß
1214 2600 1285 2635 rasch
1306 2601 1360 2628 und
1382 2599 1413 2628 in
1433 2604 1515 2637 guten
1538 2599 1643 2629 Treuen
1672 2600 1861 2636 abgesprochen
1882 2602 1974 2631 werde.

1075 2643 1132 2674 Wo
1153 2644 1234 2682 grobe
1255 2642 1536 2681 Rechtsverletzungen
1557 2644 1731 2674 vorkommen
1745 2644 1849 2680 sollten,
1870 2645 1904 2682 sei
1924 2646 1974 2675 das

1075 2688 1170 2718 Mittel
1205 2690 1249 2718 der
1283 2687 1425 2725 Kassation
1461 2687 1581 2725 gegeben.
1630 2687 1782 2725 Uebrigens
1813 2688 1877 2725 gelte
1909 2688 1974 2724 diese

1075 2731 1259 2770 Anschauung
1281 2732 1331 2768 fast
1351 2732 1380 2761 in
1401 2734 1447 2762 der
1467 2740 1566 2770 ganzen
1586 2732 1742 2770 zivilisirten
1769 2732 1844 2763 Welt
1871 2735 1927 2763 und
1947 2732 1975 2766 so

1075 2777 1139 2811 auch
1162 2776 1190 2805 in
1222 2779 1274 2806 den
1304 2776 1411 2812 meisten
1440 2776 1732 2814 Schweizerkantonen.
1774 2776 1836 2806 Das
1867 2776 1976 2814 System

1076 2819 1142 2855 habe
1163 2819 1210 2855 sich
1239 2820 1375 2857 bewährt,
1406 2820 1487 2857 daher
1517 2820 1579 2856 solle
1611 2828 1676 2849 man
1707 2820 1866 2858 wenigstens
1902 2821 1976 2851 einen

1076 2862 1192 2899 Versuch
1215 2864 1301 2893 damit
1322 2864 1362 2893 bei
1383 2868 1439 2894 uns
1462 2864 1531 2899 nicht
1552 2863 1688 2899 abweisen.

1135 2912 1207 2948 Nach
1240 2913 1311 2942 einer
1341 2912 1441 2948 Replik
1474 2914 1518 2942 des
1552 2913 1622 2946 Hrn.
1656 2912 1709 2943 Dr.
1738 2913 1876 2943 Ullmer
1910 2912 1977 2942 wird

1077 2957 1184 2992 Schluß
1205 2957 1326 2987 erkannt.
1346 2974 1387 2979 —
1407 2958 1461 2988 Bei
1481 2958 1526 2987 der
1545 2956 1739 2994 Abstimmung
1761 2957 1831 2989 wird
1859 2960 1904 2988 der
1923 2956 1977 2987 Ar¬

1078 3001 1139 3031 tikel
1159 3002 1223 3036 nach
1254 3003 1300 3031 der
1328 3001 1453 3040 Vorlage
1485 3010 1688 3039 angenommen.
1730 3001 1842 3037 Danach
1876 3002 1908 3038 ist
1938 3001 1977 3030 die

1076 3045 1240 3083 Kompetenz
1262 3047 1306 3075 der
1324 3045 1517 3084 Kreisgerichte
1540 3046 1589 3081 auf
1610 3046 1667 3075 250
1687 3044 1733 3079 Fr.
1765 3046 1898 3085 festgesetzt
1925 3047 1978 3076 und

1078 3091 1234 3126 entscheiden
1257 3090 1289 3126 sie
1310 3091 1339 3119 in
1358 3090 1623 3128 Zivilstreitigkeiten
1646 3091 1688 3120 bis
1710 3091 1761 3126 auf
1788 3092 1826 3120 50
1847 3091 1894 3124 Fr.
1918 3093 1978 3120 end¬

1079 3134 1177 3171 gültig.
1253 3134 1359 3170 Schluß
1381 3139 1426 3165 der
1447 3134 1742 3173 Nachmittagssitzung.

2082 773 2200 812 Sitzung
2222 779 2286 802 vom
2309 772 2355 801 11.
2377 771 2459 805 Sept.
2501 770 2555 801 Die
2582 769 2798 808 Versammlung
2825 769 2929 800 kommt

2021 819 2087 854 noch
2103 817 2154 853 auf
2171 816 2235 848 Art.
2257 817 2275 845 9
2296 815 2397 855 zurück,
2419 817 2462 845 der
2480 815 2521 845 die
2538 814 2759 853 Mitgliederzahl
2776 816 2821 844 der
2830 813 2929 845 Kreis¬

2022 863 2130 900 gerichte
2152 862 2203 898 auf
2222 860 2240 890 5
2263 861 2374 899 festsetzt.
2396 859 2458 894 Die
2458 859 2525 894 HH.
2537 859 2591 890 Dr.
2612 858 2753 889 Ullmer
2773 860 2828 888 und
2843 857 2928 892 Prof.

2021 907 2159 943 Hasler
2180 906 2345 943 beantragen
2358 904 2396 933 im
2418 903 2546 941 Interesse
2558 905 2602 934 der
2613 902 2841 940 Vereinfachung,
2863 902 2929 937 diese

2021 952 2096 989 Zahl
2117 952 2169 986 auf
2187 950 2243 981 drei
2264 959 2295 990 zu
2325 948 2475 987 reduziren.
2508 964 2545 969 —
2576 947 2634 978 Der
2664 946 2793 982 Referent
2823 946 2931 982 erklärt,

2023 997 2064 1027 die
2084 995 2158 1032 Zahl
2178 996 2196 1024 5
2218 994 2253 1031 sei
2273 993 2477 1032 vorgeschlagen
2499 995 2619 1027 worden,
2641 992 2703 1021 weil
2724 991 2781 1022 dies
2803 996 2857 1020 von
2871 998 2932 1020 ver¬

2023 1042 2171 1077 schiedenen
2191 1039 2290 1070 Seiten
2312 1040 2357 1069 als
2378 1037 2577 1074 Volkswunsch
2597 1036 2738 1074 bezeichnet
2749 1037 2869 1066 worden.
2892 1050 2930 1055 —

2025 1086 2082 1116 Der
2103 1084 2239 1121 Entscheid
2261 1083 2326 1114 über
2348 1083 2433 1118 diesen
2454 1081 2561 1112 Artikel
2582 1079 2651 1112 wird
2673 1080 2839 1117 suspendirt.

2085 1135 2138 1165 Die
2168 1133 2333 1170 Berathung
2367 1132 2436 1162 wird
2467 1140 2528 1161 nun
2562 1130 2602 1161 bei
2623 1129 2688 1160 Art.
2709 1130 2748 1159 90
2779 1129 2932 1168 fortgesetzt.

2026 1178 2079 1213 Hr.
2099 1179 2152 1208 Dr.
2173 1177 2399 1215 Sulzberger
2419 1176 2519 1214 schlägt
2538 1183 2599 1211 vor,
2620 1174 2671 1205 alle
2692 1173 2935 1211 Verleumdungen

2021 1224 2072 1252 per
2092 1222 2293 1259 Beurtheilung
2322 1224 2367 1251 der
2392 1220 2588 1259 Kreisgerichte
2619 1228 2652 1259 zu
2684 1217 2834 1257 entziehen,
2864 1219 2935 1247 denn

2029 1267 2094 1302 diese
2114 1265 2254 1304 Vergehen
2275 1265 2342 1299 seien
2363 1274 2395 1304 zu
2416 1265 2524 1301 schwer,
2552 1273 2600 1294 um
2629 1264 2657 1300 so
2689 1261 2867 1301 geringfügig
2892 1261 2935 1290 be¬

2028 1312 2138 1345 handelt
2159 1319 2190 1349 zu
2212 1312 2324 1344 werden,
2346 1309 2394 1339 wie
2416 1309 2481 1346 hier.
2524 1308 2618 1343 Dieser
2647 1307 2759 1345 Antrag
2791 1306 2860 1336 wird
2884 1314 2935 1335 an¬

2028 1363 2196 1393 genommen.
2218 1370 2258 1375 —
2278 1354 2331 1383 Bei
2352 1352 2414 1384 Art.
2437 1353 2503 1388 105,
2530 1356 2576 1383 der
2603 1353 2644 1383 die
2663 1352 2865 1390 Kompetenzen
2890 1353 2936 1379 des

2029 1399 2264 1436 Schwurgerichts
2285 1397 2419 1437 auszählt,
2440 1397 2583 1435 beantragt
2602 1397 2653 1431 Hr.
2676 1397 2855 1435 Scheuchzer,
2885 1395 2938 1431 daß

2031 1445 2095 1480 auch
2125 1443 2164 1473 die
2195 1441 2399 1479 Preßvergehen
2431 1443 2489 1470 dem
2520 1442 2737 1479 Schwurgericht
2776 1440 2939 1480 zugewiesen

2031 1490 2145 1517 werden.
2186 1486 2283 1521 Nichts
2306 1486 2341 1520 sei
2363 1484 2524 1522 öffentlicher
2544 1486 2589 1514 als
2609 1485 2649 1515 die
2664 1485 2754 1524 Presse
2775 1487 2832 1515 und
2855 1483 2939 1519 daher

2031 1531 2067 1568 sei
2088 1531 2128 1561 die
2150 1529 2225 1568 Jury
2247 1530 2290 1560 als
2310 1529 2515 1564 Repräsentant
2535 1531 2582 1559 des
2604 1528 2769 1566 öffentlichen
2784 1528 2938 1565 Gewissens

2032 1575 2073 1604 die
2095 1575 2225 1613 geeignete
2247 1573 2371 1609 Behörde
2391 1582 2440 1612 zur
2460 1573 2672 1611 Beurtheilung.
2705 1591 2740 1595 —
2770 1574 2826 1604 Der
2852 1572 2938 1606 Refe¬

2032 1624 2095 1649 rent
2113 1618 2209 1650 könnte
2231 1617 2378 1653 persönlich
2399 1620 2458 1648 dem
2478 1617 2591 1656 Antrag
2613 1617 2788 1653 beistimmen,
2809 1625 2889 1646 wenn
2911 1624 2938 1646 er

2034 1664 2134 1698 darauf
2156 1662 2301 1699 beschränkt
2322 1663 2425 1697 würde,
2447 1662 2499 1697 daß
2522 1671 2577 1691 nur
2597 1662 2638 1691 die
2659 1661 2859 1700 Preßvergehen
2890 1669 2940 1690 vor

2034 1710 2084 1737 das
2106 1707 2319 1744 Schwurgericht
2343 1707 2449 1741 kämen,
2480 1712 2525 1736 wo
2557 1706 2599 1735 ein
2632 1705 2760 1735 Beamter
2792 1706 2852 1735 oder
2884 1706 2939 1734 eine

2032 1751 2155 1788 Behörde
2177 1752 2286 1789 klagend
2308 1751 2431 1786 auftritt.
2471 1750 2539 1784 Hier
2560 1750 2595 1785 sei
2616 1753 2643 1780 es
2665 1759 2733 1788 ganz
2766 1758 2809 1780 am
2840 1749 2940 1787 Platze,

2032 1798 2083 1834 daß
2105 1797 2144 1827 die
2167 1797 2373 1831 Geschwornen,
2396 1796 2447 1829 auf
2466 1795 2508 1824 die
2529 1797 2574 1825 der
2594 1794 2728 1831 Verdacht
2758 1795 2826 1829 nicht
2854 1793 2940 1827 fallen

2030 1841 2131 1877 könne,
2162 1840 2215 1877 daß
2237 1841 2271 1874 sie
2300 1840 2353 1873 auf
2382 1839 2478 1877 irgend
2510 1840 2566 1869 eine
2597 1839 2724 1875 Behörde
2754 1839 2890 1876 Rücksicht
2911 1848 2941 1878 zu

2031 1885 2145 1922 nehmen
2166 1884 2264 1920 haben,
2286 1884 2414 1920 sprechen.
2456 1883 2521 1918 Daß
2542 1883 2606 1913 aber
2637 1891 2728 1921 wegen
2757 1884 2826 1919 jeder
2856 1883 2942 1920 Klage

2032 1930 2105 1959 eines
2127 1928 2263 1963 Privaten
2285 1929 2328 1957 der
2359 1927 2441 1965 große
2471 1926 2599 1964 Apparat
2630 1929 2675 1957 des
2709 1927 2943 1964 Schwurgerichts

2032 1974 2061 2009 in
2098 1973 2257 2009 Bewegung
2290 1972 2377 2010 gesetzt
2409 1974 2511 2008 werde,
2542 1971 2642 2006 möchte
2674 1981 2701 2002 er
2732 1972 2811 2008 nicht.
2832 1987 2872 1992 —
2892 1970 2943 2005 Hr.

2032 2016 2246 2047 Staatsanwalt
2259 2016 2449 2053 Honegger
2470 2017 2555 2052 macht
2569 2017 2669 2052 darauf
2683 2016 2871 2052 aufmerksam,
2895 2016 2944 2045 wie

2031 2062 2127 2098 theuer
2147 2060 2188 2089 die
2210 2060 2334 2099 Prozesse
2364 2066 2415 2090 vor
2445 2060 2665 2098 Schwurgericht
2696 2061 2764 2098 sind.
2804 2060 2859 2089 Die
2879 2060 2944 2094 HH.

2033 2107 2087 2136 Dr.
2111 2105 2347 2143 Sulzberger
2368 2109 2423 2134 und
2451 2105 2504 2134 Dr.
2535 2104 2666 2135 Kämer
2698 2106 2755 2141 sind
2787 2113 2854 2143 ganz
2887 2109 2945 2134 ent¬

2033 2151 2148 2187 schieden
2171 2158 2254 2187 gegen
2276 2152 2324 2179 den
2346 2148 2471 2187 Antrag,
2504 2150 2569 2179 weil
2591 2158 2656 2179 man
2689 2152 2733 2180 der
2764 2148 2946 2186 Preßfreiheit

2034 2197 2115 2230 durch
2135 2194 2165 2231 so
2187 2193 2352 2231 kostspielige
2365 2193 2491 2232 Prozesse
2505 2194 2582 2224 einen
2597 2194 2733 2231 schlechten
2747 2193 2842 2229 Dienst
2855 2192 2946 2229 leisten

2034 2241 2137 2269 würde.
2186 2238 2245 2267 Der
2276 2237 2385 2275 Antrag
2418 2240 2464 2267 des
2495 2238 2566 2271 Hrn.
2596 2238 2758 2277 Scheuchzer
2786 2237 2854 2267 wird
2888 2243 2946 2266 ver¬

2034 2283 2150 2318 worfen.

2083 2332 2138 2361 Es
2159 2331 2233 2368 folgt
2253 2331 2293 2360 die
2313 2330 2478 2368 Berathung
2510 2333 2556 2361 der
2588 2331 2734 2369 zweiten
2766 2329 2949 2367 Vorlage,

2036 2377 2082 2405 der
2102 2375 2531 2413 Zivilprozeßordnung.
2575 2375 2631 2414 Bis
2660 2383 2722 2414 zum
2751 2373 2875 2411 Schlusse
2904 2376 2949 2402 der

2036 2419 2317 2457 Vormittagsitzung
2350 2419 2473 2458 gelangte
2505 2419 2614 2457 dieselbe
2646 2420 2690 2458 bis
2721 2428 2753 2458 zu
2785 2417 2847 2449 Art.
2882 2417 2948 2451 127,

2038 2464 2107 2500 ohne
2129 2464 2180 2500 daß
2203 2473 2238 2493 an
2260 2469 2318 2493 dem
2342 2463 2474 2498 Entwurf
2495 2464 2636 2501 erhebliche
2661 2464 2860 2501 Aenderungen
2883 2468 2948 2491 vor¬

2037 2517 2198 2545 genommen
2220 2509 2329 2538 worden
2350 2509 2451 2538 wären.
2533 2506 2550 2527 *
2573 2508 2757 2547 (Fortsetzung
2779 2505 2874 2545 folgt.)

2371 2651 2615 2709 Schweiz.

2078 2761 2213 2799 Zürich.
2240 2761 2289 2794 Im
2309 2761 2457 2796 Republik.
2479 2764 2572 2792 wurde
2594 2769 2644 2791 vor
2659 2762 2716 2791 drei
2730 2761 2847 2796 Wochen
2868 2768 2951 2798 ange¬

2036 2808 2121 2846 zeigt,
2149 2807 2201 2842 daß
2231 2815 2296 2836 man
2323 2806 2366 2836 bei
2393 2805 2451 2841 ihm
2485 2805 2600 2840 Proben
2627 2813 2681 2837 von
2720 2804 2951 2841 amerikanischem

2036 2851 2144 2886 Pulver
2165 2852 2255 2888 finden
2277 2850 2376 2886 könne;
2405 2850 2450 2880 als
2477 2852 2565 2888 jedoch
2587 2851 2680 2887 diesem
2712 2850 2819 2884 Pulver
2840 2850 2950 2886 nachge¬

2038 2897 2114 2934 fragt
2141 2897 2251 2930 wurde,
2282 2894 2376 2930 erhielt
2408 2903 2473 2924 man
2495 2904 2542 2933 zur
2571 2894 2718 2931 Antwort,
2748 2898 2777 2925 es
2797 2893 2832 2929 sei
2853 2892 2952 2930 solches

2039 2940 2116 2977 wohl
2136 2940 2307 2976 versprochen
2328 2940 2392 2969 aber
2413 2940 2483 2974 nicht
2505 2939 2661 2978 eingesandt
2681 2940 2804 2969 worden.

2104 2993 2217 3027 Bern.
2263 2993 2312 3027 Hr.
2335 2992 2407 3023 Karl
2429 2993 2529 3023 Bürkli
2551 2994 2599 3030 hat
2620 2993 2669 3027 auf
2690 2993 2775 3029 seiner
2796 2989 2953 3023 Durchreise

2040 3040 2106 3074 nach
2127 3038 2204 3074 Genf
2225 3041 2283 3068 dem
2304 3038 2411 3069 Berner
2425 3037 2724 3076 Unteroffiziersverein
2738 3037 2807 3072 seine
2821 3034 2953 3069 Pionier-¬

2040 3082 2152 3120 Waffen
2174 3083 2354 3120 vorgewiesen
2375 3085 2433 3111 und
2454 3082 2536 3119 große
2550 3080 2795 3118 Aufmerksamkeit
2809 3079 2952 3117 gefunden.

2102 3129 2329 3163 Nidwalden.
2374 3129 2519 3166 Abraham
2539 3130 2682 3165 Wettstein
2705 3131 2753 3166 hat
2768 3133 2817 3159 den
2831 3127 2953 3166 Polizei-

421 3243 584 3295 Feuilleton
618 3249 710 3281 1866.

431 3330 486 3357 12.
505 3327 695 3363 September

126 3378 189 3405 1382
204 3378 236 3405 An
255 3377 341 3410 diesem
362 3377 427 3409 Tage
447 3374 522 3404 starb
541 3374 667 3408 Ludwig
692 3377 743 3399 der
768 3370 888 3401 Große,
913 3369 1016 3403 König

208 3430 257 3449 von
282 3421 388 3456 Polen
413 3421 470 3445 und
495 3420 634 3452 Ungarn.
672 3418 708 3445 Er
732 3424 785 3443 war
811 3417 844 3442 40
862 3413 943 3447 Jahre
962 3413 1017 3447 lang

207 3467 278 3503 König
303 3466 378 3498 dieses
404 3464 494 3497 letztern
512 3463 612 3489 Landes.
650 3462 715 3489 Sein
735 3461 826 3489 Vater,
845 3459 909 3485 Karl
927 3458 1020 3484 Robert

207 3517 247 3538 von
264 3511 353 3543 Anjou,
372 3508 453 3541 König
471 3514 515 3534 von
536 3507 638 3538 Neapel,
656 3512 708 3533 war
726 3507 759 3534 im
778 3504 858 3537 Jahre
878 3505 943 3529 1301
964 3502 1018 3534 nach

203 3560 249 3583 dem
268 3555 395 3587 Erlöschen
414 3554 457 3579 des
476 3551 624 3584 arpadischen
642 3550 878 3583 Herrscherstammes
897 3554 950 3581 zum
970 3546 1018 3573 Kö¬

203 3602 255 3635 nige
279 3601 338 3627 über
355 3601 454 3631 Ungarn
478 3596 574 3627 berufen
600 3598 695 3622 worden
720 3597 768 3621 und
786 3594 853 3626 hatte
868 3595 915 3618 das
934 3592 958 3617 in
978 3590 1017 3623 sich

204 3646 336 3679 gespaltene
368 3641 439 3673 Reich
471 3639 577 3674 beruhigt
612 3642 659 3665 und
695 3639 807 3673 befestigt.
861 3636 913 3663 Der
945 3635 1019 3668 Sohn

205 3690 299 3724 Ludwig
328 3688 430 3716 verband
455 3685 498 3711 mit
522 3686 562 3710 der
586 3683 713 3716 „Feinheit
737 3686 780 3709 des
803 3681 960 3712 Italieners"
984 3680 1021 3706 die

208 3733 365 3766 „Naturkraft
392 3733 432 3757 des
452 3729 619 3763 Magyaren";
648 3735 672 3754 er
690 3728 810 3755 verdiente
837 3725 877 3757 sich
903 3733 944 3751 um
972 3723 1019 3756 sein

208 3778 272 3812 Reich
300 3781 344 3806 den
373 3776 507 3804 Beinamen
535 3776 576 3800 des
595 3771 713 3805 Großen;
739 3773 802 3797 denn
828 3777 852 3797 er
868 3772 950 3796 wurde
974 3769 1021 3801 sein

209 3822 357 3857 Wohlthäter
368 3820 437 3852 durch
450 3817 549 3852 Hebung
560 3821 601 3843 des
615 3816 768 3847 Landbaues,
788 3815 810 3846 so
823 3822 841 3849 z.
855 3813 890 3840 B.
904 3815 1019 3848 gründete

213 3874 232 3893 er
246 3871 287 3896 den
306 3865 428 3896 Weinbau
448 3872 487 3890 um
504 3863 580 3893 Tokay
606 3860 714 3896 herum;
714 3860 808 3896 ferner
832 3858 924 3891 schützte
944 3866 969 3884 er
984 3858 1021 3885 die

214 3911 306 3941 Bauern
325 3914 373 3939 und
392 3910 550 3943 Leibeigenen,
569 3908 617 3934 trat
636 3908 688 3932 dem
701 3905 803 3936 Wucher
821 3906 861 3930 der
878 3902 963 3932 Juden
981 3902 1020 3933 fest

212 3960 327 3992 entgegen,
351 3958 400 3983 und
419 3954 520 3985 förderte
538 3951 633 3984 Handel
651 3952 699 3976 und
719 3948 844 3976 Gewerbe.
863 3946 956 3976 Künste
973 3948 1019 3972 und

207 4000 393 4035 Wissenschaften
419 4000 458 4031 (er
480 3997 564 4029 stiftete
585 3997 622 4023 die
646 3993 793 4024 Universität
816 3999 843 4026 zu
866 3989 1019 4022 Fünfkirchen

205 4047 279 4077 1367,
297 4048 346 4072 und
366 4043 472 4077 verlegte
488 4042 519 4073 sie
539 4043 604 4068 1382
623 4039 680 4070 nach
699 4037 787 4069 Ofen).
818 4035 898 4062 Seine
915 4034 1018 4067 Kriegs¬

204 4090 260 4124 züge
278 4090 335 4122 nach
355 4088 461 4119 Neapel,
480 4095 519 4113 um
538 4087 577 4113 die
594 4085 744 4117 Ermordung
766 4081 841 4113 seines
860 4078 974 4105 Bruders
992 4085 1019 4111 zu

201 4134 292 4167 rächen,
312 4134 404 4160 blieben
418 4132 479 4165 ohne
491 4131 576 4166 Erfolg
583 4140 591 4163 ;
610 4132 671 4157 denn
690 4135 715 4154 er
733 4124 865 4160 verzichtete
884 4122 929 4153 auf
945 4121 1019 4154 dieses

200 4186 246 4204 von
272 4178 324 4212 ihm
349 4176 455 4203 eroberte
472 4176 558 4210 Reich;
581 4178 685 4210 dagegen
703 4172 791 4207 zeigten
811 4168 838 4200 sie
856 4170 899 4194 den
918 4168 1018 4200 Ungarn

199 4222 288 4254 feinere
307 4219 438 4254 Gesittung
458 4223 505 4247 und
525 4220 640 4254 blühende
657 4215 837 4246 Landeskultur.
873 4212 909 4239 Er
928 4210 1019 4237 erwarb

200 4266 364 4296 Dalmatien,
382 4263 496 4298 Ragusa,
514 4260 637 4300 Galizien,
655 4261 813 4291 Lodomirien,
829 4257 865 4284 die
886 4255 1019 4288 Walachei,

199 4313 249 4338 und
267 4309 354 4343 erhielt
372 4308 406 4335 im
417 4306 498 4340 Jahre
512 4310 579 4336 1370
597 4308 668 4336 bei'm
681 4304 809 4338 Erlöschen
826 4304 868 4330 des
886 4298 1019 4333 polnischen

199 4353 413 4388 Piastenstammes
431 4352 487 4384 auch
505 4353 542 4380 die
560 4353 642 4380 Krone
661 4351 764 4385 Polens.
789 4347 860 4380 Nicht
877 4344 934 4377 bloß
952 4345 1017 4371 einer

1165 3232 1206 3255 der
1218 3229 1371 3263 mächtigsten,
1392 3237 1417 3255 er
1435 3235 1486 3256 war
1503 3229 1560 3261 auch
1580 3230 1621 3255 der
1638 3229 1695 3260 beste
1708 3229 1803 3263 Regent
1816 3229 1894 3261 seines
1907 3229 1983 3263 Jahr¬

1166 3273 1290 3305 hunderts.
1326 3274 1376 3299 Mit
1396 3274 1483 3306 seinem
1502 3273 1568 3299 Tode
1588 3274 1665 3306 zerfiel
1683 3274 1743 3305 seine
1762 3275 1831 3300 weite
1850 3274 1983 3308 Herrschaft

1166 3319 1236 3344 unter
1260 3318 1297 3345 die
1316 3318 1435 3351 Gemahle
1463 3318 1537 3350 seiner
1560 3318 1638 3344 beiden
1659 3318 1771 3352 Töchter,
1798 3321 1867 3345 deren
1887 3319 1981 3352 jüngere

1166 3363 1202 3389 die
1221 3363 1335 3397 rühmlich
1353 3363 1467 3390 bekannte
1483 3362 1584 3395 fromme
1603 3363 1724 3396 Hedwig
1744 3369 1791 3388 von
1810 3363 1888 3395 Polen
1908 3369 1965 3390 war.

1082 3408 1146 3432 1591
1167 3406 1205 3436 In
1233 3407 1413 3442 Altenburg
1441 3408 1518 3438 starb
1547 3407 1601 3433 Dr.
1625 3407 1752 3440 Kaspar
1770 3408 1983 3438 Bienemann,

1166 3453 1272 3485 genannt
1297 3452 1520 3485 Melissander.
1559 3451 1606 3478 Ein
1632 3451 1791 3486 Nürnberger
1814 3459 1860 3479 von
1880 3452 1983 3483 Geburt,

1167 3496 1232 3529 hatte
1251 3504 1275 3523 er
1294 3497 1317 3523 in
1329 3496 1397 3526 Jena
1417 3500 1464 3524 und
1478 3497 1602 3530 Tübingen
1616 3495 1698 3526 studirt
1710 3498 1759 3523 und
1773 3502 1824 3524 war
1835 3499 1877 3523 der
1889 3497 1983 3531 griechi¬

1167 3540 1229 3573 schen
1239 3541 1349 3574 Sprache
1359 3541 1382 3573 so
1393 3542 1479 3577 kundig
1489 3546 1617 3576 geworden,
1627 3541 1673 3573 daß
1683 3540 1771 3572 Kaiser
1782 3542 1942 3568 Maximilian
1950 3540 1983 3566 II.

1167 3585 1208 3618 ihn
1227 3586 1267 3612 als
1281 3585 1440 3618 Dolmetscher
1452 3586 1507 3619 nach
1523 3585 1697 3616 Griechenland
1710 3584 1807 3617 schickte.
1831 3586 1897 3618 Nach
1912 3586 1985 3618 seiner

1170 3630 1285 3664 Rückkehr
1298 3631 1407 3665 gelangte
1419 3638 1444 3657 er
1457 3639 1484 3665 zu
1496 3630 1570 3662 hohen
1584 3629 1712 3661 kirchlichen
1727 3629 1886 3664 Stellungen,
1905 3629 1985 3661 welche

1169 3682 1193 3701 er
1211 3675 1286 3707 jedoch
1299 3676 1322 3701 in
1335 3677 1378 3701 den
1391 3676 1528 3710 damaligen
1543 3674 1643 3708 heftigen
1657 3674 1883 3709 Lehrstreitigkeiten
1901 3675 1985 3701 wieder

1168 3720 1254 3746 verlor.
1292 3719 1354 3752 Auch
1379 3719 1437 3752 sonst
1463 3719 1588 3747 bereiteten
1608 3718 1656 3752 ihm
1674 3718 1735 3750 diese
1754 3718 1847 3753 letztern
1870 3720 1917 3746 viel
1936 3720 1984 3745 Un¬

1169 3763 1225 3796 heil.
1264 3764 1329 3796 Nach
1348 3766 1434 3799 langer
1453 3763 1618 3797 Verbannung
1636 3763 1686 3790 kam
1707 3770 1732 3789 er
1751 3764 1837 3796 endlich
1861 3766 1927 3790 1578
1947 3764 1985 3789 als

1168 3808 1470 3840 Generalsuperintendent
1497 3808 1553 3840 nach
1581 3807 1723 3841 Altenburg.
1761 3807 1829 3834 Dort
1855 3808 1935 3834 wirkte
1962 3815 1986 3833 er

1169 3853 1210 3883 für
1227 3857 1271 3880 den
1291 3854 1424 3886 Unterricht
1442 3856 1482 3880 der
1500 3853 1600 3887 Jugend
1617 3854 1665 3878 und
1683 3852 1720 3879 die
1739 3852 1863 3888 christliche
1876 3853 1986 3886 Bildung

1168 3900 1210 3924 des
1237 3898 1327 3925 Volkes
1356 3897 1406 3931 sehr
1433 3896 1541 3932 heilsam.
1578 3896 1641 3929 Auch
1666 3896 1706 3923 als
1724 3896 1987 3930 Kirchenliederdichter

1168 3943 1275 3970 verdient
1300 3950 1324 3969 er
1347 3944 1453 3976 genannt
1479 3949 1504 3976 zu
1528 3943 1634 3972 werden,
1662 3948 1708 3969 von
1732 3940 1784 3973 ihm
1808 3940 1833 3971 ist
1851 3949 1868 3975 z.
1889 3941 1924 3968 B.
1943 3943 1986 3967 das

1170 3986 1247 4018 schöne
1266 3987 1331 4015 Lied:

1264 4030 1330 4062 Herr,
1346 4030 1389 4055 wie
1405 4034 1432 4054 du
1449 4029 1513 4057 willt,
1531 4030 1554 4058 so
1570 4029 1649 4059 schick's
1666 4029 1707 4054 mit
1724 4029 1768 4053 mir

1264 4062 1309 4089 Im
1324 4062 1392 4087 Leben
1409 4065 1454 4086 und
1471 4061 1501 4086 im
1517 4060 1626 4086 Sterben.

1265 4092 1339 4118 Allein
1355 4099 1380 4124 zu
1397 4092 1432 4117 dir
1446 4093 1500 4123 steht
1516 4091 1576 4117 mein
1593 4091 1688 4122 Begier;

1265 4123 1310 4153 Laß
1325 4124 1387 4152 mich,
1406 4123 1474 4154 Herr,
1489 4122 1549 4153 nicht
1563 4121 1686 4148 verderben.

1264 4153 1354 4183 Erhalt'
1370 4155 1426 4186 mich
1442 4161 1485 4179 nur
1501 4153 1525 4179 in
1541 4153 1615 4179 deiner
1630 4153 1705 4185 Huld:

1264 4184 1344 4214 Sonst,
1359 4185 1403 4210 wie
1419 4189 1446 4211 du
1462 4184 1528 4211 willt,
1545 4184 1595 4216 gieb
1611 4185 1655 4210 mir
1670 4183 1771 4212 Geduld;

1263 4214 1333 4240 Denn
1347 4215 1398 4240 dein
1413 4215 1480 4242 Will'
1494 4215 1521 4246 ist
1537 4219 1574 4240 der
1590 4215 1651 4247 beste.

1081 4255 1149 4280 1683
1166 4254 1289 4287 Nachdem
1314 4257 1359 4282 das
1382 4257 1518 4291 ungeheure
1543 4256 1690 4290 Türkenhrer
1714 4255 1775 4281 viele
1800 4255 1902 4287 Wochen
1928 4253 1987 4288 lang

1167 4298 1251 4327 Wien
1270 4299 1409 4333 geängstigt,
1427 4304 1493 4327 ward
1511 4300 1551 4327 die
1568 4300 1651 4333 schwer
1668 4299 1781 4331 bedrohte
1795 4298 1885 4330 Stadt,
1904 4297 1987 4329 welche

1167 4344 1210 4370 der
1226 4342 1385 4377 Heldenmuth
1416 4345 1479 4377 ihrer
1494 4344 1595 4378 Bürger
1617 4346 1665 4370 und
1681 4345 1719 4370 die
1735 4342 1870 4377 umsichtige
1888 4342 1987 4375 Leitung

2131 3230 2173 3254 des
2192 3227 2289 3258 Grafen
2317 3233 2365 3252 von
2383 3225 2546 3260 Staremberg
2567 3225 2648 3258 bisher
2667 3225 2775 3260 geschützt
2793 3224 2865 3257 hatte,
2885 3221 2954 3253 durch

2131 3275 2176 3298 das
2208 3271 2309 3303 deutsche
2336 3270 2399 3301 Heer
2431 3271 2478 3296 und
2513 3271 2548 3296 die
2582 3270 2713 3302 muthvolle
2739 3268 2886 3304 Hingebung
2915 3269 2956 3292 des

2131 3316 2294 3350 Polenkönigs
2320 3314 2484 3347 Sobiesky
2521 3315 2645 3349 entsetzt
2677 3319 2724 3341 und
2755 3315 2802 3340 die
2833 3311 2954 3339 Türken

2132 3361 2267 3388 erlitten
2296 3360 2364 3386 eine
2391 3359 2553 3393 gänzliche
2583 3360 2791 3393 Niederlage.
2837 3357 2903 3384 Aber
2930 3360 2955 3381 es

2131 3410 2184 3432 war
2201 3406 2239 3431 die
2258 3403 2344 3437 höchste
2362 3403 2417 3435 Zeit
2436 3411 2477 3437 zur
2496 3404 2614 3439 Rettung.
2651 3405 2702 3432 Die
2720 3405 2795 3431 vielen
2814 3401 2956 3434 wüthenden

2132 3450 2239 3477 Stürme
2265 3452 2304 3475 der
2331 3447 2425 3475 Türken
2457 3451 2506 3475 und
2533 3450 2661 3483 zahlreiche
2690 3449 2779 3476 Minen
2808 3447 2890 3481 hatten
2920 3445 2956 3471 die

2131 3493 2299 3528 Vertheidiger
2332 3493 2446 3525 Wien's,
2482 3496 2551 3521 7000
2580 3494 2748 3529 waffenfähige
2779 3492 2878 3526 Bürger
2908 3492 2955 3516 und

2134 3541 2228 3570 13,000
2247 3538 2386 3569 Soldaten,
2407 3537 2460 3571 sehr
2478 3539 2634 3574 geschwächt,
2660 3540 2698 3566 die
2717 3538 2796 3566 Stadt
2819 3543 2870 3564 war
2890 3536 2956 3568 schon

2131 3583 2188 3614 halb
2209 3584 2246 3609 ein
2265 3581 2439 3614 Schutthaufe.
2477 3582 2551 3614 Desto
2580 3584 2665 3618 größer
2683 3590 2736 3609 war
2754 3582 2811 3609 aber
2830 3583 2870 3608 der
2890 3580 2956 3612 Sieg

2131 3630 2179 3655 und
2197 3628 2235 3653 die
2253 3627 2362 3658 Freude,
2390 3627 2528 3661 ungeheuer
2546 3629 2583 3654 die
2601 3627 2690 3654 Beute.
2728 3627 2779 3654 Die
2796 3624 2958 3654 Dankbarkeit

2131 3674 2172 3699 der
2189 3671 2307 3703 deutschen
2326 3670 2427 3702 Fürsten
2447 3674 2494 3698 und
2515 3674 2555 3699 des
2571 3671 2660 3701 Volkes
2678 3680 2751 3707 gegen
2766 3669 2887 3702 Sobiesky
2907 3675 2959 3694 war

2132 3717 2190 3751 groß
2209 3718 2257 3742 und
2275 3716 2327 3747 tief.

2046 3764 2112 3788 1712
2132 3760 2259 3789 Erblindet
2284 3761 2308 3786 in
2329 3760 2413 3794 langer
2439 3761 2536 3795 emsiger
2554 3762 2688 3796 Forschung
2708 3760 2801 3792 starb,
2824 3760 2857 3785 87
2876 3757 2958 3790 Jahre

2131 3806 2181 3837 alt,
2209 3805 2250 3831 als
2268 3804 2382 3832 Direktor
2406 3806 2448 3831 der
2466 3814 2543 3833 neuen
2563 3807 2722 3834 Sternwarte
2739 3814 2767 3841 zu
2786 3803 2887 3838 Paris
2906 3804 2959 3828 der

2132 3850 2325 3876 bedeutende
2359 3848 2523 3879 Astronom
2559 3851 2728 3878 Giovanni
2761 3847 2958 3878 Domenico

2133 3892 2263 3925 Cassini
2282 3897 2330 3919 aus
2349 3893 2530 3926 Perinaldo
2549 3895 2586 3922 bei
2599 3895 2707 3929 Nizza.
2733 3894 2817 3927 Schon
2832 3894 2856 3919 ln
2869 3892 2957 3923 seinem

2132 3940 2174 3965 25.
2187 3937 2346 3970 Lebensjahre
2359 3942 2412 3964 war
2426 3946 2451 3965 er
2462 3939 2585 3972 Proseffor
2596 3941 2636 3966 der
2648 3939 2797 3968 Astronomie
2810 3938 2832 3965 in
2842 3937 2959 3970 Bologna

2132 3984 2262 4017 geworden.
2279 3982 2343 4009 Eine
2351 3981 2444 4017 Menge
2454 3990 2500 4010 von
2507 3984 2684 4019 Entdeckungen
2691 3986 2739 4011 und
2745 3982 2958 4014 Beobachtungen,

2132 4027 2155 4059 so
2174 4025 2316 4058 namentlich
2346 4028 2382 4054 die
2409 4027 2568 4064 Berechnung
2595 4031 2635 4055 der
2662 4028 2743 4056 beiden
2769 4027 2887 4055 Kometen
2913 4031 2959 4050 von

2135 4073 2200 4098 1664
2220 4073 2268 4096 und
2290 4073 2372 4108 1665,
2397 4078 2445 4098 und
2469 4072 2584 4105 treffliche
2603 4073 2728 4105 Schriften
2747 4071 2888 4101 bewirkten,
2914 4068 2958 4098 daß

2133 4116 2229 4149 Ludwig
2239 4114 2316 4141 XIV.
2337 4116 2379 4148 ihn
2398 4117 2456 4149 nach
2468 4117 2545 4148 Paris
2565 4118 2647 4149 berief,
2666 4124 2705 4145 wo
2724 4125 2749 4145 er
2766 4124 2815 4144 nun
2835 4115 2876 4145 seit
2892 4115 2959 4140 1669

2133 4160 2202 4188 blieb.
2245 4160 2305 4191 Hier
2330 4160 2443 4188 entdeckte
2467 4170 2492 4188 er
2517 4163 2569 4189 vier
2593 4162 2686 4190 Monde
2711 4165 2754 4189 des
2773 4161 2894 4190 Saturn,
2922 4158 2959 4184 be¬

2135 4205 2261 4237 obachtete
2276 4212 2354 4238 genau
2379 4207 2426 4231 das
2454 4206 2624 4240 Zodiakallicht
2651 4209 2699 4234 und
2727 4206 2808 4240 führte
2831 4203 2959 4237 Piccard's

2135 4248 2369 4284 Meridianmessung
2385 4250 2468 4278 weiter
2486 4250 2542 4283 fort.

2050 4297 2118 4323 1819
2136 4294 2197 4324 Auf
2216 4293 2331 4324 seinem
2351 4293 2439 4322 Gute
2457 4303 2491 4330 zu
2509 4295 2694 4329 Kriblowitz
2719 4295 2798 4329 starb
2817 4291 2959 4326 Gebhard

2135 4338 2277 4371 Lebrecht
2303 4338 2393 4370 Fürst
2422 4345 2478 4367 von
2504 4339 2653 4374 Blücher,
2678 4343 2720 4368 der
2737 4337 2871 4374 preußische
2889 4336 2959 4368 Feld-
