3975 5551
189 104 3696 174 Nr. 173 Zweites Abendblatt. Der Zürcher Zeitung 118. Jahrgang. Donnerstag, 24. Juni 1897.
196 241 3693 668 Neue Zürcher-Zeitung
359 767 1076 797 Abonnementspreise. 3 Monate. 6. Monate.
178 802 1071 826 Zürich wenn die Zeitung abgeholt wird . . . Fr. 5.50 Fr. 10.—
214 829 1073 853 do. in's Haus gebracht . . . . . . . „ 6.— „ 11.50
179 856 1074 879 Schweiz Bestellung beim Postbureau . . . . „ 6.50 „ 12.50
232 883 1073 907 do. mit Bezug unter Privatadresse . . . „ 8.— „ 15.—
180 910 919 932 Deutschland Bestellung beim Postamt . . . Mk. 6.—
179 936 921 965 Oesterreich-Ungarn do. fl. d. W. 5.65
179 964 1074 990 Italien-Egypten do. . . Fr. 8.10 Fr. 15.50
1302 808 2602 956 und schweizerisches Handelsblatt.
180 985 1070 1017 Uebrige Staaten des Weltpostvereins . . . „ 12.50 „ 24.—
238 1018 888 1047 5 Tonhallestr. Redaktionsbureau Göthestr. 10
3092 753 3461 787 Insertionspreise:
3029 797 3529 818 Per einspaltige Petitzeile oder deren Raum
2965 824 3587 844 für die Schweiz 25 Cts., für das Ausland 40 Cts.,
2840 840 3720 873 Local-Ins. 20 Cts. (excl. Finanz- u. Chiffre-Anzeigen, sowie f. Actien-Ges.).
3118 881 3463 898 Reclamen Fr. 1.— per Zeile.
3089 911 3487 927 Alleinige Inseraten-Annahme:
3132 934 3434 965 Rudolf Mosse
2836 967 3717 1002 Annoncen-Expedition für alle schweizerischen und ausländischen Zeitungen
3040 1007 3501 1031 5 Tonhallestr. Zürich Göthestr. 10
174 1125 1029 1160 Aus den Verhandlungen der Bundesversammlung.
423 1175 782 1210 (Privattelegramm.)
468 1242 748 1265 Nationalrat.
663 1294 1002 1317 N. Bern, 24. Juni.
230 1334 1039 1368 Krankenversicherung. Der Rat kommt auf
178 1369 1041 1407 Artikel 97 zurück. Der Referent Forrer beantragt Ab¬
175 1408 1041 1447 lehnung des Antrages Ming. Der Antragsteller stellt
177 1447 1040 1487 eine viel größere Zahl von Erfordernissen für den Ueber¬
177 1487 1039 1527 tritt aus der Halbversicherung in die Vollversicherung
177 1527 1041 1567 auf als die Kommission. Es würde der im Entwurfe
179 1568 1040 1608 niedergelegten Idee der Freizügigkeit widersprechen, wenn
179 1608 1040 1648 man den Antrag annähme. Ming zieht seinen Antrag
178 1649 1042 1689 zurück. Ohne Diskussion werden Artikel 52 ter, 52 quater
177 1689 1038 1728 und 53 angenommen. Forrer referiert über Artikel 54
181 1729 1042 1768 bis 66. Zu Gunsten der Aerzte und Apotheker ist die
180 1768 1043 1808 Bestimmung aufgenommen, daß ihre Rechnungen den
180 1808 1043 1848 Krankenkassen direkt eingegeben werden. Die Aerzte und
181 1849 1043 1889 Apotheker haben alle Ursache, mit der Vorlage zufrieden
181 1889 295 1919 zu sein.
238 1937 1043 1970 Boinay begründet seinen Antrag. Artikel 60 des
180 1970 1043 2010 Kommissionsvorschlags bestimmt: Derjenige, der sich die
181 2010 1043 2050 Krankheit durch ein Verbrechen oder Vergehen oder auf
182 2050 1044 2090 arglistige Weise zugezogen hat, kann mit Bezug
182 2090 1045 2130 auf diese Krankheit des Anspruchs auf
182 2130 1045 2170 die Kassenleistungen ganz oder teilweise ver¬
181 2170 1045 2210 lustig erklärt werden. Demjenigen, welcher die Krank¬
183 2210 1046 2250 heit durch zwar nicht strafbare, jedoch immerhin grobe
179 2251 1045 2291 Fahrlässigkeit verschuldet hat, kann das Krankengeld
183 2291 1045 2330 bis auf die Hälfte gekürzt werden. Der Redner bean¬
181 2331 1040 2370 tragt nun folgende strengere Fassung: „Derjenige, wel¬
183 2371 1044 2411 cher sich die Krankheit durch ein Verbrechen oder Ver¬
183 2411 1046 2451 gehen, oder auf arglistige Weise zugezogen hat, geht
182 2451 1045 2491 mit Bezug auf diese Krankheit des Anspruches auf die
182 2492 1044 2532 Kassenleistungen verlustig. Das nämliche geschieht
182 2532 1045 2572 gegenüber solchen Personen, welche sich die Krankheit
182 2572 1044 2612 durch zwar nicht strafbare, jedoch immerhin grobe Fahr¬
182 2612 1045 2652 lässigkeit zugezogen haben." Boinay erinnert an die
182 2652 1047 2692 vielen Selbstverstümmlungen, denen man mit aller
182 2692 1047 2731 Energie entgegentreten muß. Vom Standpunkt der per¬
181 2732 1045 2770 sönlichen Verantwortlichkeit ist der Antrag wohl be¬
183 2771 1046 2810 gründet. Eine Bestimmung, wie sie der Antragsteller
184 2810 1044 2850 vorschlägt, findet sich bei allen Versicherungsprivatgesell¬
183 2850 1045 2890 schaften und bei den freien Kassen. Er zitiert z. B. die
185 2890 1046 2930 Bestimmungen der Unfallversicherungsgesellschaft. Hä¬
184 2931 1048 2971 berlin unterstützt Boinay für das erste Alinea, nicht
183 2971 1047 3011 aber das zweite. Es besteht ein großer Unterschied zwi¬
183 3012 769 3042 schen Arglist und Fahrlässigkeit.
239 3057 1047 3091 Comtesse: Boinay will, daß die Verlustigerklä¬
184 3092 1049 3132 rung obligatorisch anstatt fakultativ sei. Er will also
184 3132 1050 3172 die Verhältnisse des einzelnen Falles nicht berücksichtigt
184 3172 1050 3212 wissen. Man soll aber den Kassen überlassen, im ein¬
183 3213 1051 3253 zelnen Falle zu entscheiden. Es gibt freie Kassen, welche
186 3253 1050 3293 den Vorstand verpflichten, einen Verbrecher der Kassen¬
185 3293 1051 3332 leistungen verlustig zu erklären. Es wäre zu rigoros,
186 3333 1051 3372 eben so weit zu gehen. Forrer: Hier stehen wir vor
186 3372 1050 3412 einer sehr wichtigen Bestimmung, vor der Regelung eines
185 3413 1050 3453 Hauptgrundsatzes. Im Haftsystem befreit jedes Selbst¬
187 3453 1050 3493 verschulden des Klägers in Ansehung des Schadens den
187 3493 1050 3533 Beklagten von der Haftpflicht. Aber gerade die schlim¬
187 3534 1049 3574 men Erfahrungen, die man mit dieser Seite der Haft¬
187 3574 1051 3614 pflicht gemacht hat, waren die Veranlassung, das Haft¬
187 3615 1050 3655 pflichtsystem in das Versicherungssystem umzuändern.
187 3656 1051 3696 Mit der bisherigen Einrede des Selbstverschuldens
189 3696 1053 3736 bringen wir viele Familien in ungeheures Elend. Wir
189 3736 1052 3776 haben die Pflicht, das zu beschränken. Würde der An¬
189 3776 1052 3816 trag Boinay angenommen, so hätte die Einrede des
190 3817 1053 3857 Selbstverschuldens die gleiche Bedeutung wie heute. Das
191 3858 1054 3898 von der Kommission angenommene System hat folgende
190 3898 1052 3938 Bedeutung: Wer durch leichtes Verschulden krank ge¬
189 3938 1054 3978 worden, ist gleich gehalten wie der, welcher durch Zufall
189 3978 1053 4018 krank geworden. Bei grober Fahrlässigkeit tritt eine ge¬
189 4018 1054 4058 wisse Einschränkung ein. Wenn ein Verbrechen oder
190 4059 1053 4099 Vergehen vorliegt, so wird in der Regel gar nichts ge¬
191 4099 1053 4139 gegeben. Bei grober Fahrlässigkeit gibt man Arzneien,
190 4140 1053 4180 verkürzt aber das Krankengeld. Es sollen nun Aus¬
190 4181 1053 4221 nahmen zugelassen werden, weil die Erfahrung zeigt,
191 4221 1053 4261 daß auch diese Regel der Verantwortlichkeit zu großen
190 4262 1054 4302 Härten führt. Wenn der Familienvater sich versündigt,
190 4302 1054 4342 so leiden darunter seine Hinterlassenen. Um nun Aus¬
191 4343 1055 4383 nahmen zuzulassen, hat man den Ausdruck „kann" ge¬
191 4384 1055 4424 wählt. Der Redner beantragt Ablehnung des Antrags
193 4424 1055 4464 Boinay. Schmid (Uri) möchte Boinay eine Konzes¬
192 4464 1056 4504 sion machen. Der Redner hält es für selbstverständlich,
193 4505 1056 4546 daß die Kassenleistungen trotz leichter Fahrlässigkeit nicht
192 4547 1056 4587 verloren gehen. Bei grober Fahrlässigkeit, deren Be¬
193 4588 1056 4628 griff erst durch die Praxis festgesetzt werden soll, nimmt
193 4629 1056 4669 Boinay den Gedanken der Haftpflicht auf, auf den der
193 4670 1056 4710 Redner nicht eintreten kann. Er beantragt, Alinea 2
192 4711 1054 4751 nicht nach dem Antrag Boinay anzunehmen. In Alinea 1
192 4752 1056 4792 ist die fakultative Verlustigerklärung der Kassenleistungen
194 4793 1055 4834 statuiert. Der Redner möchte das Obligatorium grund¬
193 4834 1055 4874 sätzlich aufnehmen nach dem Antrag Boinay. Die zu¬
194 4875 1056 4915 ständige Behörde kann aber entscheiden, daß die Verkür¬
193 4915 1055 4955 zung nur eine teilweise sei. Forrer: Nach dem An¬
192 4956 1054 4996 trag Schmid muß immer en gewisser Abzug stattfinden.
193 4997 1054 5037 Der Redner hat gegen die Redaktion von Schmid nichts
193 5038 1054 5078 einzuwenden. In der Abstimmung wird Artikel 60 nach
193 5079 857 5109 dem Antrag der Kommission angenommen.
248 5126 1055 5160 Artikel 61 lautet: „Einem Mitglied, welches wider
193 5161 1054 5201 besseres Wissen eine gar nicht oder nicht mehr bestehende
191 5201 1054 5241 Krankheit vorschützt und dadurch Kassenleistungen
192 5242 1056 5282 erwirkt, kann außer der Verpflichtung zum Ersatz dieser
191 5282 1054 5322 Leistungen ein Strafgeld bis auf den gleichen Betrag
190 5323 1053 5354 auferlegt werden. Ein solches Mitglied verliert den
1080 1092 1938 1126 Anspruch auf jede weitere Kassenleistung für die Zeit bis
1082 1127 1936 1167 zur gänzlichen Zahlung von Schadenersatz und Straf¬
1083 1167 1937 1206 geld, ohne daß für diese Zwischenzeit die Beitragspflicht
1083 1207 1936 1246 aufhört. Die strafrechtliche oder versicherungspolizeiliche
1084 1247 1935 1287 Ahndung, sowie die Bestimmungen betreffend den Aus¬
1084 1287 1939 1327 schluß (Artikel 39) bleiben vorbehalten". Baldinger
1085 1327 1936 1367 möchte sagen: „vorschützt, um dadurch Kassenleistungen
1085 1367 1936 1407 zu erwirken" Schon der Versuch dürfte nach Ansicht
1087 1408 1938 1448 des Antragstellers maßgebend sein. Forrer: Die For¬
1087 1448 1936 1488 derung Baldingers, schon den bloßen Versuch zu strafen,
1086 1488 1937 1528 zieht das Denunziationssystem groß und degradiert den
1087 1528 1938 1567 Kassenvorstand zu einem Kollegium von Sittenrichtern.
1089 1568 1939 1607 Baldinger geht im Bestreben, der Simulationsgefahr
1088 1608 1939 1648 vorzubeugen, zu weit. Baldinger ist überzeugt, daß
1089 1649 1939 1689 er nicht zu weit gehe. Er hat zahlreiche Erfahrungen
1089 1689 1939 1729 zu Gebote und weiß, daß man in dieser Hinsicht mög¬
1089 1729 1940 1768 lichst vorsichtig sein soll. Schon der Versuch soll wenig¬
1090 1769 1940 1808 stens irgendwie geahndet werden. Forrer macht Bal¬
1090 1809 1941 1849 dinger auf Artikel 188 aufmerksam. Baldinger:
1092 1849 1941 1889 Was ich beantrage, geht parallel mit Artikel 188. Der
1091 1889 1607 1920 Antrag Baldinger wird abgelehnt.
1143 1935 1941 1969 Artikel 64 bestimmt: „Stirbt ein, gleichviel ob obli¬
1092 1969 1940 2009 gatorisches oder voll- oder halbversichertes freiwilliges
1091 2009 1941 2049 Mitglied, so bezahlt die Kasse die ortsüblichen Be¬
1092 2049 1942 2089 stattungskosten, soweit dieselben nicht unentgeltlich aus
1092 2090 1942 2130 öffentlichen Mitteln bestritten werden, und höchstens im
1092 2130 1941 2170 Betrage von sechszig Franken; diese nämliche Leistung
1092 2171 1942 2211 findet auch dann statt, wenn der Verstorbene zwar im
1092 2211 1942 2251 Zeitpunkt des Todes nicht mehr Mitglied war, jedoch
1093 2251 1941 2290 für die Krankheit, an der er verstorben ist, bis zu seinem
1093 2291 1943 2330 Tode Anspruch auf Kassenleistungen besaß. Die in
1093 2331 1943 2371 diesem Artikel vorgesehenen Kassenleistungen können
1092 2371 1943 2411 weder verwirkt noch mit Gegenansprüchen verrechnet
1091 2411 1943 2451 werden." Wullschleger beantragt: „Artikel 64
1091 2451 1943 2491 wird an die Kommission zurückgewiesen mit dem Auf¬
1090 2492 1941 2532 trag, zu prüfen und zu berichten, ob nicht eine Bestim¬
1091 2532 1942 2572 mung aufzunehmen sei dahin gehend, daß den Kan¬
1092 2572 1942 2612 tonen und Gemeinden, welche die unentgeltliche Be¬
1093 2612 1943 2651 erdigung eingeführt haben, die Bestattungskosten für
1094 2652 1943 2690 versicherte Mitglieder von der Kasse vergütet werden
1093 2691 1945 2730 sollen." Forrer: Die Bestimmungen von Artikel 64
1094 2731 1946 2770 sind nicht sehr leicht zu verstehen. Der Antrag Wull¬
1094 2771 1946 2809 schlegers hat etwas für sich. Trotzdem ist der Entwurf
1094 2810 1943 2849 gerechtfertigt. Soweit die Bestattung aus öffentlichen
1093 2849 1942 2889 Mitteln bestritten wird, wird kein Bestattungsgeld ge¬
1094 2889 1942 2929 geben. Zu merken ist auf den Ausdruck „soweit". Es
1093 2929 1942 2969 ist wahr, daß die Idee der unentgeltlichen Beerdigung
1094 2969 1943 3009 durch Artikel 64 nicht gefördert wird. Aber die gleiche
1095 3009 1945 3049 Gemeinde ist die Grundlage der Krankenkasse und be¬
1095 3049 1945 3089 schließt unentgeltliche Bestattung. Was also am einen
1097 3089 1946 3129 Ort ausgegeben wird, wird am andern Ort erspart.
1099 3129 1946 3169 Nach dem Antrag Wullschlegers würde die unentgelt¬
1097 3169 1946 3209 liche Beerdigung eingeführt für die Nichtmitglieder, nicht
1098 3210 1947 3250 aber für die Mitglieder. Der Redner verweist auf
1098 3251 1946 3291 Artikel 104. Im übrigen beantragt er Abweisung des
1098 3292 1440 3323 Antrages Wullschleger.
1149 3337 1947 3371 Kinkelin: Wullschleger will die unentgeltliche
1098 3372 1947 3411 Beerdigung fördern, aber er wendet nicht das richtige
1097 3412 1947 3451 Mittel an. Gerade für die Versicherten ist die unent¬
1097 3452 1948 3492 geltliche Beerdigung wichtig, während Wullschleger sie
1098 3492 1947 3532 für diese beseitigen will. Der Redner empfiehlt Ableh¬
1099 3533 1948 3573 nung des Antrages Schmid (Uri). Nachdem Artikel 104
1098 3573 1948 3613 aufgenommen ist, genügen die Bestimmungen im In¬
1098 3613 1950 3653 teresse der unentgeltlichen Beerdigung vollständig. Der
1100 3654 1949 3694 Redner unterstützt den Antrag der Kommission. Hirter
1100 3695 1948 3735 empfiehlt ebenfalls den Kommissionsantrag. Der Antrag
1102 3735 1948 3775 Wullschleger wird mit großer Mehrheit abgelehnt. Da¬
1102 3776 1595 3806 mit sind Artikel 54—66 erledigt.
1153 3823 1951 3856 Forrer referiert über Artikel 67 und 68. Der
1101 3856 1952 3896 Bundesbeitrag ist von der Kommission verkürzt worden.
1101 3896 1952 3936 An Stelle des Bundesrappens für den Tag ist der
1102 3937 1953 3977 Bundesfünfer für die Woche gekommen; doch ist dieser
1101 3978 1953 4018 als Minimum angesehen worden. Artikel 68 sagt
1101 4019 1226 4049 darüber
1154 4065 1952 4099 „Der Bund bezahlt der Krankenkasse für jedes obli¬
1101 4100 1952 4140 gatorische und für jedes schweizerische freiwillige Mitglied
1101 4140 1952 4180 einen Beitrag an die Auflage. Die Höhe des Beitrages
1100 4180 1953 4220 wird alljährlich im Voranschlag des Bundes oder durch
1103 4221 1952 4261 besondern Beschluß der eidgenössischen Räte je für das
1101 4262 1953 4302 folgende Jahr festgesetzt. Der Beitrag soll jedoch je
1102 4302 1953 4342 wenigstens fünf Rappen für jede Woche der Mitglied¬
1101 4343 1953 4384 schaft betragen. Der Bundesrat erläßt auf dem Ver¬
1102 4384 1954 4424 ordnungswege Bestimmungen über die Art und Weise
1102 4425 1954 4465 der Berechnung und der Ausrichtung des Bundesbeitrages.
1103 4466 1953 4507 Streitigkeiten über den Bundesbeitrag werden durch den
1103 4508 1451 4539 Bundesrat entschieden."
1159 4553 1951 4588 Der Referent erwähnt einen von Greulich unter¬
1104 4589 1954 4629 zeichneten im „Grütlianer" erschienenen Artikel, in dem
1105 4629 1954 4669 Greulich nicht gerade eine Sprache führt, wie wir sie
1105 4670 1954 4710 von einem schweizerischen Arbeitersekretär erwarten dürf¬
1103 4710 1954 4750 ten. Die von Greulich bestrittene Behauptung, daß die
1103 4751 1954 4791 Versicherung 600,000 Personen umfassen werde, hält der
1104 4792 1953 4832 Redner aufrecht. Die von den Mathematikern aufge¬
1104 4833 1952 4873 stellten Zahlen hat Greulich falsch aufgefaßt und dann
1104 4874 1952 4914 damit nachzuweisen versucht, daß der Referent sich um
1104 4915 1951 4955 drei Millionen geirrt habe. Greulich stellt sich den
1103 4956 1951 4996 Herren am grünen Tisch, d. h. den Mitgliedern des
1102 4997 1951 5037 Rates, gegenüber. Aber auch wir sind aus dem Volk
1103 5038 1950 5078 hervorgegangen; wir sind in denselben Lebensverhält¬
1102 5079 1950 5119 nissen wie Greulich, und wie kennen die Bedürfnisse des
1101 5119 1950 5159 Volkes so gut wie Greulich. Der Arbeitersekretär sagt,
1100 5160 1951 5200 die Bundesfinanzen, mit denen sonst Luxus getrieben
1100 5201 1950 5241 werde, seien für die Not des Volkes zu schwach gewesen.
1099 5242 1951 5282 Im eigenen Interesse thäte Greulich gut daran, solche
1099 5283 1949 5323 Vorwürfe nicht zu erheben. Der Referent bestreitet, daß
1099 5324 1950 5354 man heute in der Sozialreform zurückgehe, man gehe
1983 1088 2831 1121 vorwärts und habe den Arbeitern nicht genommen,
1983 1121 2831 1161 was man ihnen vorher gegeben. Comtesse macht
1984 1161 2832 1201 darauf aufmerksam, daß die Bundesverwaltung den
1985 1201 2832 1241 Bundesbeitrag nach Belieben erhöhen könne, sobald die
1984 1242 2832 1282 Finanzen es erlauben. Im Interesse der freien Kassen
1984 1282 2721 1313 protestiert er gegen die Ausführungen Greulichs.
2040 1329 2832 1362 Vogelsanger beantragt Wiederaufnahme des
1985 1362 2834 1402 Bundesrappens. Ein bessere Ausgleichung der Lasten ist
1985 1403 2833 1443 notwendig. Es ist aber unmöglich, den Arbeitgebern
1985 1443 2833 1483 größere Beiträge aufzuerlegen. Nur durch Vermehrung
1985 1483 2834 1523 des Bundesbeitrages kann geholfen werden. Die An¬
1985 1524 2834 1563 nahme seines Antrages würde eine Mehrausgabe von
1986 1564 2835 1603 624,000 Fr. zur Folge haben. Schmid (Uri) empfiehlt
1986 1604 2835 1644 den Antrag Vogelsanger, da seine Durchführung mit
1986 1644 2833 1684 Hülfe der gegenwärtigen Finanzen des Bundes möglich
1986 1685 2835 1725 ist. Der Redner befürchtet sehr, daß an einzelne Kan¬
1986 1725 2835 1765 tone Ansprüche gestellt würden, denen sie nicht genügen
1987 1765 2834 1805 können. Im Interesse der ärmern Kantone und Ge¬
1988 1805 2834 1845 meinden begrüßt er eine Erhöhung des Bundesbeitrages.
1987 1845 2834 1885 Meyer unterstützt ebenfalls den Antrag Vogelsanger.
1988 1886 2834 1926 Er will mit Schmid unter die Föderalisten gehen und
1988 1926 2835 1966 den Antrag damit begründen, daß die Kantone die
1988 1967 2836 2006 Krankenversicherung besorgen und damit die Defizite
1987 2007 2089 2024 tragen.
2046 2055 2833 2088 Decurtins findet, daß Greulich in einem ru¬
1988 2089 2837 2129 higen Ton geschrieben habe. Er hält mit dem Hinweis
1989 2129 2834 2169 auf das Parlamentsgebäude die Behauptung aufrecht,
1989 2169 2837 2209 man treibe Luxus im Lande. Schließlich verteidigt er
1989 2210 2838 2250 die Sozialdemokratie, ohne die wir weder eine Ar¬
1991 2251 2838 2291 beiterschutzgebung noch eine Versicherung hätten. Der
1991 2291 2834 2331 Klassenkampf, den die Sozialdemokratie proklamiere,
1991 2331 2836 2371 werde auch von den konservativen Nationalökonomen
1990 2372 2834 2412 als berechtigt angesehen. Rossel begründet einen
1990 2412 2835 2452 vermittelnden Antrag, wonach der Beitrag des Bundes
1991 2453 2834 2493 wenigstens einen Rappen für den Arbeistag betragen
1990 2494 2835 2534 solle. Damit wird abgebrochen. Morgen Krankenver¬
1989 2535 2410 2565 sicherung. Schluß 1¼ Uhr.
2312 2595 2549 2616 Ständerat.
2462 2647 2799 2670 Bern. 24. Juni.
2049 2692 2840 2725 Raschein präsidiert. Eisenbahnrückkauf Zu
1993 2725 2841 2764 Art. 2 Fortsetzung ergreiftt Wirz das Wort. Der
1992 2765 2840 2804 Passus, die Bundesgesetzgebung sei für den Rückkauf
1990 2804 2837 2844 maßgebend, habe keine weitere Bedeutung. Die Gesetze
1988 2844 2836 2884 seien sowieso zu beachten. Dann aber kämen ja die Kon¬
1988 2884 2835 2924 zessionen in Frage, die durch spätere Gesetze nicht alte¬
1990 2924 2830 2964 riert werden könnten. Hoffmann zieht seinen gest¬
1990 2964 2834 3004 rigen Antrag zurück, da das Uebereinkommen mit den
1991 3004 2835 3043 Vereinigten Schweizerbahnen für den Bund rechtsver¬
1992 3044 2837 3083 bindlich ist. Von Arx bemerkt, er hätte den Antrag
1993 3083 2838 3123 Leumann von sich aus nicht adoptiert. Allerdings sei
1993 3123 2839 3163 er dafür, der Bund sollte genau sagen, welche Unter¬
1993 3164 2837 3204 nehmungen er erwerben will. Da Zemp den Antrag
1993 3205 2843 3245 angenommen, so sträube er sich auch nicht. Gegen die
1993 3245 2838 3285 Nordostbahn darf der Bund nicht nachgeben. Denn
1993 3285 2841 3325 da würde ja die Bahn für ihre Renitenz geradezu be¬
1992 3326 2840 3366 lohnt. Die andern Bahnen haben ihre Konzessionen
1993 3367 2839 3407 auch zusammengelegt. Man möge das Lemma 2 des
1993 3407 2839 3447 Art. 2. darum belassen, wie es existiert. Eingehend
1994 3448 2840 3488 erklärt er, daß natürlich das Rechnungsgesetz Anwen¬
1994 3489 2842 3529 dung finden werde. Die schweizerischen Grundsätze
1995 3530 2842 3570 verlangen hier ganz genaue Stipulationen. Mit den
1994 3570 2844 3610 Reservefonds und den Erneuerungsfonds ist also zu
1995 3611 2844 3651 rechnen. Scherb unterstützt die Ansicht, das Rech¬
1996 3651 2842 3691 nungsgesetz sinde eine zwangsweise Anwendung nicht.
1996 3691 2844 3731 Das Bundesgericht entscheide souverän, es sei nicht
1996 3732 2845 3772 von vornherein gebunden an das Rechnungsgesetz. Wir
1997 3772 2844 3812 stehen auf dem Rechtsboden, wir wollen nur das, was
1997 3813 2844 3853 die Konzessionen sagen. Sache der Richter ist es zu
1997 3854 2845 3894 befinden, ob das Rechnungsgesetz innerhalb des Rah¬
1998 3894 2844 3934 mens der Konzession angewendet werden kann. Der
1998 3935 2847 3975 Richter hat, wenn er angerufen wird, im Sinne der
1997 3976 2844 4016 Konzessionen zu entscheiden. Python zeichnet noch¬
1999 4016 2846 4056 mals seinen Standpunkt und zieht nur den Teil zu¬
1998 4057 2840 4097 rück, der Streichung der Worte „die Bestimmungen
1999 4098 2847 4138 der Bundesgesetzgebung" bezweckt mit Hinweis auf
1999 4138 2842 4178 das Votum Scherbs. Auch Wirz läßt seinen Antrag
1999 4179 2846 4220 deswegen fallen. Isler will Aufklärung, wie es sich
1999 4220 2846 4260 beim Rückkauf des Gotthard mit den Subventionen
2000 4261 2847 4301 verhalte, welche Gesetze und Vereinbarungen da maß¬
2000 4302 2844 4343 gebend seien. Für die Anwendung des Rechnungsge¬
2000 4343 2847 4383 setzes stimmt er Scherb zu. Auf Grundlage der Kon¬
2001 4384 2846 4424 zessionen wollen wir verstaatlichen. Die Rückkaufs¬
2001 4425 2843 4465 klauseln der Konzessionen sollen durch dieses Gesetz
2000 4466 2847 4506 nicht geändert werden, und es thut es auch nicht, wie
1999 4507 2848 4547 uns soeben klar mitgeteilt worden ist. Von Arx ver¬
2000 4548 2847 4588 liest einige Sätze aus dem Gutachten der juristischen
2001 4589 2843 4630 Subkommission der Experten, aus denen hervorgeht,
2000 4631 2846 4671 daß auch der Rückauf des Gotthard vorgesehen ist.
2001 4672 2847 4712 Die Verträge bestimmen das Nötige. Die Aktions¬
1999 4713 2846 4753 freiheit des Bundes ist gewahrt. Die auswärtigen
1999 4754 2847 4794 Vertragsstaaten haben nach der Verstaatlichung laut
2000 4795 2846 4834 des Vertrages keinen Einfluß mehr auszuüben. Bundes¬
1998 4835 2846 4875 rat Zemp ergänzt diese Bemerkungen um Isler
1998 4876 2844 4916 zu beruhigen, daß der Bundesrat mit dem Ausland
1998 4917 2844 4948 das Nötige schon in den Verträgen vorgesehen habe.
2051 4963 2847 4997 In der Abstimmung unterliegt der Antrag
1997 4998 2847 5038 Berthoud, nur einzelne Bahnen zu erwerben, ebenso
1997 5039 2847 5079 der Antrag Python, die badischen Bahnhöfe einzubeziehen
1997 5080 2844 5120 und nicht nur die im Betrieb stehenden Linien zu
1997 5121 2844 5162 kaufen. Der Antrag Leumann, der Bund könne
1997 5162 2846 5202 unrentable Linien ausnehmen statt „er werde" dies
1995 5202 2846 5242 thun, wird angenommen. Das ganze so amendierte
1996 5243 2845 5283 Alinea 2 wird gegen den Streichungsantrag Python
1996 5284 2846 5325 beibehalten. Ebenso Alinea drei in der Fassung der
1994 5326 2183 5356 Kommission.
2929 1083 3724 1118 Art. 3 giebt dem Bund die Befugnis auch Betei¬
2876 1119 3720 1159 ligungen an Nebengeschäften und Nebenbahnen zu er¬
2877 1159 3724 1199 werben. Von Arx referiert und zeigt, daß gerade
2878 1199 3723 1239 viele Betriebsverträge bestehen, die der Bund auch
2878 1239 3723 1279 übernehmen soll, allerdings nur die, die vor dem 81.
2879 1279 3722 1319 Dezember 1896 abgeschlossen wurden. Gegen diese
2877 1320 3727 1360 letztere Einschränkung wendet sich Python, darauf
2879 1360 3719 1400 hinweisend, daß, wollte der Bund in später vereinbarte
2878 1401 3718 1440 Betriebsverträge eintreten, er das gar nicht könnte.
2879 1441 3723 1480 Es liege nur ein Recht und keine Pflicht des Bundes
2879 1481 3721 1521 vor. Von Arx stimmt Python zu. Der Satz wird
2879 1521 3724 1561 gestrichen, worauf Scherrer bemerkt, dann habe
2879 1561 3729 1601 der ganze neue Artikel keinen Wert, da das übrige
2880 1601 3727 1641 schon in Art. 1 Abs. 2 stehe. Python ist anderer
2879 1642 3725 1681 Ansicht. Durch den Artikel werde nicht nur in allge¬
2880 1682 3726 1721 meiner Weise, sondern ausdrücklich dem Bund das
2880 1722 3725 1762 Recht zugewiesen, nicht nur Nebengeschäfte sondern
2880 1763 3723 1803 auch Betriebsverträge zu erwerben. Zemp unterstützt
2880 1804 3727 1844 Scherrer auf Streichung des Artikels. Von Arx will
2880 1844 3726 1884 direkt sagen, der Bund sei befugt den Betrieb von
2881 1885 3727 1925 Nebenbahnen zu übernehmen. Dazu stimmt Wirz; über
2881 1925 3724 1965 die Plazierung des Artikels wird später bestimmt.
2881 1966 3497 1996 Diese neue Fassung wird angenommen.
2935 2010 3731 2045 Art. 4 (ursprünglich 3) lautet: „Wenn in der Folge
2884 2045 3730 2085 andere Bahnlinien außer den in Art. 2 genannten
2883 2086 3731 2126 vom Bunde erworben oder wenn von ihm neue Linien
2884 2126 3731 2166 gebaut werden sollen, so ist jeweilen ein bezügliches
2885 2167 3730 2206 Bundesgesetz zu erlassen." Von Arx betont, dadurch
2886 2207 3729 2246 werde Eisenbahnexperimenten, die in abenteuerlicher
2884 2247 3728 2287 Weise vorgenommen werden könnten, vorgebeugt.
2884 2287 3731 2327 Ritschard will einfügen „oder der Bund den Bau
2883 2327 3730 2367 von solchen finanziell unterstützen will." Er möchte,
2882 2367 3733 2407 daß solche Bundesbeschlüsse dem Referendum unter¬
2882 2408 3733 2448 worfen sein sollen gemäß Art. 89 der Bundesver¬
2882 2448 3733 2488 fassung. Der Redner glaubt, nach seinem Vorschlag
2883 2488 3729 2528 könnten auch arme Gegenden zu ihrer Bahn kommen,
2884 2528 3734 2568 da es Aufgabe des Bundes sei, in volkswirtschaftlicher
2884 2569 3734 2609 Richtung sein Möglichstes zu thun, um armen Gegen¬
2884 2609 3733 2649 den zum Aufblühen zu verhelfen. Aber auch produktive
2886 2649 3734 2689 Gegenden bedürften der Zufuhr und Abfuhr. Die fi¬
2887 2690 3733 2730 nanzielle Unterstützung von seiten des Bundes werde
2887 2730 3734 2769 dem Lande großen Nutzen gewähren. Bis jetzt habe
2886 2770 3734 2809 der Bund noch nichts gethan in der Unerstützung der
2884 2809 3731 2849 kleinen Bahnen; alles sei den Kantonen überlassen
2884 2850 3732 2890 worden. Das vorwürfige Gesetz sehe auch keine Leistun¬
2882 2890 3731 2930 gen des Bundes vor, er zahle nur den Wert der
2882 2931 3731 2971 Bahnen; daher könne sich der Bund ganz gut für die
2882 2971 3731 3011 Nebenbahnen engagieren. Ritschard will formell für
2881 3011 3728 3051 solche Maßnahmen nicht Bundesgesetze, sondern nur
2883 3052 3729 3092 Beschlüsse allgemeiner Natur, die dem Referendum
2885 3092 3725 3132 unterliegen; sonst erhalte man zu viele Bundesgesetze.
2888 3132 3729 3172 Scheurer wil die Nebenbahnen aus den Ueber¬
2889 3172 3727 3212 schüssen der Betriebsrechnungen alimentiert wissen.
2890 3212 3730 3252 Sie sollen nebst den vorgesehenen Bestimmungen zur
2888 3253 3732 3293 Erweiterung des schweizerischen Bahnnezes verwendet
2889 3293 3733 3333 werden. Den Antrag Ritschard, der diese finanzielle
2887 3333 3729 3373 Unterstützung zwar prinzipiell ermöglichen will, lehnt
2887 3373 3732 3413 er ab, damit man nicht jeweilen einen Beschluß nötig
2886 3413 3727 3453 habe, wenn man ein Unternehmen unterstüzen will.
2887 3454 3726 3494 Von vornherein soll die Möglichkeit der Unterstützung
2888 3494 3728 3534 da sein. Auch Von Arx lehnt den Antrag Ritschard
2890 3534 3728 3574 ab, weil Subventionsbegehren für neue Linien wie
2890 3575 3727 3615 Pilze aus dem Boden wüchsen. Die ganze finanzielle
2891 3616 3730 3656 Lage würde gefährdet und es würden deswegen dem
2891 3656 3733 3696 Gesetz anderseits Gegner erwachsen. Dem Antrag
2892 3697 3731 3737 Scheurer steht der Referent sympathisch gegenüber.
2892 3737 3735 3777 Er wird eine Zierde der Vorlage sein. Kellers¬
2892 3777 3734 3817 berger als Mitunterzeichner des Antrages Scheurer
2892 3818 3733 3858 betont, obwohl der Antrag zu Art. 6 gehöre, könne
2893 3859 3733 3899 er doch gerade jetzt schon besprochen werden. Die Unter¬
2893 3899 3732 3939 stützung der Nebenbahnen aus den Betriebsüberschüssen
2892 3939 3732 3979 der Bundesbahnen wird eines lauten Beifalls sicher
2892 3980 3732 4020 sein. Wir wollen ja keine Quote extra aufstellen, son¬
2893 4021 3732 4061 dern neben der Taxermäßigung rc. wünschen wir nun
2893 4062 3733 4102 auch Berücksichtigung der kleinen Interessen, die zu¬
2894 4103 3733 4143 sammen ein großes Gebiet beherrschen. Wenn die
2893 4143 3736 4183 Nebenbahnen Aussicht auf Unterstützung haben, so
2894 4184 3736 4224 werden auch sie dem großen nationalen Gedanken der
2893 4225 3737 4265 Verstaatlichung beistimmen können. Der Redner stellt
2894 4266 3738 4306 dem Verkehr der Bundesbahnen ein gutes Progno¬
2894 4307 3737 4348 stikon. Es werden Ueberschüsse erzielt werden, und da
2894 4348 3737 4388 man sie nach dem Entwurf der Allgemeinheit zu¬
2894 4389 3738 4429 kommen lassen will, so sollen die Nebenbahnen, die
2895 4430 3737 4471 weitesten Bevölkerungskreisen dienen, auch besonders
2895 4472 3147 4504 genannt werden.
2946 4519 3739 4553 Ritschard bemerkt, der Endzweck seines Antrages
2895 4554 3736 4594 stimme ja eigentlich überein mit dem Scheurers. Der
2895 4594 3740 4634 Einwurf, sein Antrag engagiere die Eidgenossenschaft zu
2895 4635 3740 4675 sehr und aufs Geratewohl hin, widerlegt er und erklärt,
2895 4675 3740 4715 wenn dies zuträfe, würde er ihn nicht gestellt haben.
2895 4716 3741 4756 Aber er glaubt, finanziell werde man sich in keine zu
2895 4756 3741 4796 großen Engagements verlieren, die thatsächliche Möglich¬
2894 4797 3743 4837 keit der Unterstützung würde Grenzen ziehen. Er stellt
2895 4838 3740 4878 sich vor, man würde daran ein allgemeines Subventio¬
2895 4878 3742 4918 nierungsgesetz für Nebenbahnen anschließen, das ent¬
2895 4919 3741 4959 sprechende Kautelen enthalten müßte. Nach dem Antrag
2896 4960 3743 5000 Scheurers sei die Unterstützung etwas problematisch. Wie
2895 5001 3740 5041 viel der Gewinn betragen werde, könne man nicht sagen.
2894 5041 3743 5081 Zudem müßten die disponiblen 80 Prozent noch zu
2894 5082 3743 5122 andern Dingen als für die Nebenbahnen verwendet wer¬
2895 5123 3743 5163 den. Die Bahnen gingen erst 1903 an den Bund über.
2895 5163 3743 5203 Bis dahin habe man keinen Betriebsüberschuß. Nach
2893 5204 3744 5244 seinem Antrag könnte der Bund schon in nächster Zeit
2893 5245 3742 5285 zu bauende Nebenbahnen finanziell unterstützen. Ritschard
2893 5286 3742 5325 erwähnt nochmals den Nutzen der Nebenbahnen. Er
2886 5326 3737 5353 empfiehlt die Anträge, sei es den eigenen, sei es den
