2023 2480
154 132 344 229 Nro.
407 130 551 259 76.

1415 140 1635 226 1816.

48 305 648 447 Zürcher-

1281 302 1858 449 Zeitung.

233 481 460 533 Freytag

1379 482 1442 523 den
1467 490 1525 521 20.
1550 479 1772 528 September.

55 602 184 635 Gedruckt
196 602 250 633 und
263 611 293 638 zu
307 605 393 641 finden
406 605 433 635 in
448 605 490 641 der
490 605 710 641 Buchhandlung
723 612 772 637 von
785 605 906 637 Orell,
932 605 1031 641 Füßli
1051 604 1103 635 und
1122 602 1332 639 Compagnie
1351 601 1402 633 und
1417 602 1464 637 auf
1476 599 1551 635 allen
1551 599 1683 635 Schweiz.
1696 599 1866 635 Postämtern.

93 689 303 721 Nord-Amerika
318 692 497 725 (Achtzehnter
506 692 609 721 Kanton
620 691 663 722 der
674 690 790 726 dortigen
802 691 987 727 Freystaaten).
1027 688 1161 721 Spanien.
1200 687 1423 721 Großbritannien
1438 685 1627 720 (Ehbrenfänger
1639 692 1685 714 von
1696 686 1869 718 Buonaparte

132 726 184 753 und
211 727 321 760 Ludwig
321 727 348 760 à
372 735 482 762 15,000.
495 727 595 758 Livres.
633 728 689 759 Die
700 729 938 760 Gasbeleuchtung.
975 726 1030 756 Die
1050 728 1119 761 Frau
1137 733 1186 755 von
1204 725 1351 756 Krudener.
1387 725 1446 755 Der
1464 723 1564 757 tapfere
1580 724 1677 757 Herzog
1695 724 1747 754 von
1747 724 1866 754 Parma.

130 761 281 795 Englisches
295 764 398 796 Urtheil
418 764 477 793 über
497 765 625 796 Goethe's
639 764 777 796 Wahrheit
791 767 843 792 und
860 763 1015 796 Dichtung).
1064 762 1210 797 Frankreich
1232 759 1476 795 (Verschwörungen
1494 767 1522 791 zu
1537 766 1602 791 zwey
1619 759 1717 789 Liards,
1738 760 1790 788 und
1807 760 1866 794 noch

131 797 258 833 minder).
296 801 471 831 Niederlande
491 802 550 832 (Da
566 802 638 831 wolle
657 803 727 832 Gott
743 800 784 833 für
800 801 903 835 seyn!).
938 799 1109 833 Deutschland
1130 799 1263 834 (Signora
1283 796 1449 830 Catalani).
1469 797 1597 829 Neuestes
1618 795 1743 830 (Algier).

293 872 715 904 Nord-Amerika.

94 913 149 943 Die
169 915 370 952 Vereinigten
390 916 528 947 Staaten
547 924 610 947 von
631 917 882 950 Nord-Amerika
901 917 952 952 sind

56 955 153 984 wieder
173 957 225 985 mit
240 957 323 987 einem
343 965 424 988 neuen
440 959 541 990 Staate
565 962 702 993 vermehrt.
740 963 809 995 Das
826 961 953 995 bisherige

56 998 158 1030 Gebiet
171 999 332 1035 Indiana,
352 1001 468 1034 zwischen
483 1003 531 1032 den
545 1003 643 1038 Flüssen
656 1005 742 1039 Ohi,
764 1004 951 1039 Mississippi

56 1041 109 1072 und
132 1041 274 1074 Scioto,
303 1044 353 1073 und
376 1044 424 1073 den
450 1044 566 1075 Ländern
593 1046 636 1076 der
662 1046 751 1080 freyen
771 1048 950 1084 Indianer,

55 1086 173 1118 21,000.
173 1086 273 1118 Quad.
273 1086 378 1118 Meilen
392 1086 464 1121 groß,
484 1093 572 1118 wovon
583 1085 630 1124 die
630 1085 765 1124 Gewässer
779 1098 861 1127 4000.
871 1092 949 1123 QM.

56 1125 228 1162 einnehmen,
248 1129 338 1166 dessen
338 1129 608 1166 Einwohner-Anzahl
621 1133 678 1168 jetzt
694 1134 741 1167 auf
758 1132 877 1170 90,000.
877 1132 951 1170 See¬

55 1171 97 1199 len
118 1170 243 1207 gestiegen
267 1172 313 1208 ist,
338 1174 441 1207 wurde,
466 1174 598 1213 nachdem
598 1174 649 1213 es
649 1174 738 1213 5000.
761 1177 830 1212 freye
849 1178 951 1213 waffen¬

52 1210 149 1250 fähige
149 1210 295 1250 Männer
295 1210 380 1250 zählt
380 1210 408 1250 ,
408 1210 488 1250 zum
488 1210 700 1250 achtzehnten
700 1210 823 1250 Staate
823 1210 950 1250 erhoben.

51 1256 103 1295 Da
124 1260 154 1285 er
177 1254 221 1288 sich
241 1253 388 1292 nordwärts
413 1255 468 1287 hin
468 1255 510 1287 in
530 1250 579 1293 die
579 1250 790 1293 Canadischen
813 1258 890 1288 Seen
912 1262 952 1287 er¬

52 1296 140 1330 streckt
152 1313 161 1327 ,
191 1296 216 1330 so
237 1296 353 1331 erhalten
376 1291 488 1328 dadurch,
501 1294 543 1327 die
563 1294 759 1340 Freystaaten
785 1298 841 1332 eine
863 1300 951 1340 festere

54 1339 173 1378 Haltung
191 1345 270 1374 gegen
292 1339 339 1370 das
359 1339 526 1374 Brittische
547 1338 810 1374 Nord-Amerika.

382 1383 628 1414 Spanien.

92 1424 205 1457 Bereits
223 1429 328 1458 unterm
355 1436 397 1463 19.
413 1428 474 1462 Jul.
498 1428 541 1459 hat
565 1428 609 1457 der
629 1427 715 1462 König
736 1428 777 1459 ein
803 1431 947 1469 Gutachten

54 1470 153 1506 seines
153 1470 282 1506 Conseils
299 1469 464 1505 genehmigt,
484 1473 596 1504 wornach
617 1471 666 1501 den
682 1472 812 1504 Wittwen
829 1475 872 1503 der
888 1475 950 1503 aus¬

55 1514 237 1548 gewanderten
262 1513 425 1548 Spanier,
445 1520 519 1543 wenn
538 1513 575 1548 sie
587 1516 634 1545 den
656 1516 713 1545 Tod
735 1516 802 1548 ihrer
823 1518 937 1551 Ehemän¬

55 1564 101 1588 ner
111 1556 325 1590 rechtsbeständig
339 1555 460 1589 beweisen
473 1556 586 1589 können,
605 1555 646 1588 die
658 1560 783 1592 Rückkehr
793 1561 854 1595 nach
854 1561 936 1595 Spa¬

57 1599 126 1630 nien
149 1600 253 1630 erlaubt
269 1600 345 1634 seyn,
366 1599 494 1633 dieselben
512 1600 595 1636 jedoch
617 1607 704 1635 unter
714 1602 866 1638 polizeiliche
884 1604 948 1640 Auf¬

55 1640 114 1676 sicht
130 1644 225 1676 gestellt
244 1646 343 1674 werden
368 1644 458 1678 sollen.

264 1687 741 1721 Großbritannien.

93 1728 165 1763 (Aus
188 1727 521 1766 Londoner-Zeitungen
541 1739 598 1760 vom
622 1740 668 1767 31.
685 1735 768 1773 Aug.)
817 1733 877 1765 Wir
896 1733 947 1767 sind

57 1771 207 1806 ermächtigt
224 1772 272 1800 das
290 1774 403 1803 Gerücht
420 1782 468 1804 von
489 1774 559 1804 einer
579 1775 658 1808 Reise
676 1776 722 1805 des
739 1777 792 1806 Sir
807 1778 946 1809 Samuel

55 1810 197 1852 Romilly
220 1816 277 1846 nach
300 1815 448 1850 Italien,
487 1824 516 1850 zu
540 1818 610 1848 einer
634 1820 811 1859 Unterredung
826 1821 882 1855 mit
902 1823 946 1851 der

49 1858 210 1897 Prinzessin
224 1864 288 1888 von
301 1854 432 1891 Wales,
455 1859 495 1893 für
511 1870 572 1899 ganz
587 1864 769 1900 ungegründet
769 1864 807 1900 zu
822 1866 944 1896 erklären.

56 1901 288 1938 (Statesman.)
307 1913 341 1921 —
360 1894 440 1946 Man
440 1894 550 1946 schreibt
570 1907 623 1935 aus
635 1906 751 1947 Paris:
771 1910 804 1944 H.
817 1909 944 1940 Baour-¬

56 1942 203 1980 Lormian
220 1946 287 1984 habe
303 1946 359 1976 eine
377 1946 436 1975 von
436 1946 485 1975 der
498 1947 605 1982 Polizey
620 1949 727 1983 bestellte
744 1951 839 1987 Epître
839 1951 888 1987 au
888 1951 942 1987 Roi

53 1987 136 2029 fertig
153 1988 289 2023 geliefert,
308 1990 395 2022 welche
415 1990 473 2019 nach
489 1989 675 2028 Versicherung
694 1993 737 2023 der
756 1995 870 2029 Kritiker
891 2003 944 2027 von

47 2020 167 2082 Anfang
167 2020 231 2082 bis
231 2020 269 2082 zu
289 2033 361 2069 Ende
381 2034 429 2063 aus
448 2033 532 2062 lauter
554 2032 685 2066 einzelnen
708 2032 811 2072 Versen
832 2039 944 2072 besteht,

52 2074 99 2112 die
117 2080 153 2110 er
179 2073 265 2108 früher
293 2084 324 2111 zu
353 2077 437 2111 Ehren
462 2078 708 2113 Buonaparte's
721 2083 837 2118 gemacht
860 2083 942 2117 hatte.

54 2117 145 2156 Indeß
160 2116 260 2156 fordert
278 2126 307 2149 er
326 2129 436 2156 15,000.
456 2122 500 2156 Fr.
518 2121 602 2151 dafür.
640 2117 815 2161 (Courier.)

51 2157 185 2210 (Vom
185 2157 247 2210 31.
263 2164 348 2197 Aug.)
399 2164 454 2195 Die
467 2166 699 2203 Gasbeleuchtung
719 2167 825 2200 breitet
833 2168 876 2209 sich
896 2169 942 2202 im¬

50 2213 110 2248 mer
127 2206 217 2238 mehr,
236 2205 296 2236 auch
315 2205 344 2238 in
362 2207 412 2236 den
423 2202 573 2241 Provinzen
573 2202 592 2241 ,
592 2202 661 2241 aus.
675 2208 754 2246 Die
767 2214 866 2250 Stadt
866 2214 942 2250 Pre¬

55 2251 120 2285 ston
139 2249 168 2280 in
178 2249 361 2284 Lancashire
380 2250 426 2284 hat
439 2249 540 2282 bereits
559 2264 637 2282 1000
657 2251 746 2288 Yards
763 2254 859 2289 eiserne
871 2257 946 2291 Röh¬

55 2299 100 2329 ren
117 2294 224 2331 gelegt;
241 2291 309 2332 diese
325 2291 416 2330 liefern
431 2295 491 2333 Gas
511 2295 553 2333 für
572 2306 637 2333 900.
653 2295 777 2331 Laternen
785 2295 799 2338 ,
799 2295 912 2338 welche
912 2295 940 2338 so

980 875 1042 907 stark
1068 874 1199 906 leuchten,
1230 874 1271 907 als
1293 880 1377 909 4000.
1393 873 1556 902 Reverberen
1579 871 1629 901 mit
1650 870 1774 904 Unschlitt
1800 872 1868 904 thun

978 917 1090 947 würden.
1128 915 1244 952 Zugleich
1258 917 1304 949 hat
1317 923 1375 946 man
1391 916 1449 945 dort
1458 915 1512 945 den
1528 916 1605 949 ersten
1622 915 1733 948 Versuch
1747 917 1867 949 gemacht,

978 959 1051 990 einen
1074 959 1167 994 großen
1181 960 1269 988 Raum
1292 961 1342 988 aus
1360 957 1453 989 Einem
1472 959 1571 993 Punkte
1593 966 1621 990 zu
1640 959 1792 990 beleuchten.
1824 959 1865 992 In

977 1003 1020 1031 der
1033 1001 1121 1034 Mitte
1136 1003 1183 1032 des
1197 1003 1306 1033 Markts
1326 1002 1414 1036 erhebt
1435 1001 1476 1033 sich
1496 1001 1553 1031 eine
1567 1002 1701 1035 Gothische
1717 1002 1802 1032 Säule
1816 1008 1867 1030 von

977 1045 1071 1079 Eisen,
1090 1047 1135 1081 36.
1156 1044 1211 1080 Fuß
1231 1044 1296 1078 hoch.
1346 1044 1403 1077 Auf
1419 1044 1500 1077 dieser
1516 1045 1580 1079 steht
1597 1043 1653 1074 eine
1672 1044 1721 1074 mit
1744 1046 1804 1075 Gas
1823 1045 1867 1075 be¬

975 1090 1096 1120 leuchtete
1113 1088 1202 1121 Vase,
1227 1086 1266 1117 die
1285 1087 1309 1120 so
1331 1085 1381 1116 viel
1401 1086 1468 1119 Licht
1486 1087 1642 1119 verbreitet,
1671 1089 1712 1116 als
1736 1088 1799 1122 sonst
1817 1095 1864 1123 50.

975 1130 1150 1162 Reverberen.
1174 1143 1209 1151 —
1233 1131 1273 1164 In
1291 1131 1405 1162 Malta
1421 1130 1564 1163 vertauscht
1581 1137 1641 1160 man
1660 1131 1716 1166 jetzt
1734 1133 1791 1163 nach
1811 1131 1867 1163 und

977 1177 1034 1206 nach
1056 1174 1096 1205 die
1119 1176 1169 1204 aus
1184 1172 1232 1202 den
1250 1172 1343 1210 Zeiten
1362 1173 1407 1202 des
1423 1172 1529 1205 Ordens
1546 1174 1731 1207 herrührenden
1751 1176 1868 1206 metalle¬

974 1224 1031 1248 nen
1037 1219 1178 1254 Kanone
1182 1215 1235 1245 mit
1244 1215 1369 1249 eisernen
1375 1232 1387 1249 ,
1413 1215 1456 1246 da
1456 1215 1518 1246 wir
1539 1216 1581 1245 die
1599 1219 1695 1249 ertern
1711 1218 1763 1255 auf
1772 1219 1865 1252 unsrer

975 1256 1063 1290 Flotte
1083 1254 1162 1289 besser
1181 1256 1306 1291 brauchen
1316 1254 1431 1289 können.
1485 1260 1698 1293 Wahrscheinlich
1714 1262 1767 1294 gab
1776 1261 1869 1302 dieser

975 1298 1093 1332 Umstand
1115 1298 1201 1332 Anlaß
1217 1306 1245 1331 zu
1257 1299 1321 1328 dem
1340 1299 1462 1329 albernen
1478 1300 1614 1336 Gerücht,
1633 1303 1676 1334 als
1690 1304 1720 1333 ob
1740 1311 1799 1335 man
1808 1308 1864 1335 An¬

975 1342 1062 1375 stalten
1084 1347 1129 1373 zur
1151 1341 1292 1376 Räumung
1312 1349 1360 1371 von
1380 1343 1495 1374 Malta
1509 1347 1617 1378 machte.

1010 1387 1079 1418 Nach
1097 1384 1290 1422 Privatbriefen
1308 1388 1358 1414 aus
1377 1387 1475 1419 Paris
1497 1387 1550 1421 (im
1565 1390 1749 1426 Englischen
1769 1390 1869 1423 Blatte

973 1428 1019 1459 des
1032 1430 1196 1463 Couriers)
1215 1429 1257 1462 soll
1273 1430 1331 1459 dort
1347 1429 1392 1459 ein
1400 1431 1481 1460 Blatt
1496 1430 1539 1461 der
1556 1432 1780 1466 Quotidienne
1794 1435 1867 1470 (dat.

974 1473 1082 1507 Basel)
1104 1473 1264 1503 unterdrückt
1276 1473 1380 1502 worden
1396 1473 1475 1507 seyn,
1495 1474 1554 1505 weil
1567 1476 1644 1505 darin
1664 1476 1713 1506 mit
1727 1477 1865 1513 seltsamen

973 1516 1024 1546 und
1040 1516 1062 1551 so
1077 1514 1278 1551 unanständigen
1285 1516 1434 1552 Umständen
1451 1518 1591 1556 angeführt
1603 1526 1671 1551 war,
1690 1520 1730 1552 die
1740 1521 1809 1557 Idee
1818 1521 1863 1551 der

972 1560 1006 1594 H.
1026 1558 1129 1591 Allianz
1146 1556 1251 1593 stamme
1273 1566 1322 1590 von
1335 1560 1378 1589 der
1392 1563 1460 1595 Frau
1474 1568 1539 1592 von
1552 1562 1723 1595 Krudener
1736 1566 1795 1599 her,
1814 1564 1862 1598 daß

964 1602 1019 1632 wir
1036 1603 1167 1636 erstaunen
1179 1603 1296 1635 mußten,
1316 1603 1401 1635 diesen
1415 1603 1515 1636 Artikel
1531 1607 1594 1639 auch
1608 1605 1635 1636 in
1652 1609 1771 1646 mehrern
1771 1609 1863 1646 deut¬

974 1646 1052 1681 schen
1064 1645 1189 1677 Blättern
1206 1645 1299 1676 wieder
1315 1654 1344 1679 zu
1361 1646 1457 1681 finden.

1008 1689 1076 1720 Eine
1089 1690 1172 1719 andre
1188 1690 1350 1726 Englische
1370 1690 1483 1726 Zeitung
1504 1692 1609 1727 erzählt
1619 1694 1734 1729 folgende
1749 1693 1862 1732 angebli¬

971 1736 1009 1767 che
1020 1734 1154 1764 Anektode
1154 1734 1207 1764 von
1217 1734 1274 1763 dem
1286 1735 1379 1768 Sohne
1389 1735 1434 1764 der
1443 1736 1610 1772 Erzherzogin
1620 1739 1729 1770 Marie
1738 1740 1857 1778 Louise.

971 1778 1028 1808 Der
1043 1778 1137 1811 Kaiser
1156 1777 1234 1811 begab
1249 1777 1292 1811 sich
1308 1776 1405 1811 neulich
1419 1777 1472 1808 mit
1484 1778 1568 1816 seinen
1579 1782 1771 1816 Prinzessinnen
1783 1782 1862 1819 Töch¬

971 1826 1027 1850 tern
1045 1821 1098 1850 und
1116 1820 1172 1851 dem
1188 1819 1287 1851 kleinen
1304 1820 1416 1857 Prinzen
1432 1825 1491 1854 nach
1503 1823 1733 1858 Schönbrunn,
1752 1835 1796 1858 um
1810 1826 1858 1858 den

969 1872 1064 1899 jungen
1068 1864 1180 1905 Löwen
1180 1864 1224 1905 zu
1244 1863 1334 1909 sehen,
1354 1866 1460 1898 welchen
1479 1866 1523 1900 die
1536 1867 1681 1906 Prinzessin
1701 1878 1761 1903 von
1780 1873 1859 1901 Wa¬

968 1911 1015 1940 les
1029 1909 1084 1948 Sr.
1094 1906 1222 1947 Majestät
1238 1914 1300 1943 zum
1319 1908 1451 1940 Geschenk
1462 1901 1572 1948 gesandt
1572 1901 1663 1947 hat.
1663 1901 1784 1947 Dieser
1784 1901 1859 1947 Löwe

969 1951 1032 1982 wird
1049 1959 1098 1983 von
1115 1958 1182 1985 zwey
1197 1951 1291 1991 Ziegen
1309 1951 1429 1986 gesäugt,
1450 1952 1527 1983 deren
1541 1954 1598 1984 eine
1619 1957 1663 1986 bey
1682 1958 1727 1986 der
1737 1957 1857 1991 Annähe¬

968 2001 1034 2030 rung
1047 1996 1091 2026 der
1103 1992 1273 2031 Erzherzogin
1273 1992 1335 2031 auf
1335 1992 1381 2031 sie
1381 1992 1491 2031 zuging,
1510 1998 1563 2026 und
1574 1997 1605 2032 sie
1620 1999 1670 2028 mit
1681 2000 1730 2030 den
1739 1997 1866 2036 Hörnern

968 2029 1058 2073 stoßen
1070 2040 1165 2068 wollte.
1199 2038 1267 2072 Der
1267 2038 1353 2072 junge
1369 2038 1459 2075 Prinz
1459 2038 1522 2075 lief
1536 2042 1583 2075 auf
1596 2043 1637 2072 die
1655 2043 1733 2079 Ziege
1752 2053 1799 2078 zu,
1820 2051 1859 2075 er¬

968 2082 1030 2117 griff
1045 2082 1079 2118 sie
1094 2083 1139 2118 bey
1157 2082 1205 2112 den
1221 2081 1357 2117 Hörnern,
1386 2084 1438 2112 und
1456 2084 1526 2118 sagte
1531 2072 1648 2121 gelassen
1659 2093 1682 2128 :
1704 2089 1781 2124 „Sie
1798 2087 1861 2120 kön¬

969 2133 1016 2156 nen
1038 2126 1095 2161 jetzt
1116 2126 1212 2161 gehen,
1230 2125 1297 2156 liebe
1318 2125 1426 2159 Tante,
1444 2128 1558 2161 fürchten
1580 2130 1634 2160 Sie
1655 2131 1697 2167 sich
1714 2132 1802 2169 nicht,
1820 2133 1867 2167 ich

969 2170 1037 2208 halte
1057 2169 1121 2204 fie."

1003 2213 1054 2244 Ein
1081 2213 1186 2249 eifriger
1200 2214 1385 2251 Engländer
1407 2215 1503 2252 liefert
1503 2215 1541 2252 in
1562 2218 1621 2249 dem
1636 2219 1742 2255 Junius
1755 2216 1769 2252 ,
1769 2216 1860 2252 Stück

971 2260 1040 2291 1816
1052 2257 1105 2295 des
1105 2257 1315 2295 Edingburgh
1320 2257 1446 2290 Review
1462 2259 1550 2306 (einer
1564 2263 1697 2301 britischen
1697 2263 1857 2301 Zeitschrift,

967 2301 1007 2336 die
1023 2300 1049 2335 in
1065 2302 1215 2341 England
1231 2302 1295 2339 sonst
1314 2303 1363 2335 mit
1382 2304 1463 2339 Recht
1484 2303 1530 2340 für
1545 2305 1613 2340 viele
1630 2309 1721 2348 Fächer
1739 2317 1783 2349 der
1798 2309 1857 2350 Lit¬
