1852 2362
521 143 661 255 N°.
661 143 788 255 67.
969 143 1297 255 1798.

193 333 777 469 Zürcher
905 345 1533 463 Zeitung.

342 580 733 633 Mittwoch,
787 579 881 626 den
921 588 991 628 22.
1034 578 1402 635 Augstmonat.

295 753 594 810 Ausland

77 800 367 850 Frankreich.
391 808 692 852 [Gesetzgeber.]
713 814 783 849 Den
795 821 844 852 23.

38 845 154 884 Therm.
173 851 192 884 (
203 857 249 881 10.
264 850 357 890 Aug.)
383 854 466 883 ward
485 853 544 884 das
564 850 628 890 Fest
641 853 701 883 des
723 860 770 883 10.
785 851 844 884 Au¬

38 885 121 923 gusts
138 892 207 920 vom
226 887 325 926 Rathe
346 888 489 928 gefeyert.
504 890 632 922 Lecointe
647 889 845 928 Punrabeaux

39 923 109 960 hielt
126 933 188 958 eine
211 924 300 960 Rede.
334 928 376 963 Er
399 930 504 967 zeigte,
527 927 594 960 was
615 927 762 966 eigentlich
786 929 847 960 das

38 960 222 1001 Königthum
236 968 295 997 und
307 967 361 998 wie
370 969 405 998 es
418 966 586 1003 entstanden
603 966 662 1004 sey,
681 966 753 1003 seine
768 968 846 1000 Aus¬

37 1001 246 1041 schweifungen
270 1003 423 1036 bewirkten
449 1006 542 1041 seinen
566 1006 741 1042 Untergang.
772 1005 847 1040 Seit

38 1041 89 1074 der
113 1037 429 1080 Zusammenberufung
460 1046 510 1075 der
536 1042 765 1078 Generalstände
795 1043 844 1074 bis

37 1085 101 1117 zum
122 1081 205 1111 10ten
224 1075 333 1118 August
354 1083 484 1114 bediente
503 1079 561 1117 sich
561 1079 650 1117 das
650 1079 843 1117 Königthum

37 1123 127 1152 gegen
153 1118 208 1150 den
228 1119 358 1153 Genius
370 1119 419 1153 der
440 1117 585 1154 Republik
599 1135 607 1153 ,
636 1120 691 1151 mit
713 1121 794 1151 dem
808 1120 842 1149 es

37 1153 180 1191 kämpfte,
208 1157 280 1188 aller
303 1153 462 1194 möglichen
487 1155 744 1195 Treulosigkeiten,
773 1155 844 1187 aller

37 1189 195 1229 möglichen
214 1194 409 1233 Verbrechen;
430 1195 538 1231 endlich
561 1196 629 1226 aber
643 1193 728 1233 siegte
739 1195 789 1226 der
803 1202 845 1226 re¬

34 1229 243 1267 publikanische
256 1235 386 1269 Genius.
419 1234 485 1268 Der
501 1232 620 1267 Redner
627 1233 780 1270 schilderte
800 1234 846 1264 die

35 1269 292 1306 Begebenbeiten,
314 1275 359 1304 die
376 1273 440 1303 dem
460 1275 545 1303 10ten
566 1271 673 1309 August
695 1270 846 1309 vorherge-

35 1314 153 1345 gangen
179 1307 238 1342 sind
261 1313 320 1341 und
344 1311 389 1342 die
403 1310 462 1346 ihn
485 1310 579 1347 herbei
596 1306 714 1347 geführt
735 1308 845 1346 haben;

36 1354 66 1378 er
87 1344 145 1381 gab
162 1346 223 1377 eine
240 1345 317 1386 kurze
333 1347 497 1386 Geschichte
513 1351 562 1380 der
576 1354 653 1386 zwey
672 1347 760 1384 ersten
783 1349 846 1381 Na¬

34 1384 390 1424 tionalversammlungen.
423 1386 485 1419 Die
507 1386 640 1424 Freunde
661 1387 714 1418 des
734 1382 847 1423 König¬

37 1422 152 1463 thums
152 1422 267 1463 waren,
280 1431 328 1456 am
348 1433 393 1455 10.
412 1424 521 1463 August
534 1422 705 1462 bewaffnet;
725 1423 760 1460 sie
775 1425 844 1462 zeig¬

35 1465 85 1492 ten
116 1459 204 1502 sich,
217 1461 279 1493 wie
298 1463 423 1498 immer,
451 1463 504 1495 als
525 1461 632 1500 Feinde
652 1464 706 1494 des
727 1462 843 1500 Volks;

36 1500 85 1531 der
108 1498 230 1536 Kampf
245 1501 360 1538 begann
369 1518 380 1535 ,
409 1503 461 1532 der
484 1502 563 1538 Sieg
589 1508 652 1533 war
671 1502 762 1538 einige
782 1499 844 1539 Zeit

33 1536 189 1574 ungewiß,
212 1537 320 1572 endlich
342 1538 416 1570 blieb
436 1547 467 1569 er
479 1538 551 1577 den
551 1538 776 1577 Vertheidigern
793 1542 843 1570 der

32 1573 198 1613 Republik;
219 1579 277 1609 das
288 1576 477 1614 Zauberwort
495 1575 678 1613 Königthum
691 1579 771 1610 ward
787 1582 841 1615 zer¬

32 1611 107 1650 stört
107 1611 135 1650 ,
135 1611 194 1650 der
208 1613 416 1652 Royalismus
434 1612 673 1658 niedergestürzt,
690 1618 738 1648 die
754 1613 840 1653 Frey¬

31 1647 92 1688 heit
105 1650 206 1688 siegte,
218 1655 262 1685 die
272 1653 420 1689 Republik
431 1656 531 1686 wurde
539 1650 707 1691 gegründet.
727 1674 748 1689 „
759 1647 841 1690 Noch

31 1705 54 1728 „
74 1686 150 1729 fehlt
172 1691 231 1720 uns
261 1694 311 1723 der
333 1691 462 1734 Friede;
482 1693 531 1723 die
553 1691 671 1728 Schuld
698 1693 778 1730 liegt
794 1700 843 1723 am

31 1723 161 1763 Kabinet
178 1734 235 1759 von
253 1728 301 1760 St.
323 1730 437 1767 James
437 1730 467 1767 ,
467 1730 543 1767 aber
556 1729 638 1762 Alles
656 1730 776 1766 waffnet
789 1729 842 1765 sich

30 1782 54 1801 „
73 1773 162 1803 gegen
181 1766 272 1798 seinen
292 1767 555 1803 Despotismus."
570 1767 635 1801 Der
652 1767 735 1805 Ruf:
757 1770 792 1799 es
805 1768 841 1799 le¬

29 1804 64 1836 be
83 1805 128 1835 die
147 1802 308 1838 Republik!
330 1804 444 1840 erscholl
462 1814 531 1841 von
540 1807 616 1839 allen
634 1806 753 1840 Seiten.
782 1805 841 1839 Die

30 1841 130 1879 Musik
145 1843 243 1878 spielte
264 1846 318 1876 den
338 1842 635 1882 Marseillermarsch,
655 1848 713 1878 das
728 1845 843 1882 Caira,

23 1877 246 1917 Carmagnole,
260 1890 297 1914 rc.
310 1889 345 1913 rc.

67 1918 140 1951 Den
157 1928 204 1957 24.
216 1919 387 1955 Thermidor
406 1920 474 1964 (11.
491 1918 590 1957 Aug.)
610 1921 773 1958 beschwerte
788 1920 843 1959 sich

27 1956 139 1991 Louvet
150 1959 223 1991 (von
238 1962 288 1991 der
298 1957 430 1993 Somme
430 1957 458 1993 )
458 1957 527 1993 über
549 1961 592 1990 die
610 1962 754 1999 ungleiche
771 1959 843 1991 Ver¬

29 1993 163 2030 theilung
181 1997 230 2026 der
247 1995 403 2037 Auflagen.
419 1995 468 2026 An
488 1995 533 2027 die
552 1994 842 2041 Finanzkommission

27 2031 194 2068 verwiesen:
228 2034 354 2070 Laporte
371 2034 512 2071 erstattete
531 2036 613 2067 einen
637 2038 753 2072 Bericht
757 2034 842 2071 über

29 2073 76 2107 die
92 2071 214 2105 Mittel,
234 2072 265 2108 so
283 2070 386 2111 schnell
402 2073 458 2107 als
469 2069 591 2109 möglich
606 2074 660 2105 den
679 2074 842 2109 Spitälern

26 2107 252 2151 Usterstützung
252 2107 291 2151 zu
300 2110 488 2152 verschaffen.
502 2110 589 2147 Druk
604 2114 665 2147 und
684 2111 839 2153 Aufschub.

890 767 1036 800 Destrem
1059 765 1206 803 berichtete
1227 763 1295 801 über
1318 766 1362 798 die
1383 766 1542 805 Ausgaben
1557 769 1613 802 des
1630 761 1696 803 Mi¬

891 805 1058 841 nisteriums
1088 807 1137 836 der
1166 802 1367 843 auswärtigen
1391 802 1600 844 Verhältnisse.
1630 805 1693 839 Be¬

891 842 1039 881 schlossen,
1069 842 1127 880 daß
1153 842 1189 879 sie
1207 839 1285 880 für's
1309 846 1356 880 7te
1372 840 1452 881 Jahr
1470 840 1526 880 auf
1542 851 1565 882 4
1576 841 1697 877 Millio¬

892 889 948 913 nen
966 880 1051 919 gesezt
1069 883 1192 913 werden
1211 881 1442 922 Jacqueminots
1461 882 1554 913 neues
1578 879 1694 924 Projekt

892 917 961 952 über
979 920 1024 951 die
1038 917 1227 957 Hypotheken
1250 921 1333 952 ward
1352 927 1572 958 angenommen.

929 958 999 992 Den
1019 957 1065 988 26.
1084 955 1198 993 Therm.
1219 959 1285 997 (13.
1299 956 1388 996 Aug.)
1409 959 1492 990 ward
1509 958 1556 991 ein
1574 954 1696 997 Schrei¬

891 994 945 1027 ben
966 994 1030 1034 des
1030 994 1212 1034 ehemaligen
1231 992 1559 1032 Volksrepräsentanten
1576 995 1695 1028 Drouet

891 1032 1030 1069 verlesen,
1052 1035 1083 1065 in
1100 1034 1232 1069 welchem
1254 1041 1287 1066 er
1304 1041 1353 1066 um
1376 1031 1591 1072 Unterstützung
1604 1035 1633 1066 in
1644 1034 1693 1070 sei¬

890 1078 947 1104 nen
964 1067 1111 1108 dürftigen
1132 1068 1303 1108 Umständen
1320 1069 1433 1106 anhält.
1456 1072 1496 1106 Er
1511 1068 1620 1110 erzählt
1629 1074 1693 1104 da¬

890 1116 959 1142 rinn,
981 1117 1009 1140 er
1028 1107 1102 1145 habe
1102 1107 1171 1145 sich
1171 1107 1187 1145 ,
1207 1117 1256 1142 um
1268 1109 1325 1143 der
1343 1107 1533 1148 Verfolgung
1545 1116 1580 1147 zu
1599 1114 1697 1148 entge¬

889 1144 943 1184 hen
951 1163 962 1181 ,
982 1145 1038 1181 auf
1055 1149 1104 1180 der
1116 1145 1252 1186 Fregatte
1267 1147 1302 1180 La
1315 1148 1441 1182 Mutine
1453 1147 1530 1186 nach
1530 1147 1693 1186 Ostindien

890 1181 1072 1222 eingeschifft,
1092 1186 1193 1222 welche
1217 1181 1384 1223 unterwegs
1403 1192 1464 1218 von
1486 1188 1545 1219 den
1563 1181 1693 1223 Englän¬

889 1225 961 1255 dern
983 1231 1154 1260 genommen
1170 1226 1259 1258 ward.
1280 1223 1322 1256 Er
1338 1227 1437 1260 rettete
1458 1219 1511 1262 sich
1531 1223 1586 1263 auf
1601 1226 1692 1259 Tene¬

891 1259 975 1299 riffa,
1007 1264 1071 1300 trug
1101 1262 1156 1294 viel
1184 1267 1231 1301 zur
1260 1257 1417 1300 glücklichen
1437 1262 1607 1302 Abhaltung
1636 1262 1697 1296 des

888 1298 1055 1336 englischen
1074 1299 1283 1337 Geschwaders
1312 1307 1370 1333 von
1397 1300 1482 1336 dieser
1498 1297 1593 1340 Insel
1619 1298 1695 1340 bey,

891 1338 1006 1374 verlohr
1026 1339 1098 1369 dort
1111 1336 1199 1370 einen
1199 1336 1277 1370 Arm
1288 1337 1344 1375 im
1344 1337 1508 1375 Gefechte,
1536 1340 1597 1371 und
1629 1339 1697 1372 kam

892 1376 962 1411 nach
984 1376 1160 1414 Amsterdam
1176 1373 1268 1413 zurük.
1290 1379 1336 1411 An
1356 1378 1417 1409 eine
1433 1376 1632 1413 Kommission
1646 1383 1693 1415 ge¬

890 1408 1002 1450 wiesen.
1013 1429 1049 1435 —
1072 1416 1206 1452 Dalinou
1225 1414 1285 1446 kam
1307 1421 1364 1447 von
1384 1414 1472 1449 seiner
1490 1414 1614 1453 Mission
1634 1416 1697 1448 aus

890 1452 971 1484 Rom
986 1447 1093 1497 zurük,
1093 1447 1228 1497 erschien
1240 1451 1298 1490 auf
1311 1456 1359 1486 der
1374 1450 1608 1492 Rednerbühne,
1629 1456 1691 1488 und

890 1489 968 1529 legte
986 1493 1039 1522 den
1059 1486 1218 1528 Bürgereid
1240 1493 1286 1524 ab.

928 1526 1195 1567 [Italienische
1213 1528 1587 1570 Angelegenheiten.]
1598 1523 1696 1570 Paris

890 1568 945 1598 den
973 1574 1019 1606 23.
1037 1564 1154 1602 Therm.
1192 1566 1279 1602 (Den
1304 1574 1346 1599 10.
1376 1563 1598 1605 Augstmonat.)
1626 1567 1695 1601 Der

888 1604 1088 1643 Obergeneral
1105 1604 1208 1638 Brune
1224 1606 1321 1642 reißte
1321 1606 1408 1642 heute
1429 1606 1506 1645 nach
1506 1606 1632 1645 Italien
1646 1613 1696 1645 zu¬

889 1641 957 1680 rük,
978 1652 1025 1675 um
1045 1643 1161 1680 daselbst
1181 1645 1239 1675 das
1255 1638 1447 1677 Kommando
1472 1648 1522 1676 der
1541 1644 1577 1681 fr.
1599 1643 1696 1682 Trup¬

889 1690 946 1718 pen
965 1689 997 1719 zu
1013 1678 1210 1716 übernehmen.
1230 1683 1309 1719 Auch
1329 1682 1477 1715 Trouve's
1497 1681 1707 1721 Legationsse¬

889 1720 999 1752 kretär,
1018 1718 1060 1752 B.
1070 1718 1194 1756 David,
1205 1720 1283 1760 geht
1296 1723 1326 1753 in
1342 1722 1458 1760 einigen
1469 1722 1570 1760 Tagen
1585 1723 1692 1757 wieder

887 1760 964 1793 nach
977 1757 1115 1790 Mailand
1134 1759 1180 1790 ab.

921 1796 1148 1838 [Baraguay
1167 1796 1389 1838 d'Hillers.]
1412 1795 1477 1833 Der
1497 1797 1577 1830 Gen.
1595 1798 1692 1833 Bara¬

887 1834 975 1875 guay
975 1834 1114 1875 d'Hillers
1127 1836 1160 1870 ist
1170 1838 1228 1867 mit
1243 1835 1335 1872 feinen
1349 1845 1367 1868 2
1376 1837 1575 1873 Adjudanten,
1585 1837 1630 1868 die
1637 1834 1702 1874 auf

888 1877 940 1905 der
947 1872 1082 1912 Fregatte
1092 1873 1226 1910 Sensible
1241 1877 1294 1906 mit
1302 1873 1360 1910 ihm
1372 1873 1695 1912 gefangengenommen

886 1916 1026 1946 wurden,
1042 1912 1102 1950 hier
1115 1910 1310 1951 eingetroffen.
1331 1912 1390 1946 Sie
1399 1914 1528 1945 kommen
1541 1912 1608 1951 aus
1608 1912 1691 1951 Eng¬

887 1951 975 1982 land,
975 1951 1028 1982 wo
1037 1959 1104 1982 man
1114 1950 1202 1987 ihnen
1210 1951 1264 1989 auf
1270 1951 1315 1990 ihr
1324 1950 1511 1988 Ehrenwort,
1523 1950 1585 1989 daß
1585 1950 1627 1989 sie
1638 1957 1697 1984 von

888 1989 964 2024 ihrer
983 1988 1224 2025 Auswechslung
1242 1991 1318 2027 nicht
1344 1991 1427 2027 mehr
1438 1990 1556 2027 dienen
1556 1990 1701 2027 wollen

886 2026 1008 2060 erlaubt
1017 2027 1066 2062 hat
1075 2045 1085 2062 ,
1106 2029 1175 2063 nach
1195 2027 1364 2068 Frankreich
1385 2023 1611 2066 zurükzukehren.
1629 2026 1694 2060 Sie

887 2069 1012 2098 werden
1020 2066 1103 2111 heute
1118 2069 1189 2098 oder
1207 2075 1327 2106 morgen
1344 2068 1411 2100 eine
1421 2064 1555 2105 Audienz
1568 2066 1618 2102 bei
1618 2066 1694 2102 dem

887 2104 1087 2140 Directorium
1103 2105 1209 2145 haben.
1240 2106 1326 2143 Man
1346 2105 1408 2146 sagt
1416 2122 1428 2144 ,
1459 2106 1505 2140 die
1527 2104 1695 2146 Uebergabe
