2041 2362
1448 428 1937 560 Zeitung

292 254 409 330 N°.
458 270 527 335 4.

1505 266 1859 341 1791.

172 444 653 561 Zürcher

244 645 595 701 Mittwoch,

1500 636 1580 686 den
1609 646 1678 683 12.
1700 632 1882 690 Jenner.

417 827 781 871 Frankreich.

218 870 344 912 Paris,
362 877 444 905 vom
476 880 505 910 3.
538 867 682 909 Jenner.
726 866 788 905 Die
809 860 1003 905 Fischweiber
1017 865 1030 899 ,

175 911 272 952 oder,
294 913 350 946 wie
377 920 450 947 man
470 913 506 953 sie
527 912 557 945 in
577 911 676 951 Paris
699 910 815 943 nennt,
838 905 883 937 die
905 903 1029 936 Damen

175 959 240 986 von
270 954 322 985 der
345 953 437 994 Halle
450 970 460 988 ,
493 951 591 989 haben
613 952 672 982 den
694 943 962 985 Repräsentanten
978 943 1031 973 der

174 990 300 1032 Nazion
318 998 369 1023 am
381 990 547 1024 Vorabend
563 991 619 1023 des
637 989 736 1027 letzten
750 983 853 1023 Tages
871 983 912 1013 im
930 980 1032 1021 Jahre

174 1031 240 1063 eine
261 1031 415 1071 feyerlche
440 1028 537 1067 Visite
560 1027 756 1068 abgestattet,
780 1025 842 1056 und
864 1021 953 1058 ihnen
982 1024 1033 1057 zur

175 1066 354 1111 glücklichen
382 1069 586 1110 Beendigung
605 1066 698 1101 ihres
714 1062 911 1111 Jahrwerks
935 1057 1033 1096 Glück

175 1107 358 1151 gewünscht.
401 1110 457 1145 Da
473 1109 545 1147 diese
560 1104 813 1144 Glückswünsche
829 1103 857 1141 so
877 1101 1031 1140 eigentlich

176 1154 241 1184 aus
262 1155 321 1185 den
339 1151 452 1192 Herzen
478 1151 534 1183 des
553 1147 652 1183 Volks
675 1142 795 1185 flossen,
816 1143 846 1182 so
868 1142 975 1180 haben,
987 1141 1034 1174 bi«

176 1190 308 1228 Stände
338 1190 481 1230 dieselben
507 1190 563 1224 mit
586 1186 696 1230 grosser
724 1182 921 1223 Theilnahme
948 1188 1034 1218 ange¬

177 1228 268 1269 hört,
292 1239 344 1264 um
366 1233 395 1269 so
417 1231 528 1270 mehr,
560 1230 600 1261 da
627 1227 698 1264 diese
723 1223 872 1263 Damen,
895 1222 953 1256 wie
980 1220 1034 1260 sich

177 1271 241 1303 das
263 1268 405 1311 Journal
426 1273 461 1304 de
485 1267 583 1308 Paris
603 1261 789 1301 ausdrückt,
809 1263 840 1296 in
864 1263 915 1295 der
933 1259 1037 1294 Revo¬

177 1311 280 1344 lution
296 1313 381 1346 einen
399 1311 430 1351 so
447 1307 624 1353 glücklichen
642 1308 706 1340 und
727 1300 892 1344 mächtigen
904 1299 1033 1342 Einfluß

177 1351 395 1391 behaupteten.

219 1392 293 1429 Den
322 1393 484 1434 folgenden
504 1388 582 1430 Tag
592 1385 708 1425 darauf
721 1382 819 1425 haben
841 1381 887 1416 die
906 1379 1036 1416 Stände

177 1435 261 1477 jener
283 1442 387 1468 armen
400 1431 605 1472 Volksklasse,
628 1421 737 1462 welche
754 1425 805 1458 als
827 1422 964 1461 Almosen
990 1429 1037 1461 ge¬

178 1474 260 1515 wisse
278 1473 401 1510 Renten
414 1481 485 1507 vom
498 1471 616 1513 Staate
630 1465 754 1509 jährlich
772 1472 805 1505 zu
818 1462 949 1502 beziehen
968 1461 1036 1500 hat,

178 1517 265 1557 einen
287 1515 351 1554 sehr
373 1514 575 1552 wesentlichen
600 1507 710 1547 Dienst
730 1504 876 1550 erwiesen.
918 1500 1037 1538 Bisher

179 1557 308 1589 wurden
331 1554 405 1593 diese
426 1554 571 1588 Renten,
593 1551 666 1583 nach
681 1550 734 1580 der
757 1542 964 1582 eingeführten
978 1541 1037 1574 Ge¬

178 1593 334 1632 wohnheit
350 1611 361 1630 ,
393 1595 468 1630 und
479 1590 547 1625 weil
570 1591 621 1621 der
638 1583 828 1622 Buchstaben
851 1581 932 1618 ihrer
954 1580 1037 1615 Aus¬

179 1630 312 1677 zahlung
341 1632 394 1672 erst
421 1635 508 1665 unter
537 1628 590 1663 Lit.
614 1627 641 1663 8.
667 1634 701 1667 zu
723 1622 820 1665 stehen
846 1622 940 1657 kam,
972 1617 1036 1657 sehr

179 1674 248 1718 spät
268 1672 458 1715 ausbezahlt.
501 1670 579 1712 Herr
598 1667 699 1709 Anson
718 1663 810 1700 nahm
829 1660 881 1698 sich
901 1667 933 1692 in
955 1666 1035 1693 einer

179 1720 245 1758 sehr
260 1715 430 1751 rührenden
449 1712 568 1749 Anrede
582 1717 623 1744 an
643 1709 688 1742 die
700 1702 933 1743 Versammlung
943 1698 1036 1736 dieser

178 1760 296 1795 Armen
324 1763 389 1791 an,
431 1755 492 1787 und
519 1751 632 1785 machte
660 1748 707 1782 die
730 1744 881 1780 Mozion,
903 1741 964 1777 daß
988 1740 1037 1772 die

179 1800 303 1837 Renten
324 1800 385 1829 von
409 1799 507 1834 1790,
541 1785 650 1826 welche
677 1790 735 1822 den
760 1783 909 1823 dürftigen
929 1782 1036 1816 Leuten

178 1836 333 1882 gehören,
354 1834 478 1875 sogleich
493 1831 548 1866 mit
562 1829 685 1871 Anfang
705 1826 846 1869 Jenners
858 1819 1037 1871 ausgezahlt

179 1883 302 1916 werden
323 1876 446 1916 sollten,
469 1871 631 1914 besonders
651 1870 725 1906 auch
743 1867 774 1900 in
791 1867 843 1900 der
862 1860 1037 1902 Rücksicht,

179 1922 249 1958 weil
270 1919 359 1957 dieser
380 1914 499 1952 Monat
521 1918 624 1952 wegen
651 1911 703 1943 der
728 1907 843 1946 rauhen
864 1901 1037 1945 Jahreszeit

180 1963 240 1996 den
257 1958 392 2000 Mangel
407 1965 448 1990 an
464 1948 717 1995 empfindlichsten
739 1956 775 1989 zu
795 1947 915 1981 machen
933 1942 1035 1983 pflegt.

179 2000 236 2036 Da
251 2003 297 2036 die
315 2007 406 2038 ganze
428 1996 563 2033 Summe
588 2000 644 2027 nur
665 1987 815 2031 ungefähr
835 1994 953 2028 500000
976 1985 1036 2018 Liv.

180 2037 323 2082 beträgt,
347 2042 377 2079 so
400 2034 508 2073 könnte
530 2035 592 2070 eine
616 2032 706 2071 solche
725 2025 900 2068 Kleinigkeit
926 2025 963 2062 in
981 2025 1038 2057 den

180 2088 238 2125 zur
245 2080 388 2122 Zahlung
404 2079 587 2117 bestimmten
597 2073 708 2116 Fonds
720 2070 770 2111 für
788 2067 863 2106 diese
876 2065 952 2107 Zeit,
958 2064 1039 2099 keine

180 2122 245 2164 sehr
267 2121 449 2162 auffallende
475 2113 698 2155 Veränderung
717 2108 920 2150 verursachen.
974 2106 1039 2143 Die

181 2156 316 2203 Stände
332 2161 433 2203 haben
456 2158 531 2202 diese
551 2153 748 2199 Gelegenheit
770 2152 828 2190 mit
855 2146 975 2192 Freude
997 2153 1039 2183 er¬

1078 821 1205 862 griffen,
1227 822 1278 854 der
1290 815 1409 853 ärmern
1416 818 1603 858 Volksklasse
1613 820 1698 851 einen
1708 816 1838 852 Beweis
1852 814 1937 853 ihrer

1079 858 1275 901 sorgfältigen
1290 859 1551 899 Aufmerksamkeit
1569 857 1625 896 auf
1645 858 1690 889 die
1712 852 1935 893 Verbesserung

1078 904 1134 934 des
1150 899 1322 938 Schicksals
1350 901 1402 932 der
1425 895 1596 938 Dürftigen
1616 904 1652 937 zu
1678 895 1790 936 geben,
1811 895 1874 926 und
1896 901 1941 933 zu

1078 944 1145 976 dem
1155 943 1243 975 Ende
1262 936 1409 974 erkannt,
1430 939 1490 982 daß
1510 940 1572 971 das
1580 934 1723 978 Zahlamt
1737 934 1795 967 alle
1810 931 1938 975 Renten

1080 987 1150 1012 vom
1169 976 1253 1018 Jahr
1271 985 1366 1017 1790,
1388 974 1499 1018 welche
1499 974 1592 1018 zum
1592 974 1746 1018 Vortheil
1754 980 1805 1010 per
1819 970 1938 1011 Armen

1080 1019 1226 1057 bestimmt
1242 1016 1328 1057 sind,
1350 1017 1440 1056 gleich
1460 1018 1516 1049 mit
1537 1018 1605 1050 dem
1626 1013 1766 1054 Anfange
1784 1009 1843 1046 des
1854 1013 1937 1053 Jen¬

1081 1061 1153 1092 ners
1175 1065 1246 1101 1791
1265 1057 1430 1099 auszahlen
1450 1057 1530 1096 solle.

1120 1098 1203 1133 Man
1219 1097 1347 1130 bemerkt
1364 1104 1445 1137 zwar
1464 1096 1537 1134 noch
1552 1094 1594 1128 im
1609 1092 1734 1134 Innern
1748 1091 1807 1128 des
1819 1089 1938 1131 König¬

1080 1140 1176 1177 reichs
1188 1138 1260 1171 bald
1274 1138 1338 1175 hier
1355 1136 1427 1169 bald
1437 1138 1509 1169 dort
1522 1131 1751 1172 aufrührerische
1762 1131 1938 1170 Bewegun¬

1083 1187 1138 1217 gen
1146 1190 1161 1216 ,
1181 1178 1226 1212 die
1238 1177 1308 1210 aber
1318 1177 1405 1213 durch
1415 1176 1464 1208 die
1471 1174 1643 1216 allgemeine
1650 1169 1865 1209 Wachsamkeit
1875 1169 1937 1203 des

1081 1218 1312 1260 Patriotismus
1334 1224 1389 1255 gar
1404 1213 1508 1253 schnell
1527 1214 1638 1249 wieder
1652 1206 1843 1244 unterdrückt
1854 1211 1939 1252 wer¬

1080 1261 1145 1292 den.
1189 1258 1283 1291 Was
1283 1258 1353 1291 das
1374 1253 1625 1294 unangenehmste
1649 1252 1718 1290 dey
1718 1252 1780 1290 der
1804 1248 1939 1292 Sache,

1081 1301 1143 1332 und
1156 1293 1204 1337 für
1218 1294 1344 1330 wackere
1364 1294 1537 1333 Geistliche,
1559 1293 1665 1328 welche
1678 1286 1733 1331 sich
1746 1290 1829 1326 Gott
1837 1308 1846 1326 ,
1870 1289 1937 1323 und

1081 1338 1159 1377 nicht
1182 1340 1250 1370 dem
1272 1330 1384 1370 Glücke
1406 1337 1471 1368 und
1492 1336 1544 1370 der
1569 1333 1678 1367 Macht
1706 1332 1785 1376 des
1794 1327 1938 1370 Priester¬

1081 1379 1190 1415 thums
1201 1377 1357 1416 geheiliget
1369 1374 1485 1413 haben,
1506 1381 1556 1406 am
1575 1370 1692 1410 meisten
1705 1368 1870 1403 betrübend
1886 1369 1937 1408 ist,

1080 1417 1144 1455 sind
1165 1417 1211 1450 die
1229 1411 1436 1456 zuverläßigen
1459 1410 1632 1454 Zeugnisse,
1654 1410 1718 1447 daß
1735 1418 1776 1443 an
1791 1411 1848 1441 den
1865 1409 1938 1443 mei¬

1082 1458 1146 1497 sten
1156 1456 1259 1493 Orten
1275 1458 1321 1489 die
1336 1455 1452 1488 Diener
1471 1455 1527 1486 des
1551 1451 1660 1485 Altars
1678 1449 1862 1488 Aufwiegler
1877 1448 1940 1482 des

1083 1497 1198 1532 Volkes
1218 1495 1307 1541 sind.
1332 1494 1406 1528 Das
1421 1493 1646 1529 Departement
1661 1497 1722 1523 von
1734 1488 1864 1525 Ardeche
1879 1485 1941 1526 hat

1083 1536 1139 1578 bey
1165 1539 1222 1569 den
1242 1528 1392 1571 Ständen
1418 1537 1521 1573 wegen
1545 1533 1601 1564 des
1626 1526 1831 1565 Hirtenbriefs
1849 1528 1938 1564 eines

1082 1577 1161 1615 ihrer
1188 1573 1445 1610 Gerichtsbarkeit
1478 1570 1724 1608 unterworfenen
1757 1562 1938 1608 Bischofes,

1081 1615 1206 1653 welcher
1227 1613 1440 1658 Fanatismus
1460 1614 1528 1645 und
1544 1610 1747 1649 Ungehorsam
1774 1614 1867 1647 gegen
1887 1606 1941 1641 die

1082 1656 1196 1696 Gesetze
1208 1655 1364 1694 prediget,
1385 1652 1450 1692 sehr
1462 1644 1692 1688 nachdrückliche
1705 1647 1942 1687 Vorstellungen

1084 1695 1231 1735 gemacht.
1258 1692 1334 1728 Die
1354 1691 1485 1730 Stände
1505 1692 1602 1729 haben
1627 1690 1672 1724 die
1687 1685 1826 1726 Addresse
1843 1680 1949 1731 dieses

1082 1735 1332 1774 Departements
1347 1736 1400 1767 der
1413 1727 1841 1772 Untersuchungskommißion
1854 1723 1941 1761 über¬

1079 1778 1187 1819 geben

1124 1817 1204 1852 Aber
1227 1814 1300 1852 auch
1319 1811 1400 1850 selbst
1419 1813 1450 1846 in
1467 1807 1562 1848 Mitte
1582 1810 1633 1844 der
1651 1804 1942 1846 Ständeversamm¬

1080 1857 1157 1897 lung
1173 1856 1290 1893 scheuen
1307 1853 1361 1893 fich
1375 1844 1562 1895 französische
1573 1844 1720 1887 Prälaten
1733 1846 1836 1884 nicht,
1841 1844 1945 1883 ihren

1082 1894 1286 1938 Ungehorsam
1296 1902 1389 1936 gegen
1405 1894 1455 1926 die
1471 1890 1651 1931 ständischen
1665 1885 1793 1926 Dekrete
1805 1883 1861 1924 auf
1874 1885 1943 1923 eine

1080 1937 1145 1976 sehr
1165 1937 1300 1978 trozende
1313 1934 1370 1968 Art
1387 1939 1422 1974 zu
1437 1934 1595 1972 bezeugen.
1636 1926 1767 1965 Gestern
1776 1922 1943 1965 eräugnete

1084 1977 1139 2018 sich
1156 1978 1266 2012 darinn
1286 1974 1350 2008 eine
1369 1973 1433 2014 sehr
1457 1968 1624 2012 stürmende
1643 1966 1760 2006 Szene.
1799 1964 1868 2001 Der
1884 1963 1942 2000 Bi¬

1082 2017 1163 2058 schof
1194 2023 1259 2050 von
1284 2014 1441 2049 Clermont
1469 2012 1578 2052 bestieg
1602 2010 1647 2043 die
1675 2002 1821 2054 Bühne.
1821 2002 1944 2054 Man

1082 2057 1232 2099 glaubte,
1256 2063 1285 2089 er
1310 2049 1418 2088 würde
1435 2054 1499 2088 den
1518 2046 1795 2090 vorgeschriebenen
1805 2044 1945 2086 Bürger¬

1083 2100 1131 2134 eid
1150 2097 1258 2136 leisten.
1301 2093 1399 2129 Allein
1419 2094 1474 2128 wie
1493 2091 1571 2134 groß
1597 2096 1664 2125 war
1687 2082 1750 2120 das
1770 2085 1947 2124 Erstaunen

1083 2141 1147 2179 und
1162 2140 1213 2175 der
1228 2135 1376 2175 Unwillen
1393 2136 1446 2173 der
1463 2127 1611 2172 Stände,
1632 2128 1681 2167 als
1694 2132 1733 2168 er
1733 2132 1804 2168 von
1815 2122 1945 2170 hieraus
