2685 3484
192 40 513 84 Vorausbezahlung.

132 107 489 138 Jährlich............64
505 106 557 137 Btz.

134 141 488 171 Vierleljährlich......16
504 142 556 175 Btz.

1123 74 1245 124 Nro.
1291 76 1426 128 115.

2071 41 2425 83 Einrückungsgebühr.

1996 104 2048 131 Die
2061 106 2222 136 Petit-Zeile
2239 107 2252 130 5
2261 104 2495 139 Zürcher-Kreuzer.

2038 140 2126 172 Briefe
2146 143 2198 168 und
2218 142 2311 169 Gelder
2329 142 2450 173 franko.

324 213 824 397 Neue
949 223 2307 449 Zürcher-Zeitung

195 528 370 570 Montag

800 575 902 610 (Druck
924 578 975 604 und
1000 574 1090 612 Verlag
1113 577 1162 605 von
1186 577 1311 612 Orell,
1334 576 1465 607 Füssli
1495 580 1549 606 und
1573 576 1827 615 Compagnie.)

1811 524 1890 565 den
1919 523 1983 563 25.
2014 527 2273 572 September
2303 528 2438 571 1837.

141 692 222 722 Diese
242 684 357 723 Zeitung
387 687 516 725 erscheint
544 689 711 728 wöchentlich
733 689 807 719 drei
834 691 922 720 Mal:
954 691 1124 729 Montag,
1158 691 1350 732 Mittwoch
1380 699 1433 724 und
1461 693 1619 733 Freitag.
1676 695 1739 723 Alle
1768 693 1901 731 Änzeigen
1930 697 2029 723 werden
2062 696 2138 732 daher
2169 697 2269 734 schnell
2291 695 2326 725 im
2349 697 2491 736 Publikum

251 742 406 776 verbreitet;
437 746 480 773 für
503 744 663 783 diejenigen,
685 746 778 782 welche
800 744 829 774 in
852 745 910 781 zwei
933 746 1240 785 aufeinanderfolgenden
1262 752 1402 779 Nummern
1424 749 1588 786 erscheinen,
1609 748 1673 779 wird
1696 752 1743 778 das
1766 748 1850 786 zweite
1872 750 1938 779 Mal
1959 758 2010 779 nur
2033 748 2052 779 3
2074 750 2111 780 kr.
2133 761 2176 787 per
2199 750 2269 781 Zeile
2291 748 2396 791 bezahlt.

290 847 361 891 Auf
384 852 444 886 das
476 853 575 887 vierte
595 851 749 889 Quartal
770 854 825 888 der
848 852 967 889 Neuen
989 853 1294 898 Zürcher-Zeitung

138 901 217 936 kann
243 908 304 935 von
328 901 419 939 heute
443 911 483 937 an
507 904 730 944 pränumerirt
762 905 884 940 werden
917 905 964 939 bei
995 905 1073 939 allen
1100 906 1178 947 resp.
1201 906 1293 949 Post¬

139 954 264 987 ämtern
290 954 354 986 und
378 954 436 987 den
461 953 637 995 Verlegern

683 1004 823 1045 Orell,
854 1003 976 1046 Füßli
1011 1007 1088 1039 und
1113 1006 1247 1047 Comp.

468 1073 953 1109 Tagsatzung.

176 1115 579 1153 Siebenundvierzigste
601 1118 770 1154 Sitzung,
792 1121 831 1146 20
834 1138 840 1144 .
858 1119 944 1153 Sept.
976 1118 1028 1149 Die
1051 1119 1226 1154 Kommission
1248 1118 1292 1154 für

137 1161 263 1195 Revision
297 1161 393 1199 einiger
415 1163 566 1197 Abschnitte
594 1163 639 1192 des
661 1163 1007 1200 Militärstrafgesetzbuches
1036 1164 1149 1194 erstattet
1170 1165 1290 1200 Bericht.

138 1207 192 1238 Die
215 1206 447 1244 Veränderungen
477 1208 529 1238 und
550 1208 669 1245 Zusätze,
702 1210 740 1238 die
771 1209 801 1244 sie
831 1209 995 1246 vorschlägt,
1029 1209 1128 1239 werden
1151 1218 1292 1247 angenom¬

141 1261 211 1282 men.
252 1253 306 1283 Bei
327 1252 370 1282 der
392 1253 692 1292 Generalabstimmung
721 1253 782 1284 über
812 1254 859 1284 den
881 1262 981 1291 ganzen
1002 1255 1111 1291 zweiten
1131 1256 1213 1292 Theil
1244 1257 1290 1286 des

138 1299 260 1333 Kodex,
260 1299 384 1333 sprechen
401 1300 448 1334 sich
464 1299 612 1336 unbedingt
635 1298 675 1334 für
693 1302 831 1333 Annahme
853 1304 920 1330 aus:
945 1301 1121 1337 Solothurn,
1147 1302 1200 1332 St.
1220 1302 1292 1333 Gal¬

136 1345 193 1379 len,
217 1344 327 1380 Tessin,
351 1344 428 1379 Genf
447 1345 501 1374 und
522 1346 701 1382 Neuenburg.
743 1346 804 1376 Mit
824 1346 1157 1382 Ratifikationsvorbehalt
1177 1349 1212 1377 15
1230 1349 1284 1379 St.

136 1390 283 1424 Baselland
306 1391 442 1427 verwirft,
466 1391 524 1419 weil
546 1391 616 1423 nicht
632 1390 827 1429 durchgängige
842 1391 1053 1427 Oeffentlichkeit
1075 1392 1128 1422 und
1151 1400 1180 1429 zu
1203 1394 1288 1431 wenig

136 1437 236 1472 Schutz
258 1435 302 1472 für
316 1436 364 1465 den
380 1436 564 1473 Angeklagten
593 1436 744 1472 vorhanden
761 1437 804 1470 sei.
820 1452 857 1460 —
874 1438 953 1467 Ueber
967 1438 1149 1474 Neuenburgs
1165 1439 1290 1475 Wunsch,

134 1481 186 1516 daß
208 1483 256 1511 mit
279 1481 434 1517 Frankreich
458 1483 497 1511 ein
519 1483 640 1519 Vertrag
661 1490 752 1520 wegen
768 1483 928 1519 Bezahlung
951 1482 995 1511 der
1014 1490 1066 1513 von
1090 1485 1171 1514 einem
1186 1487 1291 1521 Grenz¬

133 1528 222 1563 gebiet
243 1528 269 1557 in
293 1527 339 1556 das
362 1527 453 1556 andere
468 1528 608 1565 gerufenen
626 1528 853 1564 Gerichtszeugen
875 1529 1024 1565 geschlossen
1046 1530 1148 1564 werde,
1170 1531 1291 1565 ergriffen

133 1573 175 1603 die
196 1573 301 1605 meisten
323 1572 437 1604 Stände
458 1572 506 1602 das
528 1573 718 1608 Referendum.
741 1588 779 1595 —
802 1574 882 1603 Ueber
904 1574 942 1603 die
957 1575 1080 1608 Petition
1104 1575 1149 1604 des
1164 1576 1291 1606 Meinrad

130 1617 262 1652 Imfeld,
296 1625 383 1654 wegen
406 1618 684 1656 Rechtsverletzungen
715 1627 797 1656 gegen
829 1620 873 1656 ihn
904 1627 955 1649 von
988 1620 1029 1649 der
1050 1620 1206 1658 Regierung
1238 1628 1289 1652 von

130 1662 308 1697 Obwalden,
331 1663 421 1693 wurde
443 1664 491 1693 mit
513 1667 547 1693 15
571 1665 710 1695 Stimmen
732 1665 869 1694 motivirte
891 1665 1108 1704 Tagesordnung
1131 1667 1289 1703 beschlossen,

132 1709 195 1738 weil
217 1711 245 1737 es
266 1709 337 1740 nicht
359 1709 384 1738 in
407 1709 454 1737 den
475 1710 655 1745 Befugnissen
678 1709 721 1738 der
743 1710 910 1747 Tagsatzung
939 1712 1022 1748 liege,
1050 1712 1104 1745 hier
1125 1713 1290 1749 einzuschrei¬

133 1758 189 1782 ten.
231 1753 286 1783 Bei
313 1753 403 1786 diesem
425 1754 532 1788 Anlasse
563 1754 682 1788 sprachen
711 1755 750 1784 die
772 1756 924 1787 Gesandten
945 1763 997 1786 von
1020 1756 1111 1792 Zürich
1135 1759 1189 1787 und
1212 1759 1290 1789 Bern

133 1800 182 1828 den
206 1798 337 1833 lebhaften
354 1798 470 1833 Wunsch
493 1802 562 1835 aus,
585 1798 634 1835 daß
656 1799 715 1837 doch
738 1800 834 1829 einmal
854 1802 894 1831 ein
910 1802 1123 1838 Bundesgericht
1144 1804 1292 1840 ausgestellt

132 1844 241 1874 werden
261 1841 371 1874 möchte.

173 1887 530 1923 Achtundvierzigste
553 1889 724 1928 Sitzung,
750 1895 795 1921 21.
821 1892 906 1926 Sept.
948 1892 1004 1923 Die
1027 1893 1288 1929 Petitionskommis¬

134 1937 190 1970 sion
213 1933 285 1971 trägt
306 1933 333 1961 in
357 1935 451 1969 Bezug
474 1933 521 1967 auf
540 1933 579 1962 die
599 1935 796 1974 Neuenburger
817 1939 931 1972 politisch
949 1938 1152 1973 Verurtheilten
1173 1948 1225 1976 an,
1248 1940 1288 1969 die

132 1981 302 2016 Tagsatzung
323 1978 381 2011 solle
404 1979 580 2013 beschließen:
608 1983 638 2014 1)
659 1980 705 2011 Es
726 1983 791 2018 liege
813 1983 869 2015 kein
892 1983 992 2014 Grund
1014 1990 1077 2017 vor,
1110 1986 1136 2014 in
1160 1985 1208 2015 das
1230 1987 1287 2016 Be¬

132 2027 231 2064 gehren
252 2024 298 2053 des
319 2024 558 2060 Humbert-Droz
581 2025 755 2062 einzutreten.
796 2028 883 2065 Hiezu
907 2029 1023 2060 stimmen
1046 2031 1082 2059 16
1098 2031 1152 2061 St.
1192 2034 1224 2066 2)
1246 2031 1289 2062 Es

132 2072 200 2106 seien
213 2071 274 2104 auch
286 2070 354 2099 keine
363 2069 567 2106 Rechtsgründe
575 2071 736 2104 vorhanden,
751 2072 775 2101 in
785 2072 824 2101 die
835 2079 885 2103 von
900 2075 977 2107 Genf
984 2075 1146 2111 gekommene
1153 2077 1288 2113 Petition,

131 2118 227 2149 welche
242 2115 438 2151 Verwendung
461 2114 503 2149 für
518 2114 564 2144 den
580 2115 791 2154 unglücklichen,
813 2118 840 2147 in
862 2119 941 2148 einem
957 2120 1118 2154 preußischen
1136 2123 1283 2159 Staatsge

131 2163 262 2200 fängnisse
280 2161 399 2197 sitzenden
413 2159 547 2198 Rösinger
562 2162 693 2199 begehrte,
708 2163 881 2199 einzutreten.
903 2165 1006 2201 Hiezu:
1024 2165 1170 2201 Mehrheit.
1191 2170 1222 2202 3)
1244 2168 1288 2199 Es

128 2210 192 2244 solle
214 2207 341 2236 dermalen
367 2209 429 2239 auch
459 2207 526 2238 keine
552 2215 615 2237 neue
636 2208 832 2245 Verwendung
854 2209 897 2239 der
918 2209 1082 2248 Tagsatzung
1104 2212 1144 2241 bei
1166 2212 1208 2241 der
1232 2214 1288 2244 Re¬

126 2256 245 2293 gierung
276 2259 328 2281 von
358 2253 521 2290 Neuenburg
551 2261 582 2289 zu
612 2253 734 2285 Gunsten
765 2253 807 2282 der
836 2254 951 2287 politisch
973 2256 1173 2293 Verurtheilten
1205 2260 1288 2290 Statt

128 2298 233 2335 finden.
276 2298 361 2334 Hiezu
389 2297 505 2331 stimmen
535 2296 612 2336 11 1/2
632 2298 752 2330 Stände.
793 2297 849 2328 Die
871 2298 961 2334 Sache
989 2300 1070 2328 bleibt
1094 2302 1147 2333 also
1167 2303 1203 2330 im
1227 2305 1282 2333 Ab¬

132 2344 223 2380 schied.
247 2359 280 2364 —
303 2344 414 2377 Bericht
434 2343 477 2374 der
498 2343 928 2379 Cholera-Kommission;
961 2344 993 2379 sie
1022 2344 1096 2382 trägt
1123 2346 1218 2382 darauf
1236 2356 1281 2385 an,

136 2391 181 2424 daß
202 2389 257 2419 dem
282 2388 377 2419 Stand
400 2388 664 2418 Graubündten
687 2385 725 2426 2/3
752 2389 828 2422 seiner
857 2389 1013 2427 Forderung
1041 2390 1161 2429 vergütet
1181 2393 1282 2422 werden

141 2435 221 2467 sollen.
261 2434 348 2470 Hiezu
377 2434 493 2465 stimmen
520 2435 596 2471 12 1/2
618 2434 747 2469 Stände,
777 2440 873 2464 wovon
896 2436 1007 2472 Aargau
1036 2436 1091 2465 und
1113 2438 1212 2474 Luzern
1234 2439 1283 2468 mit

139 2479 474 2516 Ratifikationsvorbehalt.
516 2479 576 2510 St.
601 2480 736 2510 Gallen
765 2479 883 2515 „mußte
910 2483 972 2513 auch
1002 2483 1055 2516 hier
1078 2482 1125 2512 das
1149 2482 1282 2515 Glöcklein

137 2527 177 2555 der
196 2526 355 2557 Oekonomie
381 2526 553 2562 anziehen",
586 2526 640 2555 und
671 2526 780 2557 stimmte
808 2533 857 2554 nur
887 2525 928 2561 für
955 2524 1005 2563 1/3.
1045 2527 1090 2563 In
1111 2528 1208 2567 Bezug
1235 2531 1284 2565 auf

135 2572 277 2607 Tessins
299 2571 456 2607 Forderung
478 2578 529 2601 von
552 2571 645 2600 28000
658 2571 710 2598 lire
722 2571 857 2601 Milanesi
879 2571 953 2608 trägt
975 2572 1013 2601 die
1027 2573 1215 2609 Kommisssion
1236 2576 1285 2611 auf

134 2619 237 2652 10,000
257 2619 309 2646 lire
331 2615 390 2646 oder
412 2615 487 2645 5500
506 2615 574 2644 frcs.
599 2617 694 2646 Suisse
714 2625 760 2646 an.
802 2616 887 2654 Hiezu
909 2616 1038 2650 stimmten
1061 2621 1142 2655 zuerst
1171 2625 1187 2651 8
1211 2621 1282 2657 St.,

133 2664 220 2700 dann,
250 2664 294 2693 als
323 2662 361 2692 die
388 2664 478 2699 zweite
505 2661 696 2699 Abstimmung
725 2662 779 2692 kein
801 2662 925 2695 Resultat
951 2664 1040 2699 hatte,
1072 2664 1163 2699 Tessin
1194 2667 1278 2703 selbst,

131 2710 234 2744 worauf
251 2709 315 2744 auch
339 2709 377 2739 die
393 2705 514 2741 Stände,
537 2706 576 2734 die
598 2706 649 2741 ihm
672 2708 742 2741 mehr
763 2708 851 2741 hatten
872 2707 1017 2744 bewilligen
1033 2708 1139 2744 wollen,
1162 2710 1276 2746 Wallis,

132 2755 344 2791 Schaffhausen,
366 2749 582 2786 Graubündten,
606 2751 723 2788 Luzern,
747 2751 886 2788 Schwyz,
908 2753 1052 2787 beitraten;
1075 2755 1127 2788 also
1150 2757 1184 2784 14
1207 2756 1277 2793 St.,

130 2807 223 2830 wovon
249 2801 337 2835 jedoch
359 2799 489 2835 Freiburg
517 2797 565 2826 mit
593 2796 938 2832 Ratifikationsvorbehalt.
961 2813 997 2820 —
1018 2800 1078 2830 Der
1098 2801 1206 2836 Bericht
1235 2801 1278 2831 der

129 2843 560 2882 Heiraths-Kommission
590 2842 659 2873 wird
681 2844 808 2877 verlesen;
840 2840 901 2873 über
922 2845 975 2880 ihre
995 2844 1119 2882 Anträge
1141 2854 1172 2883 zu
1194 2848 1276 2877 einem

128 2891 281 2922 Konkordat
307 2891 402 2922 konnte
432 2897 492 2919 man
521 2888 568 2924 sich
597 2889 654 2919 aber
685 2889 754 2923 nicht
778 2889 946 2927 vereinigen,
979 2890 1086 2925 sondern
1109 2891 1157 2922 das
1179 2896 1277 2931 Ganze

128 2937 214 2966 wurde
236 2937 286 2973 fast
306 2944 359 2967 von
380 2937 448 2967 allen
472 2933 702 2970 Gesandtschaften
725 2934 758 2960 ad
782 2934 960 2974 referendum
981 2943 1147 2974 genommen.

165 2985 248 3021 Heute
263 2983 346 3018 (??)
366 2982 427 3020 gibt
447 2980 490 3011 der
509 2981 569 3017 heil.
587 2979 699 3017 Moriz,
722 2979 911 3016 Stadtpatron
933 2988 985 3012 von
1001 2981 1121 3021 Luzern,
1144 2983 1185 3014 der
1200 2984 1276 3023 Tag¬

129 3028 226 3066 satzung
246 3029 320 3058 einen
343 3027 548 3058 willkommenen
569 3023 702 3062 Feiertag.

167 3089 220 3120 Die
234 3090 401 3127 Tagsatzung
422 3089 469 3122 soll
488 3089 516 3119 in
539 3088 619 3123 diesen
634 3089 729 3127 Tagen
751 3095 780 3124 zu
796 3086 875 3119 Ende
894 3090 993 3125 gehen,
1016 3097 1059 3120 um
1080 3090 1130 3121 das
1144 3093 1275 3128 politische

127 3133 190 3168 Feld
211 3135 257 3165 den
281 3134 391 3170 Großen
414 3134 523 3169 Räthen
545 3134 587 3164 der
607 3135 751 3173 Kantone,
772 3133 812 3163 die
833 3140 888 3163 nun
910 3134 1027 3168 schneller
1046 3135 1106 3166 oder
1125 3139 1274 3176 langsamer

124 3180 371 3215 zusammentreten,
403 3188 435 3217 zu
457 3178 612 3215 überlassen.
651 3181 696 3216 In
729 3179 810 3215 diesen
841 3182 968 3209 erwarten
998 3183 1109 3217 mehrere
1140 3184 1271 3222 wichtige,

120 3231 174 3253 von
196 3225 238 3254 der
247 3225 417 3261 Tagsatzung
438 3224 590 3259 behandelte
604 3226 844 3263 Angelegenheiten
857 3245 866 3260 ,
888 3225 940 3262 ihre
961 3224 1074 3260 endliche
1089 3226 1273 3267 Erledigung,

121 3268 201 3307 durch
223 3271 292 3307 mehr
312 3268 372 3300 ober
393 3267 493 3299 minder
511 3270 650 3308 zahlreiche
671 3271 893 3308 Ratifikationen.
934 3271 994 3304 Der
1008 3271 1101 3309 Große
1118 3272 1197 3311 Rath
1218 3281 1272 3306 von

1331 856 1425 895 Zürich
1446 860 1492 892 hat
1511 865 1583 893 zwar
1603 858 1680 888 deren
1701 866 1751 888 nur
1772 857 1875 895 wenige
1893 866 1929 895 zu
1945 859 2094 894 ertheilen,
2120 860 2182 890 aber
2208 867 2234 889 er
2254 860 2416 893 versammelt
2434 861 2485 896 sich

1331 903 1374 934 der
1405 904 1481 938 erste;
1514 905 1585 938 sollte
1616 907 1644 933 es
1673 912 1728 934 nun
1757 904 1829 936 nicht
1857 902 1968 942 möglich
2000 906 2071 940 sein,
2105 906 2155 940 daß
2185 914 2209 935 er
2230 906 2296 939 seine
2316 906 2490 942 Ratifikatio¬

1331 957 1379 979 nen
1402 951 1528 986 sogleich,
1552 950 1623 985 schon
1645 950 1672 980 in
1695 949 1773 984 dieser
1796 950 1932 987 Sitzung,
1965 951 2143 984 ausspräche?
2186 952 2241 983 Ein
2263 952 2376 989 rascher,
2399 955 2488 987 ehren¬

1330 996 1412 1026 voller
1434 996 1564 1031 Beitritt,
1598 996 1734 1029 besonders
1765 1003 1811 1032 zur
1840 996 2135 1033 Militärorganisation
2166 998 2221 1027 und
2252 1005 2311 1032 zum
2340 999 2490 1035 Beschlusse

1331 1041 1421 1079 wegen
1444 1041 1586 1077 Schwyz,
1608 1041 1678 1071 wäre
1699 1042 1740 1070 ein
1762 1041 1908 1076 wirksames
1931 1042 2048 1077 Beispiel
2070 1040 2113 1078 für
2134 1042 2278 1080 zaudernde
2299 1042 2463 1079 Mitstände.

1371 1131 1435 1161 Wir
1457 1131 1539 1166 haben
1562 1130 1610 1161 das
1633 1128 1824 1169 Vergnügen,
1855 1133 1882 1162 in
1915 1132 1957 1162 der
1980 1133 2209 1170 Glarnerzeitung
2241 1135 2335 1169 unsern
2357 1135 2488 1168 neulichen

1329 1176 1639 1213 Korrespondenzartikel
1669 1178 1725 1212 (N.
1748 1177 1780 1213 Z.
1803 1178 1836 1214 Z.
1858 1179 1933 1208 Nro.
1956 1182 2025 1214 110)
2056 1177 2118 1209 über
2147 1180 2196 1210 das
2225 1179 2328 1215 Gesetz,
2362 1181 2410 1210 das
2438 1181 2488 1211 den

1329 1222 1520 1254 Beichtvätern
1553 1222 1591 1252 die
1612 1221 1796 1261 Verhüthung
1828 1223 1871 1253 der
1893 1224 2079 1260 Verbrechen,
2108 1233 2153 1256 um
2183 1226 2223 1255 die
2249 1226 2281 1261 sie
2302 1227 2409 1262 wissen,
2438 1235 2488 1264 zur

1330 1269 1434 1305 Pflicht
1455 1269 1559 1302 macht,
1581 1270 1634 1298 und
1655 1270 1743 1303 unsere
1765 1269 1872 1303 Ansicht
1893 1276 1944 1299 von
1966 1269 2010 1299 der
2033 1271 2123 1303 Sache
2149 1271 2217 1300 einer
2238 1271 2336 1304 ernsten
2358 1273 2488 1306 Betrach¬

1332 1317 1400 1351 tung
1423 1312 1574 1351 gewürdigt
1594 1323 1627 1352 zu
1648 1315 1733 1348 sehen.
1777 1315 1871 1347 Schon
1887 1314 1967 1346 dieses
1983 1314 2076 1345 könnte
2090 1317 2129 1346 die
2144 1316 2300 1352 Katholiken
2322 1317 2487 1356 beruhigen;

1329 1359 1396 1389 denn
1419 1363 1449 1388 es
1468 1360 1538 1397 zeigt
1558 1360 1653 1396 ihnen,
1685 1359 1733 1393 daß
1755 1368 1817 1389 man
1838 1362 1866 1391 in
1889 1361 1998 1392 Glarus
2028 1362 2079 1396 auf
2098 1362 2151 1391 eine
2171 1361 2331 1397 freundliche
2351 1364 2487 1402 Anfrage,

1329 1407 1361 1435 ob
1384 1406 1453 1438 nicht
1475 1406 1515 1434 ein
1538 1406 1623 1441 Gesetz
1644 1406 1699 1435 dem
1715 1405 1843 1436 Glauben
1866 1415 1900 1436 an
1923 1407 1962 1436 die
1983 1407 2234 1444 Religionsfreiheit
2255 1409 2359 1442 schaden
2380 1410 2485 1445 konnte,

1329 1452 1378 1481 mit
1398 1452 1462 1481 aller
1484 1450 1759 1489 Gewissenhaftigkeit
1780 1453 1893 1482 eintritt.
1938 1453 2076 1487 Ueberdieß
2101 1454 2173 1488 theilt
2196 1452 2235 1483 die
2256 1454 2487 1493 Glarnerzeitung

1328 1499 1417 1532 unsere
1432 1498 1557 1532 Ansicht,
1579 1497 1630 1532 daß
1650 1497 1698 1527 das
1720 1498 1902 1535 angefochtene
1918 1498 2006 1534 Gesetz
2031 1507 2080 1527 nur
2101 1499 2156 1529 eine
2171 1498 2313 1533 natürliche
2330 1501 2490 1536 Menschen-

1328 1542 1382 1572 und
1394 1543 1604 1579 Christenpflicht
1619 1543 1662 1572 des
1676 1543 1806 1578 Priesters
1820 1544 1976 1579 ausdrücke,
1999 1544 2055 1574 eine
2069 1544 2192 1581 Pflicht,
2215 1544 2262 1596 die
2262 1544 2346 1596 jeder
2360 1547 2485 1582 Mensch,

1329 1588 1372 1618 der
1387 1588 1441 1618 kein
1457 1588 1586 1622 Scheusal
1601 1589 1643 1625 ist,
1665 1596 1716 1619 von
1738 1589 1812 1622 selbst
1833 1588 1943 1625 erfüllen
1957 1589 2039 1624 wird,
2060 1590 2114 1620 und
2130 1590 2180 1624 daß
2195 1590 2289 1620 darum
2301 1591 2356 1623 eine
2369 1592 2487 1627 Bestim¬

1328 1642 1411 1672 mung
1440 1635 1475 1664 im
1498 1635 1737 1672 Strafgesetzbuche
1764 1632 1849 1670 höchst
1876 1633 2029 1673 überflüssig
2057 1635 2100 1668 sei.
2142 1637 2202 1667 Der
2223 1636 2416 1675 Vermuthung
2442 1638 2486 1668 der

1330 1681 1576 1717 Glarnerzeitung,
1609 1680 1659 1715 daß
1682 1680 1723 1710 der
1744 1681 1861 1718 Angriff
1877 1681 1926 1716 auf
1944 1681 1994 1711 das
2016 1686 2147 1718 genannte
2167 1682 2255 1718 Gesetz
2278 1690 2328 1713 nur
2350 1684 2389 1713 ein
2412 1684 2487 1719 erster

1330 1726 1446 1760 Versuch
1468 1726 1511 1755 der
1533 1725 1671 1761 römischen
1692 1726 1796 1761 Politik
1828 1727 1879 1763 sei,
1912 1727 1951 1757 die
1974 1727 2041 1763 sich,
2074 1736 2148 1757 wenn
2170 1728 2211 1763 ihr
2233 1727 2341 1761 derselbe
2361 1729 2486 1768 gelänge,

1330 1771 1422 1801 darum
1445 1772 1514 1805 nicht
1537 1772 1664 1807 zufrieden
1686 1773 1765 1810 geben
1788 1770 1893 1807 würde,
1920 1771 2020 1803 können
2042 1774 2104 1807 auch
2121 1775 2169 1804 wir
2186 1774 2353 1808 beistimmen.
2396 1777 2488 1806 Allein

1330 1816 1370 1846 die
1391 1814 1510 1850 römische
1531 1817 1633 1850 Politik
1654 1817 1721 1847 wird
1741 1818 1814 1852 ihren
1836 1818 1914 1851 ersten
1935 1819 2051 1853 Versuch
2074 1820 2099 1853 so
2119 1819 2240 1857 gewählt
2260 1820 2359 1855 haben,
2382 1823 2432 1851 wie
2455 1823 2488 1858 sie

1328 1863 1435 1900 glaubte
1454 1862 1503 1891 den
1525 1861 1629 1897 meisten
1651 1863 1775 1899 Anklang
1797 1864 1832 1892 im
1855 1864 1941 1894 Volke
1963 1872 1995 1899 zu
2017 1864 2124 1900 finden,
2156 1866 2182 1898 so
2203 1865 2254 1900 daß
2275 1874 2335 1897 man
2356 1870 2486 1897 erwarten

1328 1909 1403 1943 darf,
1434 1907 1503 1945 jeder
1526 1908 1645 1944 folgende
1667 1909 1784 1943 Versuch
1817 1909 1900 1939 werde
1933 1910 2048 1947 weniger
2069 1918 2101 1947 zu
2124 1910 2248 1941 bedeuten
2272 1911 2367 1946 haben.
2408 1913 2484 1944 Man

1328 1954 1392 1986 stellt
1413 1951 1561 1989 überhaupt
1580 1954 1706 1990 zuweilen
1728 1955 1794 1989 auf,
1819 1955 1844 1984 in
1866 1954 1909 1983 der
1924 1955 2029 1990 Politik
2050 1957 2111 1988 thue
2131 1964 2193 1986 man
2215 1964 2257 1986 am
2274 1956 2374 1993 besten,
2400 1960 2483 1989 einem

1327 2001 1465 2036 Begehren
1477 2021 1485 2034 ,
1518 1999 1565 2028 das
1586 1999 1633 2033 sich
1655 2001 1697 2029 als
1720 2000 1759 2029 ein
1790 1999 1862 2033 erster
1885 2000 2001 2034 Versuch
2032 1999 2172 2037 ankünde,
2204 2009 2248 2031 um
2270 2002 2396 2037 Ferneres
2427 2004 2485 2033 und

1328 2045 1505 2082 Wichtigeres
1538 2052 1569 2081 zu
1590 2046 1734 2083 erlangen,
1766 2052 1819 2074 von
1840 2046 2009 2080 vorneherein
2032 2054 2064 2082 zu
2086 2046 2263 2083 widerstehen.
2304 2048 2368 2079 Wir
2389 2048 2485 2079 denken

1328 2089 1446 2127 hierüber
1467 2092 1503 2120 im
1526 2092 1707 2129 Allgemeinen
1728 2091 1765 2124 so.
1807 2090 1897 2126 Zuerst
1919 2091 1994 2128 frägt
2016 2091 2082 2127 sich,
2104 2092 2138 2122 ob
2157 2091 2208 2122 das
2226 2095 2366 2129 Begehren
2385 2098 2485 2132 gerecht

1328 2137 1370 2170 sei.
1412 2137 1456 2172 Ist
1478 2139 1506 2165 es
1529 2136 1604 2173 dieß,
1627 2138 1651 2172 so
1673 2136 1779 2172 handelt
1798 2144 1858 2166 man
1873 2137 1960 2174 gewiß
1978 2144 2022 2166 am
2037 2135 2169 2174 klügsten,
2193 2138 2246 2172 ihm
2260 2146 2293 2172 zu
2309 2140 2482 2176 entsprechen,

1327 2183 1414 2217 sobald
1434 2190 1496 2212 man
1521 2183 1567 2218 sich
1589 2182 1628 2212 die
1649 2179 1755 2218 nöthige
1772 2182 1858 2216 Kraft
1877 2185 2003 2218 zutraut,
2027 2181 2126 2216 spätere
2147 2184 2298 2220 ungerechte
2311 2182 2483 2221 Zumuthun¬

1326 2236 1376 2266 gen
1398 2229 1571 2265 abzuweisen.
1603 2229 1666 2258 Nur
1686 2226 1864 2263 Demjenigen
1886 2226 1919 2260 ist
1938 2234 1971 2262 zu
1992 2229 2097 2264 rathen,
2122 2228 2168 2263 sich
2190 2229 2254 2264 auch
2277 2229 2358 2259 einem
2379 2232 2480 2267 gerech¬

1327 2277 1369 2304 ten
1390 2275 1529 2311 Begehren
1551 2280 1581 2308 zu
1603 2272 1753 2308 entziehen,
1787 2272 1894 2306 welcher
1916 2270 2034 2307 fürchten
2055 2274 2137 2309 muß,
2170 2274 2248 2309 durch
2270 2275 2323 2304 eine
2345 2276 2485 2313 einmalige

1324 2319 1513 2354 Bewilligung
1537 2318 1560 2350 so
1579 2317 1633 2351 sehr
1653 2316 1692 2346 die
1707 2317 1820 2347 Gewalt
1841 2316 1905 2348 über
1927 2318 1975 2353 sich
1999 2318 2072 2351 selbst
2093 2327 2125 2355 zu
2146 2320 2283 2355 verlieren,
2306 2319 2357 2355 daß
2379 2330 2404 2351 er
2424 2322 2482 2358 spä¬

1322 2364 1359 2391 ter
1380 2362 1466 2396 nichts
1495 2365 1566 2396 mehr
1595 2362 1783 2399 abzuschlagen
1811 2363 1846 2392 im
1869 2363 1980 2395 Stande
2012 2363 2093 2394 wäre.
2136 2364 2181 2395 Es
2211 2364 2242 2398 ist
2270 2365 2365 2401 freilich
2394 2369 2481 2404 wahr,

1322 2406 1372 2443 daß
1393 2408 1576 2445 kollegialische
1591 2405 1735 2444 Behörden
1758 2408 1805 2443 sich
1827 2405 1894 2444 öfter
1916 2410 1942 2439 in
1963 2409 2053 2444 diesem
2070 2409 2143 2445 Falle
2164 2409 2300 2445 befinden,
2323 2412 2364 2443 als
2380 2413 2482 2450 einzeln

1323 2453 1440 2489 stehende
1462 2456 1585 2485 Beamte.

1361 2542 1492 2581 Zürich.
1550 2544 1606 2575 Ein
1639 2544 1735 2581 junger
1770 2544 2063 2584 Schweizerkünstler,
2104 2547 2174 2584 Herr
2207 2547 2388 2582 Gonzenbach
2422 2555 2478 2580 von

1322 2591 1377 2622 St.
1401 2591 1519 2624 Gallen,
1550 2590 1680 2624 beschenkt
1706 2590 1758 2624 sein
1787 2591 1939 2622 Vaterland
1969 2593 2020 2622 mit
2048 2592 2132 2623 einem
2160 2592 2254 2624 Werke
2283 2593 2479 2633 mehrjährigen

1322 2637 1444 2672 Fleißes,
1466 2636 1548 2664 einem
1568 2635 1712 2672 trefflichen
1733 2636 1899 2672 Kupferstich
1920 2644 1974 2669 von
1988 2639 2096 2676 Vogels
2118 2639 2246 2675 Wilhelm
2267 2638 2340 2670 Tell.
2383 2640 2427 2671 Es
2449 2641 2480 2675 ist

1319 2680 1359 2711 die
1381 2681 1489 2716 Scene,
1513 2687 1554 2710 wo
1575 2680 1636 2713 Tell
1658 2682 1705 2717 auf
1719 2682 1835 2716 Geßlers
1858 2684 1964 2722 Frage,
1988 2692 2054 2714 wem
2077 2684 2119 2715 der
2139 2684 2230 2721 zweite
2250 2684 2327 2720 Pfeil
2349 2685 2479 2720 bestimmt

1315 2726 1448 2762 gewesen,
1472 2725 1513 2755 die
1535 2726 1668 2765 beherzte,
1690 2728 1792 2764 finstere
1815 2729 1943 2760 Antwort
1965 2730 2036 2767 gibt.
2078 2728 2161 2766 Kühn
2184 2729 2239 2760 und
2260 2730 2392 2767 begeistert
2413 2732 2476 2769 steht

1317 2770 1359 2801 der
1380 2771 1441 2802 Tell
1462 2770 1515 2808 da;
1547 2772 1597 2807 sein
1620 2774 1699 2804 linker
1720 2775 1788 2803 Arm
1818 2776 1917 2812 reicht,
1949 2783 1997 2813 zur
2019 2783 2121 2814 ganzen
2141 2775 2325 2814 Beruhigung
2357 2777 2429 2808 deren
2451 2786 2477 2809 er

1317 2817 1425 2854 bedarf,
1448 2819 1511 2853 nach
1534 2818 1588 2850 dem
1610 2822 1748 2857 geretteten
1770 2819 1885 2851 Knaben
1906 2822 2053 2858 hinunter,
2078 2821 2132 2852 und
2153 2821 2197 2851 der
2218 2821 2299 2856 rechte
2320 2821 2404 2856 streckt
2424 2823 2474 2853 das

1316 2866 1407 2901 zweite
1429 2864 1568 2901 Geschoß,
1601 2864 1664 2897 über
1683 2865 1732 2895 das
1752 2874 1778 2895 er
1799 2867 1906 2904 gefragt
1927 2868 1978 2904 ist,
2010 2865 2099 2901 stracks
2121 2875 2183 2904 zum
2205 2868 2347 2898 berittenen
2368 2868 2475 2902 Geßler

1316 2911 1425 2947 hinauf;
1457 2919 1482 2941 er
1513 2912 1578 2949 sieht
1607 2910 1760 2943 niemanden
1787 2920 1839 2949 an,
1869 2920 1920 2943 nur
1950 2914 2128 2950 schmerzvolle
2155 2913 2349 2951 Begeisterung
2380 2915 2472 2950 erhebt

1315 2957 1366 2991 sein
1389 2957 1514 2993 Gesicht,
1545 2957 1598 2988 und
1625 2959 1685 2995 geht
1720 2955 1783 2987 über
1805 2957 1848 2989 die
1867 2966 1949 2996 ganze
1971 2959 2107 2998 Stellung
2138 2958 2185 2989 des
2205 2956 2337 2994 Körpers.
2379 2960 2475 2996 Scheu

1315 3004 1359 3038 hat
1380 3004 1427 3040 sich
1449 3003 1493 3033 der
1514 3004 1588 3039 Kopf
1609 3011 1660 3034 von
1682 3004 1800 3039 Geßlers
1821 3005 1921 3041 Pferde
1950 3011 1999 3037 vor
2020 3004 2077 3036 dem
2097 3002 2293 3043 hingrstreckten
2314 3004 2403 3041 Pfeile
2424 3015 2470 3044 ge¬

1315 3049 1424 3085 wandt;
1446 3051 1511 3086 auch
1533 3049 1570 3080 die
1591 3050 1717 3087 Haltung
1739 3050 1856 3086 Geßlers
1878 3050 1953 3087 selbst
1972 3051 2043 3088 zeigt
2065 3051 2127 3085 noch
2149 3050 2197 3079 den
2219 3050 2301 3083 ersten
2324 3051 2469 3086 Schrecken

1312 3101 1360 3125 vor
1380 3095 1460 3126 Tells
1486 3095 1675 3132 ausfahrender
1696 3098 1879 3134 Bewegung,
1910 3096 2024 3133 indessen
2047 3096 2086 3126 die
2108 3096 2199 3132 Wuth
2218 3095 2247 3126 in
2268 3095 2309 3126 die
2330 3097 2400 3135 Züge
2422 3097 2468 3130 sei¬

1313 3143 1359 3169 nes
1386 3139 1524 3176 Gesichtes
1554 3140 1746 3180 zurückgekehrt
1775 3142 1824 3178 ist,
1854 3142 1910 3173 und
1937 3143 1985 3177 sich
2015 3142 2064 3172 mit
2093 3143 2176 3178 ihrem
2205 3149 2308 3178 ganzen
2330 3142 2466 3176 Gewichte

1311 3186 1358 3221 auf
1378 3185 1425 3215 den
1446 3192 1616 3224 verwegenen
1636 3187 1732 3226 Hirten
1755 3187 1855 3225 stürzen
1876 3185 1986 3225 möchte.
2029 3187 2110 3220 Links
2131 3194 2192 3221 vom
2206 3187 2267 3219 Tell
2286 3187 2333 3221 hat
2352 3186 2398 3221 sich
2420 3186 2465 3217 der

1312 3231 1424 3267 Knabe,
1454 3240 1525 3270 ganz
1554 3232 1658 3271 freudig
1686 3233 1735 3264 den
1766 3233 1984 3271 durchschossenen
2007 3234 2091 3270 Apfel
2122 3230 2330 3268 emporhaltend,
2359 3239 2393 3262 an
2423 3231 2466 3263 die

1310 3277 1398 3314 Brust
1418 3278 1498 3315 seiner
1519 3277 1626 3310 Mutter
1656 3280 1809 3318 geworfen,
1839 3280 1881 3312 die
1902 3281 1966 3319 ihn,
1997 3280 2060 3312 eben
2088 3280 2113 3316 so
2134 3277 2236 3316 freudig
2265 3275 2320 3308 und
2349 3276 2469 3311 dankbar
