3270 4606
268 164 459 191 Abonnement:

226 202 269 227 Bei
280 202 339 226 allen
351 201 505 230 Postbureaux

209 234 287 261 franko
311 236 373 262 durch
397 235 430 259 die
452 240 519 265 ganze

296 267 434 298 Schweiz:

776 255 1204 444 Neue
1210 249 2524 499 Zürcher-Zeitung.

261 302 274 324 6
284 302 381 325 Monate
397 301 435 328 Fr.
446 301 467 325 8.

260 331 273 353 3
285 331 382 355 Monate
397 330 435 358 Fr.
446 330 469 354 4.

210 363 257 391 Für
265 363 341 392 Zürich
351 369 374 386 u.
383 363 519 397 Umgebung

241 396 275 421 bei
291 397 328 420 der
345 395 491 426 Expedition:

261 430 274 452 6
285 429 382 453 Monate
398 430 437 457 Fr.
447 431 469 454 6.

260 458 275 484 3
285 458 382 482 Monate
398 458 436 487 Fr.
447 460 469 484 3.

233 512 280 541 Für
299 513 342 536 das
364 512 500 538 Ausland

210 542 319 565 abonnire
328 547 383 565 man
392 542 434 573 gef.
443 542 478 567 bei
487 544 524 567 der

209 570 523 601 Post-Zeitungsexpedition

209 598 236 622 in
246 599 323 628 Zürich
339 599 389 622 oder
399 599 476 624 direkte
487 600 524 624 bei

242 629 282 652 den
291 627 412 658 Verlegern
422 628 497 658 selbst.

641 587 828 654 Zürich,
869 590 1054 643 Sonntag

1540 121 1657 193 Nr.
1657 121 1826 193 325.

1404 509 1719 568 Achtunddreißigster
1741 512 1922 571 Jahrgang.

1263 660 1353 692 Druck
1373 664 1428 694 und
1450 665 1557 706 Verlag
1579 671 1636 700 von
1655 668 1755 706 Orell,
1776 668 1863 708 Füßli
1883 673 1940 703 und
1961 672 2065 710 Comp.

2212 602 2279 643 21.
2314 593 2521 642 November
2558 602 2677 644 1858.

2824 177 3072 213 Insertionsgebühr:

2792 216 2837 243 Die
2857 217 2965 250 4spaltige
2986 217 3100 250 Petitzeile

2834 247 2884 272 oder
2899 247 2962 272 deren
2979 247 3056 272 Raum

2871 276 2898 299 15
2908 276 3010 305 Rappen.

2789 329 2989 361 Korrespondenzen
3004 329 3050 359 sind
3066 336 3097 355 an

2822 358 2857 382 die
2872 357 3059 387 Redaktion,

2787 386 2891 416 Inserate
2906 387 3002 420 dagegen
3018 394 3047 413 an
3062 388 3097 412 die

2855 415 3027 446 Expedition

2797 445 2834 469 der
2851 444 2880 469 N.
2889 440 3086 477 Zürcher-Zeitung

2860 479 2884 503 zu
2901 473 3022 503 adressiren.

2817 501 3009 533 Ankündigungen
3023 506 3066 528 von

2790 529 2969 554 Medikamenten
2991 530 3096 561 bedürfen

2810 558 2846 582 der
2856 558 3028 592 Genehmigung
3038 560 3072 584 der

2822 587 3061 618 Medizinaldirektion.

2789 641 2862 671 Briefe
2869 641 2914 665 und
2921 641 3005 666 Gelder
3010 641 3095 670 franko.

403 792 645 838 Neuchateller
673 791 921 840 Abstimmung.

251 887 300 931 In
323 888 435 924 keinem
457 896 517 924 von
541 890 619 925 allen
640 892 683 924 22
705 889 864 924 Kantonen
886 885 920 927 ist
939 885 1139 929 gegenwärtig

186 939 231 973 die
254 940 425 977 Situation
441 943 490 976 der
505 942 637 986 Schweiz
655 943 682 985 so
699 938 887 986 abgespiegelt
904 937 957 972 wie
974 937 1006 971 in
1022 937 1140 972 Neuen¬

184 992 271 1038 burg.
308 994 378 1029 Wir
403 995 504 1036 finden
521 996 587 1029 dort
611 995 653 1029 im
672 993 808 1029 Kleinern
828 991 897 1036 zwei
921 989 1140 1026 konkurrirende

183 1043 494 1091 Eisenbahnsysteme,
529 1054 627 1091 wegen
661 1046 780 1090 welchen
807 1045 852 1079 die
882 1043 1000 1078 liberale
1026 1042 1140 1078 Bevöl¬

181 1096 294 1143 kerung
318 1099 352 1133 in
376 1100 464 1145 Krieg
490 1100 626 1145 gerathen
650 1101 701 1142 ist;
735 1099 790 1133 wir
818 1098 916 1139 finden
941 1095 985 1130 die
1007 1095 1140 1130 Staats¬

179 1148 390 1197 betheiligung
416 1163 450 1196 zu
474 1153 610 1195 Gunsten
632 1154 684 1187 des
708 1152 789 1186 einen
811 1152 873 1185 und
898 1158 962 1192 zum
988 1147 1141 1191 Nachtheil

181 1202 239 1236 des
265 1206 380 1240 andern
404 1206 562 1249 Systems;
593 1205 648 1240 wir
677 1205 775 1247 finden
800 1203 844 1236 die
875 1209 944 1235 vom
967 1199 1141 1240 Schwindel

181 1256 365 1300 ergriffenen
413 1258 667 1300 Gemeindewesen
712 1263 769 1289 von
814 1254 907 1287 einem
951 1251 1141 1297 großartigen

179 1307 339 1344 Bankrott
364 1311 487 1354 bedroht
521 1312 581 1345 und
616 1309 704 1348 daher
735 1305 898 1351 genöthigt,
924 1305 1070 1338 abermals
1095 1304 1140 1337 die

180 1359 382 1407 Staatskasse
406 1362 599 1407 anzuzapfen,
633 1360 723 1401 daher
757 1358 803 1391 die
835 1366 972 1391 enormen
1003 1356 1141 1398 Anstren¬

181 1423 319 1462 gungen,
345 1416 389 1450 die
415 1415 584 1458 Regierung
607 1412 638 1446 in
662 1411 706 1446 die
722 1411 826 1453 Hände
838 1419 872 1452 zu
889 1409 1064 1449 bekommen,
1088 1417 1141 1442 um

182 1467 233 1500 die
266 1465 530 1510 Eisenbahnschuld
566 1465 596 1498 in
629 1463 730 1509 irgend
765 1462 842 1496 einer
876 1460 969 1502 Weise
1004 1459 1059 1503 auf
1086 1461 1141 1495 den

185 1519 290 1555 Staat
313 1519 440 1554 abladen
463 1527 497 1560 zu
522 1516 642 1551 können.

260 1574 330 1608 Das
353 1571 433 1612 ist's,
464 1572 530 1603 was
565 1570 628 1601 dem
654 1567 754 1602 Streit
785 1575 836 1600 um
861 1565 905 1599 die
930 1564 1142 1610 Verfassungs¬

197 1626 322 1668 revision
344 1623 399 1666 sein
424 1621 556 1662 Gewicht
580 1621 639 1653 und
665 1619 737 1661 seine
761 1617 954 1662 Erbitterung
980 1618 1053 1662 gibt.
1095 1619 1139 1654 Es

202 1679 282 1712 wäre
302 1675 449 1719 lächerlich,
474 1672 519 1707 die
535 1671 692 1713 Annahme
710 1673 777 1705 oder
791 1670 988 1715 Verwerfung
1003 1672 1053 1705 der
1065 1672 1140 1706 Ver¬

200 1730 319 1775 fassung
339 1732 435 1763 davon
457 1723 606 1768 abhängig
629 1734 664 1768 zu
686 1724 810 1767 machen,
836 1725 872 1757 ob
896 1725 950 1757 das
974 1723 1138 1767 Wahlrecht

193 1779 242 1814 im
266 1783 358 1815 19ten
381 1783 445 1814 oder
457 1779 553 1819 20sten
573 1777 749 1820 Altersjahr,
774 1777 841 1818 nach
866 1775 1057 1821 einjährigem
1071 1778 1138 1811 oder

190 1831 411 1876 zweijährigem
436 1828 622 1872 Aufenthalt,
632 1831 797 1874 angetreten
820 1829 930 1869 werde;
952 1828 1047 1862 daran
1064 1829 1137 1870 hän¬

190 1892 248 1925 gen
272 1883 316 1916 die
347 1882 576 1926 Montagnards
609 1891 651 1916 im
680 1883 806 1917 Grunde
840 1881 867 1923 so
904 1880 997 1924 wenig
1021 1882 1067 1915 als
1092 1881 1137 1915 die

189 1934 378 1980 Vignerons;
414 1938 443 1968 es
479 1935 512 1977 ist
540 1935 586 1969 ein
618 1934 812 1977 Strohhalm,
838 1943 888 1968 um
914 1934 967 1967 den
992 1943 1060 1968 man
1085 1934 1135 1976 sich

187 1987 306 2028 streitet,
331 1988 397 2021 aber
422 1997 458 2021 an
495 1987 597 2027 diesem
619 1986 803 2029 Strohhalm
830 1985 923 2030 hängt
945 1987 1001 2019 das
1032 1985 1135 2021 Stim¬

185 2040 347 2083 menmehr,
382 2040 427 2074 die
461 2039 576 2084 Macht,
611 2039 656 2074 die
683 2039 824 2082 Zukunft.
871 2038 969 2072 Wenn
992 2037 1037 2072 die
1059 2038 1135 2084 Vig¬

183 2101 295 2127 nerons
320 2094 380 2127 und
405 2092 630 2133 Traversthaler
654 2092 683 2126 in
713 2093 761 2125 der
776 2090 912 2135 heutigen
928 2091 1134 2135 Abstimmung

185 2144 291 2179 wieder
315 2146 409 2190 siegen
433 2146 537 2186 (dieses
555 2145 624 2179 Mal
649 2145 732 2187 durch
751 2143 907 2185 Annahme
928 2142 981 2176 wie
1005 2142 1049 2176 die
1064 2144 1134 2186 zwei

189 2197 272 2237 ersten
296 2199 383 2233 Male
408 2198 492 2239 durch
518 2197 738 2239 Verwerfung),
766 2196 793 2235 so
821 2195 855 2234 ist
883 2194 943 2234 ihre
968 2192 1135 2233 Majorität

182 2251 402 2292 mathematisch
434 2248 599 2291 konstatirt;
635 2247 729 2281 damit
765 2246 797 2286 ist
833 2243 900 2276 aber
933 2241 1054 2284 zugleich
1092 2243 1136 2275 die

178 2300 352 2346 Bergbahn
364 2302 433 2343 aufs
444 2302 551 2343 Haupt
568 2300 727 2344 geschlagen
743 2298 802 2332 und
821 2295 902 2330 Locle
919 2295 978 2328 und
996 2292 1137 2339 Lachaux¬

175 2354 292 2394 defond
318 2364 357 2388 an
380 2355 435 2388 den
460 2353 549 2387 Rand
578 2353 629 2385 des
660 2350 824 2395 Abgrunds
856 2346 999 2393 geworfen
1024 2363 1063 2370 —
1088 2357 1135 2392 ge¬

178 2406 244 2447 wiß
259 2408 407 2442 Grundes
425 2415 520 2450 genug
536 2404 585 2447 für
600 2404 645 2438 die
658 2403 894 2447 Montagnards,
914 2401 967 2434 das
984 2399 1135 2441 Aeußerste

176 2458 232 2501 für
256 2459 303 2493 die
327 2458 525 2501 Verwerfung
547 2467 582 2501 zu
606 2457 691 2499 thun.

249 2512 312 2546 Die
337 2510 465 2545 Sektion
496 2511 545 2543 der
579 2506 862 2551 Männer-Helvetia
896 2506 926 2539 in
959 2505 1133 2547 Lachauxde¬

187 2564 275 2604 sonds
301 2564 400 2605 erhebt
423 2562 512 2604 daher
536 2563 590 2596 den
618 2561 680 2596 ein-
716 2563 781 2595 oder
815 2557 1021 2604 zweijährigen
1056 2558 1132 2600 Auf¬

189 2617 295 2661 enthalt
321 2617 369 2650 der
394 2614 560 2659 Schweizer
584 2623 616 2657 zu
642 2614 717 2648 einer
734 2612 933 2655 Lebensfrage,
961 2609 1130 2654 beschuldigt

185 2669 216 2703 in
239 2671 330 2705 einem
357 2667 539 2711 öffentlichen
564 2667 676 2709 Aufruf
699 2666 746 2709 für
769 2664 964 2707 Verwerfung
993 2663 1038 2697 die
1071 2663 1130 2697 Be¬

183 2724 304 2766 wohner
327 2724 374 2756 der
400 2720 608 2765 Neuenburger
632 2718 834 2764 Thalgelände
870 2718 917 2751 der
951 2715 1130 2758 Feindschaft

188 2785 278 2819 gegen
299 2776 343 2808 die
365 2773 510 2817 Schweiz,
535 2772 688 2816 bezeichnet
713 2772 748 2814 sie
772 2771 818 2804 als
848 2769 972 2811 schlechte
1006 2767 1130 2808 Patrio¬

188 2831 247 2869 ten,
272 2829 368 2871 welche
391 2829 443 2861 den
468 2826 590 2860 Kanton
612 2824 645 2857 in
669 2824 714 2858 die
738 2822 851 2864 Reihen
868 2822 917 2854 der
932 2819 1130 2854 reaktionären

185 2881 310 2915 Stände
331 2880 454 2925 bringen
477 2878 595 2912 wollen.
623 2877 704 2920 „Für
726 2875 809 2919 jeden
833 2872 1012 2916 einsichtigen
1029 2871 1131 2906 Mann

186 2933 265 2979 (sagt
288 2935 335 2968 der
359 2932 486 2974 Ausruf)
513 2931 582 2975 liegt
605 2932 636 2963 es
660 2929 713 2971 auf
734 2931 782 2963 der
805 2928 904 2971 Hand,
927 2924 984 2964 daß
1009 2924 1053 2958 die
1077 2926 1130 2958 den

185 2986 300 3021 kanton.
319 2987 378 3021 und
397 2986 472 3029 eidg.
487 2982 717 3027 Einrichtungen
734 2979 883 3023 feindliche
900 2978 1005 3020 Partei
1025 2977 1072 3020 sich
1090 2977 1131 3010 im

184 3039 274 3083 Besitz
298 3041 346 3074 der
370 3035 557 3078 moralischen
580 3034 666 3075 Kraft
692 3035 742 3066 des
760 3032 876 3067 Landes
895 3030 1023 3075 glauben
1046 3030 1130 3071 wird,

187 3091 284 3131 sobald
310 3095 340 3126 es
363 3090 410 3133 ihr
433 3087 557 3133 gelingt,
593 3085 638 3120 die
661 3093 719 3119 von
743 3085 788 3125 ihr
823 3082 1035 3125 verstümmelte
1058 3082 1133 3116 Ver¬

187 3143 305 3189 fassung
325 3138 595 3186 durchzudrücken."
644 3138 714 3172 Das
731 3136 764 3177 ist
781 3135 902 3176 deutlich
919 3143 1034 3178 genug;
1057 3134 1132 3177 nicht

191 3199 242 3230 der
265 3196 437 3239 Verfassung
454 3193 509 3237 gilt
523 3194 578 3226 das
595 3191 682 3233 Nein,
707 3190 826 3232 sondern
842 3188 907 3221 dem
922 3184 1133 3229 Verfassungs¬

1208 776 1285 818 rath,
1310 777 1340 810 in
1363 779 1491 824 welchem
1515 782 1560 816 die
1584 783 1766 825 Opposition
1790 784 1835 818 die
1869 785 2021 829 Mehrheit
2055 785 2145 830 gebil¬

1210 828 1256 861 det
1278 828 1339 870 hat.

1274 880 1340 915 Alle
1362 883 1441 919 alten
1464 886 1689 932 Erinnerungen
1711 889 1823 923 werden
1837 891 2034 935 wachgerufen
2056 899 2145 935 gegen

1210 932 1255 966 die
1280 934 1472 976 „Reaktion":
1519 940 1614 974 Wollt
1649 940 1712 984 ihr
1712 940 1898 984 rückwärts,
1934 943 1962 984 so
2000 943 2061 987 sagt
2096 944 2145 976 der

1211 985 1331 1029 Aufruf,
1354 988 1508 1025 rückwärts
1537 992 1583 1035 ihr
1616 992 1768 1038 würdigen
1801 996 1859 1030 und
1895 995 2144 1040 ausgezeichneten

1211 1037 1367 1079 Patrioten
1390 1048 1448 1077 von
1473 1045 1564 1087 1831,
1587 1045 1634 1088 ihr
1657 1045 1795 1092 kräftigen
1825 1046 2038 1090 Republikaner
2074 1054 2144 1081 vom

1213 1091 1241 1124 1.
1266 1090 1366 1136 März,
1389 1092 1435 1136 ihr
1458 1097 1555 1132 treuen
1571 1098 1768 1142 Freischaaren
1783 1107 1839 1134 von
1857 1101 1937 1135 1856
1955 1102 2016 1134 und
2035 1101 2142 1134 1857?

1210 1142 1260 1185 Ist
1282 1144 1338 1177 das
1363 1146 1416 1179 das
1440 1148 1504 1190 Ziel
1528 1150 1555 1190 so
1584 1150 1672 1184 vieler
1707 1151 1917 1197 Bestrebungen
1953 1160 2021 1186 vom
2056 1153 2143 1193 ersten

1211 1195 1289 1239 Tage
1313 1206 1360 1238 an,
1385 1199 1432 1232 der
1448 1201 1492 1238 die
1507 1203 1692 1247 retrograden
1710 1203 1856 1239 Elemente
1872 1215 1909 1240 an
1926 1206 1981 1240 den
1997 1206 2143 1249 Schatten

1211 1248 1309 1290 stellte,
1346 1249 1391 1283 bis
1424 1252 1495 1294 diese
1525 1255 1629 1289 wieder
1665 1255 1695 1289 in
1729 1257 1982 1300 republikanischen
2016 1258 2143 1300 Formen

1211 1300 1263 1341 sich
1286 1301 1402 1343 erheben
1425 1306 1485 1339 und
1523 1307 1590 1347 statt
1613 1307 1697 1350 durch
1732 1308 1969 1354 Verschwörung,
2005 1310 2059 1344 mit
2094 1311 2142 1344 der

1211 1352 1377 1393 Wahlurne
1398 1360 1457 1390 uns
1480 1358 1667 1401 bekämpfen?
1717 1360 1803 1402 Nein,
1837 1362 1890 1396 wir
1924 1362 2035 1397 können
2067 1362 2142 1404 nicht

1212 1405 1346 1449 glauben,
1372 1408 1426 1448 daß
1451 1412 1498 1444 der
1515 1411 1672 1454 öffentliche
1688 1413 1767 1454 Geist
1789 1413 1818 1447 in
1836 1413 1991 1458 Neuchatel
2015 1416 2042 1458 so
2059 1417 2142 1449 trau¬

1210 1458 1256 1502 rig
1278 1460 1490 1507 umgeschlagen
1512 1464 1598 1506 habe,
1635 1465 1663 1507 so
1687 1464 1739 1506 tief
1768 1466 1902 1510 gesunken
1926 1467 1977 1509 sei,
2013 1477 2063 1502 um
2097 1467 2142 1501 bei

1211 1510 1286 1545 einer
1310 1512 1413 1555 solchen
1438 1515 1571 1559 Aussicht
1603 1517 1682 1559 nicht
1716 1519 1766 1551 den
1801 1517 1895 1563 letzten
1929 1519 2048 1561 Funken
2082 1526 2141 1553 von

1211 1563 1422 1601 Liberalismus
1446 1578 1479 1611 zu
1504 1568 1578 1602 einer
1601 1569 1754 1613 feierlichen
1777 1570 2004 1615 Manifestation
2039 1571 2142 1615 aufzu¬

1210 1616 1313 1652 bieten.
1357 1618 1422 1653 Der
1446 1620 1617 1666 Augenblick
1639 1621 1672 1664 ist
1694 1623 1739 1664 da,
1773 1632 1824 1657 um
1858 1625 1905 1658 der
1929 1624 2071 1659 Reaktion
2096 1624 2141 1658 ein

1207 1670 1281 1713 Halt
1303 1680 1338 1714 zu
1361 1671 1517 1716 gebieten."

1271 1723 1357 1765 Diese
1379 1723 1510 1768 Sprache
1533 1726 1566 1766 ist
1588 1726 1698 1769 schöner
1720 1728 1765 1761 als
1782 1727 1825 1761 die
1848 1729 1954 1772 Sache,
1979 1729 2027 1771 für
2042 1729 2141 1771 welche

1207 1775 1245 1816 sie
1266 1776 1430 1819 gesprochen
1454 1777 1537 1812 wird.
1583 1778 1680 1813 Leider
1702 1780 1734 1820 ist
1756 1780 1844 1821 dieses
1869 1782 1899 1815 in
1922 1783 1970 1815 der
1987 1782 2075 1826 Regel
2093 1782 2141 1814 der

1206 1827 1273 1870 Fall
1298 1828 1341 1862 bei
1365 1829 1411 1862 der
1435 1829 1575 1873 Sprache,
1611 1832 1709 1874 welche
1734 1833 1776 1866 die
1810 1833 2005 1877 sogenannten
2040 1833 2141 1875 Eisen¬

1205 1880 1431 1923 bahnpatrioten
1454 1882 1566 1925 führen.

1269 1933 1334 1975 Auf
1354 1934 1398 1967 die
1422 1934 1517 1980 Länge
1540 1935 1612 1970 wird
1637 1936 1722 1977 dieser
1745 1937 1955 1980 Goldflimmer
1979 1938 2052 1979 nicht
2077 1938 2141 1979 hal¬

1204 1987 1251 2019 ten
1275 1988 1335 2020 und
1360 1987 1414 2020 das
1439 1988 1552 2032 heutige
1575 1988 1712 2028 Resultat
1742 1990 1790 2022 der
1825 1988 2031 2033 Abstimmung
2065 1990 2139 2023 wird

1203 2037 1307 2082 zeigen,
1333 2039 1367 2071 ob
1391 2039 1436 2072 die
1460 2040 1658 2082 Neuchateller
1681 2041 1747 2074 eben
1771 2041 1798 2082 so
1822 2041 1901 2085 leicht
1932 2042 1987 2075 mit
2010 2042 2141 2085 Phrasen

1202 2090 1320 2134 geführt
1342 2091 1458 2125 werden
1480 2092 1528 2125 als
1551 2092 1596 2125 die
1620 2092 1740 2134 Genfer.

1269 2197 1288 2214 *
1313 2197 1376 2229 Der
1398 2197 1435 2215 **
1445 2198 1677 2239 Korrespondent
1693 2201 1743 2233 des
1760 2200 1929 2233 Landboten
1948 2202 2145 2242 apostrophirt

1206 2249 1276 2289 uns,
1302 2247 1369 2280 weil
1392 2247 1446 2281 wir
1471 2250 1525 2282 den
1549 2250 1964 2295 Betriebskostenvoranschlag
1999 2254 2047 2285 der
2070 2253 2146 2286 Ber¬

1205 2307 1255 2331 ner
1278 2298 1447 2345 Regierung
1471 2301 1519 2343 für
1543 2302 1587 2335 die
1611 2301 1813 2343 Ostwestbahn
1837 2303 1876 2336 im
1911 2304 2145 2348 ursprünglichen

1205 2350 1303 2394 Ansatz
1328 2358 1386 2384 von
1411 2352 1462 2395 Fr.
1486 2354 1624 2394 888,203
1656 2354 1687 2387 in
1721 2354 1818 2396 unsere
1852 2355 2009 2400 Rechnung
2043 2356 2144 2399 ausge¬

1203 2411 1340 2436 nommen
1364 2403 1466 2447 haben,
1491 2405 1598 2446 anstatt
1615 2415 1671 2439 nur
1687 2406 1726 2439 im
1743 2406 1918 2448 Verhältniß
1936 2415 1994 2441 von
2011 2409 2051 2441 50
2069 2409 2141 2450 pCt.

1202 2456 1251 2488 der
1274 2461 1332 2489 von
1363 2459 1421 2489 uns
1456 2457 1616 2501 reduzirten
1652 2458 1957 2502 Brutto-Einnahme.
2004 2462 2044 2494 50
2068 2461 2140 2502 pCt.

1201 2508 1252 2541 des
1268 2508 1537 2554 Brutto-Ertrags,
1562 2512 1616 2543 das
1638 2510 1673 2551 sei
1690 2510 1733 2544 die
1752 2511 1934 2556 „vorläufige
1950 2512 2140 2558 Rechnung".

1201 2560 1268 2601 Also
1287 2567 1371 2594 wenn
1387 2570 1441 2605 gar
1464 2562 1584 2605 nichts
1608 2561 1828 2607 eingenommen
1850 2565 1959 2607 würde,
1984 2565 2011 2607 so
2028 2567 2139 2608 würde,

1200 2614 1266 2655 nach
1303 2615 1367 2647 dem
1402 2614 1893 2659 Landboten-Korrespondenten,
1936 2618 2059 2660 dennoch
2094 2619 2140 2653 die

1199 2666 1333 2707 Hälfte
1357 2666 1462 2708 hievon
1486 2667 1667 2711 ausreichen,
1700 2678 1750 2703 um
1782 2669 1827 2702 die
1851 2670 2081 2711 Betriebskosten
2105 2681 2139 2714 zu

1199 2718 1307 2752 decken!
1354 2719 1418 2753 Der
1441 2721 1509 2764 gute
1532 2720 1633 2754 Mann
1650 2721 1747 2763 scheint
1772 2721 1810 2755 an
1833 2721 2051 2765 Sachkunde
2087 2724 2140 2757 den

1199 2770 1371 2811 Referenten
1395 2772 1443 2806 der
1466 2772 1623 2814 bernischen
1648 2773 2013 2818 staatswissenschaftlichen
2047 2775 2141 2809 Kom¬

1200 2823 1325 2865 mission,
1350 2823 1423 2866 Hrn.
1448 2825 1612 2867 Lehmann,
1648 2826 1713 2867 noch
1738 2835 1771 2869 zu
1806 2827 1991 2870 übertreffen,
2026 2829 2141 2870 welcher

1200 2875 1373 2918 bekanntlich
1398 2876 1429 2909 in
1452 2878 1502 2910 der
1526 2878 1620 2920 letzten
1643 2878 1770 2923 Sitzung
1794 2879 1845 2913 des
1868 2880 1983 2913 Berner
2016 2880 2140 2921 Großen

1199 2927 1314 2969 Rathes
1337 2928 1492 2973 Hoffnung
1515 2930 1632 2973 machte,
1665 2930 1719 2970 daß
1743 2931 1862 2973 dereinst
1885 2932 1953 2973 auch
1989 2932 2032 2965 die
2060 2932 2140 2966 Linie

1199 2979 1254 3013 St.
1281 2979 1561 3025 Gallen-Rorschach
1585 2991 1618 3024 zu
1641 2982 1760 3017 Stande
1784 2985 1844 3017 und
1862 2984 1955 3017 damit
1972 2985 2026 3017 das
2042 2984 2142 3027 Zwei¬

1202 3031 1391 3075 liniensystem
1416 3032 1457 3067 im
1482 3034 1570 3074 Osten
1595 3044 1660 3078 zum
1684 3035 1823 3077 Abschluß
1849 3036 1979 3071 kommen
2003 3037 2111 3071 werde!

1265 3084 1359 3127 Jener
1382 3085 1481 3130 Ansatz
1506 3093 1564 3120 von
1580 3087 1633 3129 Fr.
1652 3088 1788 3129 888,203
1806 3088 1897 3132 ergibt
1919 3089 1973 3129 auf
1987 3089 2030 3123 die
2046 3089 2143 3134 Länge

1202 3145 1259 3170 von
1289 3138 1374 3177 142,2
1396 3137 1556 3173 Kilometer
1579 3139 1625 3173 ein
1660 3139 1872 3183 kilometrisches
1897 3141 2143 3183 Betriebskosten¬

1203 3188 1355 3230 betreffniß
1379 3199 1438 3224 von
1463 3191 1513 3233 Fr.
1539 3192 1633 3225 6246.
1680 3191 1723 3225 Es
1747 3191 1843 3233 dürfte
1872 3202 1934 3227 nun
1969 3195 2021 3227 den
2047 3193 2141 3227 Land¬

2213 785 2299 819 boten
2322 784 2534 830 einigermaßen
2558 784 2589 819 in
2612 784 2812 830 Verlegenheit
2835 788 2924 831 setzen,
2949 794 3033 823 wenn
3056 799 3085 823 er
3107 807 3151 815 —

2213 838 2266 872 den
2291 837 2472 872 vollendeten
2495 838 2568 872 Bau
2591 839 2801 882 vorausgesetzt
2822 859 2864 865 —
2898 840 2966 883 auch
3001 850 3057 875 nur
3087 841 3152 875 ein

2212 889 2340 932 Beispiel
2372 890 2401 932 so
2438 889 2673 933 wohlfeilen
2711 890 2864 925 Betriebes
2906 892 3007 935 zitiren
3040 893 3151 933 müßte.

2211 941 2271 976 Die
2296 942 2511 984 Nordostbahn,
2548 942 2602 984 auf
2634 943 2734 986 welche
2768 952 2797 977 er
2819 943 2870 985 sich
2904 942 3010 987 speziell
3043 945 3151 988 beruft,

2212 994 2292 1036 hatte
2314 994 2354 1028 im
2378 994 2570 1037 verwichenen
2591 995 2689 1038 Jahre
2712 995 2773 1029 eine
2800 995 3068 1040 Betriebsausgabe
3092 1004 3153 1032 von

2211 1046 2261 1088 Fr.
2287 1047 2371 1081 7260
2394 1053 2444 1088 per
2468 1047 2626 1081 Kilometer
2650 1049 2710 1083 und
2735 1048 2802 1092 doch
2826 1047 2952 1090 befindet
2969 1048 3083 1091 dieselbe
3100 1049 3153 1093 sich

2210 1098 2241 1133 in
2264 1099 2321 1133 viel
2345 1098 2510 1143 günstigern
2527 1099 2875 1144 Betriebsverhältnissen
2901 1101 2948 1135 als
2972 1100 3007 1144 sie
3024 1101 3067 1137 die
3081 1101 3154 1144 Ost¬

2212 1151 2357 1192 westbahn
2381 1151 2508 1192 erhalten
2533 1151 2617 1186 wird.
2664 1153 2741 1196 Auch
2765 1153 2800 1195 ist
2828 1153 2965 1196 bekannt,
3000 1154 3054 1195 daß
3090 1154 3153 1189 eine

2210 1204 2258 1237 der
2294 1203 2557 1248 Lieblingsbahnen
2591 1205 2643 1238 des
2677 1205 2859 1247 Landboten,
2895 1205 2939 1239 die
2973 1206 3151 1249 Oronbahn,

2210 1256 2258 1290 der
2282 1255 2485 1296 Centralbahn
2507 1256 2556 1298 für
2579 1256 2634 1290 den
2657 1257 2804 1301 künftigen
2828 1257 2948 1292 Betrieb
2973 1259 3020 1292 der
3035 1259 3153 1294 Strecke

2208 1307 2558 1352 Thörishaus-Freiburg
2580 1308 2700 1351 jährlich
2725 1309 2776 1352 Fr.
2800 1310 2885 1345 9500
2910 1316 2959 1353 per
2989 1311 3152 1346 Kilometer

2209 1361 2350 1404 vergüten
2373 1362 2432 1394 und
2459 1360 2543 1394 dabei
2571 1360 2615 1394 die
2646 1361 2818 1406 Abnutzung
2854 1363 2905 1396 des
2940 1362 3151 1408 Bahnkörpers

2210 1421 2247 1447 an
2271 1412 2322 1455 sich
2347 1412 2431 1453 selber
2455 1413 2556 1457 tragen
2585 1413 2666 1454 muß.
2722 1413 2784 1448 Die
2819 1414 3050 1456 Betriebskosten
3086 1417 3150 1459 sind

2208 1465 2349 1508 natürlich
2375 1464 2420 1498 bis
2454 1474 2489 1508 zu
2524 1464 2614 1499 einem
2651 1465 2784 1510 gewissen
2807 1467 2909 1501 Grade
2946 1477 3018 1512 ganz
3052 1470 3152 1503 unab¬

2208 1517 2319 1561 hängig
2343 1524 2401 1550 von
2424 1517 2479 1551 den
2502 1517 2690 1558 Einnahmen
2713 1519 2773 1552 und
2804 1522 2836 1552 es
2869 1519 2903 1559 ist
2935 1520 3036 1564 daher,
3073 1528 3152 1565 zwar

2209 1568 2283 1612 nicht
2307 1569 2408 1614 gerade
2433 1569 2643 1613 „empörend",
2678 1570 2744 1604 aber
2780 1570 2840 1613 sehr
2874 1571 3026 1617 einfältig,
3060 1583 3152 1617 anzu¬

2209 1621 2340 1664 nehmen,
2364 1621 2419 1662 daß
2444 1621 2489 1655 die
2512 1620 2805 1666 Betriebsausgaben
2822 1624 2889 1665 stets
2914 1627 2971 1657 aus
2987 1626 3035 1658 der
3050 1626 3152 1668 Hälfte

2208 1674 2256 1708 der
2279 1674 2571 1717 Betriebseinahmen
2595 1674 2740 1718 bestritten
2770 1677 2884 1710 werden
2919 1677 3045 1721 können,
3081 1679 3151 1723 auch

2208 1732 2293 1761 wenn
2316 1727 2360 1761 die
2383 1727 2478 1770 letzten
2501 1727 2569 1770 noch
2592 1727 2620 1768 so
2646 1738 2744 1773 mager
2768 1729 2970 1773 ausgefallen!

2265 1827 2320 1857 Die
2349 1827 2702 1868 Dappenthalfrage
2740 1830 2806 1860 wird
2845 1830 2880 1860 im
2920 1830 3151 1871 Schweizerboten

2207 1921 2279 1959 hatte
2301 1922 2454 1960 Frankreich
2475 1921 2511 1952 im
2531 1923 2604 1960 Jahr
2628 1922 2700 1954 1801
2723 1926 2763 1955 die
2785 1925 2936 1964 Abtretung
2951 1926 2998 1956 des
3014 1927 3152 1964 Dappen¬

2208 1969 2282 2006 thals
2304 1976 2365 1999 vom
2387 1969 2554 2007 helvetischen
2575 1971 2761 2003 Direktorium
2783 1973 2918 2012 verlangt,
2949 1975 3003 2004 und
3032 1983 3075 2005 am
3102 1976 3149 2006 11.

2209 2017 2312 2055 August
2336 2017 2408 2047 1802
2429 2017 2537 2048 erklärte
2559 2019 2603 2048 der
2625 2018 2771 2058 helvetische
2792 2021 2901 2052 Senat:
2935 2023 2969 2052 da
3001 2023 3045 2053 der
3066 2030 3152 2061 gewe¬

2209 2064 2264 2100 sene
2296 2065 2483 2103 gesetzgebende
2512 2065 2585 2102 Rath
2618 2075 2661 2097 am
2691 2067 2721 2098 2.
2754 2067 2835 2107 März
2864 2069 2937 2099 1801
2968 2070 3065 2100 bereits
3098 2072 3151 2101 das

2211 2111 2349 2142 Eintreten
2369 2112 2397 2141 in
2418 2112 2470 2141 das
2492 2112 2632 2150 Begehren
2662 2115 2706 2146 der
2737 2115 2889 2154 Abtretung
2920 2117 3002 2152 dieses
3032 2118 3149 2155 Thales,

2211 2157 2289 2192 sowie
2309 2159 2357 2187 den
2379 2158 2507 2195 Abschluß
2528 2159 2599 2189 eines
2622 2160 2756 2200 Beitrags
2780 2163 2907 2201 bewilligt
2930 2164 3006 2201 habe,
3028 2164 3054 2201 so
3086 2166 3151 2203 stehe

2212 2204 2256 2234 der
2278 2204 2371 2234 Senat
2391 2205 2457 2241 nicht
2479 2213 2533 2241 an,
2563 2206 2622 2236 dem
2652 2208 2914 2247 Vollziehungsrath
2944 2209 2984 2239 die
3014 2210 3152 2250 Befugniß

2214 2258 2258 2287 zur
2281 2250 2459 2289 Vollziehung
2482 2260 2512 2290 zu
2535 2252 2669 2290 ertheilen.
2711 2256 2752 2289 In
2775 2257 2859 2294 Folge
2880 2256 2963 2293 dessen
2984 2259 3073 2288 wurde
3100 2260 3152 2289 das

2213 2298 2284 2336 Thal
2305 2298 2459 2336 Frankreich
2481 2300 2576 2336 behufs
2598 2302 2645 2331 des
2666 2302 2880 2339 Straßenbaues
2912 2312 2960 2343 zur
2991 2305 3152 2345 Verfügung

2212 2346 2310 2383 gestellt
2331 2347 2384 2376 und
2405 2346 2572 2384 überlassen,
2607 2355 2682 2380 wenn
2706 2350 2784 2388 gleich
2806 2351 2846 2381 die
2876 2360 2907 2389 zu
2941 2352 3057 2389 leistende
3080 2355 3152 2386 Ent¬

2210 2391 2367 2432 schädigung
2389 2394 2450 2431 noch
2472 2394 2537 2431 nicht
2559 2395 2684 2432 bestimmt
2705 2404 2774 2435 war,
2797 2399 2852 2429 und
2874 2399 2917 2438 sich
2950 2399 3014 2431 über
3042 2401 3152 2437 dieselbe

2209 2438 2289 2478 lange
2311 2442 2365 2470 und
2387 2441 2451 2471 viele
2473 2441 2607 2478 Anstände
2628 2444 2751 2482 erhoben,
2776 2446 2844 2476 denn
2867 2447 2907 2477 die
2922 2448 3003 2486 zuerst
3024 2448 3153 2488 beabsich¬

2209 2487 2274 2526 tigte
2294 2496 2374 2526 gegen
2395 2488 2547 2528 Abtretung
2567 2490 2616 2520 des
2638 2492 2788 2529 Frickthals
2813 2494 2941 2533 zerschlug
2961 2495 3016 2533 sich,
3038 2497 3103 2527 eben
3124 2497 3151 2534 so

2209 2535 2247 2566 die
2271 2536 2418 2574 Abtretung
2441 2543 2492 2566 von
2516 2536 2644 2576 Celigny.
2686 2540 2734 2571 Da
2757 2540 2815 2571 kam
2844 2542 2886 2573 die
2918 2542 3150 2575 Mediationsakte

2209 2584 2262 2613 und
2286 2584 2329 2613 der
2350 2584 2687 2625 Defensivallianzvertrag
2710 2593 2773 2618 vom
2792 2588 2841 2619 27.
2863 2590 3053 2628 Herbstmonat
3076 2591 3160 2622 1803

2209 2631 2325 2668 zwischen
2356 2632 2400 2661 der
2431 2630 2550 2671 Schweiz
2578 2634 2634 2662 und
2665 2635 2835 2674 Frankreich,
2868 2638 2924 2667 und
2955 2638 3053 2674 brachte
3085 2647 3151 2671 neue

2209 2678 2440 2717 Schwierigkeiten
2468 2679 2495 2710 in
2522 2680 2617 2719 Bezug
2651 2682 2700 2720 auf
2726 2683 2768 2714 die
2799 2684 3061 2726 Grenzermittelung
3094 2690 3151 2718 und

2209 2725 2436 2765 Entschädigung.

2287 2774 2438 2812 Frankreich
2472 2774 2544 2813 hatte
2576 2777 2650 2807 dann
2685 2777 2834 2817 inzwischen
2864 2787 2926 2811 vom
2969 2782 3152 2821 Dappenthal

2209 2820 2289 2860 Besitz
2319 2830 2474 2859 genommen
2504 2824 2557 2852 und
2588 2822 2655 2859 seine
2685 2826 2791 2863 Straße
2823 2828 2927 2858 erbaut.
2982 2829 3022 2860 Es
3055 2830 3147 2869 verzö¬

2209 2872 2279 2907 gerte
2308 2870 2369 2900 aber
2399 2870 2439 2900 die
2477 2870 2648 2911 Regulirung
2684 2873 2727 2903 der
2760 2873 2976 2914 Entschädigung
3014 2875 3059 2907 bis
3097 2879 3151 2909 das

2208 2916 2282 2954 Jahr
2304 2916 2377 2946 1814
2397 2916 2446 2947 mit
2467 2917 2551 2952 seinen
2572 2918 2739 2958 Ereignissen
2762 2921 2830 2951 kam.
2873 2922 2995 2953 Damals
3013 2926 3151 2963 verlangte

2209 2963 2248 2994 die
2271 2964 2457 3003 schweizerische
2478 2965 2650 3005 Abordnung
2672 2975 2715 2997 am
2739 2968 2962 3008 Wienerkongreß
2994 2971 3032 3002 die
3067 2972 3151 3003 Rück¬

2210 3012 2277 3049 gabe
2298 3013 2345 3043 des
2373 3012 2572 3050 Dappenthals
2604 3021 2640 3045 an
2669 3015 2709 3046 die
2742 3016 2877 3056 Schweiz;
2909 3019 2953 3049 der
2984 3019 3151 3058 französische

2211 3059 2335 3096 Minister
2356 3061 2471 3098 dagegen
2493 3060 2571 3097 stellte
2592 3069 2636 3092 am
2657 3063 2703 3092 10.
2727 3063 2912 3101 Christmonat
2934 3065 3008 3096 1814
3028 3067 3080 3097 das
3095 3068 3150 3098 Be¬

2211 3107 2316 3144 gehren,
2339 3111 2368 3137 es
2390 3107 2420 3143 sei
2443 3108 2493 3137 das
2514 3108 2695 3146 Dappenthal
2715 3118 2751 3141 an
2774 3112 2927 3149 Frankreich
2948 3121 2979 3151 zu
3003 3113 3150 3152 überlassen

2211 3154 2255 3183 als
2277 3154 2360 3191 Ersatz
2389 3155 2435 3184 des
2457 3159 2510 3183 von
2532 3155 2684 3193 Frankreich
2706 3164 2740 3187 an
2764 3158 2840 3194 Genf
2852 3159 3053 3197 abzutretenden
3069 3162 3150 3199 Thei¬

2211 3199 2250 3231 les
2272 3202 2318 3230 der
2340 3201 2493 3239 Landschaft
2514 3201 2581 3240 Bex,
2605 3203 2721 3243 dagegen
2744 3205 2792 3242 soll
2815 3206 2931 3246 Celigny
2951 3214 3003 3238 von
3025 3208 3110 3248 Genf
3110 3208 3151 3248 an

575 3323 753 3377 Feuilleton.

446 3407 658 3451 Belletristische
679 3403 882 3448 Neuigkeiten.

206 3460 262 3491 Die
287 3462 420 3494 Chronik
447 3464 503 3492 der
531 3456 824 3493 Sperlingsgasse,
854 3453 1057 3487 herausgegeben
1085 3456 1135 3481 von

275 3505 372 3541 Jakob
394 3504 569 3537 Corvinus.
603 3503 700 3536 Verlag
719 3507 769 3530 von
787 3500 821 3535 F.
842 3499 949 3530 Schotte
969 3498 1022 3525 und
1040 3496 1135 3527 Comp.

279 3557 303 3578 in
322 3548 423 3580 Berlin.

229 3592 255 3618 *
283 3592 330 3622 Bei
348 3593 467 3623 Büchern
486 3591 532 3625 gilt
550 3589 597 3619 wie
626 3588 662 3618 bei
681 3585 819 3618 Menschen
846 3584 890 3613 der
909 3581 1061 3615 Grundsatz,
1089 3580 1136 3612 daß

194 3640 255 3664 man
273 3635 337 3665 nicht
354 3639 416 3665 nach
433 3638 493 3664 dem
512 3633 607 3665 äußern
628 3629 741 3663 Scheine
768 3626 894 3658 urtheilen
920 3627 974 3654 und
1002 3625 1044 3656 sich
1072 3625 1138 3655 nicht

191 3679 267 3709 durch
284 3680 322 3709 die
335 3679 393 3710 erste
407 3677 581 3710 Erscheinung
593 3680 644 3704 von
655 3671 805 3705 vornherein
819 3669 916 3704 günstig
929 3670 989 3697 oder
1002 3668 1137 3702 ungünstig

190 3722 306 3753 stimmen
325 3724 401 3756 lassen
419 3721 485 3754 darf.
522 3721 649 3751 Mancher
661 3716 731 3748 Leser
751 3716 869 3744 erwartet
887 3711 913 3741 in
932 3710 1034 3744 obigem
1049 3712 1137 3741 Buche

189 3765 308 3797 vielleicht
328 3767 382 3796 eine
401 3764 515 3797 Gallerie
538 3769 587 3792 von
607 3762 820 3794 Schauerscenen
842 3753 1014 3789 anzutreffen,
1041 3754 1088 3782 wie
1107 3753 1137 3784 sie

189 3814 264 3838 unter
282 3809 409 3840 ähnlichen
423 3808 512 3839 Titeln
531 3806 600 3836 schon
614 3804 650 3835 oft
663 3809 747 3838 genug
760 3800 798 3830 die
811 3800 914 3829 Nerven
927 3798 971 3825 der
984 3796 1137 3830 leselustigen

190 3852 260 3882 Welt
272 3852 298 3882 in
313 3853 468 3885 Spannung
481 3848 575 3881 versetzt
586 3849 684 3880 haben;
702 3845 756 3875 eine
769 3839 1032 3878 Zusammenstellung
1044 3837 1139 3871 außer¬

188 3896 371 3928 gewöhnlicher
385 3893 535 3928 Ereignisse,
556 3891 581 3920 in
599 3891 676 3920 deren
692 3886 839 3921 Erfindung
860 3886 907 3913 den
920 3884 1062 3916 Franzosen
1082 3882 1136 3910 und

187 3937 371 3967 Amerikanern
402 3937 543 3969 unbedingt
573 3935 616 3963 der
646 3933 705 3965 erste
736 3927 899 3966 zweifelhafte
927 3925 1007 3958 Preis
1037 3925 1136 3955 ertheilt

188 3983 290 4011 werden
309 3979 383 4013 muß.
414 3981 514 4013 Hievon
533 3978 560 4009 ist
578 3983 633 4006 nun
652 3976 679 4005 in
698 3974 774 4005 dieser
793 3968 904 4003 Chronik
920 3968 989 3998 keine
1009 3968 1088 3999 Spur
1106 3974 1136 4002 zu

188 4022 284 4056 finden.
322 4023 359 4054 Es
379 4024 429 4054 sind
449 4022 628 4056 Erzählungen
646 4019 717 4049 eines
743 4015 857 4049 sinnigen
877 4013 966 4044 Alten,
992 4011 1035 4040 der
1062 4010 1137 4041 theils

189 4066 237 4095 mit
256 4066 410 4101 glücklichem
428 4066 552 4099 Humor,
578 4062 653 4093 theils
676 4061 725 4090 mit
752 4059 904 4093 gesundem,
929 4054 1137 4086 wohlthuendem

188 4109 278 4140 Ernste
297 4114 348 4137 uns
368 4108 457 4138 Bilder
474 4107 544 4136 eines
561 4109 740 4139 vergangenen
759 4103 856 4132 Lebens
875 4096 1000 4129 verführt.
1033 4096 1136 4126 Gerade

187 4152 227 4181 die
246 4151 462 4184 Bescheidenheit,
489 4149 537 4179 mit
556 4150 657 4179 welcher
675 4147 715 4176 ein
734 4143 858 4176 äußerlich
882 4139 957 4171 stilles
975 4139 1029 4167 und
1046 4138 1137 4173 gleich¬

187 4195 334 4227 laufendes,
353 4192 473 4224 innerlich
490 4196 551 4222 aber
567 4192 630 4221 reich
648 4191 775 4223 bewegtes
790 4187 871 4218 Leben
890 4182 1039 4215 beischrieben
1058 4181 1136 4215 wird,

188 4241 272 4268 macht
290 4236 339 4269 auf
354 4239 403 4265 den
426 4235 497 4266 Leser
519 4234 592 4264 einen
620 4232 790 4267 freundlichen
810 4228 951 4260 Eindruck;
978 4223 1070 4253 mitten
1097 4224 1136 4253 im

189 4281 302 4313 Gewühl
320 4279 391 4308 eines
413 4277 617 4313 großstädtischen
635 4275 765 4308 Treibens
792 4274 864 4304 sehen
891 4270 938 4300 wir
963 4268 1018 4298 hier
1041 4267 1069 4297 in
1088 4269 1136 4296 das

190 4322 249 4354 stille
268 4323 347 4354 Glück
365 4323 434 4351 einer
452 4320 547 4350 kleinen
565 4321 627 4355 Zahl
644 4327 695 4350 von
713 4317 861 4351 Personen,
884 4313 919 4343 die
939 4314 1015 4344 durch
1032 4311 1136 4345 inniges

189 4366 359 4399 Verständnis
378 4364 427 4394 mit
444 4364 566 4393 einander
583 4363 628 4393 sich
645 4363 794 4392 verbunden
813 4359 909 4391 fühlen.

240 4409 302 4440 Wir
320 4406 413 4438 wollen
432 4406 473 4437 ein
492 4407 566 4437 Blatt
582 4404 658 4437 dieser
678 4402 788 4436 Chronik
807 4399 964 4433 mittheilen,
988 4398 1069 4425 wobei
1088 4403 1137 4425 wir

189 4458 234 4486 zur
252 4450 426 4485 Orientirung
443 4456 496 4480 nur
512 4455 544 4484 zu
561 4447 692 4479 bemerken
709 4449 806 4480 haben,
833 4442 881 4475 daß
899 4442 953 4473 eine
971 4442 1016 4469 der
1032 4439 1137 4475 Haupt¬

1203 3315 1339 3350 personen,
1366 3317 1405 3346 die
1424 3316 1501 3348 kleine
1521 3318 1597 3352 Elise,
1626 3319 1679 3348 eine
1698 3318 1782 3350 Waise
1800 3318 1840 3354 ist,
1859 3320 1934 3349 deren
1954 3320 2040 3350 Eltern
2059 3323 2144 3357 Franz

1203 3361 1255 3387 und
1276 3359 1366 3389 Maria
1385 3361 1457 3394 Ralff
1483 3362 1530 3391 mit
1549 3365 1605 3391 dem
1626 3359 1853 3394 Chronikschreiber
1878 3362 1970 3397 innigst
1996 3364 2144 3396 befreundet

1204 3408 1290 3431 waren
1309 3404 1362 3432 und
1379 3404 1419 3432 die
1438 3412 1464 3434 er
1483 3405 1524 3438 seit
1543 3407 1616 3435 deren
1636 3406 1693 3436 Tod
1712 3412 1741 3439 zu
1760 3405 1802 3436 sich
1822 3412 1989 3440 genommen.

1858 3459 1902 3484 Am
1919 3460 1954 3482 11.
1971 3459 2070 3488 Januar.
2086 3473 2116 3477 —

1271 3492 1331 3524 Wie
1348 3494 1393 3522 das
1408 3493 1497 3527 Epheu
1516 3502 1564 3524 aus
1577 3496 1634 3525 dem
1646 3494 1789 3527 Ulfeldener
1803 3496 1894 3527 Walde
1912 3499 1990 3531 höher
2003 3500 2055 3526 und
2068 3500 2144 3531 höher

1203 3535 1364 3570 hinaufsteigt
1381 3544 1414 3566 an
1433 3539 1477 3568 der
1487 3539 1576 3570 Wand
1595 3540 1637 3567 des
1651 3538 1776 3573 Fensters,
1795 3537 1882 3573 geküßt
1900 3545 1949 3570 von
1968 3543 2011 3570 der
2029 3548 2144 3571 warmen

1206 3579 1313 3612 Sonne,
1332 3578 1446 3613 getränkt
1460 3587 1509 3610 von
1524 3581 1628 3614 kleinen,
1643 3581 1776 3615 sorgenden
1789 3582 1908 3616 Händen,
1928 3585 2016 3614 welche
2028 3584 2076 3613 alle
2088 3589 2148 3613 ver¬

1205 3621 1317 3654 welkten,
1338 3624 1424 3656 gelben
1440 3625 1541 3654 Blätter
1559 3624 1705 3657 abpflücken,
1724 3622 1771 3656 daß
1790 3624 1828 3655 die
1841 3625 1946 3660 Pflanze
1964 3625 2057 3656 immer
2075 3626 2144 3659 frisch

1205 3667 1256 3694 und
1275 3664 1340 3699 jung
1358 3667 1462 3700 dastehe.

1272 3709 1329 3737 Aus
1349 3710 1442 3742 Tagen
1468 3711 1568 3739 werden
1588 3709 1713 3742 Wochen,
1741 3715 1789 3738 aus
1809 3709 1922 3741 Wochen
1942 3712 2067 3746 Monate,
2094 3716 2143 3741 aus

1206 3751 1335 3781 Monaten
1353 3753 1447 3787 Jahre,
1467 3756 1519 3783 und
1539 3755 1584 3782 das
1600 3759 1679 3786 junge
1691 3751 1886 3783 Menschenkind
1905 3757 1999 3785 wächst
2016 3756 2069 3784 und
2088 3758 2144 3784 ent¬

1206 3794 1276 3825 faltet
1294 3795 1337 3826 sich
1355 3795 1455 3827 schöner
1474 3799 1526 3826 und
1545 3797 1677 3826 blühender
1694 3796 1732 3823 als
1745 3794 1782 3823 die
1796 3793 1930 3831 köstlichste,
1951 3798 2143 3830 wundersamste

1206 3837 1319 3872 Pflanze.
1357 3838 1408 3868 Die
1420 3841 1469 3869 alte
1482 3840 1589 3871 Martha
1609 3837 1670 3867 wird
1683 3837 1777 3866 immer
1789 3838 1851 3867 älter
1869 3840 1921 3868 und
1937 3840 2070 3873 gebückter,
2089 3843 2143 3870 und

1205 3887 1298 3915 graues
1316 3881 1387 3915 Haar
1414 3882 1498 3914 mischt
1517 3883 1559 3913 sich
1577 3884 1647 3913 mehr
1665 3882 1716 3910 und
1736 3883 1807 3912 mehr
1833 3885 1908 3911 unter
1931 3882 2000 3911 mein
2020 3884 2143 3913 braunes.

1204 3924 1273 3959 Zum
1293 3925 1367 3955 ersten
1383 3925 1444 3954 Mal
1463 3925 1488 3955 ist
1507 3927 1550 3954 der
1567 3926 1626 3956 Tod
1643 3931 1675 3953 an
1694 3923 1762 3952 mein
1781 3923 1852 3954 Kind
1870 3926 2072 3959 herangetreten.
2104 3926 2142 3957 Es

1204 3969 1246 4000 hat
1265 3969 1325 3997 über
1343 3970 1386 3997 der
1403 3969 1480 3998 ersten
1499 3969 1580 4000 Leiche
1599 3967 1715 4002 geweint.
1751 3967 1806 3997 Der
1824 3967 1923 4000 hübsche
1942 3969 2071 4002 goldgelbe
2091 3969 2143 4000 Ca¬

1205 4010 1376 4045 narienvogel,
1394 4012 1437 4041 der
1456 4012 1479 4044 so
1499 4013 1568 4047 zahm
1587 4013 1639 4040 und
1657 4010 1703 4039 lieb
1721 4017 1785 4043 war,
1804 4010 1843 4045 lag
1862 4010 1931 4040 eines
1944 4012 2075 4046 Morgens
2094 4012 2143 4042 kalt

1205 4056 1257 4083 und
1277 4054 1375 4083 erstarrt
1392 4054 1439 4086 auf
1456 4057 1513 4084 dem
1533 4055 1624 4085 Boden
1642 4052 1718 4085 seines
1738 4052 1833 4083 kleinen
1852 4054 1961 4089 Hauses.

1276 4098 1321 4129 So
1341 4098 1401 4129 fand
1419 4099 1462 4131 ihn
1475 4098 1540 4128 Elise
1558 4099 1611 4126 und
1629 4096 1700 4128 schrie
1711 4096 1767 4128 auf,
1787 4097 1866 4131 nahm
1879 4097 1922 4129 ihn
1935 4097 1962 4127 in
1974 4096 2025 4130 ihre
2039 4098 2140 4131 Hände,

1203 4143 1305 4173 hauchte
1318 4141 1360 4174 ihn
1379 4148 1412 4169 an
1432 4143 1485 4170 und
1498 4141 1575 4173 suchte
1593 4142 1637 4172 ihn
1656 4146 1685 4172 zu
1698 4142 1841 4170 erwärmen
1858 4155 1883 4159 -
1900 4143 1943 4172 ach
1954 4144 2040 4169 armes
2053 4140 2140 4171 Kind:

1203 4184 1240 4213 die
1259 4184 1361 4215 Todten
1380 4182 1500 4214 kommen
1519 4184 1583 4214 nicht
1602 4183 1708 4212 wieder!
1728 4198 1760 4203 —

1271 4227 1331 4261 Leg'
1348 4226 1390 4259 ihn
1409 4227 1505 4260 nieder,
1523 4226 1624 4256 Deinen
1643 4223 1738 4254 kleinen
1752 4226 1871 4260 Freund;
1890 4227 1950 4256 auch
1965 4224 2014 4255 Dir
2029 4223 2139 4261 jungem

1204 4270 1296 4302 Wesen
1314 4269 1342 4301 ist
1359 4274 1387 4299 es
1403 4267 1456 4304 jetzt
1473 4270 1542 4302 schon
1565 4269 1631 4300 nicht
1649 4271 1721 4299 mehr
1743 4271 1870 4302 vergönnt
1887 4275 1917 4303 zu
1935 4267 2019 4301 klagen
2039 4271 2092 4298 und
2112 4276 2140 4303 zu

1201 4316 1324 4345 trauern,
1342 4313 1389 4342 wie
1408 4314 1455 4344 Du
1473 4314 1539 4345 wohl
1556 4312 1687 4345 möchtest;
1704 4315 1766 4343 auch
1785 4311 1848 4344 Dich
1866 4314 1908 4344 hat
1926 4312 1972 4340 das
1991 4310 2070 4342 Leben
2088 4309 2139 4344 jetzt

1203 4356 1273 4387 schon
1296 4354 1376 4387 erfaßt
1402 4359 1456 4386 und
1482 4356 1508 4386 in
1535 4356 1598 4388 seine
1618 4355 1717 4386 Wirbel
1740 4362 1864 4390 gezogen;
1894 4369 1920 4373 —
1941 4355 2000 4388 gehe
2023 4353 2066 4385 hin
2092 4353 2140 4383 mit

1203 4398 1314 4428 Deinem
1333 4399 1487 4433 gedrückten,
1506 4397 1600 4428 kleinen
1614 4399 1711 4433 Herzen
1731 4412 1756 4418 —
1777 4395 1824 4429 daß
1842 4399 1887 4428 Du
1905 4396 1944 4426 die
1958 4396 2057 4429 Schule
2074 4396 2140 4429 nicht

1202 4441 1351 4473 versäumst!
1366 4455 1394 4460 —
1410 4440 1465 4474 Eilf
1476 4442 1559 4476 Jahre
1576 4442 1612 4470 alt
1629 4441 1655 4471 ist
1673 4440 1741 4470 mein
1754 4439 1826 4471 Kind
1842 4438 1895 4474 jetzt
1913 4439 1940 4469 in
1958 4441 2004 4469 den
2019 4440 2139 4470 Blättern

2209 3324 2252 3352 der
2272 3322 2390 3355 Chronik.
2428 3324 2485 3354 Das
2503 3326 2584 3355 runde
2604 3326 2760 3359 Gesichtchen
2778 3328 2839 3360 zieht
2857 3330 2900 3362 sich
2919 3330 2987 3363 schon
3006 3334 3079 3365 mehr
3097 3333 3151 3363 und

2210 3368 2281 3397 mehr
2299 3373 2328 3400 zu
2343 3364 2430 3400 jenem
2451 3367 2534 3402 Oval,
2553 3369 2656 3400 welches
2674 3371 2722 3399 das
2742 3371 2803 3402 Bild
2821 3374 2878 3402 dort
2904 3380 2938 3403 an
2956 3374 2999 3403 der
3018 3374 3107 3406 Wand
3127 3375 3150 3408 so

2211 3407 2303 3441 lieblich
2321 3411 2421 3443 macht;
2442 3414 2491 3439 aus
2509 3410 2627 3442 Lischens
2645 3412 2843 3445 Kinderstimme
2862 3414 2941 3450 klingt
2958 3416 3008 3446 mir
3025 3424 3081 3448 nun
3101 3418 3151 3450 oft¬

2210 3452 2288 3485 mals,
2309 3466 2335 3471 —
2357 3459 2433 3482 wenn
2452 3453 2481 3484 sie
2507 3454 2550 3485 sich
2572 3456 2701 3490 wundert,
2728 3457 2772 3489 sich
2798 3457 2866 3489 freut
2892 3460 2951 3489 oder
2976 3457 3041 3494 klagt
3063 3476 3088 3481 —
3110 3461 3150 3492 ein

2211 3494 2272 3526 Ton
2291 3498 2427 3529 entgegen,
2454 3496 2497 3526 der
2525 3496 2589 3528 mich
2617 3497 2660 3531 fast
2679 3499 2804 3532 erschreckt
2821 3501 2950 3534 auffahren
2968 3501 3027 3534 läßt.
3067 3503 3106 3535 Es
3124 3503 3151 3537 ist

2210 3537 2314 3569 derselbe
2333 3538 2446 3573 Ausruf,
2464 3539 2512 3569 den
2531 3538 2574 3572 sie
2593 3547 2626 3570 an
2645 3542 2688 3574 sich
2705 3544 2791 3576 hatte!
2822 3544 2885 3575 Wer
2902 3546 2945 3577 hat
2962 3545 3005 3578 ihn
3023 3545 3089 3579 Dich
3107 3554 3152 3582 ge¬

2210 3580 2283 3614 lehrt,
2302 3579 2393 3610 kleines
2413 3582 2496 3617 Herz?
2531 3582 2624 3616 Diesen
2642 3586 2718 3619 Ton,
2738 3587 2785 3616 den
2805 3585 2838 3619 ich
2857 3587 2898 3619 für
2917 3587 2979 3622 ewig
2998 3587 3150 3624 verklungen

2210 3621 2269 3652 hielt
2287 3624 2339 3652 und
2362 3624 2463 3655 welcher
2479 3623 2532 3659 jetzt
2549 3628 2611 3657 nach
2629 3626 2652 3659 so
2671 3629 2762 3662 langen
2780 3629 2882 3665 Jahren
2900 3629 2992 3660 wieder
3009 3630 3078 3665 frisch
3096 3634 3150 3663 und

2211 3665 2324 3700 lebendig
2343 3666 2425 3696 wird?
2448 3682 2475 3688 —

2279 3708 2372 3740 Weine
2389 3709 2454 3742 nicht
2472 3712 2554 3744 mehr,
2573 3709 2685 3746 Lischen,
2704 3712 2770 3746 sieh',
2790 3712 2825 3745 ich
2843 3713 2897 3744 will
2910 3714 2974 3747 Dich
2992 3722 3024 3746 an
3043 3718 3150 3750 ernstere

2211 3751 2313 3782 Gräber
2330 3751 2438 3786 führen,
2465 3752 2576 3786 draußen
2596 3758 2640 3784 vor
2656 3755 2700 3783 der
2717 3752 2812 3786 Stadt.
2847 3757 2890 3787 Da
2918 3757 3010 3789 wollen
3028 3759 3077 3790 wir
3097 3765 3150 3791 uns

2210 3792 2326 3829 hinsetzen
2345 3798 2421 3825 unter
2439 3795 2476 3826 die
2495 3797 2632 3828 blühenden
2649 3797 2818 3831 Rosenbüsche
2835 3800 2888 3828 und
2905 3799 3015 3836 denken,
3043 3801 3092 3836 daß
3111 3802 3151 3834 die

2212 3837 2283 3869 Welt
2301 3837 2330 3872 so
2330 3837 2408 3872 groß,
2428 3838 2451 3869 so
2463 3838 2594 3869 unendlich
2607 3838 2667 3873 groß
2686 3839 2716 3871 sei
2737 3856 2764 3861 —
2783 3842 2836 3870 und
2854 3842 2913 3873 doch
2926 3842 3015 3873 Nichts
3033 3845 3150 3876 verloren

2210 3881 2287 3913 gehe!
2315 3882 2356 3911 Da
2376 3880 2468 3910 wollen
2487 3880 2534 3909 wir
2550 3884 2612 3912 auch
2629 3882 2686 3911 dem
2700 3882 2785 3912 todten
2800 3884 2882 3918 Vogel
2900 3883 2950 3916 sein
2969 3884 3062 3917 kleines
3076 3888 3149 3919 Grab

2210 3925 2303 3956 graben
2322 3925 2374 3952 und
2387 3929 2438 3952 uns
2451 3921 2587 3957 vorstellen,
2607 3922 2653 3955 daß
2671 3923 2707 3953 im
2719 3926 2831 3956 nächsten
2846 3927 2973 3963 Frühling
2991 3933 3041 3959 aus
3054 3930 3149 3962 seinem

2209 3964 2304 3995 kleinen
2322 3966 2393 3996 Leibe
2411 3964 2464 3995 eine
2482 3965 2592 3998 hübsche,
2610 3966 2738 4001 goldgelbe
2752 3968 2849 3999 Blume
2867 3970 3022 4005 aufsprießen
3042 3974 3144 4005 werde:

2209 4015 2253 4042 zur
2266 4010 2364 4044 Freude
2382 4010 2426 4036 des
2439 4009 2544 4041 bunten,
2554 4007 2676 4043 winzigen
2690 4010 2911 4047 Schmetterlings
2921 4015 2972 4043 und
2985 4015 3028 4044 des
3041 4014 3149 4051 großen,

2209 4051 2305 4085 ewigen
2324 4051 2433 4081 Gottes!
2454 4064 2481 4069 —

2275 4094 2366 4124 Stecke
2377 4091 2446 4122 Dein
2459 4093 2614 4122 Butterbrot
2629 4092 2657 4124 in
2669 4094 2754 4124 Deine
2765 4096 2926 4132 Korbtasche,
2945 4097 3047 4131 Lischen
3062 4102 3148 4134 (wenn

2206 4137 2241 4165 du
2260 4142 2286 4165 es
2304 4138 2376 4165 heute
2393 4134 2514 4166 vielleicht
2530 4139 2592 4167 auch
2610 4137 2768 4169 verschenken
2786 4139 2861 4173 wirst)
2882 4155 2906 4160 —
2930 4141 2971 4176 gib
2994 4141 3046 4173 mir
3073 4144 3148 4174 einen

2206 4177 2268 4209 Kuß
2286 4179 2337 4207 und
2356 4176 2434 4212 grüße
2450 4181 2498 4207 den
2517 4178 2602 4212 Herrn
2614 4178 2705 4212 Lehrer
2721 4182 2824 4213 Roder!
2852 4184 2899 4214 Du
2918 4183 3002 4217 kannst
3020 4185 3064 4218 ihn
3083 4191 3145 4220 auch

2206 4220 2305 4255 fragen,
2323 4223 2354 4250 ob
2372 4228 2399 4250 er
2417 4220 2482 4250 nicht
2501 4228 2608 4255 morgen
2625 4229 2668 4252 am
2682 4224 2810 4260 Sonntag
2828 4226 2881 4256 mit
2897 4230 2951 4257 uns
2969 4228 3148 4265 hinausgehen

2205 4263 2279 4294 wolle
2297 4264 2323 4294 in
2341 4265 2388 4294 den
2408 4264 2485 4295 Wald
2504 4265 2557 4294 und
2574 4263 2695 4298 vielleicht
2711 4270 2776 4298 auch
2794 4268 2892 4299 weiter.
2912 4285 2945 4290 —

2273 4307 2375 4339 Lischen
2387 4306 2461 4337 nickte
2479 4309 2533 4337 und
2545 4307 2607 4343 ging
2626 4323 2652 4330 —
2673 4313 2735 4342 noch
2748 4311 2842 4341 immer
2854 4311 3023 4348 schluchzend;
3041 4314 3077 4346 ich
3088 4317 3148 4346 aber

2205 4353 2302 4382 machte
2319 4350 2383 4382 mich
2400 4349 2446 4382 auf
2461 4351 2510 4380 den
2528 4350 2597 4386 Weg
2615 4358 2659 4386 zur
2678 4353 2828 4390 Expedition
2846 4356 2890 4385 der
2909 4355 3013 4387 Welken
3034 4359 3146 4393 Blätter,

2206 4394 2271 4426 ohne
2289 4393 2342 4423 eine
2360 4394 2473 4428 Ahnung
2491 4398 2540 4423 von
2557 4395 2617 4424 dem
2634 4402 2718 4426 neuen
2737 4397 2873 4433 tragischen
2892 4397 3024 4434 Ereigniß,
3044 4401 3147 4432 welches

2206 4436 2255 4466 den
2273 4436 2331 4470 Tag
2349 4439 2411 4470 noch
2429 4436 2527 4472 wichtig
2545 4441 2649 4471 machen
2668 4439 2744 4472 sollte.
