1892 2362
1360 272 1707 345 1788.

1317 438 1772 558 Zeitung

1376 630 1466 689 den
1476 630 1547 684 28
1562 625 1702 688 May.

111 249 342 369 Nr.
342 249 561 369 43.

103 431 559 543 Zürcher

156 623 495 682 Mittwoch,

327 832 670 872 Frankreich.

139 870 241 907 Paris
254 877 332 905 vom
346 876 429 905 19ten
440 874 536 913 May.
576 874 633 907 Am
651 874 770 911 Freytag
788 874 839 909 hat
860 875 915 907 das

102 907 229 944 Chatelet
245 912 318 944 nach
328 911 402 941 einer
418 912 542 949 Sitzung
563 919 618 943 von
643 922 675 941 10
687 912 745 946 Uhr
772 913 914 950 Morgens

101 946 147 978 bis
174 953 223 978 um
245 958 262 982 4
282 948 341 982 Uhr
356 948 560 984 Mitternachts
585 949 727 988 folgendes
754 951 840 984 Arret
866 952 915 982 ab¬

100 984 211 1022 gefaßt:
242 987 330 1020 „Die
353 987 533 1023 Gesellschaft
554 986 620 1023 sieht
640 989 693 1019 mit
714 990 762 1019 der
785 989 914 1025 lebhafte¬

98 1040 122 1058 „
138 1021 191 1054 sten
215 1022 380 1062 Kränkung,
405 1027 455 1057 wie
476 1032 543 1057 man
558 1034 642 1063 gegen
658 1026 840 1062 verschiedene
857 1025 914 1066 Hö¬

99 1058 155 1097 „fe
170 1062 217 1091 des
230 1058 414 1098 Königreichs
429 1067 483 1095 mit
501 1064 667 1098 Gewalthat
685 1063 834 1101 verfährt,
863 1065 916 1098 wie

99 1098 186 1134 „das
208 1098 388 1136 Heiligthum
411 1103 455 1129 der
484 1103 684 1129 Gerechtigkeit
709 1104 793 1125 durch
807 1099 921 1126 bewaf¬

100 1137 206 1170 „netes
221 1138 352 1164 Militair
372 1134 562 1167 geschändet
570 1131 627 1160 und
642 1130 691 1163 die
691 1130 919 1163 Stimmfrey¬

101 1169 202 1206 „heit
202 1169 294 1206 durch
317 1169 360 1200 die
385 1166 578 1203 Verhaftung
578 1166 639 1203 der
662 1165 834 1204 Magistrate
861 1171 918 1197 ver¬

102 1207 207 1243 „letzet
231 1204 324 1241 wird,
344 1205 386 1236 die
402 1205 465 1235 über
482 1205 633 1238 wefentlich
654 1206 776 1240 geheime
796 1203 920 1236 Berath¬

103 1264 126 1282 „
138 1239 323 1280 schlagungen
323 1239 374 1280 für
388 1241 451 1278 ihre
451 1241 556 1278 Person
570 1242 613 1272 nie
622 1239 847 1274 verantwortlich
856 1241 917 1275 seyn

104 1279 257 1320 „können;
278 1281 311 1315 sie
332 1280 415 1317 sieht,
441 1281 493 1311 wie
509 1282 556 1310 der
573 1279 648 1312 Lauf
656 1281 701 1309 der
719 1276 919 1314 Gerechtigkeit

105 1320 294 1358 „gehemmt,
316 1319 360 1349 die
371 1318 563 1354 Magistratur
572 1314 788 1352 abgewürdigt,
811 1317 867 1345 und
878 1314 922 1345 die

106 1359 193 1398 „alte
217 1359 366 1393 Ordnung
390 1360 472 1388 unter
492 1356 581 1387 einem
602 1353 782 1388 Monarchen
802 1353 924 1388 verkehrt

107 1397 227 1436 „wird,
252 1397 300 1427 der
326 1395 372 1433 sich
401 1394 527 1432 feyerlich
550 1392 697 1427 erklärte,
732 1392 777 1425 nie
800 1392 923 1426 anders,

107 1436 184 1475 „als
202 1433 373 1474 gesetzmäßig
396 1434 516 1471 regieren
544 1438 574 1470 zu
605 1432 724 1463 wollen,
761 1432 818 1462 und
838 1428 925 1466 dessen

108 1472 321 1512 „wohlthätige
336 1473 442 1509 Absicht
460 1471 545 1508 einzig
562 1478 617 1501 nur
639 1472 686 1501 der
701 1468 867 1504 Wohlstand
880 1468 927 1500 sei¬

109 1520 190 1552 „ner
205 1512 398 1549 Unterthanen
411 1510 452 1545 ist
452 1510 493 1545 —
504 1510 546 1541 die
559 1508 736 1543 Gesellschaft
753 1508 803 1542 hat
820 1506 877 1541 also
897 1507 926 1536 in

109 1551 297 1589 „Betracht,
320 1551 372 1587 daß
387 1551 429 1582 die
439 1549 647 1584 Ordonanzen,
671 1545 779 1581 Edickte
792 1545 849 1576 und
867 1545 927 1579 De¬

109 1591 331 1627 „klarationen,
362 1590 412 1621 die
412 1590 466 1621 der
490 1584 636 1621 königliche
659 1586 835 1622 Procuraror
866 1590 931 1614 vor¬

111 1647 133 1664 „
144 1629 267 1664 brachte,
292 1630 338 1660 der
354 1627 473 1663 Einsicht
491 1627 561 1659 und
568 1625 737 1660 Berathung
757 1624 845 1657 seines
854 1623 925 1658 Par¬

111 1667 280 1703 „lamentes
298 1666 489 1700 vorenthalten
504 1666 620 1695 wurden
637 1682 642 1695 ,
667 1665 794 1697 welchem
816 1663 867 1692 das
885 1668 926 1698 ge¬

111 1703 238 1743 „wisse,
262 1705 320 1735 und
346 1711 400 1736 von
420 1706 477 1738 Sr.
501 1701 638 1737 Majestät
653 1701 820 1733 anerkannte
842 1701 928 1732 Recht

113 1739 302 1781 „zukömmt,
339 1743 492 1777 Derselben
511 1740 778 1775 Remonstrationen
800 1746 831 1777 zu
850 1736 924 1771 über¬

113 1782 267 1820 „reichen,
291 1780 332 1812 ein
351 1780 457 1815 Recht,
481 1780 564 1816 dessen
587 1780 632 1815 sich
647 1778 702 1811 das
712 1780 882 1817 Parlament
899 1776 929 1808 in

114 1839 136 1858 „
147 1821 209 1852 dem
241 1817 408 1856 Augenblick
432 1818 514 1855 seiner
540 1818 771 1856 gewaltthätigen
802 1816 934 1851 Suspen¬

115 1859 202 1895 „sion
220 1858 293 1895 nicht
316 1858 443 1890 bedienen
470 1856 561 1889 kann,
586 1855 742 1895 einmüthig
761 1854 928 1890 beschlossen,

115 1916 139 1934 „
150 1897 204 1934 daß
225 1897 256 1933 sie
272 1905 318 1933 zur
341 1897 466 1934 Lesung,
489 1894 679 1932 Publicirung
704 1898 760 1926 und
783 1893 933 1930 Einregist¬

116 1942 222 1973 „rung
242 1935 362 1975 besagter
386 1931 610 1970 Ordonanzen,
625 1934 732 1968 Edickte
755 1935 811 1965 und
829 1932 932 1967 Deklar¬

116 1974 281 2010 „rationen
297 1974 368 2011 nicht
391 1974 515 2011 schreiten
540 1970 606 2008 darf
626 1975 684 2003 und
706 1974 820 2006 kann.„

158 2011 236 2045 Man
255 2014 304 2047 hat
322 2014 383 2052 hier
401 2021 464 2046 vom
488 2010 596 2046 Grafen
612 2018 665 2042 von
688 2008 815 2049 Choiseul
832 2008 934 2046 Briefe

118 2052 176 2085 aus
196 2050 425 2089 Constantinopel
450 2059 514 2085 vom
532 2051 618 2083 22sten
637 2050 718 2087 Merz
733 2050 865 2084 erhalten,
879 2057 931 2083 wo¬

117 2092 188 2126 rinn
209 2096 236 2123 er
258 2089 405 2131 berichtet,
433 2091 492 2130 daß
513 2097 540 2124 er
561 2089 603 2124 dir
619 2088 718 2126 Armee
739 2090 787 2122 des
808 2088 935 2127 Großve¬

961 837 1029 874 ziers
1043 844 1116 875 zwey
1134 837 1215 878 Tage
1226 837 1284 871 vor
1294 839 1383 876 ihrem
1397 841 1562 879 Abmarsche
1577 843 1697 880 gesehen,
1712 844 1774 882 und

959 877 1008 911 sich
1035 875 1103 908 über
1122 876 1167 909 die
1182 875 1344 914 Schönheit
1356 879 1500 919 derselben
1500 879 1625 919 äusserst
1642 889 1773 915 verwun¬

959 914 1019 946 dert
1038 913 1116 951 habe.
1158 915 1200 950 Er
1224 916 1325 948 meldet
1335 932 1344 952 ,
1366 918 1421 961 daß
1438 918 1491 956 sich
1491 918 1555 956 bey
1576 920 1659 955 dieser
1670 921 1776 954 Armee

960 959 1045 989 gegen
1059 953 1212 987 60tausend
1223 954 1306 992 junge
1318 956 1406 993 Leute
1406 956 1546 993 befinden,
1556 958 1600 990 die
1610 955 1638 990 in
1649 959 1772 994 Europa

961 990 1015 1021 das
1035 990 1160 1029 Ansehen
1181 990 1239 1023 und
1261 991 1304 1025 die
1326 991 1426 1029 Grösse
1457 999 1504 1031 der
1523 997 1697 1031 Grenadiers
1713 998 1774 1034 hät¬

960 1030 1016 1060 ten.
1056 1028 1148 1061 Allein
1158 1030 1187 1060 es
1209 1030 1333 1066 verhellet
1347 1034 1417 1069 auch
1428 1033 1518 1071 nicht,
1540 1035 1596 1072 daß
1608 1035 1678 1070 diese
1694 1034 1775 1073 glän¬

961 1067 1042 1104 zende
1055 1067 1239 1107 Mannschaft
1253 1068 1368 1117 äusserst
1387 1070 1509 1109 zuchtlos
1535 1075 1592 1104 und
1613 1073 1720 1110 schlecht
1732 1075 1778 1112 be¬

962 1134 1017 1159 von
1032 1109 1219 1157 100tausend
1250 1119 1347 1156 Mann
1369 1130 1453 1160 gegen
1478 1114 1607 1158 Sophie
1607 1114 1774 1158 aufbrach,

963 1172 1025 1196 war
1036 1163 1138 1195 bereits
1150 1163 1198 1193 der
1205 1160 1499 1199 Ianitscharen-Aga
1507 1161 1558 1193 mit
1571 1160 1659 1193 einem
1672 1161 1777 1203 Trupp

962 1210 1017 1233 von
1044 1198 1208 1236 60tausend
1208 1198 1319 1236 Mann
1319 1198 1565 1236 voransgezogen.
1607 1198 1678 1233 Den
1693 1202 1778 1236 10ten

962 1240 1044 1276 Merz
1069 1237 1167 1272 erhielt
1184 1238 1232 1267 der
1249 1236 1415 1274 Großvezier
1433 1237 1510 1268 einen
1535 1236 1613 1275 Pack
1621 1244 1676 1269 von
1687 1246 1775 1268 2000.

961 1277 1044 1316 Paar
1061 1271 1306 1309 wohleinballirter
1327 1273 1567 1310 Christenohren,
1598 1275 1698 1311 welche
1723 1276 1780 1311 mit

965 1315 1064 1347 vielem
1094 1310 1266 1352 Vergnügen
1298 1321 1348 1345 vor
1369 1315 1424 1345 den
1447 1313 1564 1350 Thoren
1583 1315 1632 1345 des
1655 1314 1780 1350 Serails

967 1351 1132 1389 ausgepackt
1149 1353 1205 1383 und
1230 1353 1328 1389 gezeigt
1346 1351 1472 1390 wurden.
1522 1351 1570 1390 In
1593 1353 1656 1385 dem
1676 1360 1782 1391 ganzen

967 1390 1222 1426 Ottomannischen
1236 1390 1339 1426 Reiche
1358 1393 1473 1423 werden
1482 1397 1550 1422 neue
1563 1391 1699 1427 Truppen
1712 1392 1781 1427 aus¬

968 1428 1107 1468 gehoben,
1128 1430 1165 1460 da
1184 1430 1249 1464 doch
1267 1429 1367 1461 bereits
1389 1429 1464 1466 schon
1484 1429 1658 1466 400tausend
1679 1429 1781 1464 Mann

972 1471 1053 1501 unter
1076 1470 1125 1498 den
1149 1467 1262 1504 Waffen
1286 1466 1382 1503 stehen.

1008 1507 1072 1539 Aus
1102 1505 1222 1539 Madrid
1251 1502 1401 1538 vernimmt
1424 1513 1509 1543 man,
1540 1505 1595 1543 daß
1613 1505 1679 1542 den
1679 1505 1782 1542 23sten

968 1545 1053 1579 April
1067 1545 1113 1574 der
1131 1544 1267 1580 Rußische
1282 1544 1414 1580 Minister
1435 1547 1498 1578 dem
1518 1543 1684 1583 königlichen
1699 1546 1780 1582 Rath

971 1584 1025 1615 eine
1049 1582 1127 1616 Note
1146 1589 1203 1613 von
1221 1579 1309 1617 Seite
1327 1584 1411 1616 seines
1432 1583 1528 1624 Hofes
1537 1582 1709 1621 überreichte,
1725 1591 1782 1616 wo¬

970 1623 1034 1654 rinn
1054 1615 1102 1654 für
1123 1621 1167 1652 die
1185 1621 1318 1664 Rußische
1340 1621 1451 1661 Flotte,
1483 1624 1526 1655 die
1544 1623 1573 1653 in
1593 1622 1645 1653 das
1670 1622 1784 1656 Mittel¬

971 1657 1105 1695 ländische
1120 1656 1206 1692 Meer
1223 1660 1309 1698 segeln
1329 1663 1418 1694 wird;
1439 1663 1487 1694 der
1500 1658 1620 1697 nöthige
1638 1661 1784 1695 Sucours

973 1700 1096 1737 gesodet
1124 1699 1207 1731 wird.
1260 1700 1323 1735 Der
1357 1694 1504 1737 königliche
1523 1699 1609 1733 Rath
1631 1702 1783 1732 antworte¬

973 1743 999 1770 te
1021 1736 1156 1772 hierauf,
1188 1737 1242 1775 daß
1270 1739 1312 1773 die
1342 1738 1498 1775 Rußischen
1526 1736 1639 1778 Schiffe
1661 1738 1688 1769 in
1709 1738 1782 1770 allen

975 1775 1155 1812 Spanischen
1183 1773 1278 1815 Häfen
1309 1777 1458 1813 Aufnahm
1469 1792 1478 1812 ,
1509 1777 1567 1808 und
1598 1777 1658 1812 jene
1684 1778 1784 1811 Unter¬

975 1814 1091 1852 stützung
1118 1814 1209 1852 finden
1237 1817 1363 1857 werden,
1395 1814 1456 1847 die
1456 1814 1545 1847 mam
1568 1813 1623 1848 von
1646 1815 1719 1848 einer
1740 1815 1784 1848 be¬

976 1853 1114 1887 wafneten
1129 1853 1307 1889 Neutralität
1316 1857 1453 1887 erwarten
1472 1854 1553 1886 kann.
1594 1855 1649 1887 Am
1665 1854 1783 1893 gleichen

976 1894 1056 1928 Tage
1074 1892 1158 1930 gieng
1179 1894 1221 1924 die
1235 1889 1392 1931 Spanische
1407 1892 1502 1931 Flotte
1522 1890 1550 1924 in
1568 1892 1610 1925 die
1624 1894 1693 1927 See.
1723 1892 1789 1928 Sit

977 1932 1048 1965 wird
1069 1939 1123 1964 von
1137 1932 1198 1968 acht
1211 1930 1416 1970 Linienschiffen
1435 1948 1442 1967 ,
1463 1938 1536 1969 zwey
1556 1931 1707 1970 Fregatten
1725 1933 1783 1963 und

977 1972 1084 2007 einigen
1106 1973 1211 2002 andern
1233 1970 1411 2009 Fahrzeugen
1430 1969 1557 2008 begleitet
1616 1971 1694 2004 Man
1713 1969 1790 2008 weiß

977 2010 1037 2044 ihre
1069 2008 1264 2046 Bestimmung
1292 2010 1359 2046 noch
1387 2010 1489 2046 nicht,
1526 2008 1593 2045 doch
1627 2009 1788 2045 vermuthet

978 2055 1063 2081 man,
1094 2048 1146 2086 daß
1166 2047 1197 2084 sie
1212 2048 1377 2083 einsweilen
1391 2055 1445 2083 nur
1459 2054 1526 2087 zum
1537 2047 1669 2089 Kreutzen
1683 2048 1790 2087 ausge¬

976 2085 1071 2125 laufen
1092 2086 1146 2125 sey.
