2081 2480
287 215 467 300 Nro.
551 242 615 294 1.

1486 196 1823 308 1809.

152 371 648 517 Zürcher

1388 361 1935 500 Zeitung.

292 547 553 593 Dienstag/

1521 524 1592 575 den
1607 532 1647 577 3.
1668 524 1823 573 Januar.

153 692 287 722 Gedruckt
301 691 352 720 und
365 696 392 721 zu
407 687 491 722 finden
507 685 534 714 in
548 683 591 712 der
606 680 807 716 Buchhandlung
827 679 874 708 von
893 676 1004 707 Orell,
1023 674 1122 711 Füßli
1141 675 1190 704 und
1210 672 1413 710 Compagnie
1433 671 1482 700 und
1503 670 1549 704 auf
1566 671 1629 699 allen
1644 666 1767 702 Schweiz.
1780 661 1948 701 Postämtern.

149 781 308 814 Vereinigte
320 783 438 810 Staaten
450 784 498 806 von
505 774 717 806 Nord-Amerika.
754 771 988 804 Großbritannien.
1023 770 1143 804 Holland.
1181 769 1353 801 Deutschland
1367 766 1458 801 (Reise
1471 766 1517 794 des
1527 763 1644 796 Königes
1657 763 1708 790 und
1719 762 1762 790 der
1773 758 1886 793 Königin
1895 764 1942 785 von

189 816 310 850 Preussen
319 818 376 844 nach
383 813 566 847 Petersburg).
604 809 759 844 Frankreich.
797 807 920 839 Spanien
934 805 1141 840 (Proklamation
1141 805 1192 840 des
1202 804 1273 839 Kais.
1284 804 1429 837 Napoleon.
1466 799 1632 833 Achtzehntes
1644 805 1668 826 u.
1679 797 1850 828 neunzehntes
1858 793 1947 823 Bülle¬

194 852 243 881 tin.
284 851 389 884 Italien
407 849 532 881 (Gerücht
546 853 593 875 von
606 846 676 875 einer
685 845 716 876 fr.
724 844 844 876 Landung
854 842 880 874 in
880 842 1031 874 Sizilien).
1069 842 1194 874 Neuestes
1202 839 1326 874 (Gerücht
1326 839 1360 874 v.
1368 838 1446 872 gänzl.
1455 837 1599 867 Abtretung
1616 833 1760 867 Finnlands
1770 839 1800 859 an
1809 830 1944 861 Rußland)

188 937 406 971 Vereinigte
437 936 597 965 Staaten
628 938 690 961 von
722 928 1015 960 Nord-Amerika.

191 1007 239 1043 In
239 1007 287 1043 der
301 1001 678 1042 Hamburger-Börsenliste
693 1000 757 1028 liest
770 1005 830 1027 man
838 996 979 1031 Folgendes
997 998 1044 1023 aus

154 1049 362 1082 New-York
378 1055 435 1077 vom
456 1055 482 1082 4.
499 1049 568 1077 Nov.
605 1046 691 1077 „Am
715 1044 757 1069 26.
772 1042 832 1069 Oct.
852 1038 880 1070 ist
900 1036 955 1083 das
955 1036 1049 1083 Schiff

155 1094 248 1125 Hope
266 1090 316 1118 mit
332 1090 478 1122 Depeschen
495 1094 543 1114 von
564 1086 607 1108 der
623 1074 851 1112 Französischen
867 1073 919 1099 und
936 1071 1045 1104 Engli¬

156 1133 239 1166 schen
255 1124 406 1161 Regierung
422 1124 448 1150 in
462 1124 505 1149 der
513 1117 765 1150 Chesapeak-Bay
777 1114 964 1146 angekommen.
977 1112 1047 1141 Nach

157 1174 208 1203 den
222 1169 370 1205 Depeschen
387 1163 479 1197 unsers
497 1159 648 1192 Gesandten
668 1156 694 1185 in
718 1156 862 1186 London,
891 1154 926 1187 H.
944 1153 1048 1186 Pinck¬

158 1219 232 1247 ney,
254 1212 309 1244 dat.
328 1213 385 1236 vom
408 1214 449 1239 13.
464 1205 549 1237 Sept.
570 1202 643 1234 hatte
660 1205 687 1228 er
703 1197 744 1226 bis
757 1196 835 1227 dahin
854 1194 895 1224 die
914 1197 1048 1223 erwartete

158 1253 283 1283 Antwort
303 1249 351 1281 auf
369 1246 436 1282 seine
456 1244 652 1278 Vorstellungen
674 1246 705 1267 an
722 1238 763 1267 die
781 1236 946 1272 Englische
954 1235 1049 1269 Regie¬

160 1300 235 1324 rung
246 1293 304 1323 noch
321 1290 386 1320 nicht
400 1288 526 1320 erhalten.
566 1286 603 1313 Es
618 1280 710 1315 scheint
725 1281 782 1312 nach
792 1280 898 1310 Allem,
910 1280 951 1307 als
962 1278 998 1306 ob
998 1278 1048 1306 das

158 1336 275 1368 Kabinet
289 1340 338 1362 von
360 1330 415 1362 St.
429 1330 543 1365 James
563 1323 720 1358 entschlossen
737 1328 827 1352 wäre,
846 1320 913 1354 seine
928 1323 1050 1351 Antwort

160 1379 231 1411 nicht
253 1376 313 1408 eher
329 1382 359 1406 zu
379 1372 474 1407 geben,
493 1372 535 1401 als
552 1367 593 1397 bis
610 1369 640 1395 es
655 1366 699 1399 sich
715 1363 858 1396 überzeugt
867 1363 944 1396 hält,
956 1361 1005 1395 daß
1017 1360 1050 1394 sie

162 1422 210 1453 erst
229 1418 287 1449 nach
310 1414 493 1449 entschiedener
517 1407 795 1446 Präsidenten-Wahl,
807 1405 835 1434 in
855 1404 949 1439 diesem
968 1404 1051 1433 Lande

161 1460 313 1494 eintreffen
320 1457 417 1489 könne;
436 1456 535 1488 ferner,
552 1454 597 1481 als
618 1451 647 1479 ob
669 1448 937 1483 Großbritannien
954 1453 982 1479 zu
998 1446 1052 1476 die¬

161 1505 214 1540 sem
232 1500 368 1538 seltsamen
383 1497 530 1529 Verfahren
551 1495 622 1525 durch
644 1493 684 1522 die
699 1493 854 1523 Erwartung
866 1489 986 1519 verleitet
998 1489 1049 1524 sey,

161 1547 212 1582 daß
231 1546 260 1575 in
283 1544 332 1572 den
348 1541 545 1575 vereinigten
562 1538 698 1568 Staaten
717 1536 773 1563 eine
790 1532 971 1568 Insurrektion
991 1535 1051 1561 aus¬

161 1590 265 1620 brechen
275 1585 375 1617 werde,
396 1582 480 1611 indem
489 1584 516 1609 es
528 1579 631 1613 glaubt,
652 1577 698 1610 daß
710 1577 756 1605 das
765 1576 838 1606 Volk
846 1577 903 1609 nach
920 1576 962 1605 der
970 1575 1051 1606 Nach¬

162 1627 244 1660 richt,
264 1627 312 1659 daß
330 1627 369 1656 die
389 1625 475 1659 Hafen
496 1623 661 1656 Spaniens
682 1620 733 1648 und
750 1621 926 1654 Portugals
944 1617 991 1651 für
1006 1617 1051 1652 sel¬

163 1670 240 1703 biges
260 1667 328 1701 offen
344 1668 413 1701 sind,
432 1667 480 1695 das
500 1665 625 1697 Embargo
644 1663 711 1693 nicht
730 1663 817 1696 länger
830 1665 947 1694 ertragen
960 1660 1051 1690 werde.

165 1711 253 1744 Allein
271 1710 311 1738 die
330 1710 432 1743 Bürger
446 1717 494 1738 von
508 1709 648 1739 Amerika
668 1705 771 1735 werden
788 1705 829 1734 ein
851 1703 942 1737 solches
957 1704 1052 1733 Betra¬

163 1763 215 1790 gen
223 1755 266 1784 der
274 1751 456 1787 Engländer
469 1760 497 1784 zu
512 1750 642 1783 würdigen
656 1749 707 1779 und
720 1748 772 1781 ihm
783 1755 812 1781 zu
827 1747 949 1780 begegnen
958 1745 1050 1778 wissen.

164 1801 254 1830 Wenn
276 1795 333 1825 eine
353 1794 446 1825 fremde
468 1796 559 1825 Macht
574 1792 648 1822 einen
668 1791 833 1826 Präsidenten
853 1789 893 1821 für
915 1791 966 1817 uns
986 1787 1052 1821 wäh¬

164 1843 208 1871 len
219 1840 323 1870 wollte,
349 1837 373 1870 so
384 1834 443 1864 wär'
457 1838 485 1864 es
499 1843 542 1865 um
553 1835 628 1869 unsre
639 1828 858 1869 Unabhängigkeit
858 1828 1005 1869 geschehen.
1018 1844 1052 1851 —

166 1884 222 1913 Die
240 1881 388 1915 Legislatur
402 1885 448 1906 von
468 1878 724 1910 Süd-Carolina
735 1878 779 1910 hat
799 1876 826 1905 in
845 1875 928 1904 einem
950 1873 1053 1906 Schrei¬

166 1925 216 1953 ben
233 1921 307 1955 ihres
329 1922 486 1957 Sprechers,
507 1920 545 1955 J.
565 1918 689 1955 Alston,
708 1927 742 1948 an
761 1919 809 1948 den
828 1916 994 1952 Präsidenten
1009 1916 1051 1946 der

166 1967 369 2000 vereinigten
384 1964 519 1996 Staaten
534 1962 588 1994 ihre
604 1963 728 1996 gänzliche
745 1962 881 1996 Billigung
896 1961 941 1990 der
961 1959 988 1990 in
1001 1959 1052 1989 die¬

167 2010 207 2045 ser
224 2006 309 2039 Krisis
324 2007 350 2035 in
364 2007 466 2039 unserm
479 2004 555 2037 Lande
572 2009 755 2038 genommenen
772 2004 864 2037 weisen
874 2002 1052 2037 Maaßregeln

165 2058 196 2086 zu
219 2052 342 2082 erkennen
360 2051 482 2082 gegeben,
503 2049 550 2077 und
571 2044 614 2079 sich
633 2047 794 2081 bereitwillig
818 2047 925 2077 erklärt,
945 2046 1018 2076 alles
1018 2046 1051 2076 zu

166 2099 303 2128 ertragen,
324 2094 380 2119 was
397 2091 438 2120 die
452 2090 678 2124 Aufrechthaltung
695 2091 738 2119 der
755 2091 823 2122 Ehre
839 2088 895 2117 und
895 2088 948 2117 der
959 2088 1052 2118 Rechte

165 2138 260 2173 unsers
274 2134 372 2165 Landes
385 2133 545 2167 nothwendig
561 2134 649 2162 macht.
688 2133 743 2161 Der
751 2131 885 2166 Präsident
903 2131 947 2163 hat
963 2129 1055 2163 darauf

165 2182 193 2210 in
218 2182 266 2209 den
281 2177 433 2212 passendsten
442 2177 599 2206 Ausdrücken
617 2179 794 2209 geantwortet.
813 2189 850 2196 —
868 2176 938 2204 Man
949 2172 1053 2206 schreibt

165 2229 216 2251 von
230 2222 426 2257 Baltimore,
446 2217 492 2253 daß
517 2220 619 2254 daselbst
640 2218 679 2248 ein
697 2216 784 2251 Schiff
802 2224 850 2246 von
870 2215 1051 2247 Rotterdam

168 2264 218 2292 mir
238 2263 341 2299 einigen
355 2262 481 2296 Oxhoften
500 2265 621 2292 Genever
641 2260 818 2295 angekommen
845 2260 905 2293 sey;
925 2257 1005 2288 allein
1019 2258 1051 2286 da

167 2309 197 2338 es
218 2305 243 2338 in
263 2307 411 2343 England
430 2306 541 2342 gewesen
561 2312 631 2339 war,
666 2304 716 2335 und
738 2303 794 2334 dort
814 2301 868 2334 eine
886 2302 986 2336 Abgabe
1007 2301 1049 2336 für

1071 914 1155 944 Licenz
1180 913 1275 946 bezahlt
1299 912 1370 945 hatte
1378 928 1387 942 ,
1420 909 1444 943 so
1465 909 1504 941 sey
1526 908 1566 936 die
1587 906 1688 939 Ladung
1704 904 1947 938 herausgenommen

1070 956 1120 985 und
1139 954 1263 990 öffentlich
1277 954 1416 983 verbrannt
1433 950 1560 980 worden."

1271 989 1738 1029 Großbritannien.

1108 1038 1267 1073 Englische
1284 1038 1392 1067 Blätter
1412 1034 1525 1067 erzählen
1543 1032 1593 1061 mit
1612 1030 1762 1063 unerhörter
1783 1029 1949 1064 Langweilig¬

1064 1074 1120 1102 keit
1126 1077 1171 1108 die
1171 1077 1401 1108 Verhandlungen
1409 1078 1456 1105 des
1465 1082 1510 1107 zur
1518 1074 1708 1109 Untersuchung
1714 1079 1799 1107 wegen
1808 1074 1852 1102 der
1860 1072 1949 1106 Lissa¬

1072 1114 1375 1144 boner-Konvention
1389 1114 1594 1148 niedergesetzten
1613 1115 1845 1151 Kriegsgerichtes.
1895 1114 1950 1144 Die

1073 1155 1200 1190 bisherige
1220 1157 1337 1186 Summa
1356 1155 1445 1190 dieser
1455 1155 1671 1189 Verhandlungen
1693 1155 1789 1185 können
1814 1156 1871 1189 wir
1871 1156 1949 1189 nicht

1073 1199 1172 1229 kürzer,
1195 1199 1259 1232 (und
1279 1199 1388 1231 dennoch
1401 1197 1558 1231 vollständig)
1577 1197 1718 1230 auführen,
1737 1199 1796 1225 als:

1109 1240 1193 1274 „Daß
1211 1238 1265 1269 Sir
1287 1241 1404 1274 Arthur
1425 1241 1590 1275 Wellesley
1607 1245 1673 1270 zwar
1689 1238 1842 1272 eingesteht,
1862 1239 1909 1272 daß
1923 1246 1951 1270 er

1075 1282 1101 1311 in
1118 1282 1161 1311 der
1171 1282 1326 1318 Hauptsache
1345 1283 1398 1312 mit
1410 1283 1466 1311 dem
1481 1281 1687 1312 Ober-General
1693 1280 1883 1317 Dalrymple
1895 1281 1952 1311 ein¬

1074 1324 1183 1359 stimmig
1196 1323 1324 1358 gewesen,
1345 1326 1404 1354 aber
1417 1326 1463 1357 erst
1477 1325 1509 1356 zu
1523 1324 1649 1355 London
1662 1322 1777 1356 erfahren
1789 1323 1864 1356 habe:
1887 1323 1950 1357 Daß

1074 1367 1121 1395 das
1139 1366 1414 1400 Privat-Eigenthum
1429 1366 1474 1395 der
1495 1366 1684 1402 Franzosen,
1712 1366 1765 1393 und
1782 1367 1826 1395 der
1841 1365 1917 1397 Art.
1917 1365 1953 1397 in

1075 1408 1181 1443 Betreff
1192 1410 1234 1439 der
1241 1408 1408 1445 Russischen
1422 1410 1522 1443 Flotte,
1544 1409 1570 1438 in
1590 1408 1645 1436 dem
1658 1409 1770 1438 Traktat
1781 1408 1951 1443 mitbegriffen

1075 1451 1191 1485 worden;
1212 1452 1253 1481 der
1263 1452 1332 1481 Ober
1341 1452 1471 1482 -General
1481 1451 1603 1486 hingegen
1618 1451 1773 1485 behauptet:
1793 1453 1854 1481 Das
1863 1452 1951 1483 Ganze

1071 1492 1141 1529 wäre
1162 1493 1235 1527 besser
1249 1495 1420 1527 ausgefallen,
1441 1494 1535 1527 wofern
1557 1494 1725 1529 Wellesley
1746 1493 1811 1525 nicht
1828 1494 1949 1527 dadurch,

1076 1536 1123 1571 daß
1145 1543 1170 1566 er
1188 1537 1227 1567 die
1245 1537 1417 1574 Franzosen
1433 1536 1594 1571 anzugreifen
1614 1539 1711 1571 wagte,
1745 1536 1834 1572 solches
1851 1538 1951 1567 verdor¬

1073 1581 1132 1612 ben,
1142 1579 1251 1614 hätte."'

1398 1621 1629 1659 Holland.

1112 1666 1170 1695 Der
1186 1664 1321 1699 bisherige
1334 1665 1460 1699 Minister
1481 1666 1527 1695 des
1539 1665 1663 1702 Innern,
1679 1670 1740 1694 van
1758 1666 1875 1702 Leyden
1888 1674 1951 1696 van

1078 1708 1369 1743 Westbarendrecht,
1389 1709 1460 1742 hatte
1476 1715 1519 1736 um
1539 1707 1605 1743 seine
1617 1708 1764 1742 Entlassung
1779 1711 1891 1742 gebeten,
1900 1709 1952 1738 und

1077 1744 1183 1778 dieselbe
1199 1749 1300 1774 unterm
1321 1753 1348 1777 8.
1362 1746 1427 1775 Dec.
1444 1745 1566 1777 erhalten.
1604 1745 1665 1774 Das
1682 1744 1848 1776 Portefeuille
1869 1745 1951 1778 dieses

1076 1786 1271 1820 Ministeriums
1288 1793 1340 1816 war
1355 1786 1515 1821 provisorisch
1529 1787 1584 1815 dem
1593 1785 1814 1816 Generaldirektor
1826 1788 1873 1819 des
1873 1788 1955 1819 Wa¬

1077 1830 1208 1864 terstaat
1220 1830 1264 1860 des
1280 1828 1460 1864 Königreichs,
1480 1829 1570 1859 Ritter
1587 1828 1710 1860 Twent,
1729 1827 1890 1864 übertragen.

1334 1859 1684 1909 Deutschland.
1111 1915 1153 1950 In
1175 1915 1230 1944 dem
1249 1913 1774 1951 Nürnberger-Korrespondenten
1803 1914 1868 1944 liest
1890 1922 1951 1944 man

1070 1952 1276 1995 Nachstehendes
1293 1959 1345 1987 aus
1360 1957 1482 1989 Berlin:
1493 1964 1550 1986 vom
1573 1965 1613 1990 17.
1621 1950 1718 1986 Dec.
1742 1956 1817 1990 „Die
1835 1958 1952 1993 Freude,

1078 2000 1149 2034 ihren
1165 1999 1251 2036 König
1265 2001 1317 2029 und
1336 2001 1405 2036 seine
1425 2001 1513 2033 threue
1530 1999 1657 2033 Louise,
1684 1997 1724 2027 die
1736 1998 1880 2033 Allgemein
1896 2006 1952 2029 ver¬

1078 2044 1146 2076 ehrte
1158 2044 1369 2075 Landesmutter,
1390 2042 1482 2073 wieder
1495 2042 1521 2071 in
1535 2042 1601 2075 ihrer
1611 2037 1699 2073 Mitte
1709 2048 1737 2072 zu
1753 2041 1844 2075 sehen,
1865 2042 1893 2076 ist
1903 2043 1951 2073 den

1077 2087 1246 2118 Berlinern
1258 2089 1313 2117 noch
1333 2086 1399 2117 nicht
1414 2085 1529 2119 beschert.
1567 2083 1633 2114 Seit
1653 2082 1761 2117 einigen
1771 2083 1860 2120 Tagen
1882 2085 1950 2119 schon

1072 2132 1149 2164 hatte
1165 2136 1223 2158 man
1244 2129 1284 2158 die
1301 2129 1449 2162 Nachricht,
1478 2128 1524 2160 daß
1544 2127 1593 2157 der
1604 2125 1689 2161 König
1709 2127 1761 2156 und
1779 2127 1819 2158 die
1833 2128 1952 2164 Königin

1078 2173 1136 2206 nach
1158 2172 1346 2208 Petersburg
1366 2179 1393 2205 zu
1413 2171 1493 2201 reisen
1518 2170 1643 2205 gesonnen
1660 2173 1755 2199 waren:
1803 2172 1871 2207 Jetzt
1889 2173 1952 2206 wird

1077 2215 1141 2247 diese
1155 2215 1287 2249 Nachricht
1299 2216 1370 2246 durch
1390 2214 1515 2247 Reisende
1536 2212 1637 2247 sowohl
1637 2212 1697 2247 als
1697 2212 1776 2247 durch
1794 2214 1885 2247 Briefe
1903 2222 1952 2246 von

1076 2257 1270 2295 Königsberg
1287 2257 1419 2292 bestätigt,
1437 2257 1491 2285 und
1503 2263 1564 2286 man
1578 2252 1675 2288 erfährt
1691 2256 1799 2290 zugleich
1809 2275 1817 2288 ,
1836 2257 1884 2291 daß
1896 2260 1950 2289 Se.

1074 2301 1200 2337 Majestät
1217 2302 1259 2333 der
1278 2300 1364 2336 König
1382 2300 1420 2332 die
1442 2300 1544 2336 Abreise
1563 2299 1608 2335 auf
1621 2299 1667 2330 den
1691 2300 1735 2331 16.
1735 2300 1808 2331 Dec.
1829 2301 1951 2336 bestimmt
