3879 5551
214 221 394 261 Nr. 506
36 284 522 330 Zweites Mittagblatt.
3108 223 3336 270 Mittwoch,
3055 287 3406 335 6. April 1921.
788 141 2687 363 Neue Zürcher Zeitung
35 489 217 533 Nr. 11.
953 467 1283 561 Saison
1593 465 2571 561 Reise — Verkehr
130 677 769 719 Touristik und Reklame.
90 756 864 789 Ein schweizerischer Verkehrsmann schreibt
36 790 107 815 uns:
81 836 864 871 R. S. Die anregenden Ausführungen Ihres
38 871 864 910 Korrespondenten P. F. in Nr. 9 der „Saison-¬
36 911 864 949 Beilage" vom 18. März, geben mir Anlaß, zu
38 947 864 989 diesem Thema ebenfalls einige Gedanken zu
35 987 865 1030 äussern und bitte ich die Redaktion höfl.,
35 1024 865 1069 meinen Ausführungen gefl. Aufnahme zu ge¬
36 1067 167 1098 währen.
71 1112 863 1149 Als ehemaliger langjähriger Angestellter der
36 1146 866 1188 Firma Thos. Cook u. Son, bei der ich mich in
36 1185 864 1228 verschiedenen ihrer zahlreichen Filialen be¬
37 1225 865 1267 tätigte, hatte ich Gelegenheit, mit dem Reise¬
39 1265 864 1306 publikum in Kontakt zu kommen. Gleich Ihrem
41 1304 864 1346 Einsender halte ich es für absolut ausgeschlos¬
40 1343 865 1385 en, daß ein Unternehmen wie die Firma Thos.
38 1383 862 1425 Cook u. Son oder ein ähnliches von internatio¬
40 1422 863 1465 naler Bedeutung — ein anderes kann ernstlich
36 1463 864 1505 überhaupt nicht in Frage konmen — je die
38 1502 862 1544 Verpflichtung eingehen würde, die Interessen
40 1543 863 1584 irgend eines Landes, in unserem Falle diejeni¬
42 1580 862 1623 gen der Schweiz, im besondern zu vertreten,
44 1622 862 1663 d. h. mehr zugunsten der Schweiz zu wirken als
41 1660 862 1703 für die andern Länder. Derartige Versuche
51 1700 863 1743 enden immer wieder mit dem gleichen negativen
50 1739 865 1783 Resulat. Die Wirtschaftlicheit eines großen
49 1779 864 1822 Reisebureau-Unternehmens beruht in hohem
54 1820 863 1861 Maße auf der Möglichkeit, allen Ansprüchen der
48 1860 862 1901 Reisenden entsprechen zu können; diese wieder¬
47 1897 862 1941 um hängt ab von seinen internatitonalen Ver¬
43 1937 863 1981 bindungen und guten Beziehunge zu de
41 1977 863 2020 Transportunternehmen der verschiedensten Län¬
39 2017 862 2059 der; im weitesten Sinne des Wortes bedarf
43 2057 864 2099 einn solches Unternehmen der Unabhängigkeit,
38 2096 863 2138 auf die es in seinem eigenen Interesse nicht
35 2138 862 2178 verzichten kann. Ein seriöses Unternehmen wird
34 2172 802 2218 deshalb nie auf Sonderabkommen eingehen.
83 2216 860 2258 Es ist zuzugeben, daß Abmachungen in be¬
36 2254 861 2298 zug auf Vertretungen bezw. Bevorzugung von
36 2294 860 2337 Interessen möglich sind und wohl auch zustande
37 2338 861 2377 kommen. In der Praxis können sich solche Ver¬
39 2377 860 2416 einbarungen nicht halten und der eine Teil
32 2417 861 2455 kann dabei unmöglich auf seine Rechnung kom¬
32 2456 862 2495 men. Wenn deshalb zuweilen gemeldet wird,
38 2495 861 2535 daß irgend ein Reisebureau im Auslande mit
31 2531 862 2574 Vertretung der schweizerischen Interessen
32 2575 862 2614 betraut worden sei (ob und in welchem Um¬
39 2614 862 2653 fange dasselbe hiefür entschädigt wird, sei hier
32 2654 863 2692 nicht erörtert), so wird der Laie sich davon
34 2693 863 2731 vielleicht Wunder versprechen, der Praktiker
44 2732 864 2771 weiß, was er davon zu halten hat. Ein gut
42 2771 864 2810 organisiertes Unternehnmen, wie beispielsweise
42 2811 865 2850 Thos. Cook u. Son leistet unsern Interessen
48 2850 864 2889 ebenso gute Dienste und hat sie seit Jahrzehn¬
44 2889 865 2929 ten ohne unser Zutun geleistet, als ein anderes
46 2929 864 2969 Unternehmen, das offiziell als Vertreterin der
43 2969 865 3000 schweizerischen Verkehrszentrale auftreten darf.
103 3012 865 3048 Nach meinen Erfahrungen kann eine wirk¬
41 3049 866 3088 same und erfolgversprechende Werbetätigkeit im
46 3088 866 3127 Auslande zugunsten unseres Landes nur durch
46 3128 865 3167 Schweizer selbst gemacht werden. Alles andere
41 3164 865 3206 ist Flickwerk und sollte nur für so lange ge¬
38 3204 864 3246 duldet werden, als wir uns noch nicht zu dieser
45 3246 865 3286 Erkenntnis durchgerungen und den bessern Er¬
46 3286 865 3325 satz gefunden haben. In dieser Hinsicht messe ich
46 3326 866 3364 den schweizerischen Auskunfts¬
40 3364 866 3404 bureaus im Auslande die größte Bedeutung
41 3401 866 3444 bei und bedaure, daß es den schweizerischen
43 3444 865 3484 Interessenten bis jetzt nicht gelungen ist ein
40 3483 867 3524 mehreres zu tun. In Städten wie Rom,
37 3521 866 3564 Madrid, Amsterdam, Kairo, Buenos Aires, San
46 3563 866 3605 Fancisco sollten wir unsere Werbetätigkeit
47 3606 865 3644 mit eigenen Leuten aufnehmen können, und uns
43 3642 866 3684 nicht auf fremde Hilfe verlassen müssen, deren
51 3680 866 3724 Tätigkeit wir nicht einmal kontrollieren können.
48 3725 868 3756 Ergänzend zu diesen eigenen Bureaus sollten
901 653 1733 687 unsere Gesandtschaften, Konsulate, Schweizer¬
902 687 1733 727 vereine usw. sich zur Mitarbeit und Unter¬
902 727 1255 757 stützung herbeilassen.
961 772 1733 806 Erste Aufgabe dieser Bureaus müßte es sein,
902 807 1733 846 auf das reisekräftige Publikum des betreffenden
901 846 1732 886 Landes zugunsten der Schweiz einzuwirken und
902 887 1733 926 natürlich auch mit dem durchreisenden Publi¬
902 927 1732 966 kum Fühlung zu nehmen; ihnen müßte die
902 966 1733 1006 Propaganda in jenem Lande überlassen werden,
902 1006 1733 1045 wodurch mancherlei Fehlgriffe unterbleiben
902 1046 1733 1085 und Gelder erspart würden, welche, in Er¬
901 1085 1733 1125 mangelung zuverlässiger Aufklärung, jetzt un¬
901 1125 1732 1165 nütz ausgegeben werden; die so geretteten Mit¬
902 1165 1732 1205 tel könnten fruchtbringender für die Schaffung
902 1205 1605 1235 eigener Vertretungen verwendet werden.
961 1249 1732 1283 Die Ausgabe von Fahrscheinheften in diesen
901 1284 1731 1323 Bureaus halte ich nicht für zweckmäßig, weil
901 1323 1732 1363 mit den Interessen der Reisebureaus kolli¬
902 1363 1733 1403 dierend, deren Mitarbeit wir auch in diesem
901 1403 1732 1443 Falle benötigen. Besonders wichtig für ein er¬
901 1443 1731 1483 sprießliches Wirken solcher Bureaus ist die
900 1483 1732 1522 persönliche Fühlungnahme der Leitungen mit
902 1523 1732 1562 den Reiseagenturen und deren Angestellten.
902 1562 1732 1601 Man darf nicht übersehen, daß diese Angestellten
902 1602 1731 1641 in den meisten Fällen die Schweiz aus eigener
902 1641 1732 1681 Erfahrung gar nicht kennen und deshalb nicht
901 1681 1731 1720 in der Lage sind, unseren Interessen wirksam
902 1721 1731 1760 zu dienen. Hier bedarf es der Aufklärung und
902 1760 1732 1800 zuweilen auch der Belehrung, die der persön¬
903 1800 1732 1839 liche Umgang bringen kann. Der Angestellte,
903 1840 1732 1879 der dem Reisenden über Reiserouten, Sehens¬
902 1879 1732 1919 würdigkeiten, Aufenthaltsmöglichkeiten und tau¬
901 1919 1731 1958 send andere Dinge eines Landes Aufschluß
901 1959 1732 1998 geben soll, muß darin bewandert sein; er sollte
902 1998 1732 2038 daher das Land, über das er gefragt wird,
901 2038 1732 2077 kennen. Die Veranstaltung von großen Ge¬
900 2078 1732 2117 sellschaftsreisen aus einigen Ländern
901 2117 1730 2157 nach der Schweiz wäre eine weitere Aufgabe
902 2157 1171 2187 dieser Bureaus.
958 2202 1731 2236 Nach meinen Beobachtungen kann ich mir
900 2237 1731 2275 denn aluch aus den Abmachungen zwischen der
898 2276 1732 2315 S. V. Z. und ausländischen Verkehrszentren für
896 2315 1732 2354 die Schweiz keinen Erfolg versprechen. Es ist auch
899 2355 1732 2393 gar nicht zu erwarten, daß bei den hochgehenden
898 2394 1732 2433 Wogen des Nationalismus ein vom eigenen
897 2431 1735 2472 Staate stark subventioniertes Unternehmen sich
898 2473 1732 2510 wirklich ernstlich bemühen darf, die Interessen der
898 2511 1733 2549 Konkurrenz zu verfechten, für sie zu werhen gegen
901 2550 1733 2589 die eigenen Landesinteressen. Praktisch können
902 2589 1733 2628 wir uns von solchen Abmachungen keine großen
900 2629 1732 2668 Früchte versprechen. Wie soll man denn plötzlich
902 2668 1733 2708 zwei Herren auf einmal dienen können? Mit
903 2708 1733 2747 der gegenseitigen Auslage und Abgabe der
901 2748 1733 2787 Werbeschriften ist noch nichts erreicht. Es
902 2787 1734 2827 bedarf des persönlichen Einflusses auf den Rei¬
903 2827 1734 2866 senden in den Reisebureaus. Wie aber soll ihn
904 2867 1734 2906 der Beamte haben, wenn er die Schweiz nicht,
905 2906 1733 2946 oder nur sehr oberflächlich kennt? Seine Kennt¬
903 2946 1734 2986 nisse beschränken sich doch in der Hauptsache auf
904 2986 1733 3026 die internationalen Durchgangsrouten und
904 3026 1732 3066 einige wenige Hauptzentren der Schweiz. Das
905 3066 1505 3097 übrige ist ihm in der Regel fremd.
963 3110 1732 3145 Darum bedürfen wir aktiver Arbeit, persön¬
906 3145 1732 3185 licher Werbung von Schweizern für die
905 3185 1428 3216 Schweiz im Auslande.
927 3326 1708 3387 Die Verlegung der Bahnlinie
1041 3388 1593 3444 Ziegelbrücke-Weesen.
955 3481 1735 3512 C. J. In Nr. 221 dieses Blattes wurde auf
904 3513 1735 3547 die dringende Notwendigkeit der Verlegung der
905 3548 1736 3583 Linie Ziegelbrücke-Weesen auf das linke Linth¬
905 3584 1736 3619 ufer verwiesen, woraufhin dem Verfasser des Ar¬
906 3619 1738 3654 tikels eine Anzahl Zuschriften zugekommen ist,
905 3653 1739 3690 welche übereinstimmend die baldige Inangriff¬
905 3691 1738 3725 nahme der Verlegung fordern, durch welche Maß¬
905 3726 1738 3753 nahme allein eitne gründliche Sanierung der
1766 651 2600 682 Eisenbahnverhältnisse im Glarner Unterland für
1769 683 2164 709 alle Zeiten erzielt wird.
1820 722 2600 753 Gegen einen Ausbau der Station Ziegelbrücke
1767 754 2601 787 sprechen folgende Argumente: Bei dem stets zu¬
1769 788 2600 823 nehmenden Verkehr gegenüber hat sich die Anlage
1767 824 2600 858 der Station Ziegelbrücke schon längst als ganz
1768 859 2600 893 ungenügend und geradezu gefährlich erwiesen.
1769 894 2600 929 Drei bis vier Züge treffen dort täglich mehrmals
1768 930 2600 964 zusammen, so daß es recht schwierig ist, dieselben
1768 965 2601 1000 auf dem äußerst beschränkten Raume für die um¬
1767 1001 2601 1035 steigenden Reisenden in geeigneter und gefahr¬
1781 1036 2600 1070 loser Weise aufzustellen, da keine Zwischenperrons
1768 1071 2602 1105 vorhanden sind. Nicht viel besser sind die Ver¬
1768 1106 2600 1140 hältnisse der Station Weesen. Ein rationeller und
1768 1141 2600 1176 dem konstant größer werdenden Verkehr dienender
1767 1177 2600 1211 Umbau der Station Ziegelbrücke ist nach Ansicht
1768 1212 2601 1246 bester Fachleute wegen des beschränkten Aus¬
1767 1247 2599 1282 steckungsraumes zwischen den beiden bestehenden
1768 1283 2601 1317 Staatsstraßenübergängen und den beiden Linth¬
1768 1318 2600 1352 brücken rein unmöglich. Auf dieselben Schwierig¬
1766 1353 2599 1388 keiten stößt ein Ausbau der Station Weesen wegen
1767 1389 2600 1423 des nahe liegenden Staatsstraßen- und Linth¬
1767 1424 2600 1458 kanalüberganges, und anderseits wegen der klei¬
1768 1459 2598 1493 neren Kurve, in welcher sich die Station Weesen
1768 1494 2599 1529 befindet. Durch den Umbau der einen oder der
1767 1530 2598 1563 andern, oder auch beider Stationen zusammen
1767 1564 2598 1599 würde weder der internationale Linienzug, noch
1767 1600 2597 1634 der Betrieb nach dem Glarnerland verbessert und
1766 1635 2597 1669 vereinfacht, sondern einzig und allein nur das
1766 1670 2597 1705 Umsteigen der Reisenden gesichert; die vorhandenen
1767 1706 2598 1740 sechs Staatsstraßen-Niveauübergänge neben den
1766 1741 2598 1775 vielen Güterstraßen und Wege-Niveauübergängen
1768 1776 2597 1811 würden bestehen bleiben, wie auch die beiden die
1767 1812 2597 1846 Schiffahrt hindernden Bahnbrücken über den
1767 1847 2226 1873 Linthkanal bei Ziegelbrücke.
1819 1888 2598 1919 Es liegt also sowohl im Interesse der Bundes¬
1768 1920 2597 1955 bahnen, als auch der beteiligten Landesgegenden,
1767 1956 2597 1990 beziehungsweise deren Regierungen, daß die Bau¬
1768 1991 2598 2025 und Betriebsverhältnisse der Linien Thalwil¬
1766 2026 2597 2060 Sargans, Uznach-Sargans, und Ziegelbrücke-¬
1767 2061 2596 2095 Glarus durch die gänzliche Verlegung der Linie
1767 2096 2597 2131 Bilten-Weesen auf das linke Linthufer verbessert
1767 2132 2598 2166 werden, unter Anlage einer großen Abzweig¬
1767 2167 2597 2201 beziehungsweise Umschlagstation nach dem Glar¬
1767 2202 2597 2237 nerland bei Niederurnen unter Beibehaltung nur
1768 2238 2596 2271 einer Verbindungslinie von dieser neuen Station
1767 2272 2094 2298 nach Näfels-Mollis.
1820 2315 2599 2346 Die gegenwärtig im Bau befindliche Dop¬
1767 2347 2599 2381 pelspur der linksufrigen Zürichseebahn erhält erst
1768 2382 2599 2416 recht die volle Bedeutung, wenn die Linie Ziegel¬
1768 2417 2599 2452 brücke-Weesen verlegt und bei Niederurnen eine
1767 2453 2600 2487 den höchsten Verkehrsansprüchen Genüge leistende
1768 2488 2602 2522 Bahnhofanlage mit direkter Abzweigung ins Glar¬
1768 2523 2602 2558 nerland erstanden ist. Die stark belastete inter¬
1768 2559 2601 2592 nationale Linie Zürich-Sargans-Buchs und die
1768 2593 2603 2628 Einmündung der Linie Zürich-Ropperswil-Uznach¬
1770 2629 2602 2663 Ricken-Glarus stellen an den Bahnknotenpunkt
1768 2664 2600 2699 Ziegelbrücke wirklich große Aufgaben, speziell bei
1769 2700 2527 2727 einem später sich wieder steigernden Verkehr.
1821 2741 2602 2772 Nachdem die zu sanierenden Eisenbahnverhält¬
1770 2773 2601 2808 nisse im Glarmer Unterland nicht nur örtliche sind,
1770 2809 2601 2843 sondern weit über die Grenzen des Glarnerlandes
1770 2844 2602 2878 hinausgehen, also andere Kantone, so hauptsäch¬
1770 2879 2601 2913 lich stark den Kanton Zürich, das St. Galler¬
1769 2914 2600 2949 Oberland und den Kanton Graubünden betreffen,
1769 2950 2601 2984 so sollten die zuständigen Kantonsregierungen so¬
1769 2985 2601 3019 bald wie möglich für die einzig richtige Verlegung
1768 3020 2600 3054 der Linie Ziegelbrücke-Weesen auf das linke Linth¬
1768 3055 2598 3089 ufer bei den Bundesbahnen vorstellig werden und
1767 3090 2599 3125 sich nicht mehr auf den total unzweckmäßigen Aus¬
1768 3126 2598 3160 bau der jetzigen Stationen versteifen. Hier sei
1766 3161 2600 3195 auch bemerkt, daß die gut beschickte Delegierten¬
1766 3196 2599 3230 versammlung des Verkehrsvereins für den Kanton
1767 3231 2599 3265 Glarus vom 19. März 1921 neuerdings Stellung
1768 3266 2599 3301 nahm zur Dreieckfrage, indem sie allen Schritten
1767 3302 2600 3336 des Vorstandes ihre Zustimmung gab, die eine
1768 3337 2602 3371 Verlegung der Linie auf das linke Linthuser an¬
1769 3372 2601 3406 streben, da nur auf diesem Wege eine auf die
1769 3407 2603 3442 Dauer befriedigende Lösung sich erzielen lasse. —
1769 3443 2602 3477 Auch wenn einmal die Verlegung beschlossene
1770 3478 2603 3512 Sache wäre, so würden bis zur Eröffnung der
1771 3513 2604 3548 Neuanlage ohnehin noch eine Anzahl Jahre ver¬
1771 3549 2605 3583 streichen. — Gegen die bereits erwähnten Nach¬
1771 3584 2604 3619 teile des Umbaues der Station Ziegelbrücke sind
1771 3620 2605 3654 die folgenden großen Vorteile der Linienverlegung
1773 3655 2606 3689 anzuführen: Wegfall des für den Betrieb und die
1773 3690 2606 3725 Reisenden lästigen Dreiecks; klare Fahrpläne und
1772 3726 2607 3753 Beseitigung der bisher unvermeidlichen Fahrplan¬
2635 649 3464 686 schwierigkeiten; Wegfall zweier Linthbrücken für
2634 679 3467 723 die Linie Zürich-Chur; Beseitigung der ungün¬
2638 720 3467 757 stigen und gefährlichen Linienkrümmungsverhält¬
2633 752 3464 793 nisse; rationelle Vereinfachung der Anschlußver¬
2633 788 3462 828 hältnisse nach dem Glarnerland; Wegfall zweier
2633 823 3462 864 Staatsstraßenübergänge; Ersparnis beim kommen¬
2633 859 3464 899 den Bau der Doppelspur und Elektrifikation durch
2633 894 3462 934 die gerade Linienführung, die gleichfalls auch eine
2633 930 3462 968 Ersparnis an Heizmaterial, beziehungsweise später
2633 962 3466 1004 an elektrischer Energie sichert und bei Ausführung
2633 1000 3463 1038 des Weiherprojektes gänzlicher Wegfall eines
2634 1039 2816 1062 Bahnhofes.
2689 1073 3466 1112 Und nun fragt es sich weiter bei der Ver¬
2634 1105 3465 1148 legung, welches von beiden Projekten sowohl den
2633 1142 3464 1183 Bundesbahnen, als auch den interessierten Landes¬
2634 1179 3460 1217 teilen am besten entspricht, ob das Weid- oder das
2635 1212 3464 1254 Weiherprojekt. Bahntechnisch gebührt auf jeden
2639 1249 3466 1287 Fall dem Weidprojekt der Vorzug, bei wel¬
2636 1286 3463 1321 chem die Hauptstation Ziegelbrücke in die „Weid"
2636 1319 3467 1357 ungefähr an die Straße Niederurnen-Ziegelbrücke
2637 1355 3463 1391 zu liegen käme. Die Linie von Bilten her wird
2637 1391 3467 1426 westlich von Ziegelbrücke über die Almend und
2637 1424 3468 1462 den untern Fabrikeiher nach den Rietern geführt,
2636 1462 3467 1498 um schließlich linksseitig der Linth in die jetzige
2636 1495 3465 1534 Linie Weesen-Mühlehorn zu münden. Der Bahn¬
2634 1530 3465 1569 hof Nieder-Oberurnen würde bestehen bleiben, wo¬
2634 1568 3466 1603 durch die Abzweigung der Linie ins Glarnerland
2636 1604 3467 1638 vom Bahnhof Ziegelbrücke aus unter teilweiser
2635 1639 3466 1673 Benützung der jetzigen Linie gekennzeichnet ist.
2637 1674 3469 1708 Der Forderung neuerer Zeit — das ganze Bahn¬
2637 1709 3469 1744 hofgebiet in einer Geraden zu halten — leistet das
2633 1745 3466 1779 Weidprojekt, wie kein anderes, vollauf Genüge, da
2637 1780 3471 1814 sich die vielseitige neue Bahnhofanlage Ziegel¬
2635 1815 3468 1849 brücke in der geraden Linie genügend ausdehnen
2633 1850 2740 1874 könnte.
2686 1892 3469 1923 Weesen erhielte seinen Bahnhof etwas außer¬
2632 1924 3468 1958 halb des Schnittpunktes, wo sich die heutigen
2632 1959 3468 1994 Linien Weesen-Mühlehorn und Weesen-Näfels
2632 1995 3468 2029 teilen, wodurch auch die Station Weesen in eine
2635 2030 3471 2064 Gerade käme. Die Eisenbahnbrücke bei Weesen
2635 2065 3472 2099 müßte bei der Linienverlegung für Personen- und
2630 2100 3468 2135 Wagenverkehr umgebaut werden, durch welche
2636 2136 3472 2171 dann der weitaus kürzeste Zugang von Weesen
2636 2172 3471 2205 aus zum neuen Bahnhof geschaffen würde. Der
2634 2206 3469 2240 Anschluß von Uznach-Schänis wird ungefähr an
2636 2241 3470 2276 jener Stelle gefunden, an der jetzt die Bahnbrücke
2633 2277 3468 2311 nach Bilten führt, die in der Richtung Schänis-¬
2637 2312 3470 2347 Niederurnen gedreht werden müßte. Für das
2633 2348 3467 2382 Weidprojekt, sanden seinerzeit Versammlungen
2633 2383 3466 2417 statt. 22 Gemeinden des Kantons Glarus und
2634 2418 3466 2453 die meisten Industriellen des Glarner Unterlandes
2635 2454 3468 2487 erklärten sich schriftlich mit demselben einverstanden,
2637 2488 3469 2522 gewiß ein Beweis, daß solches überall großen An¬
2637 2523 2816 2548 klang sand.
2684 2563 3467 2598 Beim Weiherprojekt, welches für die
2636 2599 3466 2633 Orte Ziegelbrücke, Niederurnen und Oberurnen
2637 2634 3468 2667 zugleich zu dienen hätte, würde sich die Weid¬
2636 2668 3468 2703 projekt-Ausführung südostwärts verschieben. Das
2638 2700 3473 2739 Aufnahmegebäude Ziegelbrücke-Rieder-Ober¬
2636 2740 3470 2773 urnen wäre etwas außerhalb des obern Fabri¬
2639 2774 3473 2808 weihers bei Niederurnen, und zwar zwischen die
2636 2809 3470 2843 Linien nach Weesen und nach Näfels-Mollis,
2639 2844 3473 2879 welche letztere gegenüber der jetzigen Linie ost¬
2640 2880 3473 2914 wärts verlegt würde, zu placieren. Hier käme die
2636 2915 3469 2949 Bahnhofanlage zum Teil in Kurven, allerdings in
2638 2950 3473 2985 zwei flache Kurven. Gegen diesen Nachteil des
2637 2986 3474 3020 Weiherprojektes sind folgende Vorteile desselben
2634 3021 3472 3055 zu nennen: Die Gemeinde Oberurnen hätte mit
2639 3053 3472 3090 Ziegelbrücke und Niederurnen die sehr großen
2634 3090 3475 3126 Vorteile, daß sie sich in den wichtigen Bahnknoten¬
2635 3125 3473 3161 punkt teilen könnte, also die gemeinsamen Schnell¬
2635 3160 3473 3196 zugshalte hätte und für alle Zukunft sämtliche
2636 3197 3473 3232 Züge ins Glarnerland. Die Zufahrtsftraßen von
2635 3233 3474 3267 den Orten Ziegelbrücke, Niederurnen und Ober¬
2637 3268 3474 3302 urnen dürften als normal bezeichnet werden. Der
2637 3303 3474 3337 Weiherbahnhof bietet ferner den Vorteil einer
2636 3338 3473 3373 guten Orientierung für das reisende Publikum.
2637 3374 3472 3408 Beim Weiherprojekt wäre auch die Zentralisation
2638 3409 3475 3443 des Umschlagdienstes, die allein eine Vereinfachung
2637 3443 3473 3479 des Betriebes und der Fahrplanbildung zur Folge
2639 3478 3475 3514 haben würde, erreicht. Schließlich könnte durch die
2639 3515 3474 3549 Vereinigung der Bahnhöfe Ziegelbrücke und
2644 3548 3476 3585 Nieder-Oberurnen unzweifelhaft eine nicht un¬
2640 3583 3475 3621 bedeutende Betriebsersparnis erzielt werden. Das
2642 3622 3476 3656 Weiherprojekt bildet auch gegenüber dem Weid¬
2641 3657 3474 3691 projekt den nähern Weg für den Verkehr von
2642 3692 3476 3726 Weesen aus ins Glarnerland, der allerdings gegen¬
2643 3727 3476 3754 über dem Nordverkehr als ein ganz geringer zu
163 3867 744 3899 Eine Besteigung des Besso.
86 3938 869 3973 O. Sch. Wir hatten unser Sommerqartier in
39 3972 869 4013 St. Luc im Wallis aufgeschlagen und waren im
47 4013 869 4053 Hotel mit einer angenehmen Gesellschaft zusam¬
48 4053 869 4093 mengetroffen, die einen fröhlichen Aufenthalt ver¬
44 4090 869 4132 sprach. In den ersten Tagen wurde Bekanntschaft
46 4133 870 4169 mit der näheren Umgebung und Ausflüge nach
45 4170 869 4209 Chandolin, auf die Alpe du Tounot und die Bella
48 4209 870 4248 Tola unternommen, die genußreiche Tage brachten.
46 4246 870 4287 Aber das war nur das Vorspiel. Der Hintergrund
45 4287 870 4326 des Tales mit seiner Gletscherwelt und vor allem
43 4325 870 4365 die drohenden Häupter des dort stolz aufragenden
49 4366 870 4404 Besso wirkten mit magischer Anziehungskraft und
49 4405 870 4443 lockten immer aufs Neue zu einem Besuch. Mein
50 4444 871 4483 braver Joseph, ein Eingeborner von St. Luc und
51 4483 871 4522 bekannt als Gemsenjäger, der mich auf einigen
49 4523 871 4562 Ausflügen begleitet hatte, bei welchem ich seine
51 4562 873 4601 Geschicklichkeit im Klettern und beim Edelweiß¬
52 4602 872 4640 suchen zu bewundern Gelegenhelt hatte, reizte
51 4640 873 4679 eine Begierde noch durch seine Schilderung der
52 4680 872 4718 luftigen Kletterpartie, die den Besteiger des Besso
52 4718 871 4757 erwartet und so war denn ein Besuch desselben bei
51 4758 872 4796 mir beschlossene Sache. Ich wartete nur auf eine
50 4797 873 4834 günstige Gelegenheit, meinen Vorsatz auszuführen.
51 4835 873 4873 Aber noch andere Wanderziele lockten. Von
55 4874 873 4912 St. Luc führt ein bequemer Paß hinüber in das
49 4913 872 4952 wenig bekannte Turtmanntal am Fuße des sich im
51 4952 875 4991 stolzen Schwunge zum Himmel erhebenden Weiß¬
54 4992 874 5030 horns. Aus dem Turtmanntal gelangt man dann
52 5030 875 5069 über den Augstbordpaß ins Zermatter Tal. Meine
56 5070 874 5108 Frau, die gut zu Fuß war, beschloß, mich dorthin
55 5109 876 5147 zu begleiten, und wir genossen denn auch bei herr¬
55 5148 801 5177 lichem Wetter diese wundervolle Wanderung.
97 5191 875 5227 In Zermatt ereilte mich eine Depesche aus
56 5228 877 5265 St. Luc, die mir die Ankunft eines Genfer Freun¬
54 5264 878 5304 des meldete, der mir versprochen hatte, mich aufzu¬
48 5304 877 5343 suchen. Wir verließen infolgedessen Zermatt und
53 5344 877 5382 trafen in der Nacht in St. Luc ein. Am Morgen
52 5381 879 5413 war ich früh auf und traf den Freund schon beim
904 3818 1736 3851 Frühstück. Nach der Begrüßung zog ich ihn auf die
905 3850 1735 3891 Terrasse, zeigte auf den Besso und fragte: „Doktor,
906 3890 1737 3930 sind Sie dabei?" — „Mit Vergnügen!" erwiderte
903 3929 1735 3969 dieser, „wann soll's losgehen?" — „Nun, dann
908 3969 1736 4007 schlage ich vor, unsere Vorbereitungen sofort zu
905 4004 1736 4047 treffen. Wir haben 78 Stunden bis zur Mountet¬
909 4045 1736 4086 hütte, wenn wir in einer Stunde aufbrechen,
904 4086 1737 4124 können wir die Hütte noch vor der Dunkelheit er¬
908 4122 1737 4164 reichen." Ich ließ Joseph benachrichtigen, trug ihm
908 4162 1736 4204 auf, einen zweiten Führer zu beschaffen und bat
905 4200 1739 4243 meine Frau, die mich bis zur Hütte begleiten
908 4241 1739 4282 wollte, für die Vorräte zu sorgen. Unterdessen
906 4279 1739 4322 war es im Hotel lebendig geworden; die Gäste er¬
906 4320 1739 4361 schienen zum Frühstück, begrüßten uns nach un¬
909 4359 1739 4399 serer mehrtägigen Abwesenheit und vernahmen
910 4395 1742 4439 mit Verwunderung, daß wir sofort wieder auf¬
908 4435 1741 4478 brechen wollten. Ich war mit dem Packen meines
909 4475 1740 4517 Rucksackes beschäftigt, als sich mir Fräulein S.
907 4514 1734 4557 näherte, das im Hotel wohnte. In ihrer Beglei¬
912 4553 1740 4596 tung befand sich ein junger Manm, welchen sie mir
907 4592 1742 4635 als ihren Bruder vorstellte, der während unserer
912 4631 1742 4675 Abwesenheit eingetroffen war. „Ich habe gehört,"
908 4670 1742 4715 sagte sie, „daß sie den Besso zu besteigen vor¬
909 4708 1744 4754 haben; mein Bruder bittet um die Erlaubnis, sich
908 4749 1746 4793 Ihnen anschließen zu dürfen. Ich musterte den
906 4789 1743 4832 schmächtigen Jüngling vom Kopf bis zu den Füßen.
912 4829 1741 4871 Er trug einen ganz neuen, hellgrauen Sportanzug
909 4867 1742 4910 nach der letzten Mode, schöne, bunte Wadenstrümpfe
908 4907 1745 4950 und ein Paar tadellose, gelbe Stiefel. Auf dem
912 4946 1741 4989 Höheweg in Interlaken oder auf dem Quai von
913 4986 1746 5028 Luzern hätte sich seine Erscheimung ja ganz gut
910 5024 1746 5068 ausgenommen, aber nach einem Hochtouristen sah
911 5063 1747 5107 er nicht aus. Ich erwiderte der jungen Dame, daß
914 5104 1746 5146 ich mich gern ihres Bruders annehmen wollte, er¬
914 5145 1742 5184 klärte aber gleichzeitig, daß ich prinzipiell niemals
914 5182 1744 5223 mit jemand Hochtouren unternähme, den ich nicht
913 5224 1745 5263 kenne. „Entweder," setzte ich ihr auseinander,
916 5260 1749 5302 „komme ich nicht hinauf, dann verderbe ich dem
914 5301 1748 5340 andern die Tour, oder er versagt, dann komme ich
913 5339 1746 5379 um mein Vergnügen. Der Jüngling tat darauf
914 5376 1747 5410 etwas beleidigt und versicherte, ein sehr guter Fuß¬
1770 3816 2604 3848 gänger und tüchtiger Bergsteiger zu sein. „Nun
1771 3849 2605 3888 gut," versetzte ich: „Nehmen Sie sich einen Führer
1771 3888 2605 3927 und kommen Sie mit; auf diese Weise sind wir
1772 3928 2606 3966 voneinander unabhängig und können den Ausflug
1772 3967 2606 4005 gemeinschaftlich machen." Wir einigten uns auf
1772 4006 2473 4035 meinem Vovschlag und zogen von dannen.
1825 4051 2607 4083 Die Wanderung von St. Luc nach Zinal ist
1775 4084 2607 4122 herrlich. In einer Höhe vom etwa 1700 Meter
1775 4123 2606 4162 führt ein bequemer Pfad über grüne Matten mit
1773 4162 2606 4201 dem Ausblick auf den imposanten Hintergrund
1775 4202 2607 4240 des Tales, wo die Riesen des Wallis ihre eisge¬
1774 4240 2607 4279 panzerten Leiber zum Himmel recken. In Zinal
1776 4280 2607 4318 speisten wir zu Mittag und gönnten uns Rast:
1776 4319 2607 4357 wir hatten den ganzen Nachmtttag, um die 4—5
1775 4358 2607 4396 Stunden entfernte Hütte zu erreichen. Hier stieß
1775 4397 2607 4435 auch unser zweiter Führer zu uns, dessen ruhiges,
1774 4436 2609 4474 aber energisches Gesicht einen guten Eindruck
1777 4475 2607 4514 machte. Wir durchschritten den breiten Talgrund,
1778 4514 2608 4553 in welchem Zinal liegt und betraten eine Stunde
1776 4554 2608 4592 später den Gletscher, welcher, mäßig ansteigend, in
1776 4592 2608 4631 die Höhe führt. Zu unserer Linken hatten wir den
1776 4632 2610 4670 Besso, dessen steil abstürzende Flanken trotzig
1778 4671 2609 4709 emporragen. Während wir ruhig dahinschritten,
1780 4710 2608 4748 hatte es Herrr S. für nötig befunden, uns Proben
1779 4749 2608 4787 von seiner Leichtfüßigkeit zu geben. Er lief wie ein
1780 4788 2610 4826 junger Hund rechts und links vom Wege ab, er¬
1780 4827 2610 4866 kletterte hier und da eine kleine Anhöhe, sprang,
1779 4866 2610 4905 auf seinen Bergstock gestützt, über die Bäche und
1781 4906 2610 4944 trieb allerhand unnützes Zeug, so daß ich ihn
1780 4945 2609 4983 mehrmals ermahnte, seine Kräfte zu schonen, da
1780 4984 2612 5022 die Hütte noch weit sei. Er hatte aber immer ver¬
1782 5023 2611 5061 sichert, ein „Kraftmensch" zu sein, dem der kleine
1783 5060 2613 5100 „Spaziergang" keine Mühe mache. Nach und nach
1783 5098 2614 5139 fing er aber an merkwürdig oft die Gegend zu be¬
1784 5140 2613 5178 trachten und sich dabei niederzusetzen, so daß wir
1781 5178 2616 5217 ihn zur Eile antreiben mußten. Sein Ruhebedürf¬
1783 5217 2617 5256 nis wurde aber immer dringender und wir kamen
1783 5255 2614 5296 nur langsam vorwärts. Es wurde spät und die
1786 5291 2614 5335 Sonne neigte sich ihrem Untergange zu. Schließ¬
1783 5334 2614 5372 lich taten sich noch einige Gletscherspalten vor uns
1784 5369 2616 5403 auf, die dem „tüchtigen Bergsteiger" höchst wider¬
2643 3817 3473 3849 wärtig zu sein schienen und über die wir ihn nur
2642 3850 3475 3889 mit Mühe hinüberbrachten und als wir endlich
2640 3889 3473 3928 am Fuße des Felsens standen, auf dessen Höhe die
2643 3929 3473 3966 Hütte liegt, da war der arme Kerl vollkommen
2646 3967 3474 4005 „fertig". Die Führer schleppten ihn hinauf und
2645 4006 3474 4044 wir trafen bei völliger Dunkelheit in der
2644 4045 2806 4074 Hütte ein.
2697 4089 3473 4122 Glücklicherweise war sie nicht sehr besetzt und
2644 4122 3473 4161 wir fanden im obern Stockwerk ein Abteil für uns
2644 4162 3471 4200 allein. Herr S. sank denn auch sogleich auf sein
2646 4200 3473 4239 Strohlager; wir deckten ihn warm zu und er ver¬
2644 4240 3473 4277 fiel sofort in einen tiefen Schlaf. Während wir es
2643 4278 3472 4316 uns bequem machten, bereiteten die Führer das
2645 4317 3472 4355 Nachtessen und eine halbe Stunde später brachte
2646 4356 3472 4394 uns Joseph eine schöne, dunkelbraune Mehlsuppe,
2643 4395 3471 4433 die gar lieblich duftete und dampfte. Wir setzten
2644 4434 3472 4472 uns um den schmalen Tisch und meine Frau füllte
2645 4473 3471 4511 die großen Teller bis zum Rande. Es kostete einige
2647 4512 3471 4550 Mühe den schnarchenden Jüngling auf die Beine
2647 4551 3469 4589 zu bringen. Schlaftrunken taumelte er an seinen
2646 4590 3470 4628 Platz, um sich auf seinen Schemel niederzulassen.
2644 4628 3470 4667 Aber ach! Beim Niedersitzen berührte er mit seinem
2647 4668 3470 4707 Rock den Rand des Tellers; dieser kippte über und
2644 4707 3470 4746 klatsch! da lag die schwarze Mehlsuppe auf dem
2646 4747 3469 4784 hellen Sportanzug und floß in breiten Strömen
2647 4785 3470 4823 über die Kniehosen und die schönen, bunten Wa¬
2648 4824 3469 4862 denstrümpfe hinab auf die hellgelben Schuhe!
2648 4862 3469 4902 Trübselig verzehrte der Tätowierte sein Nacht¬
2649 4899 3392 4932 essen, dann kroch er wieder in sein Stroh.
2703 4940 3473 4981 Um 3 Uhr wurden wir geweckt. Der Doktor
2650 4973 3474 5020 und ich waren bald marschbereit. Ehe wir hinaus¬
2650 5014 3473 5060 gingen, schüttelte ich den schlafenden Jüngling:
2651 5055 3474 5099 „Stehen Sie auf, es geht auf den Besso!" Ein
2650 5095 3476 5137 dumpfes Grunzen war die einzige Antwort. Er
2650 5132 3474 5176 drehte sich auf die andere Seite und schlief weiter.
2650 5171 3476 5215 Als wir aus der Hütte traten, waren die Sterne
2650 5209 3476 5254 am Verblassen und die erste Röte des jungen
2653 5248 3476 5293 Morgens färbte die Spitzen der Berge. Wolkenlos
2655 5286 3473 5333 spannte sich der Himmel über uns und versprach
2651 5327 3414 5363 einen schönen Tag. (Schluß folgt.)
