2720 3484
255 61 580 103 Vorausbezahlung.

212 125 496 157 Jährlich..........
506 141 514 149 .
529 125 564 150 64
577 123 631 159 Btz.

211 158 495 188 Vierteljährlich.....
505 161 563 187 .16
576 160 631 196 Btz.

1234 104 1356 159 Nro.
1412 112 1530 166 124

2140 82 2497 125 Einrückungsgebühr.

2064 145 2117 175 Die
2125 147 2289 180 Petit-Zeile
2297 149 2311 174 5
2320 146 2427 178 Zürcher
2435 147 2561 182 Kreuzer.

2064 182 2154 214 Briefe
2173 185 2222 211 und
2242 183 2337 213 Gelder
2356 182 2482 214 franko.

400 232 896 419 Neue
1022 254 2366 484 Zürcher-Zeitung

258 530 439 585 Freitag

881 593 984 631 Druck
1006 596 1059 623 und
1083 592 1174 631 Verlag
1196 603 1247 622 von
1269 595 1394 630 Orell,
1415 596 1543 628 Füssli
1567 600 1619 627 und
1641 600 1892 639 Compagnie.)

1956 550 2035 590 den
2065 548 2126 591 14.
2157 552 2343 596 Oktober
2371 559 2504 601 1836.

202 696 294 736 Diese
312 700 426 739 Zeitung
454 704 594 741 erscheint
601 706 784 743 wöchentlich
793 705 871 737 drei
890 703 968 744 Mal
973 716 992 742 :
1016 704 1195 753 Montag,
1218 709 1412 749 Mittwochh
1441 715 1495 741 und
1520 712 1677 751 Freitag.
1741 715 1805 746 Alle
1831 715 1964 754 Anzeigen
1990 721 2089 747 werden
2120 721 2199 757 daher
2228 721 2329 759 schnell
2357 720 2393 751 im
2426 723 2562 761 Publikum

318 756 471 790 verbeitet;
501 760 547 789 für
567 759 728 799 diejenigen,
749 764 843 799 welche
864 762 893 792 in
914 764 972 796 zwei
994 765 1302 803 aufeinanderfolgenden
1322 769 1470 801 Nummern
1484 753 1648 823 erscheinen,
1667 768 1731 798 wird
1755 772 1802 799 das
1825 770 1908 808 zweite
1929 772 1993 801 Mal
2015 782 2065 801 nur
2087 772 2106 803 3
2126 776 2164 804 kr.
2185 785 2229 811 per
2250 775 2323 806 Zeile
2344 778 2450 815 bezahlt.

438 866 726 904 Schweizerische
753 868 1125 908 Eidgenossenschaft.

245 908 308 941 St.
330 909 482 942 Gallen.
535 912 644 948 Großer
663 913 741 951 Rath
762 915 810 945 den
835 921 879 945 10.
904 917 1021 955 August.
1070 919 1139 950 Von
1164 920 1217 948 150
1239 917 1364 956 Mitglie¬

204 951 267 983 dern
289 963 380 985 waren
401 957 459 988 acht
478 957 636 994 abwesend,
658 963 793 991 worunter
813 961 858 991 der
877 962 937 994 erste
959 962 1117 1000 Gesandte,
1139 964 1208 1001 Herr
1229 964 1364 994 Landam¬

201 1006 284 1030 mann
315 1001 542 1040 Baumgartner,
578 1007 682 1038 welcher
714 1013 803 1044 wegen
835 1006 1174 1045 Gesundheitsrücksichten
1203 1011 1276 1040 einen
1307 1012 1364 1041 Gr¬

202 1044 401 1078 schäftsurlaub
432 1050 542 1084 nehmen
570 1052 658 1086 mußte
687 1052 744 1082 und
769 1055 835 1086 auch
863 1052 912 1083 den
940 1054 1095 1093 Sitzungen
1117 1055 1163 1086 des
1186 1056 1234 1087 Kl.
1256 1054 1364 1090 Rathes

200 1090 273 1124 nicht
293 1092 450 1129 beiwohnen
472 1094 578 1126 konnte.
626 1098 684 1129 Die
704 1099 855 1137 Verlesung
876 1100 920 1129 der
942 1101 1033 1131 Akten
1055 1101 1114 1138 (der
1134 1102 1285 1137 Keller'sche
1307 1103 1363 1133 Be¬

198 1136 264 1169 richt
286 1137 380 1168 wurde
399 1139 567 1179 vollständig
587 1144 747 1181 vorgelesen)
768 1145 874 1175 dauerte
895 1145 975 1176 allein
997 1144 1059 1177 über
1078 1151 1098 1176 2
1120 1148 1264 1179 Stunden.
1295 1149 1362 1179 Von

203 1181 252 1212 den
272 1183 292 1213 9
313 1184 640 1225 Instruktionsanträgen
661 1188 708 1218 des
727 1189 777 1221 Kl.
801 1191 909 1226 Rathes
937 1192 1045 1222 wurden
1067 1194 1141 1227 heute
1162 1202 1212 1223 nur
1234 1192 1272 1222 die
1295 1193 1360 1230 zwei

199 1227 281 1261 ersten
310 1229 421 1270 erledigt
448 1231 505 1263 und
533 1241 738 1269 angenommen.
782 1236 839 1268 Sie
870 1238 959 1267 lauten
982 1238 1029 1268 wie
1051 1238 1137 1275 folgt:
1176 1241 1204 1273 1)
1225 1239 1288 1274 Die
1288 1239 1362 1274 Ge¬

197 1273 360 1311 sandtschaft
381 1280 428 1313 hat
450 1278 489 1309 die
511 1277 654 1312 bestimmte
676 1281 834 1320 Erklärung
855 1283 1024 1320 abzugeben,
1048 1283 1099 1319 daß
1120 1284 1162 1313 der
1177 1284 1288 1315 Kanton
1306 1286 1360 1316 St.

197 1318 302 1352 Gallen
333 1323 360 1352 in
390 1323 434 1354 der
464 1326 597 1358 Antwort
624 1327 667 1356 der
696 1327 865 1366 Tagsatzung
892 1336 953 1359 vom
975 1332 1002 1358 9.
1027 1330 1134 1367 August
1164 1330 1191 1359 d.
1213 1330 1251 1366 I.
1272 1330 1361 1361 keinen

198 1365 285 1403 Stoff
303 1369 446 1404 vorfinde,
468 1369 512 1400 der
534 1371 575 1402 die
596 1372 761 1410 Tagsatzung
784 1382 817 1411 zu
840 1375 908 1404 einer
929 1374 1134 1413 Mißbilligung
1157 1375 1217 1406 oder
1238 1383 1286 1413 zur
1306 1376 1361 1413 Zu¬

196 1408 349 1448 rücknahme
372 1415 419 1443 des
442 1416 639 1451 Beschlossenen
660 1420 831 1454 verpflichten
853 1418 960 1451 könnte.
1001 1422 1219 1458 (Angenommen
1243 1429 1323 1459 gegen
1338 1425 1357 1452 3

196 1456 363 1495 Stimmen).
407 1459 439 1497 2)
468 1461 546 1493 Eben
578 1463 602 1496 so
629 1464 718 1500 wenig
740 1465 810 1500 finde
832 1465 879 1500 sich
901 1464 945 1495 der
965 1466 1076 1497 Kanton
1100 1466 1155 1498 St.
1179 1467 1279 1498 Gallen
1301 1474 1358 1497 ver¬

195 1504 288 1540 anlaßt
298 1525 308 1540 ,
341 1505 410 1542 dazu
432 1514 464 1545 zu
501 1507 642 1546 stimmen,
673 1509 714 1539 die
746 1511 953 1546 Schlußnahme
982 1511 1024 1540 der
1046 1511 1214 1550 Tagsatzung
1236 1510 1300 1542 über
1320 1513 1360 1542 die

196 1551 411 1589 Angelegenheit
440 1552 487 1582 des
520 1554 740 1592 Polizeiagenten
770 1555 878 1591 Conseil
907 1556 1156 1594 zurückzunehmen.
1188 1573 1223 1581 —
1265 1559 1360 1593 Dieser

196 1598 306 1636 Antrag
327 1598 417 1630 wurde
439 1601 502 1631 nach
524 1599 614 1637 langer
635 1601 796 1636 Diskussion
827 1603 877 1632 mit
898 1605 934 1633 81
957 1611 1039 1641 gegen
1063 1607 1100 1633 60
1116 1604 1257 1635 Stimmen
1277 1613 1358 1642 ange¬

197 1649 331 1673 nommen.
372 1644 432 1676 Die
452 1646 491 1675 60
512 1653 602 1675 waren
625 1645 670 1682 für
692 1647 912 1683 nachstehenden,
933 1654 986 1679 von
1007 1651 1081 1688 Hrn.
1097 1649 1286 1684 Kantonsrath
1301 1649 1358 1680 Ad¬

193 1688 273 1719 vokat
293 1689 378 1722 Kurti
399 1689 532 1726 gestellten
561 1692 689 1730 Antrag:
724 1693 802 1730 „In
822 1693 933 1730 Betreff
953 1694 996 1725 der
1017 1696 1228 1734 Angelegenheit
1256 1695 1360 1730 Conseil

193 1734 240 1767 soll
261 1733 302 1765 die
323 1735 533 1772 Gesandtschaft
559 1736 600 1767 die
627 1738 738 1773 Ansicht
764 1739 871 1778 geltend
898 1742 1023 1776 machen,
1061 1741 1114 1777 daß
1134 1741 1178 1771 der
1200 1743 1256 1774 Gr.
1280 1743 1358 1778 Rath

195 1779 281 1811 weder
302 1780 350 1811 den
371 1782 519 1816 Untersuch
538 1787 623 1820 gegen
645 1784 773 1819 Conseil,
801 1787 865 1819 noch
885 1784 935 1815 den
957 1785 1084 1816 darüber,
1090 1791 1198 1818 unterm
1215 1789 1247 1817 3.
1268 1788 1356 1824 Sept.

193 1831 228 1853 an
250 1824 291 1856 die
313 1826 485 1864 Tagsatznng
504 1826 654 1861 erstatteten
670 1828 786 1862 Bericht
806 1831 990 1869 rechtfertigen
1012 1831 1096 1861 könne
1117 1832 1176 1862 oder
1198 1833 1292 1866 wolle,
1314 1833 1356 1863 in¬

192 1869 251 1899 dem
280 1873 335 1907 ihm
369 1872 410 1902 die
444 1873 626 1911 dießfallsigen
658 1875 743 1904 Akten
771 1883 820 1912 zur
842 1872 986 1913 gehörigen
1008 1877 1180 1916 Aufklärung
1202 1877 1245 1908 der
1265 1878 1358 1914 Sache

190 1915 313 1955 gänzlich
334 1920 509 1957 ermangeln,
530 1919 583 1955 daß
603 1927 628 1950 er
650 1921 781 1958 hingegen
804 1921 853 1951 den
873 1922 1009 1958 Beschluß
1029 1922 1073 1953 der
1093 1923 1279 1962 Tagsatzung,
1310 1923 1355 1954 da¬

191 1963 239 1999 hin
260 1963 381 2001 gehend,
405 1969 433 1994 es
456 1965 501 1998 soll
524 1964 569 1994 der
589 1965 778 2002 französischen
794 1967 952 2006 Regierung
975 1976 1026 1999 von
1050 1968 1094 1999 der
1115 1969 1254 2007 Prozedur
1273 1977 1356 2008 gegen

191 2007 297 2041 Conseil
326 2008 469 2043 Kenntniß
497 2011 611 2046 gegeben
633 2011 755 2044 werden,
793 2012 938 2050 bestätigen
961 2012 1060 2049 müsse,
1097 2014 1182 2043 indem
1204 2015 1248 2043 der
1269 2014 1356 2051 Zweck

190 2052 270 2088 dieser
291 2053 478 2092 Mitheilung
500 2054 556 2083 kein
577 2055 687 2085 anderer
707 2056 757 2089 sein
780 2054 881 2090 könne,
916 2059 959 2086 als
980 2058 1023 2086 der
1042 2057 1229 2095 französischen
1251 2059 1350 2096 Regie¬

190 2108 261 2137 rung
288 2099 360 2134 selbst
389 2103 417 2129 es
453 2098 565 2137 möglich
595 2107 627 2137 zu
656 2101 779 2137 machen,
815 2101 856 2131 die
876 2103 1065 2140 hochwichtige
1086 2104 1294 2142 Angelegenheit
1316 2105 1351 2134 im

190 2146 314 2176 Weitern
335 2153 366 2183 zu
390 2143 547 2181 enthüllen,
569 2153 613 2176 um
635 2145 674 2176 die
689 2147 833 2182 Wahrheit
855 2147 1036 2182 aufzudecken.
1068 2167 1088 2184 „
1097 2150 1151 2181 Die
1167 2147 1277 2187 übrigen
1293 2151 1352 2180 An¬

189 2194 265 2229 träge
294 2191 341 2221 des
369 2192 420 2223 Kl.
449 2192 557 2225 Rathes
585 2192 673 2222 lauten
702 2193 739 2222 im
766 2192 980 2225 Wesentlichen:
1020 2196 1052 2229 3)
1073 2194 1122 2225 Da
1141 2199 1194 2225 aus
1214 2195 1258 2224 der
1279 2196 1354 2226 Note

189 2236 366 2272 Frankreichs
400 2238 575 2273 Unkenntniß
606 2238 707 2272 unserer
736 2238 919 2274 Verhältnisse
939 2238 995 2269 und
1015 2239 1193 2278 Mißleitung
1215 2241 1353 2277 ersichtlich

188 2282 239 2319 ist,
270 2282 296 2319 so
318 2283 362 2317 soll
385 2282 427 2312 die
449 2282 608 2322 Regierung
629 2290 681 2314 von
705 2283 863 2319 Frankreich
883 2282 950 2315 über
971 2284 1020 2315 den
1043 2288 1149 2320 wahren
1171 2287 1354 2322 Sachverhalt

188 2328 244 2358 und
272 2326 313 2358 die
347 2328 547 2366 Gesinnungen
579 2329 623 2359 der
645 2330 813 2368 Tagsatzung
844 2331 871 2360 in
893 2330 1036 2366 Kenntniß
1058 2332 1144 2368 gesetzt
1166 2333 1279 2363 werden.
1322 2333 1352 2368 4)

188 2374 284 2407 Sollte
314 2375 395 2409 dieses
423 2370 495 2407 nicht
523 2374 629 2410 helfen,
664 2376 689 2409 so
712 2376 756 2410 soll
778 2384 811 2412 zu
833 2376 1152 2414 Retorsionomaßregeln
1174 2378 1211 2407 im
1233 2379 1353 2415 Verkehr

186 2420 243 2450 und
264 2420 292 2452 in
316 2420 571 2457 Paßverhältnissen
592 2420 724 2458 gestimmt
745 2423 800 2452 und
821 2420 865 2455 für
885 2421 994 2458 ernstere
1014 2422 1175 2461 Maßregeln
1198 2422 1248 2453 das
1269 2424 1350 2459 Refe¬

186 2466 297 2497 rendum
319 2468 489 2502 vorbehalten
512 2466 625 2497 werden.
677 2469 711 2502 5)
732 2467 909 2504 Hinwirken,
924 2467 984 2504 daß
1005 2467 1045 2497 die
1066 2469 1117 2499 mit
1136 2469 1193 2499 der
1203 2470 1275 2504 Ehre
1294 2470 1350 2501 und

187 2512 447 2550 Selbstständigkeit
480 2512 670 2551 vertraglichen
705 2511 803 2542 Mittel
836 2513 975 2551 ergriffen
997 2513 1120 2550 werden,
1155 2523 1200 2545 um
1231 2516 1278 2551 sich
1301 2515 1350 2545 das

189 2559 371 2594 Wohlwollen
394 2559 440 2588 der
461 2559 577 2597 übrigen
597 2557 824 2592 Nachbarstaaten
846 2566 878 2595 zu
899 2561 1026 2595 erhalten.
1051 2562 1083 2593 6)
1105 2560 1149 2596 In
1170 2561 1350 2593 vorkommen¬

185 2606 233 2635 den
264 2605 359 2643 Fällen
388 2605 562 2641 mitwirken,
597 2603 647 2639 daß
673 2611 726 2635 von
752 2604 825 2635 allen
853 2604 999 2636 Kantonen
1026 2604 1159 2643 unruhige
1181 2606 1349 2646 Flüchtlinge

185 2652 370 2690 weggewiesen
392 2651 518 2687 werden,
550 2649 607 2681 und
627 2650 743 2681 erklären
755 2671 764 2686 ,
798 2658 851 2681 von
873 2650 954 2682 Seite
976 2650 1022 2679 des
1043 2651 1177 2682 Kantons
1200 2654 1255 2684 St.
1278 2654 1348 2685 Gal¬

184 2698 223 2728 len
246 2698 333 2729 werde
352 2697 401 2728 der
422 2699 460 2728 im
479 2699 545 2728 Art.
570 2701 585 2726 1
607 2696 653 2727 des
673 2696 860 2732 Konklusums
880 2696 1042 2735 ausgestellte
1065 2697 1212 2733 Grundsatz
1232 2699 1347 2736 gehand¬

182 2744 249 2779 habt
268 2745 384 2775 werden.
428 2743 461 2783 7)
482 2743 674 2781 Vermittlung
695 2743 764 2773 wird
785 2743 859 2776 nicht
877 2743 1045 2780 angerufen,
1067 2743 1131 2773 aber
1144 2746 1207 2778 auch
1222 2745 1289 2777 nicht
1302 2753 1346 2782 zu¬

182 2788 378 2828 rückgewiesen.
436 2793 466 2825 8)
488 2789 628 2825 Untersuch
652 2797 742 2827 wegen
763 2788 923 2825 verspäteter
950 2788 1117 2828 Absenbung
1138 2788 1184 2819 des
1206 2790 1346 2825 Spionen¬

186 2833 305 2870 berichts.
346 2837 410 2873 Im
438 2835 520 2870 Geist
546 2834 624 2870 dieser
645 2834 820 2871 Instruktion
849 2837 913 2866 auch
934 2841 967 2872 zu
993 2833 1090 2865 andern
1104 2832 1256 2873 Anträgen
1277 2836 1346 2873 stim¬

186 2885 254 2908 men.
274 2886 312 2911 —
334 2886 384 2911 Les
407 2882 532 2910 Vaudois
555 2882 658 2911 werden
679 2880 813 2916 staunen,
834 2884 886 2911 aus
909 2879 966 2910 dem
988 2880 1100 2912 Kanton
1122 2881 1178 2914 St.
1202 2881 1305 2913 Gallen
1321 2883 1346 2918 so

184 2923 295 2958 überaus
317 2927 471 2968 gemäßigte
491 2927 548 2958 und
568 2927 665 2963 polirte
685 2926 809 2965 Anträge
829 2934 864 2964 zu
883 2929 1052 2962 vernehmen.

222 2970 279 3006 Auf
303 2974 456 3013 offiziellem
484 2973 571 3011 Wege
602 2973 634 3008 ist
663 2979 721 3003 nun
751 2972 817 3009 auch
854 2971 894 3002 die
924 2971 1112 3011 Zustimmung
1141 2972 1187 3003 des
1216 2973 1345 3005 Standes

183 3017 370 3051 Graubünden
393 3028 455 3059 zum
477 3018 704 3056 Conseilbeschluß
727 3019 922 3057 eingegangen.
1096 3018 1271 3057 (Erzähler.)

218 3107 266 3141 E«s
284 3112 427 3143 verbinden
449 3111 498 3149 sich
519 3111 704 3150 gegenwärtig
726 3111 754 3141 in
775 3110 820 3140 der
842 3110 985 3147 Schweiz,
1006 3117 1051 3140 um
1073 3108 1114 3139 die
1129 3109 1342 3148 Selbstständig¬

178 3155 230 3186 keit
250 3155 307 3186 und
329 3156 401 3192 Ehre
422 3158 470 3188 des
491 3155 614 3191 Landes,
641 3157 736 3192 welche
762 3155 842 3190 durch
865 3155 1103 3191 Entschlossenheit
1123 3155 1178 3186 und
1199 3155 1343 3192 Eintracht

176 3209 248 3240 ganz
269 3202 347 3239 sicher
365 3204 510 3241 behauptet
523 3200 652 3239 würden,
674 3203 749 3239 preis
763 3210 796 3240 zu
811 3203 913 3241 geben,
934 3201 991 3232 vier
1004 3201 1178 3235 verschiedene
1193 3202 1338 3236 Parteien:

173 3251 205 3281 1)
226 3248 283 3280 Die
304 3249 425 3287 Feigen,
446 3252 540 3286 welche
561 3249 618 3279 kein
640 3248 858 3285 Schweizerblut
877 3248 906 3278 in
928 3247 977 3278 den
1000 3247 1092 3277 Adern
1114 3247 1215 3284 haben;
1248 3243 1339 3285 solche,

172 3294 266 3331 welche
285 3295 364 3334 durch
388 3295 490 3333 Furcht
519 3303 568 3328 vor
588 3294 632 3326 der
654 3295 761 3331 Sperre
787 3295 893 3333 geleitet
913 3292 1041 3329 würden,
1074 3291 1167 3331 zählen
1194 3293 1245 3324 wir
1266 3293 1341 3324 dabei

1403 880 1452 912 gar
1476 856 1555 911 nicht.
1595 875 1680 907 Denn
1702 874 1833 910 einerseits
1855 876 1887 910 ist
1914 885 1974 908 man
2002 879 2141 916 allgemein
2160 879 2272 912 darüber
2292 884 2329 914 im
2349 885 2473 923 Klaren,
2503 885 2555 921 daß

1402 927 1454 949 von
1475 919 1541 952 einer
1562 920 1665 953 Sperre
1687 921 1759 954 nicht
1779 921 1918 955 sonderlich
1940 924 1991 953 viel
2011 931 2044 962 zu
2064 922 2181 959 fürchten
2202 928 2253 963 sei,
2283 928 2314 958 da
2340 930 2373 964 sie
2398 931 2441 960 als
2465 932 2549 971 allge¬

1403 965 1487 995 meine
1501 966 1649 1005 Maßregel
1676 967 1748 999 nicht
1768 965 1933 1001 ausführbar
1953 969 2008 999 und
2029 970 2077 1000 den
2099 972 2334 1004 Nachbarländern
2362 976 2556 1012 empfindlicher

1402 1009 1486 1046 wäre,
1505 1013 1546 1041 als
1567 1015 1619 1041 uns
1641 1012 1729 1048 selbst;
1763 1013 1906 1047 anderseits
1925 1013 1995 1050 fühlt
2016 1015 2119 1053 Jeder,
2152 1017 2202 1051 daß
2230 1018 2311 1054 durch
2333 1019 2380 1049 den
2404 1022 2555 1057 höhnenden

1403 1058 1558 1092 Uebermuth
1579 1057 1753 1092 Frankreichs
1784 1058 1840 1088 und
1859 1059 1926 1093 seine
1946 1061 2157 1101 Zumuthungen
2177 1064 2267 1094 unsere
2287 1064 2362 1100 Ehre
2391 1066 2418 1101 so
2438 1068 2487 1102 tief
2505 1076 2552 1098 an¬

1400 1094 1530 1140 gegriffen
1551 1103 1600 1137 ist,
1634 1103 1682 1136 daß
1713 1104 1798 1142 einige
1825 1105 2026 1139 merkantilische
2048 1109 2203 1144 Nachtheile
2231 1109 2284 1145 auf
2309 1111 2364 1140 eine
2386 1112 2489 1148 Seele,
2516 1113 2557 1143 die

1402 1148 1473 1179 nicht
1492 1156 1558 1186 ganz
1579 1153 1632 1179 aus
1654 1149 1710 1178 dem
1731 1150 1918 1187 schmutzigsten
1935 1152 2009 1187 Koth
2030 1154 2142 1190 gebildet
2164 1155 2213 1190 ist,
2236 1156 2305 1189 nicht
2326 1153 2443 1195 dagegen
2457 1159 2555 1189 wirken

1401 1192 1514 1224 können.
1536 1194 1580 1224 Es
1600 1195 1666 1224 kann
1681 1196 1734 1229 also
1756 1195 1809 1230 hier
1824 1197 1895 1229 nicht
1908 1204 1960 1227 von
1977 1198 2075 1233 Furcht
2096 1199 2155 1230 oder
2169 1202 2425 1239 Besorgnissen
2447 1201 2491 1239 für
2504 1204 2554 1234 den

1401 1239 1579 1279 Wohlstand,
1609 1240 1719 1275 sondern
1742 1248 1792 1270 nur
1815 1248 1868 1271 von
1890 1243 2053 1280 eigentlicher
2074 1245 2240 1282 Feigheit
2273 1246 2312 1276 die
2333 1247 2406 1278 Rede
2428 1249 2501 1286 sein,
2522 1250 2557 1280 ob

1401 1284 1450 1319 sich
1470 1286 1550 1324 gleich
1573 1285 1639 1320 diese
1659 1286 1699 1320 oft
1720 1290 1799 1316 unter
1820 1287 1862 1317 der
1884 1290 2053 1328 ehrenhaften
2075 1290 2176 1321 Maske
2195 1299 2246 1322 von
2270 1292 2430 1331 ängstlichen
2442 1294 2558 1328 Berech¬

1401 1338 1507 1369 nungen
1528 1330 1663 1364 verstecken
1685 1329 1793 1365 möchte.
1835 1336 1865 1367 2)
1889 1334 1944 1365 Die
1964 1336 2124 1371 Neuherrn,
2157 1338 2248 1369 welche
2278 1335 2414 1375 fürchten,
2446 1339 2496 1374 daß
2525 1340 2558 1375 sie

1400 1376 1478 1408 durch
1506 1376 1597 1414 irgend
1629 1378 1683 1406 eine
1713 1377 1925 1417 Erschütterung
1959 1385 2010 1410 aus
2040 1382 2114 1415 ihren
2141 1383 2251 1417 Sesseln
2281 1385 2418 1422 geworfen
2454 1385 2558 1416 werden

1400 1419 1529 1456 könnten,
1553 1421 1627 1459 und,
1656 1425 1748 1458 welche
1769 1424 1796 1454 in
1818 1423 1865 1455 den
1888 1425 1991 1461 Jahren
2015 1429 2091 1457 1830
2112 1428 2167 1458 und
2189 1430 2262 1458 1831
2287 1430 2349 1464 bloß
2371 1430 2448 1462 durch
2469 1430 2556 1463 Sack¬

1399 1468 1606 1502 patriotismus,
1640 1469 1729 1504 Neid,
1763 1469 1893 1505 Ehrsucht
1929 1472 2033 1508 geleitet
2067 1473 2186 1503 wurden.
2226 1475 2307 1509 Diese
2339 1475 2443 1505 werden
2472 1477 2554 1513 aber,

1398 1520 1474 1543 wenn
1498 1517 1523 1542 es
1545 1514 1622 1549 ihnen
1647 1515 1751 1551 gelingt
1778 1514 1817 1545 die
1839 1516 2040 1555 Bestrebungen
2068 1518 2153 1551 ächter
2175 1519 2330 1558 Schweizer
2361 1529 2394 1558 zu
2415 1522 2551 1558 vereiteln,

1397 1558 1454 1588 und
1473 1558 1521 1588 das
1540 1559 1689 1596 bestehende
1712 1560 1825 1597 System
1857 1569 1891 1599 zu
1919 1562 2124 1600 brandmarken,
2156 1572 2208 1594 nur
2237 1573 2284 1595 um
2311 1566 2338 1598 so
2366 1566 2486 1604 gewisser
2505 1566 2553 1598 den

1397 1605 1548 1635 verdienten
1565 1605 1639 1642 Lohn
1661 1605 1781 1637 erndten.
1822 1609 1854 1642 3)
1866 1608 1923 1638 Die
1937 1609 2130 1646 gewissenlosen
2145 1610 2346 1648 Reaktionärs,
2369 1611 2454 1647 denen
2454 1611 2554 1647 nichts

1398 1658 1429 1687 zu
1460 1651 1539 1687 heilig
1567 1651 1615 1688 ist,
1645 1660 1689 1682 um
1721 1653 1775 1688 ihre
1795 1654 1970 1688 Privatrache
1998 1662 2031 1692 zu
2052 1655 2228 1694 befriedigen,
2260 1664 2305 1686 um
2335 1656 2412 1691 durch
2442 1657 2555 1693 fremden

1398 1696 1514 1732 Einfluß
1544 1696 1605 1727 oder
1625 1697 1720 1732 fremde
1740 1700 1890 1733 Bajonette
1918 1707 1951 1737 zu
1973 1701 2117 1739 erlangen,
2148 1704 2207 1732 was
2236 1702 2270 1738 sie
2291 1702 2367 1739 durch
2390 1703 2461 1734 keine
2481 1704 2554 1736 Ver¬

1397 1741 1490 1776 dienste
1520 1742 1580 1772 oder
1600 1742 1714 1775 Talente
1742 1752 1776 1781 zu
1805 1745 1934 1775 erwerben
1965 1746 2000 1775 im
2030 1747 2142 1778 Stande
2172 1746 2239 1782 find.
2282 1749 2356 1779 Auch
2385 1748 2451 1784 diese
2480 1750 2549 1780 wird

1397 1788 1470 1822 sicher
1492 1789 1533 1823 ihr
1553 1787 1702 1819 verdientes
1722 1790 1856 1825 Schicksal
1869 1791 2021 1830 erreichen;
2048 1791 2101 1822 das
2121 1793 2194 1823 Volk
2214 1790 2306 1823 würde
2327 1795 2394 1824 weit
2411 1795 2490 1825 lieber
2508 1795 2552 1826 die

1395 1835 1523 1871 geregelte
1544 1833 1727 1871 Verwaltung
1756 1834 1824 1865 einer
1851 1835 2030 1872 aufgeklärten
2052 1837 2319 1879 Staatsregierung,
2349 1840 2394 1869 als
2421 1840 2480 1875 ihre
2495 1847 2554 1871 ver¬

1395 1877 1490 1915 haßte,
1520 1877 1657 1916 ekelhafte,
1682 1880 1831 1917 plagende,
1859 1881 1986 1920 unfähige
2014 1882 2170 1920 Oligarchie
2194 1888 2334 1923 ertragen,
2361 1884 2417 1915 und
2437 1885 2552 1923 Europa

1396 1921 1495 1959 würde,
1518 1924 1641 1959 nachdem
1662 1929 1687 1954 es
1710 1926 1758 1961 sich
1780 1927 1848 1964 ihrer
1869 1931 1939 1958 etwa
1958 1927 2004 1964 für
2019 1928 2066 1959 den
2082 1928 2243 1967 Augenblick
2263 1930 2369 1961 bedient
2390 1930 2478 1969 hätte,
2500 1932 2549 1969 sich

1396 1969 1465 2005 nicht
1485 1971 1628 2008 vergebens
1650 1971 1806 2010 anstrengen
1829 1973 1941 2007 wollen,
1970 1981 2015 2003 um
2044 1975 2099 2003 eine
2119 1975 2300 2014 ohnmächtige
2321 1975 2377 2006 und
2398 1976 2467 2007 keine
2489 1979 2552 2010 Ga¬

1394 2015 1478 2043 rantie
1499 2015 1610 2051 gebende
1625 2016 1700 2047 Race
1721 2024 1753 2052 zu
1775 2015 1931 2054 beschützen,
1953 2019 2045 2051 welche
2067 2019 2109 2049 bei
2130 2020 2172 2049 der
2194 2020 2275 2054 ersten
2290 2021 2467 2059 Gelegenheit
2489 2024 2553 2054 wie¬

1393 2057 1435 2087 der
1455 2060 1518 2089 eben
1537 2059 1563 2093 so
1585 2061 1652 2099 feige
1671 2061 1721 2090 wie
1742 2063 1820 2092 1830
1840 2062 1896 2092 und
1926 2066 1999 2094 1831
2023 2066 2262 2103 herunterpurzeln
2292 2065 2394 2097 würde.
2438 2067 2552 2105 Europa

1392 2102 1479 2134 würde
1512 2105 1575 2138 seine
1605 2107 1862 2145 Kraftanwendung
1890 2108 1939 2138 mit
1968 2106 2070 2140 Grund
2102 2108 2158 2146 für
2184 2112 2244 2145 sich
2279 2112 2378 2148 selbst
2410 2113 2547 2151 benützen,

1393 2158 1436 2180 um
1458 2151 1482 2185 so
1504 2153 1592 2186 mehr,
1623 2153 1666 2181 als
1686 2151 1768 2187 dieses
1791 2154 1891 2188 leichter
1914 2155 1963 2188 sein
1985 2154 2075 2185 würde
2096 2158 2137 2186 als
2159 2156 2206 2187 das
2227 2156 2344 2188 Andere.
2387 2159 2447 2189 Und
2470 2168 2549 2191 wenn

1394 2203 1449 2225 nun
1470 2196 1593 2226 vollends
1622 2196 1662 2227 die
1682 2199 1718 2227 im
1739 2199 1813 2234 Jahr
1842 2202 1919 2230 1830
1947 2201 1971 2235 so
1991 2201 2141 2239 gemäßigte
2164 2201 2218 2231 und
2239 2209 2293 2235 von
2315 2204 2358 2233 der
2380 2212 2462 2235 neuen
2483 2205 2550 2241 Dy¬

1393 2241 1483 2273 nastie,
1494 2242 1548 2271 und
1568 2243 1615 2273 den
1637 2243 1804 2274 Doktrinärs
1825 2245 1850 2279 so
1870 2254 1919 2283 arg
1941 2249 2063 2282 geprellte
2084 2247 2249 2279 Revolution
2283 2248 2330 2279 den
2351 2250 2460 2287 zweiten
2482 2252 2545 2290 Tag

1392 2287 1460 2322 ihrer
1478 2288 1576 2325 großen
1591 2288 1688 2322 Woche
1710 2289 1809 2325 findet,
1832 2291 1858 2326 so
1879 2290 1946 2320 wird
1967 2291 2017 2328 sie,
2039 2292 2158 2323 erbittert
2173 2293 2250 2329 durch
2265 2294 2306 2324 die
2326 2296 2475 2332 gemachten
2492 2296 2546 2328 Er¬

1391 2332 1554 2370 fahrungen,
1578 2330 1677 2364 überall
1701 2336 1755 2364 und
1776 2335 1801 2370 so
1822 2337 1884 2369 auch
1907 2336 1934 2366 in
1955 2336 1997 2367 der
2013 2338 2156 2375 Schweiz,
2180 2339 2242 2369 weit
2263 2340 2466 2377 zermalmender
2484 2342 2548 2379 auf-

1391 2381 1484 2409 treten.
1527 2379 1590 2410 Wir
1611 2380 1669 2416 sind
1690 2381 1753 2410 weit
1773 2382 1890 2417 entfernt
1911 2389 1943 2419 zu
1964 2384 2098 2421 glauben,
2127 2383 2179 2419 daß
2199 2385 2248 2415 das
2267 2385 2434 2417 Bernervolk
2460 2391 2547 2418 etwas

1390 2432 1534 2462 gewonnen
1565 2425 1648 2461 habe,
1678 2426 1764 2456 indem
1794 2431 1823 2456 es
1848 2435 1902 2458 von
1930 2427 1986 2457 dem
2008 2429 2236 2463 Kommandostab
2267 2430 2311 2461 der
2338 2432 2475 2475 Patrizier
2502 2432 2545 2463 der

1391 2471 1579 2503 Krämer-Elle
1615 2470 1670 2502 und
1698 2472 1741 2502 der
1771 2472 1958 2510 Ochsengeißel
1989 2474 2032 2505 der
2059 2475 2228 2513 Burgdorfer
2258 2475 2406 2511 überliefert
2437 2478 2544 2515 wurde;

1390 2517 1450 2546 aber
1471 2517 1511 2547 die
1532 2519 1639 2553 wahren
1661 2518 1844 2549 Alt-Berner
1871 2519 1963 2554 dürfen
1986 2528 2037 2549 nur
2057 2520 2134 2556 durch
2155 2522 2315 2561 zeitgemäße
2339 2522 2545 2562 Wiedergeburt

1389 2561 1445 2592 und
1465 2564 1630 2601 Hingebung
1653 2563 1714 2598 fürs
1735 2564 1900 2599 Vaterland,
1923 2565 1993 2600 nicht
2012 2565 2090 2599 durch
2112 2566 2233 2603 Verrath
2253 2568 2310 2598 und
2329 2569 2408 2602 durch
2423 2569 2542 2601 Verbin¬

1389 2608 1462 2647 dung
1483 2609 1530 2638 mit
1552 2609 1664 2645 Pfaffen
1685 2610 1734 2645 sich
1756 2610 1851 2640 wieder
1873 2610 1922 2640 den
1944 2611 2013 2650 Weg
2035 2620 2081 2649 zur
2103 2613 2175 2648 Ehre
2196 2613 2249 2643 und
2271 2614 2457 2646 Wirksamkeit
2476 2616 2540 2650 bah¬

1390 2662 1450 2684 nen.
1493 2655 1558 2684 Wer
1578 2654 1625 2685 den
1649 2657 1746 2690 letztern
1770 2655 1840 2695 Weg
1869 2657 2003 2693 versucht,
2037 2658 2106 2688 wird
2133 2666 2175 2689 am
2197 2658 2274 2690 Ende
2305 2659 2455 2696 derselben,
2485 2660 2542 2690 und

1386 2699 1462 2734 sollte
1480 2699 1544 2736 auch
1566 2700 1621 2730 eine
1645 2701 1730 2731 Weile
1750 2701 1792 2732 ein
1814 2702 1977 2736 täuschender
1991 2704 2095 2737 Schein
2117 2704 2262 2738 eintreten,
2283 2704 2324 2735 die
2335 2703 2464 2737 Schande
2484 2704 2539 2735 und

1387 2745 1434 2774 den
1457 2747 1611 2785 Untergang
1632 2745 1731 2781 finden.
1775 2747 1807 2782 4)
1826 2748 1880 2779 Die
1912 2746 2076 2786 französische
2097 2749 2204 2785 Partei.
2245 2751 2313 2786 Daß
2332 2750 2387 2780 eine
2408 2750 2488 2785 solche
2509 2756 2538 2783 in

1386 2790 1429 2821 der
1451 2791 1576 2829 Schweiz
1597 2792 1713 2827 existirt,
1737 2792 1768 2826 ist
1789 2801 1839 2825 nur
1860 2801 1893 2831 zu
1916 2794 1986 2829 klar;
2018 2795 2079 2825 aber
2100 2794 2169 2829 jeder
2188 2795 2250 2833 Tag
2271 2794 2339 2825 wird
2360 2795 2402 2825 die
2422 2796 2538 2830 Nichts¬

1386 2834 1539 2873 würdigen,
1569 2836 1610 2867 die
1631 2838 1678 2873 sich
1699 2839 1743 2868 als
1765 2838 1927 2877 Werkzeuge
1953 2840 2023 2870 einer
2050 2840 2164 2875 fremden
2185 2841 2342 2879 Regierung
2370 2848 2419 2879 zur
2446 2845 2539 2874 Unter¬

1383 2882 1499 2920 jochung
1529 2881 1575 2911 des
1602 2882 1786 2914 Vaterlandes
1817 2885 1978 2922 gebrauchen
2006 2886 2102 2921 lassen,
2136 2888 2206 2921 mehr
2234 2884 2372 2922 enthüllen
2401 2886 2459 2918 und
2483 2889 2539 2924 ihre

1385 2927 1564 2962 Wirksamkeit
1590 2930 1752 2964 vernichten.
1795 2930 1862 2961 Wer
1888 2929 1983 2962 könnte
2011 2932 2074 2967 nach
2095 2930 2150 2961 dem
2173 2931 2314 2966 Auftreten
2345 2932 2393 2964 des
2413 2933 2538 2972 Herzogs

1384 2980 1435 3003 von
1457 2973 1626 3005 Montebello
1657 2978 1727 3010 mehr
1755 2974 1812 3005 dem
1833 2973 1921 3006 Volke
1950 2976 2017 3011 weiß
2045 2979 2169 3013 machen,
2200 2980 2229 3007 es
2255 2977 2292 3013 sei
2312 2978 2365 3014 sein
2385 2979 2537 3018 Interesse,

1384 3019 1431 3054 sich
1452 3019 1500 3053 auf
1519 3019 1573 3049 eine
1587 3019 1746 3059 Regierung
1768 3028 1801 3060 zu
1822 3019 1930 3057 stützen,
1953 3023 2045 3056 welche
2065 3020 2165 3052 überall
2180 3023 2339 3056 entschieden
2358 3024 2407 3059 auf
2420 3025 2538 3057 Kontre-¬

1382 3064 1548 3096 Revolution
1567 3065 1749 3101 hinarbeitet?
1788 3067 1854 3098 Das
1875 3067 2090 3105 Schweizervolk
2110 3068 2179 3098 wird
2199 3068 2278 3105 daher
2292 3069 2460 3109 Diejenigen
2479 3078 2538 3101 ver¬

1381 3113 1470 3143 achten
1490 3109 1546 3140 und
1566 3113 1702 3148 verlassen,
1726 3112 1818 3147 welche
1839 3113 1887 3149 sich
1908 3120 1960 3144 von
1982 3114 2030 3143 den
2049 3112 2216 3146 abfallenden
2238 3114 2357 3147 Brocken
2379 3115 2425 3146 des
2446 3117 2535 3147 Mon¬

1382 3156 1537 3190 tebellischen
1557 3157 1669 3194 Tisches
1686 3157 1788 3193 füttern
1810 3159 1911 3195 lassen;
1941 3159 1996 3190 und
2016 3159 2089 3194 sollte
2109 3160 2145 3190 im
2168 3160 2287 3192 Vororte
2308 3162 2386 3193 Bern
2408 3162 2458 3198 sich
2477 3163 2535 3193 eine

1380 3201 1618 3238 machiavelistische
1638 3203 1742 3240 Politik
1767 3204 1874 3243 geltend
1894 3205 2014 3240 machen,
2047 3204 2126 3240 durch
2147 3205 2189 3236 die
2210 3205 2411 3245 Unterstützung
2433 3207 2534 3245 Frank¬

1379 3247 1460 3280 reichs
1479 3247 1529 3284 sich
1549 3248 1605 3279 eine
1625 3249 1787 3287 Hegemonie
1817 3248 1880 3281 über
1900 3250 1940 3280 die
1959 3252 2073 3287 entehrte
2094 3250 2224 3289 Schweiz
2245 3260 2278 3290 zu
2300 3253 2472 3290 verschaffen,
2506 3254 2532 3287 so

1379 3292 1447 3324 wird
1468 3293 1524 3325 eine
1542 3294 1569 3330 so
1589 3294 1681 3332 falsche
1700 3296 1880 3334 Berechnung
1909 3303 1943 3327 an
1971 3297 2028 3327 dem
2048 3296 2145 3333 bessern
2166 3298 2263 3330 Sinne
2292 3298 2338 3329 des
2359 3299 2531 3336 bernerischen
