2730 3484
203 98 495 130 Vorausbezahlung.

120 161 233 193 Jährlich
249 161 276 188 in
293 161 379 192 Zürich
396 162 515 195 Schwfrk.
527 164 554 190 8.

121 196 170 226 Im
192 195 279 228 ganzen
303 191 445 223 Postrayon
464 191 554 225 Zürich

188 224 268 259 franko
285 227 339 257 Frk.
355 230 373 255 9
388 228 440 263 Btz.
457 230 479 254 2.

1119 107 1253 181 Nr.
1287 107 1429 183 92.

2061 99 2390 136 Einrückungsgebühr.

2026 164 2082 193 Die
2093 164 2227 201 Petitzeile
2244 168 2277 203 4
2277 168 2347 203 Krzr.
2359 172 2386 196 Z.
2397 172 2433 198 V.

2036 194 2126 229 Briefe
2141 202 2197 226 und
2208 200 2304 230 Gelder
2316 202 2438 233 franko.

437 299 816 432 Neue
877 297 2117 477 Zürcher-Zeitung.

120 582 437 647 Mittwoch

1003 534 1353 582 Fünfundzwanzigster
1377 533 1568 582 Jahrgang.

1949 591 2029 639 den
2063 589 2093 637 2.
2142 589 2268 653 April
2303 595 2446 646 1845
2447 632 2463 645 .

810 649 916 675 Druck
939 650 1015 675 und
1037 650 1174 681 Verlag
1207 655 1277 676 von
1295 649 1428 681 Orell,
1452 650 1567 681 Füßli
1590 651 1616 677 &
1641 651 1762 683 Comp.

532 791 855 837 Schweiz.

184 857 544 911 Verhandlungen
544 857 625 911 des
648 852 934 910 zürcherischen
954 861 1020 898 Gr.
1036 853 1207 904 Rathes.

184 922 338 967 Zürich,
363 925 393 962 1.
416 923 519 965 April.
553 925 635 966 Erste
660 924 800 968 Sitzung.
836 923 900 957 Der
922 913 1098 965 Präsident,
1128 911 1185 962 Hr.
1204 921 1253 954 Dr.

119 975 346 1020 Bluntschli
380 977 505 1021 eröffnet
528 962 577 1010 die
606 962 845 1018 Versammlung
872 974 928 1008 mit
951 971 1041 1033 einer
1051 976 1162 1017 langen
1184 972 1268 1009 Rede

118 1031 189 1064 über
220 1030 262 1064 die
297 1029 517 1077 gegenwärtige
551 1028 624 1069 Lage
659 1032 707 1061 der
736 1020 1039 1070 Eidgenossenschaft.
1091 1026 1136 1060 Er
1162 1022 1279 1066 spricht

119 1075 207 1126 zuerst
228 1089 288 1116 von
312 1071 361 1116 der
387 1080 575 1124 „heimlichen
601 1078 851 1120 Verschwörung,
874 1076 917 1111 die
941 1079 990 1118 sich
1007 1078 1077 1111 über
1093 1076 1155 1112 eine
1170 1076 1267 1116 Reihe

118 1143 178 1169 von
199 1136 364 1169 Kantonen
387 1137 437 1168 der
459 1129 595 1176 Schweiz
618 1131 769 1166 verbreitet
793 1130 882 1171 habe,
913 1128 968 1164 wie
997 1129 1069 1169 diese
1091 1123 1265 1171 Verschwö¬

115 1196 206 1233 rung,
229 1191 278 1220 der
301 1176 496 1223 Volksbund,
520 1183 690 1226 bewaffnete
715 1182 811 1216 Arme
831 1179 980 1225 gefunden
992 1181 1077 1221 habe,
1100 1180 1158 1216 um
1169 1182 1271 1229 seinen

115 1238 230 1274 Willen
253 1239 491 1282 auszuführen."
540 1233 644 1275 Durch
667 1240 720 1268 den
745 1233 862 1273 Einfall
887 1234 917 1267 in
941 1236 994 1267 den
1010 1234 1138 1268 Kanton
1154 1233 1264 1277 Luzern

114 1291 187 1334 habe
209 1291 253 1323 die
277 1290 473 1325 Revolution
494 1289 525 1322 in
549 1292 596 1321 der
620 1286 758 1329 Schweiz
781 1286 863 1320 einen
888 1293 999 1319 andern
1023 1291 1084 1319 und
1112 1285 1263 1324 unendlich

113 1343 170 1376 viel
193 1341 321 1383 ernstern
344 1341 511 1384 Charakter
533 1345 764 1381 angenommen.
809 1338 923 1377 Hieran
945 1338 1065 1376 knüpfte
1080 1341 1129 1371 der
1144 1337 1265 1371 Redner

113 1396 189 1436 seine
211 1394 456 1436 Betrachtungen
477 1389 549 1427 über
572 1391 614 1425 die
638 1390 783 1430 drohende
808 1389 924 1431 Gefahr
948 1390 1074 1430 fremder
1101 1388 1263 1426 Interven¬

112 1448 180 1480 tion
214 1449 276 1480 und
309 1447 352 1480 die
388 1445 506 1485 Mittel,
536 1437 680 1485 derselben
711 1442 986 1486 zuvorzukommen.
1046 1443 1142 1475 Unter
1172 1442 1262 1481 diesen

112 1504 208 1532 nennt
229 1503 278 1532 der
301 1497 420 1532 Redner
445 1495 661 1541 vorzugsweise
684 1494 725 1527 die
752 1493 956 1537 Verstärkung
978 1495 1028 1527 der
1051 1492 1263 1536 Regierungs¬

113 1550 222 1593 gewalt
245 1549 274 1583 in
298 1556 351 1583 den
367 1549 537 1584 Kantonen
557 1547 618 1580 und
645 1546 686 1580 im
712 1545 837 1580 Bund.
863 1541 910 1580 Es
927 1544 970 1586 sei
992 1543 1059 1585 dieß
1073 1545 1117 1579 ein
1134 1545 1164 1585 so
1181 1545 1262 1579 drin¬

114 1605 222 1645 gendes
247 1599 434 1643 Bedürfniß,
469 1594 532 1641 daß
559 1607 646 1632 wenn
677 1598 834 1639 demselben
858 1598 938 1636 nicht
960 1595 1134 1640 abgeholfen
1158 1600 1260 1637 werde,

114 1659 162 1687 der
185 1652 304 1688 Redner
326 1651 478 1696 freiwillig
491 1644 569 1690 seine
585 1649 681 1684 Stelle
698 1650 876 1693 niederlegen
891 1648 1001 1684 würde.
1018 1667 1060 1674 —
1085 1642 1261 1690 Schließlich

111 1712 213 1739 wurde
236 1706 281 1740 die
308 1705 430 1746 Ansicht
460 1698 714 1746 ausgesprochen,
746 1701 804 1744 daß
833 1703 875 1734 die
906 1701 1124 1754 gegenwärtige
1157 1700 1262 1741 Groß¬

111 1758 306 1801 rathssitzung
341 1755 558 1797 ausschließlich
593 1758 641 1788 der
677 1753 752 1796 Lage
790 1751 841 1788 des
876 1752 1080 1793 Vaterlandes
1115 1754 1182 1786 und
1206 1757 1258 1787 den

111 1808 244 1852 Wahlen
267 1811 420 1853 gewidmet
443 1812 557 1843 werden
583 1804 675 1848 möge.

178 1862 241 1895 Der
272 1862 393 1899 Bericht
424 1865 473 1895 der
504 1855 920 1902 Tagsatzungsgesandtschaft
950 1856 1025 1890 wird
1050 1857 1173 1898 verlesen
1196 1860 1258 1892 und

106 1922 172 1947 von
203 1913 282 1952 Hrn.
305 1905 542 1957 Bürgermeister
573 1909 771 1950 Mousson
804 1911 851 1943 als
884 1908 983 1950 erstem
1014 1909 1182 1950 Gesandten
1207 1914 1256 1944 des

105 1966 249 1999 Standes
283 1965 393 2006 Zürich
427 1965 482 1998 mit
512 1962 626 2004 einigen
660 1961 887 2003 Bemerkungen
918 1960 1059 2003 begleitet.
1116 1961 1183 2001 Auf
1204 1966 1255 1995 den

105 2017 230 2059 Antrag
254 2020 305 2051 des
328 2017 408 2057 Hrn.
426 2017 469 2050 alt
492 2014 681 2053 Oberrichter
707 2012 831 2051 Ulrich
854 2012 928 2046 wird
952 2013 1000 2046 der
1024 2013 1143 2055 Bericht
1171 2013 1257 2057 abge¬

104 2077 251 2102 nommen
276 2075 337 2101 und
359 2072 408 2103 der
431 2065 745 2110 Ehrengesandtschaft
767 2064 914 2098 verdankt.

173 2119 219 2154 Es
246 2119 325 2162 folgt
348 2124 396 2154 der
420 2118 539 2158 Bericht
561 2121 610 2151 des
635 2115 931 2159 Regierungsrathes
956 2115 1026 2150 über
1047 2117 1091 2151 die
1115 2110 1255 2156 obschwe¬

104 2172 195 2206 bende
209 2170 286 2214 Lage
298 2176 347 2205 der
360 2169 494 2215 Schweiz
509 2175 565 2203 den
582 2169 609 2203 1.
620 2167 720 2209 April.
745 2168 802 2207 Hr.
813 2167 1045 2211 Bürgermeister
1063 2169 1255 2210 Mousson

103 2224 222 2262 referirt
244 2223 404 2265 mündlich.
450 2223 522 2257 Das
548 2216 671 2260 Referat
694 2220 758 2263 gibt
781 2220 841 2254 eine
864 2219 1021 2261 Uebersicht
1034 2224 1093 2254 der
1118 2221 1255 2264 jüngsten

105 2275 291 2319 Ereignisse,
326 2275 429 2315 welche
459 2276 523 2308 dem
552 2271 670 2313 Einfall
693 2273 724 2306 in
748 2276 802 2305 den
826 2270 955 2306 Kanton
975 2270 1086 2316 Luzern
1109 2266 1256 2316 vorange¬

106 2337 226 2372 gangen
257 2328 339 2371 sind,
372 2328 436 2360 und
469 2327 529 2368 setzt
558 2333 618 2359 von
652 2332 704 2358 den
734 2321 823 2365 durch
854 2331 905 2358 den
930 2323 1052 2359 Vorort
1075 2326 1254 2368 getroffenen

104 2381 290 2422 Maßregeln
313 2382 344 2413 in
366 2378 535 2417 Kenntniß,
561 2377 589 2418 so
614 2377 668 2411 wie
691 2385 752 2410 von
772 2371 858 2410 deren
876 2375 984 2416 Zweck,
1009 2380 1058 2411 der
1073 2377 1163 2418 dahin
1178 2378 1256 2420 gehe,

104 2436 162 2466 den
188 2431 387 2476 Bürgerkrieg
410 2439 446 2472 zu
467 2426 653 2468 verhindern.
714 2426 820 2462 Sollte
849 2428 935 2469 dieser
959 2436 1019 2463 vor
1036 2421 1256 2473 Besammlung

103 2488 157 2518 der
182 2483 326 2524 Truppen
351 2490 427 2516 etwa
450 2481 584 2522 beendigt
605 2480 681 2521 sein,
706 2481 735 2521 so
761 2481 811 2521 hat
833 2482 881 2513 der
906 2478 1026 2514 Vorort
1047 2480 1104 2514 das
1127 2481 1257 2516 Weitere

104 2537 159 2577 sich
182 2535 386 2577 vorbehalten.
432 2532 497 2567 Der
522 2531 644 2566 Vorort
667 2533 718 2572 hat
740 2532 823 2566 dabei
846 2532 921 2573 seine
947 2531 1257 2579 Verantwortlichkeit

105 2586 193 2626 wohl
216 2585 339 2628 gefühlt,
363 2587 442 2623 nicht
459 2584 573 2619 minder
591 2583 659 2618 aber
675 2576 745 2621 auch
763 2584 807 2618 die
822 2576 1139 2624 Verantwortlichkeit,
1156 2586 1260 2626 welche

104 2648 138 2672 er
163 2636 234 2670 über
256 2638 307 2680 sich
330 2646 509 2680 genommen
532 2637 621 2676 hätte,
643 2644 730 2669 wenn
755 2645 784 2669 er
806 2636 902 2674 nichts
927 2636 1045 2678 gethan.
1092 2637 1151 2671 Die
1175 2637 1257 2681 Tag¬

102 2692 227 2732 satzung
263 2690 312 2730 hat
345 2694 400 2724 das
437 2688 733 2731 Freischaarenwesen
769 2687 817 2722 als
851 2688 1071 2731 unverträglich
1106 2689 1160 2723 mit
1194 2692 1261 2724 dem

102 2742 223 2776 Bunde
247 2741 350 2776 erklärt
373 2744 434 2775 und
458 2742 490 2775 in
513 2741 615 2778 diesem
639 2739 819 2781 Augenblick
840 2740 873 2780 ist
896 2739 1034 2782 vielleicht
1057 2742 1117 2775 eine
1149 2741 1260 2785 Regie¬

99 2802 190 2835 rung
213 2792 270 2832 auf
290 2797 352 2826 dem
375 2794 512 2835 Punkte,
546 2794 656 2833 solchen
690 2790 892 2833 Freischaaren
922 2801 958 2835 zu
989 2793 1133 2836 erliegen;
1170 2794 1259 2836 daher

99 2846 181 2887 muß
204 2852 295 2886 man,
327 2848 397 2879 vom
420 2844 707 2886 Parteistandpunkt
735 2843 909 2884 abgesehen,
946 2843 988 2878 die
1019 2845 1180 2889 Beschlüsse
1211 2847 1258 2880 der

100 2897 297 2940 Tagsatzung
319 2898 449 2936 aufrecht
471 2898 580 2935 halten.
627 2896 695 2935 Auf
714 2897 763 2929 der
785 2894 896 2928 andern
920 2895 1006 2930 Seite
1028 2890 1106 2939 geht
1121 2898 1178 2932 aus
1203 2901 1257 2933 den

101 2944 350 2989 Mittheilungen
372 2951 423 2981 der
440 2941 647 2990 Großmächte
668 2948 786 2989 hervor,
807 2946 864 2987 daß
888 2946 922 2987 sie
945 2945 997 2981 den
1022 2948 1183 2991 Ausbruch
1208 2955 1256 2984 der

101 2999 257 3034 Anarchie
282 2999 312 3031 in
336 3001 384 3031 der
407 2999 543 3044 Schweiz
566 3001 612 3033 als
631 3001 675 3034 ein
693 2998 837 3042 Ereigniß
853 2988 1025 3040 betrachtet,
1046 3001 1168 3041 welches
1186 2999 1260 3043 nach

100 3053 185 3093 ihrer
206 3049 330 3091 Ansicht
350 3052 407 3083 das
430 3051 612 3090 Europäische
635 3050 872 3094 Staatensystem
896 3050 1048 3095 beschlage.
1094 3051 1162 3089 Im
1179 3053 1259 3094 Hin¬

102 3103 176 3136 blick
198 3102 255 3142 auf
276 3101 320 3135 die
341 3100 416 3144 Lage
440 3101 516 3141 ihrer
539 3103 656 3145 eigenen
679 3103 792 3137 Länder
815 3102 898 3141 wohl
920 3102 1001 3143 mehr
1018 3103 1108 3144 noch,
1132 3106 1183 3141 als
1207 3106 1262 3140 um

103 3160 158 3187 der
190 3152 325 3195 Schweiz
355 3148 456 3196 selbst
456 3148 588 3196 willen,
623 3154 763 3198 besorgen
785 3155 830 3188 die
851 3144 1051 3196 Großmächte
1076 3155 1119 3190 die
1140 3154 1260 3201 Folgen

101 3205 191 3240 eines
211 3204 323 3246 solches
343 3197 528 3247 Ereignisses
553 3205 615 3239 und
637 3206 709 3247 diese
729 3205 969 3247 politischen
993 3206 1121 3242 Gründe
1141 3208 1204 3250 sind
1227 3210 1261 3245 es

101 3255 193 3295 wohl
215 3256 314 3298 mehr,
337 3256 386 3290 als
411 3255 538 3291 Gründe
560 3259 610 3291 des
633 3256 767 3300 Rechts,
800 3258 917 3301 welche
917 3258 961 3301 sie
982 3259 1022 3304 zu
1040 3259 1124 3302 ihren
1148 3259 1259 3296 Mani¬

1315 764 1493 812 festationen
1510 767 1650 811 bewogen
1672 767 1776 810 haben.
1821 758 1893 806 Äus
1918 768 1994 805 allen
2015 771 2108 814 diesen
2125 768 2275 810 Gründen
2289 776 2360 811 aber
2372 780 2464 820 recht¬

1315 818 1439 865 fertigen
1461 820 1511 863 sich
1535 818 1577 854 die
1600 829 1670 854 vom
1694 820 1822 857 Vorort
1838 815 2019 866 getroffenen
2037 822 2220 870 Maßregeln
2236 821 2309 862 und
2309 821 2365 862 der
2379 828 2465 864 Red¬

1313 868 1366 914 ner
1386 871 1466 915 hofft
1487 882 1522 916 zu
1540 866 1645 912 Gott,
1667 870 1742 914 daß
1762 874 1811 908 die
1841 868 2259 919 wiederzusammentretende
2274 878 2465 925 Tagsatzung

1314 919 1365 962 sich
1386 920 1515 964 dießmal
1535 922 1615 961 nicht
1635 919 1715 963 nach
1730 923 1899 967 politischen
1923 925 2066 963 Parteien
2094 929 2293 973 zersplittere;
2310 933 2386 966 denn
2402 929 2460 968 das

1312 963 1395 1022 hieße
1414 972 1467 1010 die
1482 971 1773 1019 Eidgenossenschaft
1794 980 1859 1010 dem
1872 975 2064 1027 Untergang
2073 983 2217 1026 entgegen
2233 977 2350 1024 führen:
2395 981 2473 1030 Der

1313 1023 1432 1061 Redner
1456 1025 1593 1066 bekennt,
1617 1026 1693 1061 keine
1714 1024 1929 1070 Sympathien
1948 1030 2008 1064 mit
2027 1037 2075 1064 der
2098 1031 2401 1079 Luzernerregierung
2424 1046 2463 1081 zu

1312 1076 1442 1121 haben;
1442 1076 1575 1121 dennoch
1600 1078 1665 1119 hält
1684 1090 1716 1113 er
1739 1079 1770 1115 es
1794 1081 1845 1119 für
1866 1083 1910 1115 die
1933 1081 2044 1123 größte
2060 1082 2187 1125 Gefahr,
2209 1083 2298 1120 wenn
2321 1088 2384 1121 eine
2397 1086 2470 1123 Re¬

1312 1129 1437 1173 gierung
1460 1132 1545 1170 durch
1569 1130 1772 1172 Freischaaren
1798 1129 1920 1177 gestürzt
1941 1131 2024 1167 wird
2041 1138 2103 1169 und
2127 1134 2208 1176 sollte
2232 1142 2263 1172 es
2287 1138 2351 1173 eine
2369 1139 2468 1183 solche

1311 1172 1380 1222 sein,
1404 1183 1453 1222 für
1476 1182 1576 1223 welche
1598 1187 1690 1217 weder
1714 1181 1762 1217 der
1783 1183 1910 1218 Kanton
1933 1183 2054 1228 Zürich,
2078 1184 2151 1230 noch
2174 1192 2222 1221 der
2246 1188 2351 1233 größte
2372 1191 2462 1234 Theil

1310 1234 1359 1271 der
1381 1236 1669 1281 Eidgenossenschaft
1690 1227 1898 1283 Sympathien
1923 1234 2011 1286 fühlt.
2072 1242 2137 1278 Der
2160 1242 2280 1280 Redner
2302 1246 2462 1289 beschwört

1311 1286 1351 1333 zu
1371 1287 1581 1333 Vereinigung
1603 1294 1652 1324 der
1676 1285 1819 1328 Parteien
1842 1293 1874 1326 in
1905 1288 1992 1331 dieser
2023 1292 2138 1337 Frage,
2174 1306 2226 1331 um
2237 1323 2247 1338 ,
2283 1302 2351 1334 was
2382 1299 2465 1343 sonst

1310 1338 1451 1384 vielleicht
1470 1341 1502 1375 in
1527 1337 1568 1377 14
1591 1339 1700 1385 Tagen
1721 1337 1801 1381 nicht
1819 1344 1904 1384 mehr
1924 1345 1956 1386 so
1978 1344 2015 1379 ist
2034 1349 2086 1380 der
2108 1340 2216 1387 Macht
2237 1350 2295 1385 des
2313 1350 2373 1386 Gr.
2389 1343 2496 1387 Ra¬

1309 1394 1373 1433 thes
1397 1387 1481 1438 läge,
1517 1399 1568 1437 zur
1599 1390 1805 1441 Beruhigung
1827 1393 1878 1431 des
1902 1393 2106 1435 Vaterlandes
2130 1397 2460 1447 zusammenzuwirken,

1309 1447 1355 1490 zu
1368 1446 1445 1480 einer
1455 1440 1626 1491 Aufgabe,
1659 1447 1710 1486 für
1731 1449 1815 1483 deren
1839 1443 1964 1492 Lösung
1964 1443 2033 1492 der
2051 1450 2181 1487 Kanton
2198 1451 2311 1496 Zürich
2333 1456 2385 1498 für
2407 1457 2459 1500 sich

1308 1496 1370 1536 und
1401 1498 1449 1532 als
1481 1497 1603 1533 Vorort
1636 1498 1687 1543 die
1687 1498 1812 1543 höchste
1834 1499 2064 1553 Aufforderung
2088 1502 2168 1544 habe.
2227 1505 2295 1541 Der
2316 1502 2460 1549 Referent

1308 1550 1391 1594 trägt
1412 1552 1468 1588 auf
1488 1551 1547 1585 eine
1569 1549 1774 1594 Kommission
1796 1562 1856 1592 an,
1883 1556 1921 1587 da
1943 1557 1992 1588 der
2014 1551 2280 1599 Regierungsrath
2305 1557 2357 1601 sich
2381 1560 2460 1601 nicht

1308 1600 1352 1637 im
1374 1602 1458 1642 Falle
1480 1602 1540 1644 sehe
1550 1629 1559 1648 ,
1600 1603 1758 1644 bestimmte
1783 1605 1919 1648 Anträge
1942 1616 1980 1649 zu
2011 1604 2124 1646 stellen.
2146 1625 2188 1633 —
2221 1609 2286 1644 Der
2316 1610 2461 1652 Referent

1308 1646 1414 1694 spricht
1444 1654 1524 1698 zum
1542 1646 1680 1698 Schlusse
1710 1662 1771 1689 von
1802 1655 1902 1697 seiner
1923 1653 2124 1699 persönlichen
2154 1656 2304 1705 Stellung
2334 1664 2390 1702 auf
2409 1665 2460 1699 der

1307 1698 1503 1749 Tastsatzung,
1527 1706 1571 1740 die
1594 1706 1657 1746 ihm
1681 1706 1744 1741 eine
1765 1703 1911 1748 peinliche
1927 1705 2069 1751 gewesen
2079 1710 2145 1752 sei.
2171 1707 2310 1748 Damals
2333 1709 2406 1754 habe
2429 1724 2461 1758 er

1306 1757 1378 1794 seine
1402 1754 1555 1801 Neigung,
1579 1755 1757 1801 abzutreten,
1781 1758 1895 1801 höhern
1910 1759 2093 1802 Rücksichten
2109 1772 2175 1805 zum
2189 1762 2295 1805 Opfer
2310 1765 2465 1809 gebracht,

1303 1809 1383 1851 jetzt,
1420 1812 1469 1843 der
1499 1807 1799 1853 Erneuerungswahl
1831 1810 2058 1855 unterworfen,
2094 1812 2190 1857 hänge
2222 1816 2296 1851 alles
2321 1815 2385 1852 von
2403 1821 2460 1854 den

1305 1857 1487 1904 Beschlüssen
1510 1865 1561 1896 des
1585 1860 1642 1896 Gr.
1660 1862 1780 1902 Rathes
1805 1863 1853 1905 ab,
1876 1868 1941 1899 was
1967 1875 1996 1899 er
2020 1866 2170 1906 fernerhin
2194 1867 2277 1907 thun
2294 1872 2399 1905 werde.

1367 1914 1453 1948 Man
1476 1914 1601 1956 schreitet
1623 1915 1701 1955 ohne
1724 1913 1904 1958 Diskussion
1933 1926 1970 1961 zu
1997 1915 2045 1950 der
2068 1916 2166 1959 Wahl
2189 1921 2238 1953 der
2262 1919 2459 1962 Großraths¬

1304 1963 1501 2008 kommission,
1523 1966 1623 2004 welche
1648 1970 1706 2000 aus
1733 1964 1766 2001 11
1796 1962 1992 2010 Mitgliedern
2011 1967 2141 2009 bestehen
2158 1969 2221 2010 soll.
2267 1972 2315 2006 Es
2337 1974 2459 2007 werden

1304 2018 1432 2059 gewählt
1448 2019 1491 2051 die
1505 2018 1580 2057 HH.
1597 2016 1833 2062 Bürgermeister
1847 2018 2050 2060 Zehnder,
2073 2016 2310 2065 Bürgermeister
2323 2017 2461 2066 Mous¬

1302 2070 1388 2110 son,
1413 2058 1476 2102 Dr.
1496 2069 1678 2110 Furrer,
1696 2068 1885 2112 Staatsrath
1914 2071 2164 2116 Bluntschli,
2198 2069 2311 2118 Oberst
2333 2076 2459 2126 Weiß,

1302 2123 1344 2155 alt
1360 2120 1596 2164 Bürgermeister
1608 2131 1669 2156 von
1687 2122 1867 2164 Muralt,
1895 2123 1956 2156 Dr.
1975 2124 2111 2164 Ulrich
2129 2123 2189 2168 (77
2204 2128 2295 2170 gegen
2310 2128 2354 2162 74
2371 2128 2457 2171 St.),

1303 2171 1508 2215 Wieland,
1549 2172 1738 2212 Statthalter
1773 2172 1907 2216 Guyer
1939 2176 2000 2220 (76
2034 2185 2126 2223 gegen
2147 2176 2190 2212 75
2215 2174 2310 2220 St.),
2346 2178 2459 2223 Oberst

1302 2221 1436 2268 Fierz,
1468 2223 1627 2269 Präsident
1654 2223 1829 2264 Tinsler
1860 2227 1917 2270 (76
1954 2238 2048 2272 gegen
2069 2229 2112 2264 76
2135 2228 2203 2269 St.,
2226 2227 2283 2270 Hr.
2301 2230 2459 2274 Präsident

1303 2276 1472 2319 Bluntschli
1496 2277 1662 2319 entscheidet
1683 2288 1774 2322 gegen
1797 2284 1854 2313 den
1874 2278 1994 2323 zweiten
2010 2277 2212 2320 Kandidaten,
2232 2280 2315 2321 Hrn.
2333 2283 2457 2326 Statth.

1304 2328 1447 2373 Sulzer.)

1368 2382 1432 2416 Der
1463 2383 1521 2416 Gr.
1548 2380 1633 2424 Rath
1665 2383 1783 2426 vertagt
1803 2381 1854 2425 sich
1878 2384 1934 2421 auf
1954 2382 2112 2427 Morgen,
2149 2388 2221 2424 nach
2245 2387 2310 2420 dem
2333 2382 2456 2430 Antrag

1303 2438 1353 2469 des
1384 2430 1596 2476 Präsidenten,
1629 2438 1678 2468 der
1711 2429 1757 2469 als
1783 2431 2030 2479 Tagesordnung
2054 2432 2109 2470 die
2122 2433 2327 2481 Behandlung
2351 2443 2398 2472 der
2420 2449 2457 2484 zu

1303 2482 1537 2529 gewärtigenden
1566 2482 1928 2530 Kommissionalanträge
1959 2490 2020 2521 und
2050 2486 2093 2521 die
2117 2487 2457 2534 Erneuerungswahlen

1304 2539 1364 2575 von
1389 2539 1459 2577 fünf
1481 2537 1677 2581 Mitgliedern
1699 2543 1750 2572 des
1775 2536 2077 2582 Regierungsrathes
2105 2542 2279 2585 vorschlägt.

1369 2589 1435 2630 Auf
1456 2592 1516 2624 eine
1540 2590 1677 2632 Anfrage
1698 2592 1749 2625 des
1773 2586 1853 2630 Hrn.
1866 2587 1979 2634 Oberst
1999 2589 2134 2635 Weiß,
2156 2598 2206 2627 der
2226 2593 2270 2628 die
2293 2593 2458 2636 Beschlüsse

1303 2644 1354 2675 des
1385 2642 1445 2676 Gr.
1470 2641 1589 2685 Rathes
1623 2642 1676 2682 erst
1699 2640 1882 2688 abgewartet
1902 2644 2001 2687 wissen
2025 2632 2098 2683 will,
2119 2645 2211 2679 bevor
2234 2644 2305 2679 über
2326 2647 2372 2680 die
2396 2648 2458 2681 ein¬

1303 2692 1458 2728 rückenden
1489 2689 1634 2734 Truppen
1669 2692 1812 2738 verfügt
1812 2692 1911 2738 werde
1941 2692 2004 2729 und
2026 2695 2111 2730 einen
2134 2696 2252 2737 hierauf
2271 2697 2456 2741 bezüglichen

1305 2744 1426 2788 Antrag
1458 2743 1548 2786 stellt,
1582 2742 1702 2780 erklärt
1718 2738 1774 2786 Hr.
1799 2742 2020 2789 Bügermeister
2051 2746 2275 2789 Mousson,
2311 2745 2369 2792 daß
2392 2752 2457 2783 dem

1292 2796 1365 2842 Gr.
1390 2793 1489 2840 Rathe
1518 2795 1670 2839 durchaus
1701 2799 1779 2840 nicht
1802 2798 1927 2843 zustehe,
1964 2796 2038 2834 dem
2053 2797 2187 2835 Vororte
2203 2794 2397 2845 Weisungen
2421 2813 2458 2846 zu

1305 2847 1441 2893 ertheilen
1475 2845 1536 2884 und
1569 2849 1612 2884 im
1647 2847 1902 2895 gegenwärtigen
1902 2847 2112 2895 Augenblicke
2143 2851 2208 2893 dieß
2233 2852 2374 2896 ohnedem
2395 2863 2459 2890 nur

1305 2911 1364 2936 von
1389 2903 1552 2942 schlimmen
1576 2901 1693 2946 Folgen
1718 2903 1775 2944 sein
1800 2904 1923 2944 könnte,
1953 2905 2010 2944 daß
2034 2903 2178 2947 übrigens
2201 2911 2263 2939 von
2286 2908 2340 2939 den
2364 2906 2460 2951 eidge¬

1305 2948 1467 2997 nössischen
1467 2948 1743 2997 Repräsentanten
1767 2956 1819 3004 erst
1843 2951 1920 2990 einer
1929 2967 1942 2997 ,
1971 2953 2025 2998 Hr.
2041 2953 2272 2990 Landammann
2294 2956 2377 3001 Näff
2395 2966 2458 2993 von

1306 3006 1360 3040 St.
1378 2996 1511 3041 Gallen
1511 2996 1593 3041 und
1622 3009 1672 3041 der
1703 2994 1917 3051 eidgenössische
1944 2993 2251 3041 Oberkommandant
2274 3007 2355 3048 noch
2379 3009 2459 3051 nicht

1305 3053 1495 3100 eingetroffen
1518 3053 1604 3098 seien,
1625 3049 1719 3096 daher
1737 3065 1808 3094 von
1822 3058 1901 3093 einer
1914 3052 2130 3102 Verwendung
2152 3061 2201 3093 der
2225 3059 2373 3102 Truppen
2394 3062 2458 3106 jetzt

1306 3104 1381 3153 nicht
1403 3105 1447 3143 die
1470 3108 1554 3144 Rede
1573 3108 1632 3152 sein
1655 3108 1759 3146 könne.
1798 3107 1860 3150 Hr.
1877 3098 2127 3146 Bluntschli
2148 3108 2240 3152 findet
2261 3112 2319 3146 den
2332 3113 2456 3157 Antrag

1305 3158 1382 3204 nicht
1402 3160 1691 3204 reglementsgemäß
1713 3162 1773 3196 und
1796 3160 1910 3205 glaubt,
1933 3165 1983 3196 der
2006 3148 2075 3203 Gr.
2075 3148 2179 3203 Rath
2179 3148 2297 3203 würde
2318 3163 2380 3198 eine
2397 3160 2458 3199 un¬

1304 3208 1425 3256 geheure
1458 3211 1770 3253 Verantwortlichkeit
1800 3212 1858 3251 auf
1871 3201 1940 3257 sich
1954 3200 2090 3260 laden,
2090 3200 2202 3260 wenn
2202 3200 2261 3260 er
2261 3200 2326 3260 nur
2343 3211 2454 3251 Miene

1305 3262 1424 3309 machte,
1448 3263 1511 3301 dem
1533 3263 1672 3301 Vororte
1696 3263 1881 3310 Weisungen
1907 3255 2053 3308 ertheilen
2072 3275 2114 3311 zu
2126 3254 2253 3302 wollen.
2299 3266 2358 3308 Hr.
2373 3261 2467 3306 RR.
