3239 4606
144 123 778 387 Neue
842 118 2987 442 Zürcher-Zeitung.

419 433 620 472 Abonnements.

346 483 437 509 Zürich
459 487 508 506 und
531 484 700 513 Umgebung:

199 513 228 540 12
228 513 330 540 Monate
330 513 371 540 Fr.
379 516 409 539 12,
421 516 434 536 6
442 514 536 538 Monate
543 515 580 540 Fr.
587 518 605 541 6,
621 517 634 538 3
647 515 740 538 Monate
750 514 788 541 Fr.
795 516 815 538 3.
821 516 848 537 50

249 544 386 575 (Beftellung
400 548 442 569 und
456 545 532 575 Bezug
551 547 583 570 bei
596 549 635 569 der
649 546 794 575 Expedition).

459 581 584 612 Schweiz:

199 613 227 634 12
232 611 328 637 Monate
334 612 371 639 Fr.
380 614 411 639 16,
422 614 436 635 6
446 612 539 636 Monate
551 613 586 638 Fr.
595 616 615 639 8,
629 616 642 635 3
649 613 741 637 Monate
750 614 787 639 Fr.
795 616 847 637 4.50

282 643 418 673 (Bestellung
432 647 475 668 und
489 644 565 674 Bezug
577 647 638 668 durch
652 647 685 668 die
696 645 762 671 Post)

455 681 589 705 Ausland:

247 709 375 741 Bestellung
388 713 419 735 bei
434 715 469 735 der
484 711 535 736 Post
550 718 596 735 oder
612 718 648 736 der
662 713 797 740 Expedition.

1301 519 1617 573 Neunundvierzigster
1650 516 1834 580 Jahrgang.

2527 449 2667 489 Inserate.

2279 479 2323 511 Die
2335 482 2475 512 vierspaltige
2493 484 2608 515 Petitzeile
2623 491 2674 509 oder
2685 489 2755 511 deren
2776 487 2852 511 Raum
2870 487 2932 515 kostet

2382 516 2408 536 15
2422 514 2482 539 Rpn.
2495 513 2516 540 (5
2530 515 2629 545 Kreuzer
2643 520 2692 539 oder
2708 518 2749 540 1½
2763 516 2832 547 Sgr.)

2320 567 2423 594 Inserate
2440 568 2485 594 sind
2501 574 2530 592 an
2548 569 2728 596 Haasenstein
2741 572 2762 594 &
2776 570 2884 601 Bogler

2276 597 2442 628 (Elsassergasse,
2456 598 2499 623 Nr.
2515 602 2544 627 1),
2557 598 2600 625 alle
2613 601 2704 630 übrigen
2719 602 2886 632 Einsendungen
2902 609 2932 626 an

2277 629 2307 652 die
2323 629 2439 653 Redaktion
2455 636 2481 659 zu
2503 626 2630 660 adressiren;
2639 632 2812 656 Abonnements
2828 634 2936 663 besorgen

2302 660 2399 686 Orell,
2413 660 2493 686 Füßli
2512 663 2533 684 &
2548 662 2597 685 Co.
2612 662 2789 693 (Munstergasse,
2803 663 2848 688 Nr.
2858 667 2905 692 38).

1020 655 1284 717 Täglich
1334 658 1830 718 erscheinendes
1875 659 2093 709 Blatt.

2316 710 2422 741 Bureau
2432 717 2470 737 der
2479 714 2643 739 Redaktion:
2652 716 2797 746 Marktgasse,
2806 710 2855 742 Nr.
2855 710 2887 742 8.

182 805 446 863 Zürich,

1207 791 1463 863 Dienstag,
1503 791 1552 858 8.
1590 790 1725 858 Juni
1766 797 1902 848 1869

2678 791 2800 863 Nr.
2816 791 2966 867 157.

317 993 883 1065 Abonnements

147 1103 196 1146 auf
219 1104 261 1137 die
285 1104 389 1137 Neue
410 1102 774 1147 Zürcher-Zeitung
796 1103 907 1136 werden
930 1111 987 1136 von
1010 1102 1059 1135 der

145 1152 383 1196 Unterzeichneten
406 1160 440 1195 zu
462 1151 538 1195 jeder
559 1151 627 1194 Zeit
649 1161 863 1194 angenommen.

189 1207 252 1249 Für
273 1207 328 1241 den
351 1206 462 1240 Monat
484 1205 585 1248 Juni
614 1205 727 1250 beträgt
755 1204 806 1240 der
828 1205 1057 1241 Abonnements¬

145 1256 242 1299 preis:

145 1310 249 1354 Zürich
273 1310 334 1353 (bei
356 1311 404 1343 der
425 1309 594 1351 Expedition
618 1309 764 1352 abgeholt)
796 1309 847 1352 Fr.
874 1309 902 1342 1.
928 1309 971 1341 50
994 1308 1054 1350 Rp.

147 1359 276 1402 Schweiz
300 1359 398 1402 (durch
419 1358 464 1392 die
485 1357 557 1401 Post
579 1358 720 1401 geliefert)
814 1383 828 1400 „
870 1359 900 1391 2.
925 1358 970 1396 20
1017 1382 1033 1399 „

453 1412 687 1454 Expedition
709 1413 772 1446 der
796 1412 836 1446 N.
859 1411 1012 1455 Z.-Ztg.

267 1562 329 1597 Ein
351 1561 512 1604 Nachklang
534 1570 583 1603 zur
606 1560 932 1604 Pariser-Ausstellung.

198 1624 282 1654 Ueber
299 1624 340 1653 die
356 1623 423 1659 letzte
442 1623 549 1656 Pariser
568 1623 805 1661 Weltausstellung
823 1623 855 1656 ist
867 1623 938 1656 schon
951 1622 978 1657 so
995 1623 1057 1657 viel,

146 1665 202 1695 und
220 1673 290 1701 zwar
308 1665 370 1697 auch
390 1671 453 1699 ganz
471 1662 664 1700 Vorzügliches,
682 1663 837 1699 geschrieben
861 1666 915 1692 und
946 1662 1059 1698 gedruckt

145 1706 260 1740 worden,
279 1704 340 1739 daß,
360 1706 418 1733 was
436 1702 488 1738 jetzt
505 1703 567 1735 noch
585 1703 699 1733 darüber
716 1704 841 1739 erscheint,
866 1703 912 1738 auf
931 1703 984 1732 kein
1003 1702 1059 1738 sehr

145 1745 304 1781 leselustiges
324 1744 466 1779 Publikum
484 1743 556 1777 mehr
577 1743 683 1776 rechnen
710 1744 779 1777 darf.
815 1743 941 1775 Dennoch
968 1742 1058 1778 finden

145 1787 195 1816 wir
214 1789 243 1815 es
262 1785 453 1822 gerechtfertigt,
471 1784 560 1817 unsere
577 1779 650 1817 Leser
675 1784 723 1818 auf
747 1784 805 1813 eine
830 1784 861 1813 in
888 1784 972 1818 letzter
997 1783 1060 1819 Zeit

146 1827 300 1861 erschienene
335 1825 437 1859 Schrift
471 1824 641 1857 aufmerksam
675 1832 708 1860 zu
742 1826 864 1859 machen,
900 1825 990 1856 welche
1018 1824 1058 1852 die

146 1867 326 1902 Besprechung
352 1865 397 1894 der
422 1865 593 1900 Ausstellung
621 1863 666 1897 sich
694 1872 739 1898 zur
755 1864 879 1901 Aufgabe
896 1863 980 1900 gesetzt
999 1863 1058 1898 hat;

145 1907 252 1940 dieselbe
269 1907 301 1940 ist
319 1913 372 1935 von
390 1905 457 1939 Hrn.
470 1904 612 1935 Konrektor
631 1905 788 1934 Delabar
806 1904 834 1933 in
853 1904 907 1934 St.
926 1904 1058 1934 Gallen

144 1946 247 1981 verfaßt
273 1947 330 1975 und
357 1953 393 1974 an
410 1945 452 1974 die
470 1944 620 1980 Regierung
649 1944 730 1975 dieses
756 1944 882 1975 Kantons
910 1943 1058 1977 gerichtet.*

146 1986 208 2016 Wir
226 1986 370 2016 verdanken
388 1986 437 2014 den
457 1985 557 2014 Bericht
575 1986 619 2013 der
639 1985 748 2018 Einsicht
774 1984 829 2013 und
853 1983 997 2019 Thätigkeit
1015 1984 1059 2012 der

146 2029 296 2062 genannten
314 2026 474 2061 Regierung,
491 2025 580 2055 welche
597 2024 654 2053 eine
671 2024 775 2059 Anzahl
799 2023 997 2059 Sachkundiger
1025 2031 1059 2053 an

145 2066 185 2096 die
204 2066 378 2102 Ausstellung
396 2064 499 2100 schickte,
519 2065 576 2098 sich
590 2072 645 2094 von
671 2065 750 2099 ihnen
778 2065 912 2098 besondere
941 2065 1059 2097 Berichte

145 2107 265 2141 erstatten
284 2108 339 2136 und
358 2105 421 2137 diese
439 2106 517 2134 unter
535 2104 735 2139 Mitbenutzung
763 2105 809 2133 der
827 2104 993 2134 anderwärts
1021 2111 1059 2132 er¬

144 2146 290 2180 schienenen
315 2145 449 2179 Schriften
475 2152 506 2180 zu
533 2144 616 2173 einem
644 2145 870 2178 Generalberichte
897 2144 1059 2173 verarbeiten

144 2187 207 2220 ließ.
243 2187 340 2221 Unsers
359 2185 474 2219 Wissens
492 2186 537 2218 hat
555 2184 623 2214 keine
642 2188 735 2214 andere
752 2185 892 2214 kantonale
903 2184 1058 2219 Regierung

145 2225 201 2255 eine
219 2226 298 2261 solche
316 2225 406 2255 Arbeit
423 2225 569 2257 veranlaßt,
588 2225 645 2253 und
663 2225 735 2258 schon
753 2225 867 2258 deshalb
886 2225 1002 2253 verdient
1016 2225 1060 2253 der

144 2266 250 2300 Bericht
265 2267 408 2300 rühmende
435 2265 664 2300 Erwähnung.**
702 2266 763 2295 Den
794 2265 941 2294 Millionen
969 2264 1060 2297 bloßer

146 2305 355 2342 Schaulustiger,
375 2305 463 2338 welche
480 2305 521 2334 die
539 2305 773 2342 Weltausstellung
791 2306 963 2338 durchstürmt
975 2305 1060 2339 haben

144 2345 200 2373 und
219 2347 293 2379 mehr
311 2345 403 2377 blasirt
420 2342 466 2373 als
483 2345 580 2376 belehrt
597 2347 684 2374 davon
705 2345 878 2379 beimgekehrt
891 2346 957 2378 sind,
976 2345 1059 2376 haben

144 2384 195 2413 wir
214 2387 243 2413 es
261 2385 336 2417 sicher
352 2383 418 2416 nicht
434 2390 467 2417 zu
494 2382 609 2417 danken,
638 2390 715 2412 wenn
740 2382 848 2415 dieselbe
876 2382 1059 2417 nachhaltigen

144 2424 242 2458 Nutzen
259 2424 346 2458 stiftet.
383 2422 444 2453 Nur
462 2429 514 2451 von
531 2421 576 2451 der
594 2425 818 2456 ausdauernden,
846 2420 892 2457 sich
919 2430 973 2451 von
1001 2425 1060 2451 dem

145 2464 295 2500 Gesehenen
314 2462 489 2497 Rechenschaft
506 2463 645 2498 gebenden,
667 2462 874 2498 vergleichenden
900 2464 957 2492 und
984 2462 1060 2496 nach¬

146 2504 292 2534 denkenden
310 2504 445 2539 Prüfung,
465 2511 560 2535 wovon
577 2503 628 2532 wir
650 2503 680 2532 in
708 2504 766 2532 dem
794 2503 909 2536 Berichte
937 2511 989 2532 von
1011 2503 1060 2533 St.

147 2545 248 2575 Gallen
266 2545 341 2574 einen
360 2544 522 2579 sprechenden
546 2543 655 2574 Beweis
680 2551 728 2572 vor
755 2547 811 2572 uns
839 2543 932 2577 haben,
961 2543 1060 2572 können

147 2586 197 2615 wir
216 2586 262 2620 auf
281 2586 355 2616 einen
374 2584 534 2627 fruchtbaren
552 2584 649 2620 Erfolg
666 2585 712 2613 der
729 2584 902 2620 Ausstellung
919 2583 1018 2619 hoffen.

199 2631 346 2666 Uebrigens
364 2630 396 2665 ist
413 2630 475 2663 auch
493 2629 534 2658 die
550 2629 670 2665 Haltung
693 2629 740 2659 wie
758 2630 805 2659 der
821 2629 928 2664 Inhalt,
940 2629 988 2658 des
1007 2628 1061 2658 Be¬

147 2671 240 2704 richtes
264 2672 313 2700 des
335 2671 403 2706 Hrn.
421 2669 500 2706 Prof.
519 2670 642 2699 Delabar
662 2670 728 2705 dazu
745 2670 885 2704 angethan,
903 2669 1058 2701 namentlich

146 2711 332 2747 schweizerische
348 2710 419 2745 Leser
436 2710 466 2739 in
484 2710 577 2745 hohem
594 2710 681 2745 Maße
698 2717 730 2745 zu
745 2709 913 2744 interessiren.
947 2710 991 2744 In
1002 2715 1060 2738 ver-

218 2801 232 2815 *
248 2800 302 2827 Der
318 2797 475 2833 vollständige
492 2797 558 2825 Titel
575 2798 664 2825 lautet:
697 2797 857 2833 Allgemeiner
885 2796 982 2831 Bericht
999 2796 1060 2824 über

146 2834 183 2862 die
201 2835 299 2869 Pariser
317 2833 539 2868 Weltausstellung,
549 2841 598 2861 von
619 2835 696 2866 1867,
707 2834 759 2861 mit
779 2832 999 2867 Berücksichtigung
1020 2833 1060 2859 der

146 2869 336 2906 schweizerischen
353 2870 404 2897 und
420 2869 588 2902 insbesondere
604 2868 647 2896 der
664 2868 711 2897 St.
725 2869 862 2903 Gallischen
874 2869 1058 2903 Betheiligung,

146 2912 180 2933 an
198 2907 236 2934 die
252 2907 315 2942 Hohe
332 2905 473 2941 Regierung
490 2904 533 2932 des
551 2903 669 2932 Kantons
692 2905 736 2932 St.
756 2903 858 2936 Gallen,
880 2911 932 2931 von
952 2905 987 2931 G.
1008 2904 1058 2931 De¬

146 2942 225 2970 labar.
260 2942 317 2970 Mit
334 2943 411 2969 einem
430 2942 498 2974 Plan
515 2947 573 2968 vom
583 2938 710 2974 Marsfeld
728 2940 753 2967 in
767 2940 856 2974 Paris.
894 2938 941 2968 St.
956 2938 1058 2972 Gallen,

148 2977 241 3014 Verlag
256 2986 308 3006 von
325 2977 410 3012 Huber
426 2976 478 3004 und
496 2976 556 3009 Cie.,
578 2978 655 3003 1869.

217 3029 244 3044 **
260 3028 311 3056 Die
329 3025 558 3066 Eidgenossenschaft
575 3026 618 3061 hat
637 3025 781 3060 bekanntlich
800 3025 845 3053 den
860 3024 1058 3059 Administrativ¬

146 3063 232 3099 bericht
249 3064 292 3091 des
311 3062 499 3098 schweizerischen
512 3060 773 3095 Generalkommissärs
786 3060 829 3094 für
840 3060 877 3088 die
890 3060 1058 3095 Ausstellung,

145 3099 210 3134 Hrn
229 3100 400 3135 Feer-Herzog,
418 3100 470 3126 und
487 3098 533 3125 den
551 3097 689 3133 technischen
706 3096 803 3132 Bericht
829 3096 873 3123 des
899 3096 965 3131 Hrn.
985 3096 1058 3129 Prof.

146 3135 195 3163 Dr.
215 3135 302 3170 Bolley
321 3135 381 3162 über
398 3133 435 3161 die
452 3133 626 3169 Betheiligung
644 3133 685 3161 der
704 3132 814 3168 Schweiz
832 3131 899 3167 schon
917 3139 964 3159 vor
980 3131 1059 3159 einem

146 3171 214 3206 Jahr
230 3169 415 3205 veröffentlicht;
432 3169 491 3202 diese
508 3169 669 3202 Publikation
687 3168 771 3204 scheint
790 3171 840 3195 uns
859 3168 916 3195 aber
934 3167 997 3201 nicht
1010 3166 1058 3194 die¬

145 3207 224 3242 jenige
240 3206 383 3241 Beachtung
400 3204 520 3241 gefunden
538 3212 567 3239 zu
581 3205 670 3240 haben,
690 3204 774 3240 welche
792 3204 822 3238 sie
839 3203 959 3231 verdient
966 3202 1040 3239 hätte.

1120 911 1318 948 hältnißmäßig
1345 918 1435 946 engem
1463 904 1604 944 Rahmen
1612 910 1686 944 führt
1703 918 1731 940 er
1748 913 1803 941 uns
1832 912 1872 941 ein
1899 912 1968 943 Bild
1991 913 2037 943 der

1120 958 1217 987 ganzen
1235 950 1418 986 Ausstellung,
1446 950 1512 984 nicht
1532 950 1594 983 bloß
1613 949 1684 983 ihres
1701 950 1908 986 schweizerischen
1927 951 2036 987 Theiles

1119 991 1188 1027 vor,
1188 991 1302 1027 widmet
1328 992 1390 1020 aber
1415 990 1468 1019 das
1494 991 1591 1024 nähere
1618 991 1784 1027 Augenmerk
1800 993 1957 1026 namentlich
1974 994 2036 1023 den¬

1118 1032 1221 1068 jenigen
1248 1032 1320 1063 ihrer
1345 1031 1549 1067 Abtheilungen,
1577 1031 1668 1062 welche
1693 1031 1738 1066 für
1765 1031 1806 1061 die
1831 1032 2036 1069 schweizerischen

1119 1071 1278 1107 Industrien
1296 1073 1353 1100 und
1373 1071 1501 1101 Gewerbe
1520 1070 1679 1106 Wichtigkeit
1703 1071 1800 1106 hatten.
1838 1073 1877 1103 Er
1896 1073 2037 1107 beschränkt

1120 1112 1169 1146 sich
1185 1111 1262 1141 dabei
1281 1111 1356 1143 nicht
1383 1110 1430 1144 auf
1458 1111 1534 1143 bloße
1560 1111 1741 1147 Schilderung
1769 1112 1817 1141 des
1836 1113 2036 1149 Ausgestellten,

1119 1142 1230 1185 sondern
1247 1150 1397 1184 unterwirft
1415 1151 1468 1179 das
1486 1151 1740 1186 Wahrgenommene
1748 1151 1820 1181 einer
1828 1153 2038 1189 gewissenhaften

1120 1192 1256 1227 Prüfung.
1294 1190 1497 1226 Unbefangenen
1516 1191 1615 1221 Blickes
1640 1192 1743 1221 werden
1763 1192 1805 1221 die
1821 1193 1974 1228 Leistungen
1993 1195 2038 1224 der

1120 1231 1237 1266 Schweiz
1256 1231 1305 1260 mit
1324 1232 1407 1260 denen
1431 1233 1478 1259 des
1497 1231 1657 1260 Auslandes
1675 1232 1836 1267 verglichen,
1853 1232 1898 1266 für
1916 1233 1971 1263 Lob
1988 1235 2038 1264 wie

1119 1272 1204 1302 Tadel
1221 1271 1290 1301 wird
1310 1271 1388 1306 gleich
1407 1271 1492 1306 offene
1512 1272 1613 1307 Waage
1630 1272 1759 1307 gehalten,
1778 1272 1956 1308 gewissenhaft
1974 1281 2038 1303 wer¬

1119 1312 1169 1341 den
1188 1311 1227 1340 die
1246 1310 1371 1345 Ursachen
1399 1311 1525 1346 erforscht,
1551 1312 1661 1343 welchen
1687 1312 1805 1342 entdeckte
1830 1312 1947 1348 Mängel
1964 1321 2038 1349 zuzu¬

1119 1352 1251 1386 schreiben,
1271 1352 1326 1380 und
1345 1350 1385 1380 die
1404 1351 1505 1384 Mittel,
1524 1359 1574 1380 von
1589 1351 1696 1384 welchen
1709 1351 1787 1381 deren
1799 1352 1971 1388 Beseitigung
1982 1353 2038 1382 und

1118 1393 1219 1421 weitere
1238 1391 1404 1427 Fortschritte
1421 1398 1454 1427 zu
1472 1391 1559 1425 hoffen
1578 1391 1645 1424 sind.
1665 1392 1752 1421 Wenn
1771 1393 1821 1421 wir
1839 1395 1895 1421 uns
1904 1394 2037 1428 erlauben,

1119 1432 1178 1461 dem
1197 1432 1300 1465 Bericht
1329 1431 1442 1466 Einiges
1461 1431 1506 1465 für
1524 1432 1613 1465 unsere
1630 1432 1703 1466 Leser
1719 1440 1752 1467 zu
1770 1433 1931 1468 entnehmen,
1947 1433 1978 1468 so
1996 1441 2038 1469 ge¬

1119 1471 1208 1509 schieht
1226 1474 1254 1499 es
1273 1471 1352 1506 daher
1379 1471 1464 1506 nicht,
1490 1479 1537 1500 um
1564 1472 1647 1506 dessen
1672 1471 1774 1502 weitere
1792 1473 1946 1509 Beachtung
1964 1473 2038 1503 über¬

1119 1511 1207 1547 flüssig
1224 1518 1256 1546 zu
1274 1513 1386 1546 machen,
1412 1510 1526 1546 sondern
1542 1511 1581 1540 im
1600 1511 1757 1547 Gegentheil
1784 1520 1832 1541 um
1863 1514 1928 1548 dazu
1947 1513 2038 1548 aufzu¬

1120 1556 1251 1581 muntern.
1296 1551 1373 1589 Nicht
1399 1559 1454 1580 nur
1479 1551 1655 1586 Industrielle
1685 1555 1741 1581 und
1767 1552 1908 1586 Kaufleute
1936 1559 2039 1583 werden

1119 1591 1262 1625 demselben
1281 1590 1394 1628 manche,
1404 1591 1558 1628 Belehrung
1577 1591 1739 1626 entnehmen.

1174 1678 1250 1713 Ganz
1278 1677 1413 1711 besondere
1441 1677 1687 1714 Aufmerksamkeit,
1713 1679 1868 1712 namentlich
1896 1681 1958 1713 auch
1985 1688 2038 1710 von

1120 1720 1198 1750 Seite
1215 1721 1261 1748 der
1279 1718 1421 1751 Behörden
1431 1719 1486 1748 und
1497 1719 1670 1753 Gemeinden,
1688 1719 1802 1752 möchten
1813 1721 1863 1750 wir
1872 1721 1922 1750 den
1936 1722 2038 1754 Aeuße¬

1120 1767 1222 1795 rungen
1240 1760 1288 1788 des
1307 1759 1443 1792 Berichtes
1470 1758 1617 1794 wünschen,
1635 1759 1726 1792 welche
1745 1760 1787 1788 die
1805 1760 1913 1795 größere
1932 1761 2038 1791 Berück¬

1120 1800 1260 1835 sichtigung
1289 1800 1335 1827 der
1361 1798 1444 1833 Kunst
1463 1798 1491 1827 in
1515 1799 1619 1831 unserm
1637 1799 1842 1834 schweizerischen
1869 1800 2038 1834 Schulwesen

1119 1840 1247 1877 dringend
1268 1839 1423 1873 empfehlen.
1461 1839 1541 1873 „Von
1559 1841 1606 1868 der
1624 1839 1726 1873 Ansicht
1739 1840 1901 1876 ausgehend,
1920 1841 1973 1875 daß
1990 1842 2039 1870 mit

1120 1881 1166 1909 der
1185 1879 1277 1914 Pflege
1305 1879 1350 1908 der
1378 1878 1540 1913 graphischen
1566 1879 1666 1913 Künste
1683 1880 1745 1912 auch
1769 1880 1811 1908 die
1830 1881 1993 1916 Fortschritte
2010 1881 2039 1910 in

1120 1919 1170 1949 den
1187 1919 1303 1951 Künsten
1330 1919 1385 1948 und
1410 1918 1557 1949 Gewerben
1575 1919 1649 1953 selbst
1668 1919 1775 1956 bedingt
1792 1920 1862 1955 sind,
1881 1921 1992 1950 wurden
2010 1921 2038 1950 in

1119 1959 1220 1993 neuster
1238 1960 1299 1995 Zeit
1316 1959 1494 1991 allenthalben
1513 1959 1594 1988 neben
1613 1959 1663 1988 den
1681 1960 1847 1995 eigentlichen
1862 1958 2038 1994 Kunstakade¬

1120 1999 1190 2030 mien
1209 1999 1262 2028 und
1282 1997 1497 2033 polytechnischen
1517 1999 1636 2032 Schulen
1656 1999 1717 2037 auch
1727 2000 1788 2035 noch
1800 2000 1935 2031 besondere
1944 2001 2040 2037 Kunst-

1120 2040 1176 2069 und
1202 2036 1471 2075 Zeichnungsschulen
1498 2040 1622 2075 errichtet,
1650 2039 1735 2069 worin
1764 2040 1805 2069 die
1830 2040 1929 2076 jungen
1955 2041 2039 2077 Leute,

1121 2079 1210 2112 welche
1237 2080 1321 2113 später
1348 2081 1394 2108 als
1421 2080 1543 2111 Künstler
1566 2081 1622 2109 und
1648 2080 1771 2117 Zeichner
1788 2080 1817 2109 in
1837 2082 1880 2110 der
1898 2081 2040 2123 Industrie

1121 2119 1204 2154 thätig
1222 2119 1275 2152 sein
1293 2119 1398 2153 wollen,
1417 2119 1462 2151 für
1480 2120 1553 2152 ihren
1573 2119 1660 2154 Beruf
1678 2120 1786 2156 gehörig
1804 2121 1959 2150 vorbereitet
1975 2130 2039 2151 wer¬

1121 2159 1179 2188 den.
1215 2159 1295 2193 Ohne
1323 2159 1373 2187 alle
1400 2159 1442 2188 die
1469 2159 1617 2194 Anstalten,
1645 2160 1734 2194 welche
1753 2160 1783 2189 in
1803 2161 1956 2196 Frankreich
1982 2162 2038 2190 und

1121 2199 1217 2234 speziell
1236 2199 1264 2228 in
1284 2199 1371 2232 Paris
1390 2199 1513 2233 bestehen,
1532 2200 1670 2232 besonders
1678 2208 1708 2235 zu
1721 2201 1872 2234 betrachten,
1891 2201 1973 2233 sollen
1986 2202 2040 2236 hier

1121 2247 1175 2268 nur
1192 2238 1232 2267 die
1252 2238 1480 2274 Anstrengungen,
1499 2239 1589 2273 welche
1608 2239 1636 2269 in
1656 2241 1700 2269 der
1718 2240 1825 2275 neusten
1842 2241 1903 2277 Zeit
1920 2241 1962 2270 die
1972 2242 2039 2271 Mu¬

1121 2279 1268 2314 nizipalität
1294 2279 1341 2308 der
1369 2279 1456 2309 Stadt
1484 2279 1570 2314 Paris
1598 2287 1644 2315 zur
1660 2280 1775 2316 Hebung
1794 2283 1842 2309 des
1859 2281 2039 2317 Zeichnungs¬

1121 2319 1289 2350 unterrichtes
1308 2318 1363 2346 und
1383 2319 1468 2345 damit
1485 2326 1532 2352 zur
1549 2319 1707 2355 Förderung
1725 2321 1770 2348 der
1787 2320 1986 2356 Kunstgewerbe
1999 2329 2040 2356 ge¬

1121 2359 1203 2389 macht
1230 2357 1283 2391 hat,
1311 2358 1396 2385 etwas
1422 2357 1503 2389 näher
1527 2356 1571 2385 ins
1597 2357 1673 2392 Auge
1690 2359 1778 2393 gefaßt
1796 2365 1909 2387 werden.
1947 2363 2040 2392 Schon

1121 2404 1170 2425 vor
1187 2396 1247 2430 fünf
1274 2395 1379 2430 Jahren
1406 2396 1476 2429 hatte
1495 2395 1529 2428 sie
1545 2403 1577 2430 zu
1595 2396 1686 2428 diesem
1706 2397 1808 2432 Behufe
1826 2398 1881 2427 eine
1900 2399 2040 2431 besondere

1123 2436 1487 2473 „Zeichnungskommission"
1495 2436 1680 2471 niedergesetzt;
1694 2437 1761 2472 diesen
1761 2437 1936 2472 Kommission
1947 2437 2041 2475 einigte

1121 2476 1168 2510 sich
1186 2477 1247 2505 bald
1267 2475 1358 2509 dahin,
1386 2475 1438 2510 daß
1466 2476 1511 2504 der
1538 2476 1682 2509 Unterricht
1700 2476 1727 2505 in
1751 2478 1801 2506 den
1820 2478 1974 2508 Elementen
1990 2480 2039 2508 des

1121 2516 1265 2552 Zeichnens
1284 2516 1329 2550 für
1346 2515 1387 2544 die
1406 2517 1486 2545 obern
1505 2516 1612 2551 Klassen
1624 2521 1690 2545 aller
1701 2517 1955 2551 Elementarschulen
1974 2518 2040 2548 obli¬

1122 2556 1243 2592 gatorisch
1271 2556 1322 2590 sein
1350 2555 1410 2590 soll,
1440 2557 1494 2585 und
1522 2556 1564 2590 für
1583 2557 1624 2585 die
1643 2557 1829 2590 Erwachsenen
1848 2560 1957 2588 wurden
1975 2566 2041 2595 ganz

1121 2597 1256 2630 besondere
1283 2595 1551 2632 Zeichnungsschulen
1578 2596 1633 2626 und
1661 2598 1826 2633 Abendkurse
1852 2598 1975 2635 errichtet,
1993 2605 2040 2629 um

1121 2637 1171 2666 den
1190 2636 1345 2672 Lehrlingen
1363 2635 1419 2665 und
1437 2637 1574 2667 Arbeitern
1591 2637 1762 2673 Gelegenheit
1779 2646 1810 2674 zu
1829 2640 1917 2674 geben,
1937 2632 1983 2674 sich
2002 2638 2040 2674 im

1120 2677 1247 2714 Zeichnen
1272 2677 1347 2710 ihres
1374 2677 1491 2712 Berufes
1511 2678 1599 2707 weiter
1617 2678 1758 2708 ausbilden
1777 2687 1808 2714 zu
1828 2680 1935 2709 können.
1972 2680 2040 2711 Eine

1121 2717 1326 2752 Hauptaufgabe
1345 2717 1391 2745 der
1407 2717 1582 2750 Kommission
1600 2726 1657 2746 war
1674 2718 1712 2747 im
1731 2718 1850 2748 Weitern
1863 2719 1912 2753 auf
1926 2716 1971 2748 die
1989 2721 2039 2750 Er¬

1121 2757 1231 2792 stellung
1249 2764 1304 2785 von
1323 2758 1410 2791 guten,
1429 2756 1626 2793 zweckmäßigen
1650 2758 1704 2786 und
1723 2758 1781 2787 dem
1802 2758 1953 2794 Bedürfniß
1970 2759 2040 2795 jeder

1121 2797 1205 2830 Stufe
1228 2797 1369 2829 besonders
1396 2797 1558 2832 angepaßten
1590 2797 1885 2835 Zeichnungsvorlagen
1914 2800 2038 2834 gerichtet.

1121 2838 1175 2867 Als
1193 2836 1411 2871 Aufmunterung
1437 2836 1481 2870 für
1505 2836 1598 2871 Lehrer
1615 2840 1670 2866 und
1689 2837 1805 2870 Schüler
1822 2839 1933 2874 zugleich
1951 2841 2040 2868 wurde

1121 2880 1247 2916 bezüglich
1257 2882 1303 2909 der
1311 2880 1396 2915 besten
1404 2880 1632 2911 Schülerarbeiten
1642 2882 1698 2910 eine
1706 2881 1813 2917 jährlich
1825 2882 2041 2925 wiederkehrende

1122 2920 1409 2956 Preisausschreibung
1428 2920 1586 2956 eingeleitet;
1606 2921 1661 2950 und
1678 2922 1768 2957 zudem
1787 2922 1818 2956 ist
1831 2923 1891 2954 auch
1902 2916 1987 2959 dafür
1987 2916 2043 2959 ge¬

1120 2960 1198 2996 sorgt,
1217 2960 1270 2994 daß
1287 2967 1335 2995 zur
1353 2960 1506 2995 Erhaltung
1529 2963 1581 2989 und
1603 2960 1786 2997 Vermehrung
1810 2964 1855 2991 der
1878 2962 2040 2997 Lehrmittel¬

1120 3000 1302 3035 sammlungen
1311 3000 1419 3035 jährlich
1430 3001 1472 3029 ein
1482 3001 1596 3036 gewisser
1606 3002 1682 3036 Fond
1695 3003 1797 3031 werden
1808 3006 1954 3032 verwendet
1964 3004 2039 3033 kann.

1121 3040 1216 3074 Dieses
1244 3040 1361 3075 Beispiel
1386 3041 1431 3070 der
1452 3041 1613 3076 Hauptstadt
1630 3043 1675 3076 hat
1693 3043 1790 3071 bereits
1809 3044 1839 3072 in
1856 3051 1922 3079 ganz
1940 3043 2040 3079 Frank¬

1120 3080 1184 3114 reich
1202 3080 1394 3117 Nachahmung
1412 3082 1552 3117 gefunden.
1583 3082 1675 3115 Schon
1696 3083 1767 3112 1866
1785 3084 1836 3119 gab
1855 3087 1883 3113 es
1902 3084 1941 3113 im
1953 3086 2040 3114 Lande

1120 3120 1258 3154 innerhalb
1278 3121 1376 3154 30,085
1395 3120 1558 3151 Gemeinden
1583 3122 1681 3156 32,383
1705 3123 1974 3159 Fortbildungskurse
1991 3124 2040 3153 mit

1120 3160 1261 3193 besondern
1290 3160 1688 3197 Gewerbezeichnungsschulen,
1717 3164 1757 3192 die
1786 3170 1839 3192 von
1856 3163 1973 3197 829,555
1990 3164 2039 3195 Er¬

1120 3201 1263 3235 wachsenen
1283 3201 1381 3235 besucht
1399 3202 1454 3230 und
1473 3202 1545 3235 meist
1562 3203 1689 3235 privatim
1708 3203 1775 3239 ohne
1794 3205 1974 3240 Mitwirkung
1991 3204 2040 3235 des

2098 915 2215 945 Staates
2233 913 2398 945 unterhalten
2417 914 2536 944 wurden.
2554 931 2588 936 —
2610 916 2682 946 Dem
2701 911 2830 951 Beispiele
2847 924 2902 948 von
2914 916 3015 953 Frank¬

2097 955 2161 985 reich
2178 955 2277 989 folgten
2297 955 2357 986 auch
2380 954 2422 984 die
2445 954 2551 988 meisten
2569 955 2681 988 andern
2689 955 2866 991 industriellen
2885 957 3016 994 Staaten,

2098 994 2263 1030 Oesterreich,
2283 994 2412 1028 Rußland
2429 1002 2463 1024 rc.
2497 995 2550 1031 Im
2567 996 2686 1032 Hinblick
2707 996 2756 1032 auf
2774 996 2815 1027 die
2832 997 3015 1040 Anstrengun¬

2099 1042 2147 1071 gen
2174 1034 2253 1067 dieser
2279 1034 2380 1064 Länder
2406 1034 2474 1069 sucht
2499 1043 2563 1065 man
2581 1036 2611 1066 in
2630 1036 2784 1073 Frankreich
2811 1038 2873 1072 noch
2884 1037 2965 1074 mehr
2980 1036 3015 1074 zu

2099 1074 2166 1111 thun
2191 1074 2236 1103 als
2264 1075 2362 1108 bisher.
2397 1075 2452 1106 Die
2471 1075 2543 1109 schon
2569 1075 2617 1111 seit
2643 1076 2764 1113 längerer
2787 1077 2849 1114 Zeit
2867 1078 3016 1113 bestehende

2100 1115 2212 1147 „Union
2231 1116 2357 1142 centrale
2374 1115 2424 1143 des
2443 1116 2608 1144 beaux-arts
2626 1118 2777 1154 appliqués
2797 1118 2815 1146 à
2831 1119 2997 1153 l’industrie
2999 1121 3006 1134 "

2099 1154 2127 1183 in
2138 1154 2225 1188 Paris
2236 1154 2297 1190 geht
2304 1153 2415 1189 nämlich
2426 1155 2519 1191 gerade
2528 1155 2591 1192 jetzt,
2605 1157 2688 1193 unter
2688 1157 2851 1193 Protektion
2865 1158 2912 1188 des
2922 1159 3017 1189 Unter¬

2098 1194 2318 1228 richtsministers,
2326 1194 2374 1224 mit
2379 1196 2437 1224 dem
2445 1196 2535 1230 Plane
2542 1195 2597 1231 um,
2605 1197 2649 1229 für
2658 1197 2710 1227 das
2715 1198 2876 1232 industrielle
2882 1198 2950 1241 Fach
2960 1199 3017 1229 eine

2099 1234 2307 1271 Zentralanstalt
2325 1242 2356 1271 zu
2366 1235 2494 1271 gründen,
2512 1237 2561 1266 wie
2570 1237 2650 1272 solche
2663 1238 2759 1268 bereits
2771 1239 2815 1273 für
2824 1238 2951 1275 England
2959 1235 3016 1271 und

2099 1274 2256 1308 Oesterreich
2275 1274 2304 1303 in
2313 1275 2422 1305 London
2431 1276 2487 1305 und
2502 1277 2581 1307 Wien
2597 1276 2721 1312 bestehen.
2752 1279 2830 1313 Diese
2846 1279 2952 1314 Anstatt
2969 1279 3017 1313 soll

2099 1317 2176 1344 unter
2185 1314 2243 1344 dem
2252 1314 2359 1345 Namen
2376 1316 2510 1353 „Collège
2522 1319 2572 1345 des
2585 1320 2746 1348 beauxarts
2759 1320 2908 1356 appliqués
2921 1320 2940 1348 à
2948 1320 3017 1348 l'in¬

2099 1356 2227 1382 dustrie"
2239 1355 2277 1384 im
2287 1355 2478 1391 großartigsten
2496 1356 2627 1390 Maßstab
2645 1358 2766 1394 angelegt
2783 1360 2888 1394 werden
2896 1358 2953 1389 und
2966 1359 3017 1389 den

2100 1393 2268 1430 Jünglingen
2277 1395 2333 1423 und
2347 1395 2539 1432 Erwachsenen,
2558 1397 2600 1426 die
2617 1397 2663 1433 sich
2682 1398 2774 1434 irgend
2785 1399 2868 1428 einem
2877 1396 3018 1434 Kunstfach

2101 1435 2163 1463 oder
2175 1435 2220 1463 als
2235 1434 2359 1471 Zeichner
2375 1435 2421 1470 für
2438 1436 2530 1472 irgend
2550 1438 2607 1467 eine
2624 1436 2841 1473 Kunstindustrie
2852 1446 2884 1474 zu
2902 1439 3018 1470 widmen

2101 1475 2233 1510 gedenken,
2253 1474 2422 1511 Gelegenheit
2439 1479 2528 1512 geben,
2548 1477 2594 1512 sich
2614 1478 2694 1510 neben
2718 1481 2768 1508 den
2786 1478 3018 1516 ausgedehntesten

2100 1516 2283 1549 Kunststudien
2293 1517 2401 1552 zugleich
2412 1518 2474 1552 auch
2485 1518 2512 1547 in
2522 1519 2572 1547 den
2582 1518 2701 1555 übrigen,
2711 1519 2867 1552 namentlich
2876 1518 3018 1554 klassischen

2100 1556 2156 1584 und
2169 1548 2366 1593 philologischen
2385 1557 2499 1596 Fächern
2509 1559 2652 1589 ausbilden
2661 1568 2692 1595 zu
2702 1560 2817 1595 können;
2831 1560 2872 1590 die
2881 1560 3019 1594 berufliche

2101 1597 2162 1625 oder
2172 1596 2350 1632 Fachbildung
2366 1597 2415 1630 soll
2428 1597 2485 1630 also
2497 1599 2548 1627 mit
2557 1599 2602 1628 der
2616 1600 2785 1635 allgemeinen
2798 1602 3018 1640 Geistesbildung

2101 1637 2249 1666 verbunden
2268 1638 2379 1667 werden.
2389 1654 2423 1658 —
2434 1639 2512 1673 Diese
2530 1639 2749 1677 Anstrengungen
2765 1642 2809 1680 der
2809 1642 3019 1680 industriellsten

2100 1676 2202 1707 Länder
2229 1676 2320 1710 sollten
2349 1679 2403 1706 uns
2430 1678 2476 1707 als
2504 1679 2657 1716 Fingerzeig
2684 1681 2786 1717 dienen,
2815 1683 2867 1718 daß
2885 1686 2948 1722 auch
2967 1686 3019 1715 wir

2101 1716 2177 1746 Alles
2194 1716 2324 1750 aufbieten
2344 1717 2457 1753 müssen,
2476 1725 2520 1747 um
2540 1719 2568 1750 in
2586 1719 2667 1753 dieser
2683 1721 2835 1758 Beziehung
2854 1725 2899 1754 der
2917 1725 3019 1760 Anfor¬

2100 1756 2199 1792 derung
2219 1758 2264 1785 der
2282 1757 2343 1793 Zeit
2360 1758 2453 1787 immer
2473 1758 2632 1794 entsprechen
2649 1768 2680 1796 zu
2693 1762 2804 1792 können.
2823 1764 2882 1794 Der
2895 1764 3020 1801 Bildung

2100 1796 2148 1825 des
2168 1797 2339 1832 Geschmacks,
2366 1797 2597 1835 beziehungsweise
2625 1802 2684 1830 dem
2706 1800 3019 1843 Zeichnungsunterricht

2100 1836 2167 1866 wird
2186 1844 2222 1865 an
2239 1837 2335 1871 unsern
2347 1838 2536 1871 verschiedenen
2549 1840 2711 1875 öffentlichen
2724 1842 2943 1878 Schulanstalten
2954 1847 3019 1881 noch

2101 1877 2194 1906 immer
2213 1877 2281 1911 nicht
2299 1877 2339 1906 die
2357 1878 2519 1913 gebührende
2545 1880 2689 1917 Rechnung
2707 1886 2839 1919 getragen.
2864 1884 2936 1920 Nach
2954 1887 3020 1915 mei¬

2100 1922 2148 1946 ner
2165 1917 2393 1952 unmaßgeblichen
2422 1918 2527 1952 Ansicht
2553 1920 2626 1953 sollte
2652 1929 2717 1951 man
2745 1922 2825 1958 dafür
2842 1924 2943 1961 sorgen,
2966 1926 3019 1961 daß

2101 1956 2160 1986 dem
2183 1957 2493 1994 Zeichnungsunterricht
2510 1960 2538 1989 in
2558 1962 2628 1991 allen
2653 1962 2787 1998 Schulen,
2815 1964 2843 1993 in
2868 1965 2916 1995 den
2937 1967 3019 1996 Real¬

2101 1996 2199 2030 schulen
2227 1997 2276 2026 wie
2294 1996 2322 2025 in
2342 2000 2390 2027 den
2417 1998 2498 2028 obern
2515 2000 2624 2034 Klassen
2641 2001 2687 2031 der
2705 2003 2899 2040 Volksschulen,
2917 2006 3019 2043 künftig

2101 2038 2174 2071 mehr
2191 2037 2418 2070 Aufmerksamkeit
2435 2039 2560 2074 geschenkt
2577 2041 2670 2076 werde,
2690 2044 2745 2071 und
2759 2043 2812 2078 daß
2830 2045 2881 2074 alle
2893 2046 3019 2080 Primar¬

2101 2076 2157 2105 und
2184 2074 2547 2114 Reallehramtskandidaten,
2576 2080 2618 2110 die
2635 2081 2699 2116 einst
2726 2083 2777 2114 den
2804 2084 2963 2119 Unterrricht
2980 2087 3021 2117 im

2100 2112 2227 2153 Zeichnen
2243 2125 2275 2152 zu
2295 2118 2415 2155 ertheilen
2433 2119 2526 2154 haben,
2545 2120 2613 2155 nicht
2631 2130 2683 2151 nur
2699 2131 2745 2152 am
2763 2123 2897 2156 Seminar
2908 2122 2968 2166 und
2981 2135 3022 2160 an

2101 2158 2146 2186 der
2163 2156 2369 2194 Kantonsschule
2393 2159 2433 2188 die
2451 2168 2483 2195 zu
2501 2161 2575 2195 ihrer
2597 2162 2772 2200 Ausbildung
2791 2164 2821 2194 in
2838 2166 2931 2199 diesem
2950 2168 3023 2204 Fach

2102 2197 2229 2234 geeignete
2257 2198 2425 2233 Gelegenheit
2443 2200 2576 2235 erhalten,
2596 2201 2715 2236 sondern
2733 2204 2797 2245 auch
2816 2205 2862 2245 sich
2881 2206 2946 2235 über
2962 2207 3022 2242 ihre

2102 2232 2272 2273 Befähigung
2292 2237 2374 2272 hierin
2393 2239 2433 2268 bei
2452 2240 2497 2269 der
2515 2241 2685 2279 Bewerbung
2704 2243 2777 2274 eines
2791 2240 2920 2280 Patentes
2940 2248 3018 2282 durch

2102 2278 2158 2306 eine
2185 2278 2312 2313 Prüfung
2342 2280 2515 2314 auszuweisen
2544 2282 2638 2315 haben.
2674 2283 2732 2319 Für
2759 2283 2799 2313 die
2829 2285 2902 2320 schon
2925 2286 2957 2317 in
2957 2286 3020 2317 der

2102 2317 2203 2352 Praxis
2222 2317 2356 2352 stehenden
2373 2318 2629 2356 Zeichnungslehrer
2647 2322 2739 2356 sollten
2756 2324 2881 2360 überdieß
2893 2334 2951 2356 von
2957 2328 3024 2363 Zeit,

2101 2364 2132 2389 zu
2150 2357 2213 2393 Zeit
2229 2356 2364 2390 besondere
2391 2359 2466 2387 Aus-
2493 2364 2547 2388 und
2572 2361 2840 2398 Fortbildungskurse
2858 2368 3021 2401 angeordnet

2102 2397 2213 2429 werden,
2232 2393 2316 2424 damit
2334 2396 2458 2431 dieselben
2476 2398 2528 2427 das
2547 2400 2703 2432 Versäumte
2720 2403 2865 2438 nachholen
2882 2405 2994 2436 können.
3003 2409 3018 2423 "

2429 2422 2679 2478 (Schluß folgt.)
2340 2584 2756 2639 Tagesbericht.

2156 2683 2210 2713 Die
2229 2683 2370 2718 öffentliche
2382 2684 2611 2719 Aufmerksamkeit
2623 2688 2651 2717 in
2662 2688 2893 2727 Oesterreich
2911 2694 2945 2728 ist
2956 2695 3018 2730 noch

2101 2723 2194 2752 immer
2212 2724 2259 2757 auf
2278 2724 2319 2753 die
2337 2724 2468 2757 neulichen
2487 2726 2587 2761 Excesse
2606 2727 2652 2758 der
2670 2729 2875 2761 Slovenen
2891 2734 3019 2768 gerichtet.

2101 2763 2161 2793 Der
2179 2763 2369 2798 Gemeindrath
2388 2772 2442 2793 von
2460 2764 2568 2800 Laibach
2596 2767 2642 2802 hat
2663 2776 2712 2798 vor
2730 2769 2833 2806 einigen
2851 2772 2945 2808 Tagen
2962 2774 3019 2804 eine

2102 2801 2261 2839 Denkschrift
2279 2804 2343 2833 über
2359 2804 2435 2839 jenen
2455 2805 2564 2840 Vorfall
2581 2808 2778 2845 veröffentlicht,
2805 2811 2836 2840 in
2852 2813 2972 2847 welchem
2991 2822 3019 2844 er

2102 2845 2145 2873 als
2173 2843 2214 2872 die
2240 2843 2433 2879 wesentlichsten
2462 2846 2589 2881 Anstifter
2617 2850 2662 2878 der
2685 2849 2824 2885 Agitation
2854 2858 2936 2888 gegen
2966 2854 3020 2884 das

2102 2882 2290 2918 Deutschthum
2315 2884 2364 2913 den
2383 2885 2572 2920 Slovenischen
2588 2888 2709 2924 Klerus,
2725 2890 2805 2924 sowie
2827 2892 2872 2924 die
2872 2892 3019 2924 Sloveni¬

2102 2923 2171 2957 schen
2193 2925 2322 2954 Beamten
2350 2925 2404 2954 und
2428 2925 2521 2959 Lehrer
2548 2927 2714 2965 bezeichnet.
2714 2927 2810 2965 Diese
2835 2932 2961 2969 Anklage,
2989 2935 3019 2964 in

2101 2963 2193 2996 solcher
2212 2964 2411 3000 Allgemeinheit
2437 2967 2648 3003 ausgesprochen,
2674 2970 2742 3001 wird
2770 2972 2856 3007 gewiß
2882 2973 2952 3008 nicht
2972 2982 3020 3010 zur

2102 3003 2276 3040 Versöhnung
2295 3004 2342 3034 des
2360 3005 2552 3039 Parteihaders
2570 3008 2713 3045 beitragen.

2155 3043 2217 3074 Aus
2235 3043 2398 3080 Böhmen
2417 3045 2485 3074 wird
2503 3047 2637 3082 gemeldet,
2664 3049 2718 3083 daß
2731 3050 2789 3085 fast
2804 3052 2856 3081 alle
2873 3053 3019 3087 protestan¬

2101 3083 2191 3118 tischen
2210 3083 2371 3113 Gemeinden
2389 3084 2473 3119 dieses
2490 3085 2595 3116 Landes
2614 3087 2669 3122 ihre
2687 3088 2814 3123 feierliche
2830 3091 3019 3129 Zustimmung

2101 3130 2133 3158 zu
2152 3126 2199 3152 den
2227 3123 2274 3157 auf
2298 3124 2344 3154 der
2362 3124 2550 3159 Wormser
2568 3127 2952 3169 Protestantenversammlung
2970 3141 3019 3163 an¬

2102 3170 2287 3198 genommenen
2304 3162 2492 3198 Resolutionen
2510 3167 2712 3203 auszusprechen
2730 3169 2926 3207 beabsichtigen.

2156 3203 2209 3233 Die
2228 3202 2363 3241 Meldung
2381 3205 2480 3241 einiger
2492 3206 2609 3244 Blätter,
2627 3208 2668 3238 die
2686 3209 2953 3247 Französische
2966 3213 3019 3243 Re-

447 3353 614 3404 Feuilleton
648 3355 754 3393 1869.

404 3486 573 3523 Schwendi
589 3487 630 3517 ob
649 3486 797 3518 Tarnen.

530 3539 614 3568 „Wenn
627 3541 697 3564 Deine
710 3539 806 3570 Wange,
817 3540 882 3566 Kind,
894 3539 928 3567 sich
943 3539 1023 3564 bleicht,

528 3571 586 3596 Dein
599 3571 660 3595 Blut
673 3571 721 3601 nur
721 3571 794 3601 träg
806 3571 835 3595 im
848 3571 937 3597 Körper
952 3570 1045 3598 schleicht,

528 3604 549 3629 so
564 3604 641 3627 komm'
654 3608 698 3628 und
711 3603 775 3627 trink'
789 3609 832 3627 von
845 3602 910 3629 dieser
923 3602 994 3632 Fluth

527 3637 571 3657 und
583 3634 636 3658 Dich
649 3634 800 3662 durchströmet
813 3633 895 3662 frisches
910 3632 978 3656 Blut.

215 3684 267 3713 Der
293 3681 439 3718 diesjährige
458 3680 579 3710 Sommer
604 3679 657 3715 läßt
675 3680 723 3719 sich
740 3680 829 3708 wieder
855 3688 934 3708 warm
953 3687 987 3707 an
1004 3679 1057 3707 und

144 3723 263 3760 Mancher
288 3722 370 3759 richtet
395 3722 468 3758 daher
491 3721 553 3754 seine
571 3721 702 3751 Gedanken
727 3720 787 3757 nach
815 3721 859 3749 den
878 3721 976 3756 Bergen
1000 3720 1058 3747 oder

143 3763 201 3799 nach
219 3764 264 3792 den
276 3764 389 3795 Quellen,
406 3769 457 3790 von
474 3761 547 3789 denen
565 3761 616 3795 ihm
629 3762 703 3797 Hülfe
721 3764 771 3789 und
785 3761 936 3796 Erquickung
949 3760 1057 3788 kommen

143 3803 194 3836 soll.
230 3804 338 3836 Beides,
365 3802 444 3837 Berge
462 3802 512 3830 und
530 3802 652 3833 Quellen,
679 3802 730 3836 sind
756 3809 824 3837 zwar
850 3800 953 3836 reichlich
972 3801 1004 3828 da
1021 3800 1057 3827 im

143 3843 220 3872 lieben
237 3843 390 3876 Vaterland,
413 3842 470 3870 aber
495 3842 544 3875 daß
570 3842 607 3870 die
635 3841 807 3874 komfortabeln
833 3842 886 3869 und
909 3840 979 3868 dabei
998 3847 1057 3868 vom

143 3884 307 3921 Fremdenzug
330 3882 389 3918 noch
405 3881 556 3918 ungestörten
574 3881 704 3918 Ruheorte
716 3890 782 3910 rarer
799 3882 926 3917 geworden
946 3878 1012 3914 sind,
1030 3880 1057 3914 ist

143 3923 201 3959 auch
229 3924 279 3951 eine
305 3923 418 3951 bekannte
435 3922 572 3956 Thatsache.
606 3922 688 3950 Wenn
714 3922 787 3957 daher
813 3921 918 3955 jeweilen
944 3920 988 3954 auf
1006 3920 1057 3948 eine

142 3963 215 3999 solche
231 3963 373 3998 freundliche
390 3961 530 3998 Ruhestätte
546 3963 706 4000 ausmerksam
723 3961 829 3999 gemacht
849 3962 897 3990 und
915 3961 958 3989 der
976 3961 1057 3988 Name

142 4003 207 4031 einer
233 4003 405 4039 segensreichen
422 4002 510 4031 Quelle
532 3998 582 4029 aus
608 4002 671 4038 ihrer
698 4002 887 4038 Verborgenheit
912 4001 972 4028 an's
994 4000 1056 4035 Licht

141 4050 244 4079 gezogen
268 4043 332 4071 wird
357 4050 408 4071 von
424 4042 530 4076 Einem,
552 4042 597 4070 der
614 4042 652 4070 die
670 4043 815 4078 Wohlthat,
833 4042 871 4070 die
889 4049 912 4069 er
931 4040 996 4075 selbst
1017 4048 1058 4076 ge¬

141 4083 233 4118 nossen,
250 4082 309 4118 auch
327 4083 425 4111 Andern
443 4082 573 4119 zuwenden
589 4075 688 4119 möchte,
708 4083 732 4116 so
750 4082 830 4114 dürfte
848 4082 895 4110 das
913 4081 968 4109 dem
986 4081 1056 4109 Eint'

142 4123 198 4151 oder
216 4123 330 4155 Andern,
348 4122 389 4150 der
405 4123 534 4158 Erholung
551 4123 602 4151 und
621 4122 754 4158 Stärkung
773 4122 842 4157 sucht,
861 4122 975 4156 vielleicht
993 4120 1055 4155 nicht

141 4162 309 4198 unerwünscht
327 4162 381 4195 sein.
407 4162 523 4197 Wohlan,
541 4162 628 4197 wessen
646 4162 719 4191 Sinn
736 4163 800 4198 nicht
818 4162 907 4197 sowohl
925 4162 983 4195 nach
1002 4162 1056 4189 dem

141 4203 207 4238 Thal
233 4203 273 4231 als
300 4201 359 4237 nach
375 4201 421 4230 den
435 4202 536 4239 Bergen
552 4202 623 4237 steht,
652 4210 701 4231 wer
717 4203 743 4231 in
762 4204 804 4231 der
820 4202 890 4238 Höhe
906 4202 948 4230 der
966 4201 1055 4235 Alpen¬

141 4243 209 4277 rosen
236 4243 287 4270 und
313 4241 349 4270 bei
378 4241 488 4277 kräftiger
506 4241 663 4278 Stahlquelle
680 4243 771 4271 Etwas
789 4242 872 4277 finden
890 4241 987 4275 möchte,
1007 4248 1055 4268 wer

140 4283 211 4310 dabei
228 4282 266 4311 ein
283 4281 439 4316 bescheidenes
458 4280 613 4317 Sümmchen
613 4280 697 4317 auf's
714 4283 815 4318 Budget
841 4289 985 4319 genommen
1013 4282 1056 4316 hat

141 4322 275 4357 (höchstens
293 4324 310 4348 4
328 4321 371 4356 Fr.
396 4327 439 4355 per
451 4320 524 4357 Tag)
550 4322 601 4350 und
628 4323 701 4357 daher
726 4323 807 4350 keinen
831 4322 953 4358 Anspruch
976 4320 1055 4355 macht

141 4362 185 4396 auf
201 4363 294 4398 großen
310 4360 443 4392 Komfort,
461 4360 562 4393 sondern
576 4362 671 4390 vorlieb
689 4362 780 4390 nimmt
798 4362 844 4390 mit
862 4362 946 4397 mäßig
964 4364 1053 4396 ausge¬

140 4402 255 4435 stattetem
271 4401 400 4437 Zimmer,
425 4403 511 4435 gutem
534 4401 586 4429 und
602 4402 736 4437 reinlichem
754 4402 816 4431 Bett
824 4422 832 4435 ,
856 4402 979 4437 einfacher,
997 4400 1054 4436 doch

1119 3284 1253 3319 vorzüglich
1272 3284 1423 3319 zubereiteter
1450 3285 1500 3312 und
1518 3285 1644 3320 reichlicher
1664 3286 1728 3319 Kost,
1749 3287 1790 3314 der
1807 3287 1892 3322 nehme
1909 3294 1943 3315 an
1962 3287 2038 3315 einem

1120 3323 1217 3358 schönen
1236 3324 1347 3359 Morgen
1373 3324 1418 3352 den
1437 3325 1550 3360 Frühzug
1577 3326 1635 3359 nach
1656 3326 1762 3361 Luzern,
1790 3326 1846 3354 dort
1871 3334 1916 3354 um
1937 3329 1971 3354 10
1988 3328 2039 3360 Uhr

1120 3363 1168 3391 das
1181 3363 1348 3398 Dampfschiff,
1367 3364 1417 3392 das
1432 3364 1474 3399 ihn
1493 3365 1530 3392 bei
1543 3365 1694 3400 Stanzstaad
1712 3366 1764 3394 und
1777 3373 1817 3394 am
1832 3365 1943 3400 Rotzloch
1957 3366 2038 3394 vorbei

1119 3403 1179 3437 nach
1196 3403 1303 3438 Alpnach
1331 3402 1406 3439 trägt.
1442 3404 1487 3432 Da
1514 3404 1588 3439 stehen
1612 3404 1664 3432 eine
1683 3405 1777 3440 Menge
1794 3405 1878 3433 kleiner
1897 3406 2039 3441 Fuhrwerke

1119 3450 1150 3478 zu
1167 3442 1292 3478 sofortiger
1309 3442 1416 3478 Abfahrt
1441 3443 1500 3478 nach
1528 3444 1580 3471 dem
1599 3444 1701 3480 Brünig
1718 3445 1800 3472 bereit.
1836 3446 1882 3474 Du
1901 3444 1976 3480 fährst
1991 3445 2049 3473 mit

1119 3482 1160 3510 bis
1180 3482 1286 3510 Sarnen
1302 3482 1322 3510 à
1341 3484 1353 3509 1
1374 3483 1415 3517 Fr.
1443 3483 1501 3517 nach
1529 3483 1568 3510 der
1587 3483 1706 3517 Posttaxe.
1743 3484 1831 3520 Gegen
1854 3485 1940 3513 Abend
1968 3485 2048 3519 trittst

1120 3522 1167 3550 Du
1193 3523 1264 3550 bei'm
1281 3522 1437 3557 Landenberg
1460 3523 1546 3557 hinaus
1562 3523 1609 3550 den
1626 3529 1702 3558 guten
1718 3525 1771 3552 und
1789 3527 1919 3560 bequemen
1939 3526 2038 3554 Saum¬

1118 3562 1177 3597 pfad
1194 3564 1252 3597 nach
1271 3563 1324 3590 dem
1343 3562 1396 3598 3½
1413 3560 1535 3592 Stunden
1561 3564 1593 3591 ob
1613 3563 1718 3592 Särnen
1745 3566 1870 3601 gelegenen
1895 3563 2049 3594 Kaltbad'

1120 3610 1161 3630 an.
1197 3603 1262 3631 Dies
1289 3602 1320 3637 sei
1347 3603 1451 3638 nämlich
1479 3604 1545 3631 Dein
1568 3604 1689 3639 Reiseziel.
1724 3605 1766 3639 Ist
1784 3604 1835 3633 Dir
1860 3605 1903 3633 der
1920 3605 1982 3642 Weg
2009 3613 2038 3641 zu

1119 3643 1192 3675 weit,
1218 3643 1242 3676 so
1261 3642 1338 3678 stehen
1363 3643 1451 3671 immer
1468 3645 1555 3671 8—10
1574 3644 1714 3678 Reitpferde
1730 3645 1795 3677 nebst
1815 3645 1923 3677 Senften
1942 3645 1984 3679 für
2001 3646 2037 3674 die

1119 3682 1240 3718 Badgäste
1267 3683 1348 3711 bereit.
1372 3684 1424 3719 Zu
1445 3684 1535 3711 Deiner
1552 3684 1638 3712 Linken
1666 3685 1703 3713 die
1721 3685 1835 3720 Aussicht
1851 3686 1896 3716 auf
1914 3686 1963 3713 das
1980 3685 2037 3714 lieb¬

1118 3722 1175 3757 liche
1192 3723 1264 3757 Thal,
1283 3724 1331 3751 den
1348 3722 1489 3756 Sarnersee,
1510 3724 1635 3759 Sachseln,
1655 3724 1746 3758 Kerns,
1765 3726 1811 3753 den
1831 3725 1912 3757 Ranft
1928 3733 1956 3754 u.
1970 3726 1985 3759 s.
2003 3733 2029 3754 w

1119 3763 1224 3798 gelangst
1243 3763 1289 3791 Du
1316 3763 1344 3791 in
1369 3764 1434 3792 einer
1452 3764 1554 3792 Stunde
1581 3772 1624 3799 zur
1647 3765 1747 3799 Kapelle
1775 3766 1819 3798 aus
1845 3766 1899 3793 dem
1918 3765 2037 3800 Stalden,

1119 3810 1159 3831 wo
1177 3810 1235 3830 man
1253 3803 1324 3830 bei'm
1351 3803 1489 3839 leutseligen
1506 3804 1606 3837 Kaplan
1623 3804 1676 3832 eine
1695 3805 1761 3841 kurze
1780 3805 1841 3838 Rast
1858 3804 1911 3839 hält
1928 3805 1975 3833 mit
1992 3806 2039 3834 üb¬

1119 3843 1187 3878 licher
1198 3842 1362 3883 Erfrischung.
1387 3843 1450 3871 Nun
1462 3845 1540 3879 geht's
1557 3844 1616 3871 über
1633 3845 1671 3872 die
1681 3844 1829 3879 Maiensäße
1841 3845 1881 3873 der
1894 3845 2038 3880 Schwendi-¬

1120 3883 1251 3911 Gemeinde
1263 3883 1360 3917 hinaus,
1379 3883 1435 3911 bald
1455 3884 1525 3917 durch
1543 3884 1643 3920 sonnige
1656 3885 1766 3917 Matten,
1786 3886 1844 3913 bald
1861 3893 1895 3913 an
1910 3885 2037 3922 schattigen

1118 3923 1212 3956 Halden
1231 3922 1301 3957 hin,
1315 3922 1365 3956 jetzt
1382 3923 1417 3950 im
1434 3923 1550 3958 Zickzack,
1567 3924 1618 3958 jetzt
1636 3924 1695 3952 über
1713 3924 1866 3960 schäumende
1884 3925 2037 3960 Waldbäche,

1118 3962 1204 3990 immer
1221 3962 1265 3993 aus
1283 3962 1407 3997 sicherem,
1425 3963 1453 3991 in
1471 3964 1560 3993 neuster
1577 3964 1634 3999 Zeit
1652 3964 1703 4000 sehr
1721 3965 1893 3999 verbessertem,
1913 3966 2037 4002 durchweg

1118 4006 1201 4036 gutem
1228 4002 1304 4034 Pfad.
1350 4003 1472 4037 Nachdem
1499 4003 1541 4037 sich
1567 4000 1615 4031 das
1640 4004 1705 4039 Thal
1727 4005 1882 4041 geschlossen,
1911 4006 1966 4040 thut
1995 4005 2037 4040 sich

1118 4043 1205 4070 immer
1230 4042 1312 4069 weiter
1339 4042 1376 4070 die
1394 4043 1505 4077 Aussicht
1531 4044 1590 4077 nach
1616 4043 1662 4071 den
1680 4045 1779 4079 Bergen
1806 4045 1864 4078 auf:
1892 4046 1969 4073 neben
1987 4045 2052 4073 Dir

1118 4082 1193 4116 sind's
1211 4082 1248 4109 die
1266 4082 1525 4110 Berner-Oberländer
1542 4085 1593 4111 und
1611 4085 1654 4111 der
1677 4085 1753 4120 große
1771 4084 2038 4120 Rosenlaui-Gletscher

1118 4123 1144 4150 in
1171 4123 1243 4156 seiner
1269 4130 1363 4159 ganzen
1381 4123 1492 4156 Breite,
1511 4125 1590 4159 hinter
1606 4125 1660 4153 Dir
1675 4125 1713 4153 die
1731 4126 1932 4158 Unterwaldner,
1961 4126 2038 4155 Urner

1118 4170 1144 4190 u.
1163 4162 1179 4190 s.
1197 4170 1247 4195 w.,
1275 4171 1338 4198 ganz
1356 4164 1405 4197 nah
1423 4164 1461 4192 die
1480 4163 1615 4200 Vorberge,
1636 4165 1683 4193 das
1704 4165 1886 4201 Stanzerhorn,
1905 4166 1947 4193 der
1964 4166 2036 4194 Arvi¬

1117 4206 1182 4237 grat,
1200 4202 1241 4230 der
1257 4202 1433 4238 Kernserberg,
1461 4204 1502 4231 der
1519 4204 1676 4239 Hochstollen,
1694 4205 1777 4233 weiter
1794 4205 1881 4239 hinauf
1899 4206 1941 4233 der
1959 4204 2035 4240 Geiß¬

1118 4243 1191 4278 berg,
1218 4242 1259 4270 der
1277 4243 1432 4276 Blackenstock
1441 4264 1450 4276 ,
1469 4245 1509 4272 der
1528 4244 1687 4281 Schtoßberg,
1707 4246 1748 4274 der
1767 4245 1853 4276 Titlis,
1871 4245 1910 4273 die
1928 4245 2036 4274 Wallen¬

1118 4282 1183 4315 stöcke
1200 4289 1225 4309 u.
1243 4282 1261 4314 s.
1280 4291 1312 4310 w.
1350 4282 1450 4320 Endlich
1479 4283 1536 4320 liegt
1561 4291 1609 4312 vor
1626 4284 1678 4313 Dir
1703 4285 1730 4313 in
1748 4278 1812 4313 einer
1832 4285 1989 4321 Vertiefung,
2006 4293 2038 4322 zu

1117 4322 1158 4349 der
1176 4329 1233 4349 man
1251 4324 1268 4348 4
1289 4321 1409 4350 Minuten
1427 4316 1626 4359 hinuntersteigt,
1644 4325 1692 4352 das
1710 4316 1832 4359 Kurhaus
1850 4328 1928 4353 4815
1948 4326 1974 4353 ü.
1993 4326 2036 4354 M.

1116 4362 1156 4395 In
1175 4368 1273 4389 neuerer
1289 4361 1345 4397 Zeit
1372 4367 1417 4397 gut
1433 4364 1486 4389 und
1506 4366 1555 4390 nett
1582 4371 1633 4391 von
1651 4364 1712 4400 Holz
1730 4366 1835 4397 erbaut,
1861 4362 1955 4399 enthält
1978 4367 2036 4395 das¬

1117 4401 1176 4435 selbe
1191 4401 1255 4435 nebst
1275 4401 1414 4437 Speisesaal
1431 4402 1497 4430 etwa
1513 4406 1547 4431 40
1563 4404 1688 4439 Zimmer,
1712 4406 1820 4433 daneben
1840 4413 1891 4434 eine
1909 4414 1977 4440 neue,
1995 4406 2036 4441 seit

2099 3286 2209 3321 vorigem
2225 3287 2304 3321 Jahre
2331 3287 2460 3316 erweiterte
2478 3289 2616 3325 Trinkhalle
2642 3292 2694 3319 und
2717 3292 2769 3320 eine
2786 3293 2885 3328 Kapelle
2902 3295 2950 3324 mit
2968 3297 3019 3325 Ge¬

2100 3326 2197 3354 mälden
2224 3334 2274 3355 von
2302 3327 2489 3361 Deschwanden.
2525 3329 2588 3358 Das
2604 3330 2766 3367 kristallhelle,
2791 3335 2917 3369 perlende,
2947 3336 3021 3367 kaum

2099 3369 2115 3393 4
2136 3366 2208 3394 Grad
2227 3366 2326 3395 Wärme
2345 3368 2494 3402 enthaltende
2512 3369 2682 3405 Trinkwasser,
2699 3371 2748 3400 das
2767 3372 2816 3401 kalt
2832 3374 2885 3404 und
2903 3376 3020 3406 erwärmt

2099 3406 2125 3433 in
2142 3406 2180 3433 die
2191 3405 2275 3434 Bäder
2293 3406 2384 3443 geleitet
2395 3407 2467 3440 wird,
2485 3409 2578 3445 enthält
2595 3411 2655 3446 nach
2673 3410 2714 3439 der
2731 3412 2838 3448 gedruckt
2849 3415 3021 3450 vorliegenden

2100 3445 2204 3480 Analyse
2221 3446 2264 3474 des
2282 3446 2346 3480 Hrn.
2366 3439 2438 3482 Prof.
2458 3445 2546 3482 Bolley
2569 3449 2597 3477 in
2618 3453 2630 3477 1
2651 3450 2696 3478 Lit.
2711 3458 2748 3480 an
2768 3452 2916 3488 kohlensaur.
2935 3456 3019 3490 Eisen¬

2100 3487 2188 3521 oxydul
2205 3489 2303 3518 0,0120
2321 3486 2377 3519 Gr.,
2388 3495 2429 3526 an
2447 3480 2596 3524 kohlensaur.
2615 3490 2721 3524 Natron
2731 3494 2831 3526 0,0575
2849 3495 2898 3523 Gr.
2927 3496 3020 3526 Somit

2099 3526 2189 3555 nimmt
2206 3527 2278 3561 dieser
2290 3527 2482 3565 Eisensäuerling
2499 3529 2537 3557 die
2549 3530 2628 3560 Mitte
2645 3530 2689 3568 ein
2689 3530 2809 3568 zwischen
2819 3534 2864 3563 den
2876 3536 3020 3572 berühmten

2100 3566 2315 3601 Mineralwassern
2342 3567 2368 3595 in
2386 3568 2571 3597 Graubündten
2597 3570 2651 3600 und
2667 3571 2712 3599 den
2726 3573 2838 3602 Quellen
2856 3575 2883 3603 in
2901 3575 3019 3606 Seewen.

2099 3605 2174 3634 Ueber
2190 3606 2228 3635 die
2245 3607 2440 3643 therapeutischen
2454 3608 2604 3645 Wirkungen
2619 3608 2696 3645 dieses
2708 3612 2819 3648 Wassers
2837 3614 2886 3650 sehe
2903 3624 2964 3645 man
2982 3618 3021 3647 die

2101 3645 2196 3681 Schrift
2224 3646 2294 3679 „Der
2309 3646 2405 3675 Kurort
2423 3647 2677 3682 Schwendi-Kaltbad
2702 3652 2756 3680 und
2783 3653 2845 3687 seine
2867 3655 3019 3691 Heilquellen

2100 3693 2151 3714 von
2163 3686 2209 3714 Dr.
2224 3686 2314 3719 Seiler,
2334 3686 2467 3723 Badarzt."
2494 3688 2672 3727 Gegmwärtig
2689 3691 2741 3724 ist's
2759 3692 2802 3723 der
2819 3694 2855 3724 im
2871 3695 3019 3726 Obwalder-¬

2100 3724 2222 3759 Ländchen
2239 3722 2354 3761 rühmlich
2372 3727 2487 3755 bekannte
2503 3728 2553 3756 Dr.
2570 3730 2625 3764 Heß
2643 3738 2694 3759 von
2711 3731 2804 3767 Kerns,
2823 3735 2864 3763 der
2881 3736 2927 3763 mit
2946 3737 3020 3771 seiner

2099 3765 2226 3800 trefflichen
2254 3765 2385 3799 Schwester
2413 3766 2519 3801 Rikola,
2548 3768 2635 3798 Vielen
2661 3771 2689 3799 in
2714 3776 2800 3807 gutem
2822 3775 2951 3805 Andenken
2977 3779 3019 3806 als

2100 3806 2191 3842 frühere
2205 3806 2324 3842 Gehülfin
2342 3815 2392 3836 von
2411 3807 2479 3843 Frau
2491 3808 2594 3838 Cattani
2612 3811 2649 3840 im
2664 3813 2744 3849 Engel
2761 3814 2788 3843 in
2801 3815 2947 3854 Engelberg,
2964 3818 3019 3848 dem

2100 3846 2170 3875 Bade
2186 3848 2227 3875 als
2245 3847 2346 3881 Besitzer
2361 3847 2483 3880 desselben
2509 3850 2622 3887 vorsteht.
2657 3853 2733 3882 Unter
2749 3854 2796 3883 den
2814 3856 2963 3892 Badgästen,
2981 3859 3019 3888 die

2099 3886 2209 3915 meistens
2236 3890 2284 3914 aus
2311 3887 2358 3915 den
2384 3887 2507 3924 hablichen
2533 3890 2647 3926 Häusern
2647 3890 2713 3926 der
2737 3894 2883 3928 Waldstätte
2909 3897 3019 3927 kommen

2100 3926 2151 3954 und
2177 3930 2248 3954 unter
2276 3926 2351 3955 denen
2377 3928 2406 3956 in
2431 3928 2474 3957 der
2490 3929 2567 3965 Regel
2593 3931 2631 3959 die
2656 3932 2810 3969 regierenden
2834 3935 2949 3971 Häupter
2974 3938 3019 3967 des

2100 3966 2193 3994 Landes
2221 3965 2284 4001 nicht
2310 3967 2404 4004 fehlen,
2430 3969 2501 4003 sowie
2524 3971 2563 3999 ein
2579 3970 2661 4006 Kreis
2673 3980 2723 4001 von
2741 3974 2843 4007 Damen
2859 3979 2910 4005 aus
2928 3976 3019 4013 Luzern

2100 4006 2151 4033 und
2169 4006 2249 4038 Basel,
2268 4007 2365 4042 herrscht
2384 4008 2422 4036 ein
2439 4008 2515 4042 freier,
2535 4018 2752 4051 ungezwungener,
2771 4015 2954 4051 gemüthlicher
2954 4015 3019 4051 Ton.

2099 4045 2153 4081 Für
2165 4046 2291 4081 Liebhaber
2308 4054 2359 4075 von
2377 4048 2491 4077 kleineren
2509 4050 2560 4078 und
2578 4051 2696 4086 größeren
2712 4053 2868 4090 Bergtouren
2886 4057 2965 4087 bieten
2982 4058 3020 4087 die

2099 4085 2186 4121 Höhen
2203 4086 2319 4122 ringsum
2347 4088 2386 4115 bis
2411 4096 2467 4125 zum
2487 4089 2620 4124 Feuerstein
2638 4092 2690 4120 und
2707 4092 2814 4125 Pilatus
2831 4094 2959 4131 reichliche
2965 4098 3035 4126 Ge¬

2099 4124 2222 4165 legenheit.
2246 4125 2299 4161 Für
2315 4126 2397 4162 eifrige
2413 4128 2595 4164 Zeitungsleser
2614 4130 2665 4160 und
2684 4131 2779 4169 fleißige
2795 4134 3019 4169 Korrespondenten

2099 4164 2125 4197 ist
2143 4165 2214 4200 durch
2226 4164 2342 4201 täglichen
2355 4167 2507 4205 Postverkehr
2525 4171 2570 4197 mit
2588 4170 2643 4199 dem
2655 4171 2720 4208 Thal
2737 4174 2789 4201 und
2807 4172 2846 4203 die
2855 4174 3019 4213 Verbindung

2099 4205 2145 4233 mit
2162 4205 2215 4233 dem
2227 4205 2484 4241 Telegraphenbureau
2496 4209 2521 4237 in
2537 4210 2644 4240 Sarnen
2654 4212 2756 4249 gesorgt.
2780 4214 2853 4250 Kurz,
2872 4215 2905 4243 da
2916 4215 3021 4251 droben,

2098 4240 2134 4273 an
2151 4246 2190 4273 der
2213 4248 2264 4273 uns
2281 4246 2404 4282 Zürchern
2430 4248 2454 4282 so
2474 4249 2554 4284 nahen
2576 4246 2630 4280 und
2653 4253 2710 4288 doch
2728 4253 2776 4282 den
2794 4254 2897 4288 Meisten
2916 4257 2975 4291 noch
2993 4258 3019 4291 so

2098 4285 2179 4321 wenig
2197 4285 2329 4314 bekannten
2344 4281 2480 4323 Heilquelle
2496 4289 2523 4323 ist
2541 4294 2586 4326 gut
2605 4291 2662 4326 sein.
2690 4293 2750 4323 Wer
2766 4295 2866 4330 hingeht
2882 4296 2935 4325 und
2948 4297 3020 4329 selber

2098 4324 2164 4360 sieht,
2182 4326 2227 4353 den
2244 4325 2331 4355 wird's
2348 4327 2410 4369 nicht
2426 4336 2507 4357 reuen.
2927 4336 2964 4365 D.
