3150 4606
1409 95 1507 165 Nr.
1529 76 1679 159 151.

186 124 367 151 Äbonnement:
394 146 402 149 .

137 156 178 187 Bei
195 155 251 186 allen
259 154 411 190 Postbureaux

122 190 216 221 franko
224 193 284 223 durch
305 194 338 219 die
359 199 424 224 ganze

199 227 337 254 Schweiz:

154 258 182 283 12
189 256 289 286 Monate
298 255 341 289 Fr.
349 256 389 287 16.

169 290 184 313 6
195 290 289 314 Monate
305 290 343 318 Fr.
367 289 390 313 8.

121 321 170 352 Für
170 321 248 352 Zürich
260 329 285 347 u.
294 322 424 352 Umgebung

150 353 185 380 bei
200 356 235 381 der
255 354 394 386 Expedition:

155 381 181 414 6
181 381 280 414 Monate
297 388 333 416 Fr.
345 388 367 411 6.
376 398 409 406 —

550 223 1018 450 Neue
1055 217 2492 502 Zürcher-Zeitung.

161 418 175 440 3
186 418 282 448 Monate
298 417 336 445 Fr.
336 417 368 445 3.
376 417 406 440 50

149 465 196 500 Für
196 465 253 500 das
273 472 403 498 Ausland

122 502 230 526 abonnire
239 508 291 525 man
297 501 338 531 gef.
338 501 381 531 bei
389 502 425 526 der

122 527 426 561 Post-Zeitungsexpedition

122 557 151 587 in
151 557 234 587 Zürich
241 559 299 583 oder
306 556 387 582 direkte
387 556 426 582 bei

152 587 196 612 den
204 587 317 617 Verlegern
326 585 411 615 selbst.

1262 521 1603 576 Siebenundvierzigster
1621 519 1808 579 Jahrgang.

525 547 712 609 Zürich,
730 541 954 615 Samstag,

1131 622 1222 654 Druck
1238 624 1293 654 und
1314 623 1419 660 Verlag
1440 627 1496 653 von
1514 620 1611 655 Orell,
1629 619 1714 657 Füßli
1732 623 1788 651 und
1809 620 1908 654 Comp.

2187 553 2224 594 1.
2257 546 2379 605 Juni
2410 550 2520 596 1867

2634 118 2873 154 Insertionsgebühr:

2605 160 2650 185 Di
2668 159 2774 189 4spaltige
2793 156 2904 187 Petitzeile

2649 188 2696 212 oder
2711 187 2773 211 deren
2786 186 2861 210 Raum

2685 216 2713 239 15
2723 215 2823 244 Rappen.

2603 272 2799 302 Korrespondenzen
2816 269 2860 298 sind
2877 274 2906 292 an

2641 301 2673 324 die
2687 298 2869 324 Redaktion,

2605 329 2707 358 Inserate
2721 329 2815 358 dagegen
2830 333 2859 350 an
2872 324 2907 348 die

2672 357 2840 387 Expedition

2615 387 2653 409 der
2666 382 2702 417 N.
2702 382 2897 417 Zürcher-Zeitung

2676 420 2701 442 zu
2718 413 2836 441 adressiren.

2636 441 2823 471 Ankündigungen
2837 444 2878 463 von

2602 470 2784 494 Medikamenten
2806 467 2908 494 bedürfen

2629 499 2664 521 der
2674 498 2842 527 Genehmigung
2852 497 2888 519 der

2645 523 2875 556 Medizinaldirektion.

2609 582 2681 609 Briefe
2690 582 2732 605 und
2740 581 2820 605 Gelder
2826 579 2911 608 franko.

170 818 238 858 Die
266 816 357 862 Jury
386 813 434 852 im
459 813 594 862 großen
619 812 713 859 Rath
742 820 810 852 von
835 814 934 862 Genf.

156 916 217 961 Hr.
240 911 349 953 James
372 912 460 968 Fazy,
494 913 542 945 der
575 910 625 954 sich
655 910 705 953 seit
735 910 842 954 einiger
874 910 941 951 Zeit
961 911 1002 946 im

76 962 215 1008 Großen
236 963 318 1005 Rath
342 961 456 996 wieder
489 958 646 1002 bemerklich
681 958 788 1002 macht,
824 960 875 1003 hat
902 959 934 994 in
956 962 1004 995 der

76 1008 220 1060 Sitzung
241 1021 308 1047 vom
332 1012 385 1045 29.
402 1007 475 1044 Mai
491 1008 553 1043 eine
562 1007 608 1042 die
620 1007 826 1056 Geschwornen
841 1008 1004 1050 betreffende

75 1051 217 1114 Motion
249 1061 368 1105 gestellt,
402 1058 447 1092 die
467 1063 502 1100 zu
525 1051 602 1095 einer
625 1058 684 1102 sehr
706 1056 903 1099 interessanten
926 1057 1005 1092 Dis¬

73 1112 198 1155 kussion
222 1107 325 1161 führte.
373 1106 453 1141 Sein
475 1105 634 1154 Vorschlag
657 1106 728 1151 ging
743 1106 843 1149 dahin,
866 1106 911 1140 die
924 1107 1005 1150 jähr¬

72 1161 140 1206 lich
165 1160 249 1205 durch
267 1154 645 1203 Großrathskommissionen
661 1156 823 1200 gewählten
839 1155 1004 1201 Geschwor¬

72 1220 146 1247 nen
169 1213 202 1249 in
225 1208 353 1250 Zukunft
375 1205 486 1248 durch's
509 1205 585 1239 Loos
608 1205 767 1247 bestimmen
789 1215 823 1248 zu
845 1206 944 1248 lassen.

169 1266 214 1301 Er
239 1260 384 1297 motivirte
417 1259 511 1302 seinen
544 1259 658 1302 Antrag
693 1259 746 1293 mit
779 1258 924 1293 Gründen
956 1260 1005 1293 der

77 1312 255 1359 Gleichheit
291 1312 349 1345 und
372 1307 627 1351 Unparteilichkeit.
672 1308 721 1341 An
744 1309 790 1342 der
812 1308 894 1349 Jury
917 1307 1004 1350 Theil

81 1374 128 1406 zu
152 1365 283 1408 nehmen,
305 1359 340 1401 sei
365 1359 411 1393 ein
426 1355 670 1401 unverjährbares
687 1355 774 1400 Recht
788 1358 839 1391 des
855 1356 1003 1400 Bürgers.

82 1415 204 1455 Indem
234 1409 277 1444 die
305 1407 533 1449 Kommissionen
563 1407 614 1440 des
638 1405 759 1448 Großen
781 1405 898 1447 Rathes
923 1405 1005 1440 einen

77 1462 178 1503 Theil
202 1462 248 1494 der
272 1457 393 1498 Wähler
418 1457 466 1489 als
481 1455 607 1498 unfähig
624 1452 822 1497 ausstreichen,
844 1454 953 1488 können
969 1453 1005 1495 sie

75 1508 152 1553 sich,
186 1504 353 1548 willkürlich
390 1505 455 1538 oder
485 1502 713 1547 unwillkürlich,
748 1502 830 1545 durch
865 1502 1004 1547 politische

74 1555 293 1603 Sympathien
315 1552 399 1588 leiten
424 1552 522 1594 lassen.
553 1551 650 1587 Wenn
673 1551 717 1586 die
741 1551 831 1596 Wahl
847 1551 931 1596 durch
947 1553 1003 1586 das

69 1605 165 1641 Loos
189 1606 278 1648 ersetzt
299 1604 401 1644 werde,
425 1602 453 1643 so
475 1602 563 1635 könne
585 1602 633 1636 der
655 1600 724 1644 Ruf
744 1600 776 1635 in
799 1600 843 1635 die
867 1600 948 1644 Jury
963 1611 1004 1636 an

71 1654 185 1693 Jeden
211 1655 350 1699 gelangen
374 1653 434 1685 und
458 1650 502 1684 die
524 1650 596 1692 Last,
620 1650 719 1693 welche
741 1650 810 1689 diese
826 1649 1005 1689 Funktionen

74 1704 142 1739 mit
166 1704 218 1746 sich
241 1702 373 1744 bringen,
396 1699 529 1742 vertheile
551 1698 601 1741 sich
625 1699 678 1740 auf
700 1699 756 1733 alle
777 1698 905 1740 Bürger.
935 1698 1005 1732 Von

78 1753 303 1795 Rekusationen
325 1751 414 1783 könne
435 1750 515 1782 dann
539 1758 595 1783 nur
611 1747 654 1781 bei
669 1748 826 1784 anerkannt
837 1747 1006 1791 Unfähigen

87 1803 132 1837 die
158 1802 241 1836 Rede
272 1799 338 1841 sein.
387 1798 451 1840 Auf
470 1797 539 1839 diese
563 1796 666 1839 Weise,
697 1796 786 1830 meint
814 1796 873 1840 Hr.
897 1797 1006 1834 James

82 1849 177 1895 Fazy,
203 1851 302 1884 würde
323 1850 373 1881 der
395 1847 491 1889 wahre
509 1846 643 1880 Gedanke
659 1845 875 1884 (vollkommene
892 1844 1007 1888 Gleich¬

75 1901 146 1942 heit
170 1899 216 1934 bei
238 1898 380 1938 absoluter
401 1895 674 1938 Unparteilichkeit),
698 1896 746 1928 der
762 1896 814 1928 den
830 1893 1007 1937 Gesetzgeber

72 1950 130 1984 bei
155 1950 219 1983 dem
242 1944 369 1986 Institut
391 1946 438 1978 der
455 1942 662 1986 Geschwornen
678 1942 797 1987 geleitet,
821 1941 1007 1985 verwirklicht

69 2001 213 2041 werden.
238 2013 281 2020 —
302 1993 368 2027 Der
390 1993 592 2035 Antragsteller
615 1993 714 2026 wurde
735 1999 794 2025 von
815 1992 870 2024 den
892 1989 1006 2034 Herren

68 2048 161 2092 Buy
183 2047 246 2081 und
270 2042 403 2077 Carteret
425 2042 591 2083 unterstützt.

153 2101 219 2137 Die
247 2097 334 2141 große
368 2093 525 2136 Mehrzahl
557 2097 605 2129 der
639 2093 772 2135 Juristen
793 2092 826 2127 in
848 2093 897 2127 der
930 2090 1003 2126 Ver¬

64 2151 254 2193 sammlung
279 2145 344 2183 aber
368 2141 464 2185 sprach
493 2142 543 2186 sich
568 2153 654 2187 gegen
677 2144 730 2176 den
755 2140 912 2184 Vorschlag
936 2145 1004 2175 aus.

65 2199 149 2233 Sie
173 2195 301 2238 machten
324 2192 444 2235 geltend,
478 2192 534 2233 daß
557 2191 601 2225 die
625 2189 1007 2232 Großrathskommissionen

64 2248 128 2280 bei
154 2248 204 2277 der
227 2241 321 2282 Wahl
342 2239 391 2273 bis
417 2240 475 2280 jetzt
497 2239 577 2280 mehr
599 2237 683 2279 durch
708 2236 754 2270 ein
775 2236 935 2276 Uebermaß
965 2245 1007 2270 an

62 2290 235 2336 Nachsicht
264 2289 318 2322 als
348 2297 389 2321 an
411 2287 542 2330 Strenge
574 2284 730 2329 gesündigt
730 2284 853 2329 hätten.
899 2283 946 2317 Es
969 2283 1008 2324 sei

65 2341 145 2385 sehr
169 2340 298 2381 bequem,
321 2334 374 2369 mit
396 2336 536 2368 tönenden
559 2335 693 2377 Phrasen
713 2333 783 2366 über
797 2331 1007 2375 demokratische

67 2386 248 2432 Gleichheit
264 2385 455 2427 aufzutreten,
478 2383 545 2416 aber
560 2384 645 2416 wenn
661 2385 694 2415 es
706 2380 757 2424 sich
769 2382 872 2414 darum
888 2378 1006 2423 handle,

67 2437 163 2481 Gut,
187 2436 268 2479 Ehre
291 2434 353 2467 und
367 2431 458 2465 Leben
469 2430 582 2474 einigen
594 2427 751 2465 Männern
763 2429 1001 2471 anzuvertrauen,

63 2490 100 2532 so
130 2487 171 2531 sei
194 2487 229 2520 es
252 2481 376 2522 erlaubt,
403 2478 464 2513 eine
486 2478 600 2521 größere
624 2469 771 2511 Garantie
786 2486 819 2518 zu
834 2477 1002 2520 verlangen,

65 2539 128 2572 als
156 2535 192 2578 sie
217 2532 261 2567 die
284 2529 420 2573 Ziehung
446 2525 562 2571 durch's
562 2525 656 2571 Loos
681 2525 821 2569 gewähre.
867 2524 927 2559 Bei
941 2527 1003 2558 dem

65 2580 319 2632 gegenwärtigen
342 2577 462 2620 System
485 2574 523 2618 sei
545 2585 615 2610 man
638 2573 794 2618 genöthigt,
816 2573 861 2607 die
876 2572 1004 2615 Kapazi¬

65 2639 161 2671 täten
184 2625 385 2674 aufzusuchen,
411 2624 456 2659 bei
476 2625 538 2658 dem
561 2632 619 2661 von
642 2619 722 2666 Hrn.
739 2622 816 2665 Fazy
831 2619 1004 2665 vorgeschla¬

66 2694 174 2729 genen
196 2680 325 2716 Modus,
352 2674 459 2710 riskire
489 2682 571 2715 man,
594 2671 651 2713 daß
663 2671 712 2712 sie
735 2670 790 2713 auf
809 2672 872 2704 dem
895 2669 1004 2704 Grund

66 2737 125 2770 der
151 2733 235 2767 Urne
257 2726 380 2761 bleiben.
425 2722 485 2756 Die
508 2718 708 2764 Befürchtung
731 2718 802 2763 liege
824 2717 918 2761 nahe,
947 2719 1003 2760 daß

67 2782 166 2818 dabei
200 2778 262 2821 sehr
298 2771 502 2814 mittelmäßige
537 2770 637 2813 Jurys
672 2778 708 2810 zu
741 2767 865 2802 Stande
894 2767 1002 2802 kämen.

69 2833 172 2875 Ehre,
195 2828 266 2863 Gut
288 2825 348 2859 und
372 2822 464 2857 Leben
486 2819 582 2855 keinen
611 2816 772 2860 unfähigen
797 2815 926 2859 Händen
949 2824 1003 2848 an¬

71 2887 241 2919 vertrauen
269 2875 330 2909 und
361 2872 406 2907 die
428 2870 522 2913 Wahl
550 2871 598 2903 der
621 2866 829 2910 Geschwornen
850 2864 903 2899 mit
925 2864 1002 2903 allen

75 2929 244 2974 möglichen
255 2921 429 2958 Garantien
444 2919 594 2962 umgeben,
617 2915 703 2958 müsse
714 2918 762 2949 der
775 2912 1001 2956 Grundgedanke

80 2984 139 3016 des
161 2974 358 3020 Gesetzgebers
384 2971 453 3014 sein.
497 2968 559 3003 Die
583 2968 715 3007 Freunde
729 2966 781 2999 des
796 2963 939 3002 Instituts
955 2963 1001 2995 der

92 3026 300 3072 Geschwornen
321 3022 381 3055 und
406 3020 462 3054 alle
482 3018 539 3060 die,
568 3014 667 3058 welche
691 3013 849 3057 wünschen,
871 3012 930 3053 daß
952 3009 1001 3054 sich

95 3077 221 3118 dasselbe
242 3073 274 3109 in
296 3072 342 3104 der
366 3067 497 3113 Schweiz
521 3066 620 3100 immer
643 3064 721 3106 mehr
736 3061 892 3104 ausbreite,
917 3059 1003 3102 sollen

88 3126 168 3168 diese
196 3117 443 3167 Nothwendigkeit
475 3115 524 3151 nie
557 3117 616 3148 aus
649 3114 704 3147 den
726 3112 830 3154 Augen
853 3109 1001 3144 verlieren.

1064 726 1140 763 Eine
1163 726 1254 771 Reihe
1276 736 1335 763 von
1356 726 1520 770 unfähigen
1541 725 1640 768 Jurys
1662 727 1722 760 und
1738 725 1800 762 eine
1814 725 1901 769 Folge
1913 732 1973 758 von

1065 773 1243 818 lächerlichen
1276 774 1519 819 Wahrsprüchen
1530 774 1648 809 würden
1671 775 1809 819 genügen,
1841 783 1891 808 um
1915 775 1973 808 das

1065 822 1250 865 Mißtrauen
1270 824 1468 869 wachzurufen
1498 824 1558 858 und
1589 823 1644 858 alle
1666 823 1863 867 Sympathien
1885 823 1973 866 abzu¬

1064 872 1176 916 kühlen.

1131 926 1214 961 Was
1234 926 1278 962 die
1299 927 1418 970 Klagen
1440 934 1540 968 wegen
1562 924 1768 969 Parteilichkeit
1795 924 1910 968 betrifft,
1943 926 1972 968 so

1065 976 1216 1010 bemerkten
1230 975 1274 1011 die
1294 968 1416 1020 gleichen
1439 973 1554 1008 Redner
1575 974 1782 1018 (Desgouttes,
1805 974 1972 1020 Friderich),

1064 1025 1120 1068 daß
1137 1029 1170 1059 es
1193 1024 1374 1059 Niemanden
1397 1022 1524 1065 einfalle,
1552 1022 1685 1065 dieselben
1708 1024 1757 1056 als
1780 1023 1901 1068 ernstlich
1925 1035 1972 1069 ge¬

1065 1073 1151 1108 meint
1174 1084 1212 1117 zu
1236 1075 1368 1118 nehmen.
1414 1071 1513 1114 Man
1513 1071 1616 1114 werde
1646 1073 1698 1106 den
1729 1072 1972 1115 Großrathskom¬

1065 1122 1223 1166 missionen,
1245 1126 1328 1157 unter
1350 1120 1479 1164 welchem
1494 1119 1617 1168 politisch
1642 1120 1834 1164 herrschenden
1856 1121 1973 1165 System

1064 1170 1098 1211 sie
1122 1170 1192 1215 auch
1216 1169 1384 1214 funktionirt
1408 1159 1527 1214 haben,
1527 1159 1578 1214 die
1600 1168 1740 1213 Schmach
1763 1168 1838 1212 nicht
1859 1171 1975 1212 anthun

1065 1220 1187 1262 wollen,
1222 1229 1257 1261 zu
1278 1219 1421 1262 glauben,
1455 1218 1491 1260 sie
1514 1214 1611 1261 hätten
1632 1217 1683 1261 sich
1706 1219 1761 1261 auf
1784 1218 1882 1260 diesem
1905 1228 1975 1252 neu¬

1065 1269 1157 1302 tralen
1181 1268 1285 1302 Boden
1307 1275 1366 1301 von
1387 1267 1477 1310 ihrem
1492 1265 1652 1309 politischen
1675 1265 1762 1300 Groll
1778 1266 1861 1301 leiten
1877 1268 1974 1310 lassen.

1066 1317 1111 1355 Ja
1135 1322 1168 1352 es
1191 1317 1228 1360 sei
1251 1318 1386 1361 geradezu
1407 1315 1688 1358 unverantwortlich,
1722 1316 1782 1351 in's
1818 1317 1975 1358 Publikum

1066 1375 1138 1410 vage
1160 1366 1310 1410 Anklagen
1333 1375 1366 1407 zu
1388 1365 1556 1409 schleudern,
1579 1365 1621 1399 die
1637 1364 1763 1409 geeignet
1786 1367 1892 1408 wären,
1917 1367 1975 1400 das

1066 1414 1185 1459 gerechte
1213 1415 1365 1455 Zutrauen
1386 1416 1434 1448 der
1465 1413 1582 1457 Bürger
1604 1413 1635 1447 in
1658 1413 1701 1448 die
1732 1413 1975 1457 Unparteilichkeit

1065 1466 1112 1498 der
1146 1462 1353 1507 Geschwornen
1386 1473 1421 1504 zu
1456 1458 1637 1506 erschüttern,
1680 1467 1738 1497 und
1780 1464 1866 1506 dafür
1900 1464 1976 1498 keine

1065 1510 1238 1556 Thatsache,
1267 1511 1341 1556 nicht
1371 1513 1425 1546 den
1456 1510 1567 1555 Schein
1597 1510 1675 1546 eines
1705 1512 1850 1554 Beweises
1873 1521 1974 1555 vorzu¬

1067 1562 1196 1606 bringen.

1131 1615 1192 1650 Die
1223 1614 1345 1649 Motion
1375 1614 1482 1657 Fazy's
1507 1614 1603 1648 wurde
1625 1624 1665 1648 an
1694 1613 1756 1648 eine
1785 1614 1975 1657 Kommission

1066 1664 1225 1707 gewiesen.
1257 1662 1336 1707 Nach
1367 1665 1415 1697 der
1445 1664 1614 1707 gewalteten
1634 1662 1806 1705 Diskussion
1830 1673 1862 1705 zu
1885 1664 1976 1706 schlie¬

1066 1715 1137 1760 ßen,
1172 1712 1271 1756 scheint
1301 1712 1338 1754 sie
1367 1712 1434 1746 aber
1466 1712 1540 1746 keine
1569 1711 1699 1755 Aussicht
1730 1713 1785 1754 auf
1812 1712 1914 1756 Erfolg
1942 1722 1977 1755 zu

1067 1763 1170 1805 haben.

1385 1829 1629 1894 Schweiz.

1126 1943 1379 1980 Bundesstadt.
1430 1943 1529 1980 (Korr.
1559 1949 1621 1972 vom
1649 1942 1712 1979 31.)
1760 1942 1814 1976 Hr.
1843 1941 1978 1980 Brossard

1067 1996 1122 2020 von
1144 1987 1279 2026 Freiburg
1302 1988 1349 2023 hat
1371 1990 1430 2018 dem
1445 1987 1623 2022 Bundesrath
1646 1987 1702 2017 eine
1717 1986 1825 2020 Schrift
1839 1987 1905 2018 über
1920 1987 1978 2017 eine

1068 2034 1185 2070 Episode
1207 2035 1261 2063 aus
1281 2034 1327 2067 der
1348 2032 1477 2067 Schlacht
1498 2039 1554 2062 von
1575 2032 1702 2062 Sadowa
1724 2030 1892 2068 eingeschickt.

1125 2082 1185 2113 Der
1206 2081 1332 2119 englische
1352 2081 1498 2117 Gesandte,
1520 2079 1745 2111 Contreadmiral
1764 2080 1881 2116 Harris,
1908 2080 1981 2124 zeigt

1067 2135 1113 2163 an,
1134 2126 1186 2162 daß
1198 2125 1266 2163 seine
1276 2124 1436 2166 Regierung
1448 2124 1497 2159 ihn
1509 2133 1571 2163 zum
1583 2123 1668 2162 Rang
1681 2123 1752 2154 eines
1771 2123 1978 2161 Vizeadmirals

1067 2170 1203 2208 befördert
1224 2169 1301 2207 habe,
1332 2175 1434 2203 wovon
1455 2168 1494 2199 im
1516 2169 1584 2199 Etat
1603 2168 1796 2206 Vormerkung
1817 2176 1979 2206 genommen

1068 2216 1148 2245 wird.

1127 2263 1187 2292 Der
1218 2261 1442 2299 niederländische
1473 2261 1691 2298 Generalkonsul
1720 2261 1832 2296 meldet,
1867 2261 1918 2297 daß
1950 2269 1979 2292 er

1068 2312 1123 2337 von
1148 2309 1195 2337 der
1219 2306 1388 2344 Vertretung
1419 2307 1467 2336 des
1499 2305 1776 2344 Großherzogthums
1806 2304 1978 2342 Luxemburg

1068 2350 1196 2387 entlastet
1210 2350 1246 2385 sei
1267 2351 1324 2380 und
1345 2349 1482 2387 Rußland
1505 2349 1614 2387 dieselbe
1634 2349 1796 2387 einstweilen
1827 2349 1977 2380 übernom¬

1066 2402 1127 2425 men
1148 2394 1228 2431 habe.

1123 2443 1179 2473 Die
1199 2441 1361 2481 Regierung
1382 2449 1436 2474 von
1458 2441 1594 2480 Freiburg
1616 2442 1705 2480 erhebt
1724 2442 1811 2480 Klage
1832 2443 1897 2474 über
1918 2443 1977 2477 die¬

1065 2487 1152 2526 jenige
1172 2494 1230 2520 von
1255 2487 1340 2523 Genf,
1372 2487 1463 2518 indem
1490 2487 1587 2525 letztere
1618 2489 1663 2520 der
1692 2487 1919 2526 Uebertragung
1928 2492 1974 2520 der

1065 2532 1114 2567 auf
1149 2531 1254 2567 Genfer
1286 2531 1385 2562 Gebiet
1418 2531 1560 2569 gelegenen
1597 2531 1841 2569 Eisenbahnstrecke
1882 2532 1973 2568 Genf-¬

1065 2575 1182 2611 Dersoir
1203 2584 1239 2605 an
1260 2577 1310 2606 den
1328 2575 1444 2606 Kanton
1465 2574 1600 2614 Freiburg
1621 2575 1860 2614 Schwierigkeiten
1875 2576 1905 2607 in
1919 2578 1971 2606 den

1066 2618 1135 2656 Weg
1155 2619 1221 2656 lege.
1262 2619 1314 2649 Die
1336 2619 1423 2656 Sache
1443 2620 1514 2650 wird
1536 2621 1593 2651 dem
1621 2620 1817 2656 Departement
1844 2622 1890 2653 des
1918 2620 1976 2653 In¬

1066 2671 1134 2694 nern
1156 2672 1205 2702 zur
1226 2663 1413 2701 Behandlung
1434 2663 1608 2701 überwiesen.

1124 2713 1190 2743 Das
1211 2711 1398 2750 thurgauische
1418 2711 1738 2750 Seethalbahn-Komite
1757 2714 1815 2743 und
1846 2713 1886 2743 die
1917 2712 1978 2744 Re¬

1066 2757 1182 2796 gierung
1203 2764 1259 2787 von
1274 2757 1325 2787 St.
1340 2755 1440 2787 Gallen
1454 2756 1543 2792 haben
1557 2758 1605 2787 den
1620 2755 1738 2794 Wunsch
1753 2758 1974 2795 ausgesprochen,

1065 2802 1116 2837 daß
1137 2802 1180 2832 die
1200 2802 1290 2839 Frage
1308 2803 1354 2831 der
1373 2800 1653 2840 Zwangskonzession
1673 2801 1720 2836 für
1740 2802 1780 2832 die
1800 2801 1976 2840 Eisenbahn¬

1065 2845 1149 2883 strecke
1178 2844 1546 2883 Romanshorn-Konstanz
1575 2848 1620 2876 der
1649 2845 1976 2884 Bundesversammlung

1064 2890 1093 2920 in
1113 2891 1159 2919 der
1173 2888 1295 2925 nächsten
1315 2888 1478 2926 Julisession
1502 2889 1664 2926 unbedingt
1673 2898 1735 2927 zum
1756 2890 1894 2927 Entscheid
1907 2896 1974 2920 vor¬

1063 2934 1149 2972 gelegt
1179 2934 1284 2963 werden
1315 2930 1423 2967 möchte.
1466 2932 1531 2962 Das
1560 2932 1756 2968 Departement
1786 2935 1837 2962 des
1858 2932 1975 2965 Innern

1063 2977 1121 3017 gibt
1141 2979 1202 3007 dem
1222 2975 1401 3011 Bundesrath
1422 2975 1533 3010 Bericht
1553 2976 1619 3006 über
1639 2977 1690 3006 den
1710 2976 1806 3006 Stand
1821 2978 1866 3006 der
1883 2976 1973 3012 Sache

1063 3024 1119 3053 und
1141 3021 1285 3060 bezeichnet
1310 3020 1350 3050 die
1382 3019 1601 3056 Gesichtspunkte
1631 3019 1680 3054 für
1708 3020 1750 3050 die
1780 3019 1883 3050 weitere
1913 3020 1971 3050 Be¬

1063 3066 1208 3105 handlung
1230 3064 1370 3101 derselben.
1412 3063 1530 3102 Gestützt
1550 3063 1599 3099 auf
1619 3063 1705 3100 diesen
1723 3063 1834 3099 Bericht
1855 3064 1904 3100 hat
1924 3066 1973 3095 der

1065 3109 1244 3145 Bundesrath
1266 3108 1429 3146 beschlossen,
1450 3110 1501 3138 den
1522 3107 1654 3142 Petenten
1677 3117 1709 3147 zu
1737 3108 1888 3146 erwiedern,
1918 3108 1974 3145 daß

2034 722 2175 758 jedenfalls
2197 723 2226 752 in
2247 725 2294 754 der
2313 722 2435 759 nächsten
2461 722 2785 761 Bundesversammlung
2814 723 2870 754 eine
2901 722 2945 754 be¬

2034 767 2149 806 zügliche
2169 766 2295 806 Vorlage
2315 768 2434 806 gemacht
2454 769 2547 798 werde.

2093 816 2146 850 Hr.
2168 816 2298 848 Direktor
2326 816 2459 854 Zangger
2489 816 2522 847 in
2548 816 2652 854 Zürich
2680 820 2788 856 meldet,
2817 820 2870 855 daß
2906 820 2945 851 im

2034 860 2198 896 September
2228 862 2254 891 d.
2276 860 2306 893 J.
2337 862 2382 891 der
2415 861 2584 897 europäische
2611 861 2877 902 Veterinärkongreß
2910 864 2940 894 in

2033 905 2136 943 Zürich
2157 904 2318 943 abgehalten
2338 907 2423 937 werde
2448 907 2506 937 und
2533 906 2587 943 daß
2617 906 2676 943 ihm
2707 908 2749 938 die
2779 908 2945 947 Einleitung

2034 950 2169 988 desselben
2201 948 2364 986 übertragen
2393 951 2506 980 worden
2535 950 2582 988 sei.
2626 950 2796 990 Demgemäß
2827 953 2946 989 wünscht

2033 995 2084 1031 Hr.
2106 994 2247 1033 Zangger,
2269 994 2327 1032 daß
2340 995 2385 1024 der
2404 994 2588 1031 Bundesrath
2618 995 2661 1025 die
2691 996 2887 1034 Einladungen
2909 1005 2947 1027 an

2034 1040 2084 1070 alle
2096 1039 2295 1078 Regierungen
2308 1047 2357 1077 zur
2370 1038 2542 1077 Beschickung
2558 1039 2642 1078 dieses
2657 1040 2820 1080 Kongresses
2835 1040 2947 1079 erlassen

2034 1083 2143 1121 möchte.
2185 1084 2244 1114 Der
2264 1082 2446 1118 Bundesrath
2467 1083 2499 1118 ist
2520 1091 2592 1122 zwar
2618 1084 2672 1115 mit
2701 1087 2749 1116 der
2780 1086 2868 1122 Sache
2889 1085 2946 1115 ein¬

2034 1130 2201 1165 verstanden,
2222 1127 2283 1165 hält
2301 1127 2389 1164 jedoch
2411 1127 2458 1163 für
2478 1127 2612 1165 schicklich,
2640 1129 2682 1159 die
2707 1128 2870 1167 Regierung
2892 1135 2948 1160 von

2038 1173 2139 1209 Zürich
2159 1180 2211 1204 vor
2240 1172 2313 1203 einer
2344 1172 2456 1203 weitern
2486 1172 2694 1211 Schlußnahme
2726 1176 2792 1213 noch
2821 1174 2948 1212 hierüber

2036 1226 2068 1257 zu
2089 1217 2234 1255 begrüßen.

2094 1266 2166 1301 Hrn.
2188 1266 2272 1302 Prof.
2294 1267 2415 1302 Semper
2434 1274 2480 1297 am
2502 1266 2604 1304 eidgen.
2631 1266 2857 1305 Polytechnikum
2877 1268 2947 1298 wird

2037 1313 2082 1342 der
2104 1318 2159 1341 von
2180 1313 2224 1341 der
2246 1311 2425 1350 italienischen
2441 1311 2647 1349 Gesandtschaft
2661 1313 2825 1351 gewünschte
2840 1313 2948 1343 Urlaub

2037 1364 2085 1393 zur
2106 1355 2287 1393 Theilnahme
2307 1365 2342 1385 an
2363 1358 2408 1386 der
2429 1355 2567 1393 Expertise
2589 1356 2636 1390 für
2668 1359 2718 1386 den
2749 1355 2871 1387 Ausbau
2903 1360 2948 1388 der

2037 1400 2146 1437 Façade
2167 1402 2213 1430 des
2234 1400 2341 1430 Domes
2361 1407 2417 1430 von
2437 1399 2552 1439 Florenz
2574 1399 2689 1438 ertheilt.

2095 1449 2151 1480 Die
2171 1448 2332 1487 Regierung
2353 1454 2407 1479 von
2428 1449 2478 1479 St.
2500 1449 2602 1480 Gallen
2621 1450 2729 1486 meldet,
2761 1450 2812 1488 daß
2834 1451 2866 1486 sie
2898 1450 2949 1488 auf

2036 1494 2078 1525 die
2098 1494 2140 1524 die
2159 1492 2324 1529 Rinderpest
2344 1492 2521 1530 betreffenden
2540 1493 2796 1532 bundesräthlichen
2815 1494 2947 1532 Mitthei¬

2035 1539 2140 1577 lungen
2161 1539 2212 1572 hin
2242 1538 2285 1568 die
2316 1538 2424 1573 Sperre
2452 1546 2534 1576 gegen
2562 1538 2746 1574 Deutschland
2779 1540 2948 1578 aufgehoben

2035 1583 2113 1620 habe.
2154 1582 2218 1613 Wie
2239 1582 2365 1618 bekannt,
2387 1582 2436 1619 hat
2457 1584 2524 1618 auch
2542 1581 2704 1619 Frankreich
2739 1583 2808 1621 seine
2842 1583 2948 1622 Grenz¬

2037 1628 2126 1665 sperre
2159 1630 2205 1658 der
2239 1626 2363 1666 Schweiz
2398 1626 2550 1664 gegenüber
2587 1628 2852 1667 zurückgenommen.
2908 1628 2949 1662 In

2037 1673 2127 1706 Paris
2147 1672 2197 1709 soll
2217 1672 2285 1708 diese
2306 1672 2411 1707 Sperre
2433 1672 2490 1701 eine
2510 1671 2569 1709 sehr
2591 1672 2671 1707 starke
2693 1672 2889 1711 Vertheurung
2906 1675 2951 1703 der

2037 1718 2136 1752 Filets,
2157 1716 2248 1753 welche
2269 1716 2341 1752 sonst
2369 1718 2423 1746 aus
2451 1718 2497 1746 der
2528 1717 2650 1756 Schweiz
2680 1717 2796 1756 bezogen
2826 1719 2949 1753 wurden,

2040 1761 2149 1791 bewirkt
2162 1760 2259 1798 haben.
2302 1760 2351 1794 Hr.
2362 1760 2493 1791 Direktor
2505 1760 2645 1799 Zangger,
2666 1762 2772 1797 welcher
2787 1769 2850 1792 vom
2864 1761 2949 1792 Bun¬

2039 1805 2150 1841 desrath
2170 1806 2235 1840 nach
2256 1804 2438 1841 Deutschland
2469 1804 2632 1842 abgeordnet
2664 1809 2775 1836 worden
2805 1812 2873 1842 war,
2905 1805 2950 1835 be¬

2038 1850 2131 1885 richtet
2151 1856 2206 1880 von
2225 1851 2299 1884 dort,
2319 1848 2371 1886 daß
2391 1847 2599 1887 Württemberg
2618 1851 2676 1879 und
2696 1850 2811 1887 Bayern
2831 1850 2950 1886 seuchen¬

2039 1894 2091 1930 frei
2111 1893 2190 1932 seien,
2211 1893 2263 1929 daß
2285 1891 2348 1923 aber
2376 1892 2406 1922 in
2437 1894 2487 1922 den
2517 1893 2754 1932 Herzogthümern
2785 1894 2950 1932 Meiningen

2040 1941 2096 1969 und
2133 1937 2248 1975 Koburg
2283 1937 2325 1967 die
2357 1936 2521 1975 Rinderpest
2550 1937 2710 1969 bedeutende
2740 1938 2951 1976 Verheerungen

2039 1983 2202 2022 angerichtet
2221 1982 2299 2019 habe.
2340 1982 2394 2017 Die
2415 1982 2665 2021 Sperrmaßregeln
2685 1986 2792 2014 werden
2815 1983 2878 2014 aber
2899 1984 2951 2013 mit

2040 2028 2180 2065 wahrhaft
2202 2026 2396 2063 fürchterlicher
2416 2027 2538 2065 Strenge
2556 2027 2742 2065 gehandhabt,
2770 2028 2798 2064 so
2822 2028 2875 2065 daß
2906 2029 2952 2059 der

2040 2072 2163 2111 Schweiz
2182 2079 2238 2106 von
2259 2071 2341 2107 dieser
2362 2070 2441 2106 Seite
2462 2070 2508 2108 her
2522 2071 2593 2102 keine
2608 2071 2715 2107 Gefahr
2733 2072 2837 2109 drohen
2851 2072 2951 2108 dürfte.

2098 2121 2154 2151 Die
2173 2120 2336 2158 Regierung
2355 2126 2410 2150 von
2431 2118 2536 2151 Wallis
2555 2121 2625 2159 zeigt
2645 2129 2692 2157 an,
2712 2122 2765 2157 daß
2787 2123 2832 2152 der
2856 2121 2951 2158 Große

2039 2166 2118 2204 Rath
2140 2168 2199 2195 dem
2219 2165 2380 2195 Konkordat
2401 2165 2448 2199 für
2478 2165 2653 2203 gegenseitige
2686 2165 2875 2204 Mittheilung
2907 2168 2953 2196 der

2039 2209 2291 2247 Zivilstandsakten
2311 2208 2470 2246 beigetreten
2488 2208 2535 2246 sei.

2099 2258 2154 2289 Die
2168 2258 2329 2294 italienische
2349 2257 2553 2294 Gesandtschaft
2566 2257 2641 2295 hatte
2655 2258 2702 2296 sich
2715 2259 2738 2295 s.
2751 2258 2787 2295 Z.
2805 2259 2954 2294 beschwert,

2040 2304 2093 2341 daß
2115 2303 2156 2335 die
2174 2303 2314 2339 Trauung
2335 2302 2408 2332 eines
2429 2301 2592 2340 Italieners,
2612 2303 2739 2334 Namens
2760 2303 2893 2340 Biettori,
2923 2303 2953 2333 in

2040 2351 2086 2379 der
2116 2347 2238 2385 Schweiz
2267 2346 2328 2383 sehr
2357 2345 2564 2384 unregelmäßig
2597 2347 2736 2386 vollzogen
2766 2349 2878 2378 worden
2907 2347 2951 2383 sei.

2038 2391 2100 2422 Die
2123 2391 2252 2427 erhobene
2284 2390 2488 2428 Untersuchung
2510 2390 2624 2428 ergiebt,
2656 2391 2708 2427 daß
2730 2394 2776 2423 der
2796 2391 2953 2429 betreffende

2039 2436 2188 2474 Geistliche
2199 2435 2249 2466 die
2260 2435 2410 2473 Trauung
2420 2440 2634 2473 vorgenommen
2654 2436 2712 2474 hat,
2735 2436 2805 2473 ohne
2825 2444 2881 2466 von
2903 2438 2953 2465 den

2036 2478 2302 2517 Heimatsbehörden
2322 2481 2378 2511 des
2387 2479 2577 2518 Bräutigams
2599 2482 2648 2511 den
2669 2480 2803 2511 Ausweis
2824 2480 2891 2511 über
2912 2479 2954 2510 die

2036 2524 2201 2563 bürgerliche
2222 2523 2448 2561 Verkündigung
2464 2523 2495 2553 in
2515 2525 2566 2555 den
2586 2524 2702 2558 Händen
2724 2534 2758 2563 zu
2772 2524 2869 2561 haben.
2912 2524 2953 2555 Es

2037 2569 2108 2600 wird
2130 2577 2190 2599 nun
2220 2570 2266 2598 der
2299 2567 2480 2604 italienischen
2511 2568 2717 2605 Gesandtschaft
2745 2569 2858 2606 näherer
2878 2568 2953 2606 Auf¬

2038 2613 2129 2650 schluß
2150 2612 2258 2650 ertheilt
2278 2614 2335 2642 und
2350 2612 2392 2643 die
2406 2612 2569 2651 gewünschte
2584 2612 2712 2651 fragliche
2734 2612 2953 2652 Verkündigung

2039 2658 2071 2689 in
2090 2656 2209 2694 Italien
2209 2656 2382 2694 nachgeholt
2401 2658 2517 2692 werden.

2099 2707 2143 2740 In
2163 2707 2257 2745 Bezug
2279 2706 2331 2742 auf
2348 2705 2389 2736 die
2410 2708 2571 2744 angeregten
2592 2706 2767 2738 Konkordate
2788 2706 2855 2738 über
2880 2707 2954 2738 Ver¬

2040 2751 2200 2789 einfachung
2227 2752 2275 2781 der
2302 2749 2550 2786 Eheformalitäten
2576 2754 2634 2781 und
2667 2751 2851 2790 Einführung
2876 2752 2952 2781 eines

2038 2794 2337 2833 Handelsgesetzbuches
2365 2794 2423 2832 sind
2444 2796 2519 2829 noch
2531 2795 2587 2826 eine
2616 2795 2701 2833 Reihe
2722 2802 2778 2827 von
2804 2795 2952 2826 Kantonen

2038 2840 2091 2869 mit
2111 2839 2185 2876 ihrer
2204 2838 2403 2880 Rückantwort
2423 2837 2467 2876 im
2467 2837 2633 2876 Ausstand.
2661 2838 2790 2878 Deßhalb
2811 2839 2880 2870 wird
2895 2839 2953 2870 eine

2036 2882 2175 2920 Recharge
2195 2890 2232 2912 an
2253 2881 2383 2918 dieselben
2403 2881 2524 2920 erlassen.

2093 2931 2150 2961 Die
2170 2929 2288 2968 badische
2305 2929 2470 2968 Regierung
2483 2930 2556 2968 hatte
2569 2931 2618 2969 sich
2632 2933 2713 2969 durch
2734 2932 2793 2971 ihre
2814 2932 2952 2971 Gesandt¬

2034 2974 2114 3013 schaft
2137 2974 2179 3005 bei
2199 2976 2263 3007 dem
2278 2973 2482 3011 Bundesrath
2487 2975 2607 3006 darüber
2626 2976 2777 3013 beschwert,
2798 2977 2851 3015 daß
2872 2977 2953 3008 ober¬

2033 3018 2099 3056 halb
2130 3019 2188 3048 und
2208 3016 2356 3054 unterhalb
2378 3024 2434 3049 von
2465 3017 2623 3057 Waldshut
2648 3026 2705 3052 von
2733 3020 2954 3061 schweizerischen

2033 3062 2188 3102 Offizieren
2211 3063 2261 3099 auf
2281 3064 2343 3096 dem
2369 3062 2465 3100 Rhein
2491 3064 2708 3104 Vermessungen
2736 3072 2954 3105 vorgenommen

2035 3110 2148 3139 worden
2168 3106 2245 3144 seien.
2283 3107 2331 3140 Es
2351 3107 2419 3146 fand
2441 3107 2499 3141 dies
2514 3111 2610 3146 gerade
2623 3110 2756 3148 während
2771 3113 2818 3142 des
2837 3111 2955 3149 Kriegs-

396 3236 565 3288 Feuilleton
595 3235 707 3273 1867.

482 3341 515 3369 1.
534 3338 622 3375 Juni

74 3396 160 3424 1479
177 3393 257 3421 Unter
283 3392 336 3417 dem
360 3386 484 3420 dänischen
509 3385 606 3419 Könige
631 3381 795 3417 Christian
816 3380 839 3408 I.
863 3380 956 3409 wurde
970 3378 1009 3406 die

177 3436 257 3465 neue
273 3430 485 3464 Universität
506 3428 728 3462 Kopenhagen
752 3423 981 3460 eingeweiht.

72 3485 160 3512 1676
178 3482 231 3510 Die
247 3477 389 3511 dänische
406 3475 520 3507 Flotte
545 3473 635 3508 erringt
652 3472 726 3499 unter
740 3472 795 3498 dem
812 3468 926 3497 Admiral
945 3466 1008 3495 Tor¬

178 3526 244 3553 nells
270 3524 366 3555 Tromp
394 3520 443 3548 bei
474 3518 657 3552 Blekingen
686 3517 744 3544 den
773 3515 857 3549 Eieg
885 3512 945 3540 über
972 3511 1010 3539 die

181 3568 336 3602 schwedische.

78 3613 168 3642 1694
184 3612 245 3640 Die
267 3608 478 3642 Universität
500 3615 536 3642 zu
562 3606 662 3640 Halle
681 3605 769 3640 beging
788 3611 818 3631 an
836 3602 922 3635 diesem
940 3601 1009 3635 Tage

186 3654 236 3687 ihre
250 3656 368 3689 feierliche
393 3651 623 3685 Einweihung.

75 3701 169 3732 1744
187 3698 227 3728 In
242 3701 280 3728 der
298 3700 372 3734 Nähe
391 3705 437 3726 von
458 3696 573 3729 Erfurt
591 3695 672 3722 wurde
690 3692 827 3728 geboren
847 3690 1010 3726 Christian

187 3742 338 3777 Gotthilf
353 3743 555 3778 Salzmann,
573 3741 615 3767 der
633 3738 718 3773 eifrige
736 3736 858 3772 Erzieher.

71 3790 165 3823 1775
186 3786 396 3823 Geburtstag
429 3789 473 3815 des
502 3785 626 3819 deutschen
653 3780 901 3816 Geschichtschreibers
928 3778 1011 3807 Karl

184 3838 245 3859 von
262 3831 404 3864 Rotteck.

71 3880 164 3914 1785
182 3876 226 3907 In
253 3874 397 3905 Dresden
424 3875 503 3909 starb
532 3876 574 3901 der
600 3872 707 3908 gelehrte
734 3872 784 3898 und
811 3868 886 3902 ernste
914 3867 1012 3896 Cantor

183 3919 344 3950 Gottfried
362 3921 475 3957 August
490 3918 663 3952 Homilius,
686 3917 725 3944 ein
743 3914 845 3947 Meister
861 3915 903 3940 der
921 3911 1010 3947 Orgel.

73 3971 163 4002 1797
183 3964 399 4001 Würtemberg
425 3965 529 3993 verlor
552 3963 629 3997 seinen
654 3960 835 3995 scharfsinnigen
854 3959 903 3985 und
920 3957 1011 3990 fromm

181 4005 355 4047 gemüthlichen
383 4010 515 4046 Erzieher,
543 4007 672 4043 Pfarrer
695 4005 824 4040 Johann
852 4001 1010 4035 Friedrich

174 4051 338 4089 Flattich,
356 4055 398 4081 der
416 4055 440 4082 in
459 4054 546 4089 hohem
564 4052 636 4080 Alter
653 4050 725 4083 starb.

74 4107 159 4135 1826
179 4096 332 4133 Hochbetagt
347 4096 450 4132 schloß
470 4097 607 4130 sterbend
629 4096 690 4130 seine
709 4092 871 4126 Wirksamkeit
889 4091 940 4119 soll
957 4090 1011 4124 hin¬

180 4142 302 4181 gebender
328 4141 555 4178 Gemeinnützigkeit
584 4141 725 4175 Pfarrer
747 4137 823 4172 Joh.
851 4135 1011 4169 Friedrich

180 4185 327 4219 Oberlin
345 4185 379 4211 im
398 4185 592 4220 Steinthal.

78 4239 158 4267 1831
179 4229 328 4265 Kapitän
345 4227 436 4261 John
462 4229 529 4262 Roß
554 4228 688 4258 entdeckt
713 4230 756 4256 den
778 4224 1011 4261 magnetischen

179 4273 331 4307 Nordpol
355 4272 402 4304 auf
418 4273 471 4299 dem
488 4272 629 4303 Westrande
653 4281 699 4302 von
719 4272 828 4307 Boothia
847 4271 932 4305 Felix,
956 4270 1013 4298 weit

180 4321 291 4357 entfernt
309 4325 363 4346 vom
384 4317 580 4352 geographischen
586 4308 718 4351 Nordpol.

1069 3214 1219 3252 Auszüge
1238 3215 1298 3244 aus
1316 3213 1374 3243 den
1393 3211 1596 3247 Entscheiden
1611 3212 1668 3242 des
1686 3212 1974 3250 Handelsgerichts

1471 3268 1518 3289 von
1536 3261 1567 3289 E.
1947 3263 1975 3290 4

1120 3309 1277 3342 Duplicando
1296 3307 1434 3342 entgegnete
1450 3309 1492 3334 der
1509 3306 1608 3334 Anwalt
1626 3309 1670 3334 des
1687 3306 1841 3342 Beklagten:

1121 3350 1159 3378 Es
1177 3349 1210 3382 sei
1227 3348 1288 3382 nicht
1301 3346 1432 3380 bestritten,
1449 3347 1497 3380 daß
1515 3346 1577 3379 Herr
1589 3346 1622 3374 R.
1636 3345 1755 3382 Mitglied
1767 3350 1809 3375 der
1822 3348 1979 3383 klägerischen

1068 3389 1252 3423 Handelsfirma
1271 3388 1302 3422 sei
1320 3389 1368 3415 und
1387 3388 1434 3420 daß
1452 3395 1478 3414 er
1495 3387 1541 3413 mit
1557 3387 1608 3413 dem
1620 3386 1756 3421 Beklagten
1767 3387 1897 3422 gehandelt
1907 3387 1979 3422 habe.

1069 3430 1104 3457 Er
1121 3429 1184 3463 habe
1201 3429 1263 3461 nicht
1280 3427 1399 3460 bemerkt,
1425 3427 1473 3460 daß
1501 3426 1561 3454 eine,
1577 3426 1703 3458 besondere
1720 3427 1898 3463 Verabredung
1915 3429 1980 3461 nicht

1068 3470 1120 3497 dem
1138 3469 1269 3504 Platzufus
1293 3467 1412 3503 vorgehe,
1440 3467 1542 3499 sondern
1559 3473 1606 3493 nur
1625 3466 1762 3500 behauptet,
1780 3467 1844 3501 seine
1861 3467 1980 3496 Klienten

1068 3508 1154 3543 hätten
1182 3509 1316 3544 gegenüber
1342 3510 1395 3536 dem
1420 3507 1514 3542 Kläger
1541 3506 1575 3533 die
1603 3506 1740 3543 Erklärung
1768 3507 1920 3543 abgegeben,
1948 3508 1981 3544 sie

1069 3548 1166 3576 wollten
1192 3553 1219 3576 es
1237 3549 1300 3582 nicht
1327 3548 1350 3582 so
1368 3547 1482 3583 gehalten
1499 3545 1591 3579 wissen,
1613 3547 1671 3581 daß
1671 3547 1722 3581 erst
1740 3555 1814 3587 gegen
1833 3548 1980 3578 dreimonat¬

1069 3588 1124 3621 liche
1151 3589 1255 3616 Tratten
1283 3588 1376 3624 gezahlt
1403 3589 1487 3615 werde.
1523 3585 1572 3613 Die
1599 3588 1689 3614 andern
1710 3580 1791 3619 Käufe
1818 3587 1879 3619 seien
1905 3595 1980 3623 gegen

1070 3630 1103 3654 16
1115 3628 1201 3662 Tage,
1212 3628 1275 3661 nicht
1292 3636 1368 3663 gegen
1386 3628 1435 3655 drei
1448 3626 1552 3655 Monate
1570 3626 1675 3655 Tratten
1694 3627 1860 3664 abgeschlossen
1877 3630 1980 3655 worden.

1069 3667 1107 3695 Es
1125 3667 1182 3699 lasse
1201 3666 1242 3704 sich
1260 3668 1322 3701 nicht
1340 3667 1492 3701 annehmen,
1520 3666 1566 3699 daß
1583 3660 1645 3698 seine
1665 3667 1779 3695 Klienten
1798 3668 1877 3701 später
1894 3669 1982 3695 wieder

1069 3706 1115 3739 auf
1138 3707 1177 3733 die
1203 3706 1288 3740 früher
1314 3713 1361 3735 von
1388 3707 1460 3740 Ihnen
1488 3705 1649 3737 verworfenen
1678 3707 1862 3740 Propositionen
1889 3707 1981 3743 zurück¬

1069 3746 1205 3781 gekommen
1224 3746 1296 3779 seien.
1324 3746 1384 3779 Daß
1402 3746 1535 3778 mündliche
1552 3745 1723 3782 Bestellungen
1740 3748 1842 3781 nachher
1860 3748 1981 3781 schriftlich

1070 3785 1182 3820 abgefaßt
1195 3793 1223 3821 zu
1236 3788 1329 3813 werden
1342 3787 1442 3821 pflegen,
1456 3786 1489 3819 sei
1501 3785 1709 3820 klägerischerseits
1721 3789 1859 3823 zugegeben,
1872 3789 1981 3822 welchem

1068 3825 1198 3856 Umstande
1216 3826 1350 3860 gegenüber
1367 3828 1412 3854 das
1430 3826 1562 3856 mündliche
1578 3825 1690 3860 Zeugniß
1709 3829 1751 3854 der
1763 3828 1921 3862 Angestellten
1939 3831 1982 3856 des

1069 3865 1177 3899 Klägers
1196 3866 1257 3897 nicht
1276 3866 1424 3900 maßgebend
1453 3866 1500 3899 sein
1518 3865 1597 3892 könne.
1635 3866 1671 3894 Er
1689 3866 1750 3900 habe
1768 3867 1857 3901 sodann
1875 3876 1922 3895 nur
1940 3876 1981 3902 ge¬

1070 3904 1139 3939 sagt,
1167 3910 1236 3932 wenn
1263 3905 1326 3938 seine
1343 3906 1457 3933 Klienten
1485 3906 1523 3933 die
1541 3904 1711 3941 Bestellungen
1739 3915 1914 3943 angenommen
1931 3909 1981 3935 und

1070 3944 1130 3977 nicht
1150 3952 1176 3978 zu
1195 3945 1283 3976 rechter
1300 3945 1355 3976 Zeit
1374 3945 1485 3980 geliefert
1501 3945 1586 3978 haben,
1605 3945 1630 3977 so
1648 3949 1741 3974 werden
1760 3947 1790 3980 sie
1807 3947 1981 3982 ersatzpflichtig

1070 3982 1111 4015 für
1127 3983 1164 4010 die
1182 3983 1304 4019 Differenz
1331 3985 1440 4019 zwischen
1463 3987 1516 4012 dem
1535 3983 1607 4015 Preis
1626 3993 1666 4012 am
1686 3986 1913 4022 Lieferungstermin
1931 3989 1980 4014 und

1069 4023 1216 4058 demjenigen
1236 4032 1277 4051 am
1296 4024 1366 4059 Tage
1384 4027 1425 4052 der
1443 4024 1544 4057 wirklich
1563 4023 1716 4060 vollzogenen
1734 4026 1868 4061 Lieferung.

1122 4062 1182 4090 Das
1202 4063 1297 4098 Urtheil
1315 4064 1393 4092 lautet
1410 4064 1497 4096 dahin:

1124 4104 1153 4136 1)
1176 4102 1226 4130 Die
1239 4103 1319 4138 Klage
1337 4106 1414 4131 werde
1433 4105 1478 4131 mit
1490 4103 1573 4138 Bezug
1592 4104 1638 4137 auf
1654 4106 1691 4132 die
1710 4105 1765 4137 erste
1777 4106 1916 4140 Forderung
1934 4112 1982 4133 von

1177 4141 1230 4175 2½
1237 4142 1276 4176 %
1292 4144 1464 4180 gutgeheißen,
1489 4144 1533 4171 mit
1552 4143 1635 4179 Bezug
1659 4146 1706 4179 auf
1726 4147 1762 4174 die
1778 4147 1860 4182 zweite
1876 4148 1982 4181 dagegen

1178 4184 1334 4218 abgewiesen.

1125 4224 1155 4258 2)
1178 4224 1216 4251 Es
1234 4223 1311 4256 haben
1331 4225 1443 4257 demnach
1467 4224 1504 4252 die
1522 4222 1656 4258 Beklagten
1679 4233 1712 4257 an
1729 4226 1823 4261 Kläger
1841 4228 1891 4254 218
1910 4225 1982 4258 Frkn.

1177 4265 1213 4291 85
1231 4264 1281 4296 Rp.
1308 4264 1371 4298 nebst
1386 4264 1475 4299 Zinsen
1499 4264 1517 4291 à
1535 4266 1551 4290 6
1560 4263 1595 4296 %
1621 4270 1677 4293 vom
1702 4268 1744 4294 26.
1763 4267 1836 4299 April
1853 4269 1877 4294 d.
1895 4266 1924 4297 J.
1950 4274 1983 4293 an

1177 4311 1208 4339 zu
1226 4304 1347 4340 bezahlen.

2412 3225 2581 3257 Miscelle.

2108 3280 2159 3309 Die
2185 3281 2256 3315 durch
2283 3282 2329 3308 den
2355 3281 2493 3322 Altmeister
2518 3282 2637 3316 deutscher
2663 3283 2789 3320 Dichtung
2818 3284 2956 3317 unsterblich

2038 3327 2180 3362 gewordene
2197 3325 2346 3366 Bettina
2365 3324 2456 3367 erzählt
2483 3327 2518 3361 im
2538 3327 2629 3359 dritten
2645 3328 2720 3356 Band
2740 3329 2805 3364 ihrer
2821 3328 2907 3361 Briefe
2925 3336 2956 3356 an

2040 3371 2160 3410 Göthe,
2177 3359 2289 3411 derselbe
2289 3359 2367 3411 habe
2367 3359 2406 3411 sie
2425 3371 2515 3412 einmal
2532 3362 2639 3407 gefragt:
2668 3373 2746 3406 „Wer
2764 3373 2803 3407 ihr
2819 3375 2863 3401 den
2881 3372 2954 3405 ersten

2038 3416 2096 3449 Kuß
2114 3415 2219 3451 gegeben
2236 3414 2306 3449 habe,
2324 3414 2403 3455 dessen
2416 3414 2446 3445 sie
2464 3415 2506 3456 sich
2524 3417 2628 3457 deutlich
2643 3417 2770 3446 erinnere?
2780 3419 2795 3432 "
2831 3419 2885 3446 Und
2904 3425 2955 3445 nun

2041 3460 2132 3500 erzählt
2151 3459 2195 3492 sie,
2219 3460 2266 3487 das
2283 3459 2315 3492 sei
2325 3460 2357 3494 in
2373 3450 2508 3501 Offenbach
2526 3449 2655 3502 gewesen,
2655 3449 2706 3502 zur
2723 3462 2788 3495 Zeit,
2806 3463 2838 3490 da
2856 3462 2954 3494 Oester¬

2039 3505 2126 3543 reicher
2151 3504 2383 3538 („Rothmäntel")
2407 3506 2464 3534 und
2481 3504 2615 3544 Franzosen
2637 3505 2681 3544 sich
2704 3507 2731 3535 in
2756 3508 2806 3534 und
2829 3515 2871 3535 um
2894 3507 2956 3540 diese

2040 3549 2120 3579 Stadt
2145 3549 2290 3588 geschlagen.
2326 3548 2376 3577 Sie
2400 3542 2499 3584 beginnt
2517 3549 2584 3583 ihren
2600 3550 2701 3582 Bericht
2719 3553 2764 3579 des
2781 3551 2919 3580 Weiteren
2919 3551 2955 3580 an

2042 3593 2124 3628 Göthe
2142 3593 2187 3621 wie
2202 3591 2282 3626 folgt:

2113 3643 2179 3677 „Die
2206 3643 2325 3678 kräftigen
2341 3643 2459 3670 Stämme
2477 3645 2519 3672 der
2535 3644 2744 3679 Kastanienallee,
2768 3646 2814 3675 Du
2832 3646 2910 3680 kennst
2929 3645 2957 3679 sie

2042 3688 2120 3722 wohl!
2158 3688 2262 3722 Manche
2290 3688 2398 3715 Träume
2420 3687 2513 3719 Deiner
2529 3689 2723 3726 Frühlingstage
2752 3691 2876 3725 stotterten
2903 3691 2958 3718 dort

2041 3733 2088 3761 mit
2112 3734 2155 3760 der
2170 3732 2264 3766 jungen
2288 3731 2515 3767 Nachtigallenbrut
2541 3741 2582 3761 um
2607 3734 2644 3762 die
2662 3735 2763 3769 Wette,
2791 3736 2837 3764 wie
2862 3736 2898 3770 oft
2916 3735 2957 3767 bist

2042 3777 2088 3805 Du
2105 3777 2160 3804 dort
2185 3784 2218 3804 an
2235 3776 2362 3811 Liebchens
2380 3776 2442 3805 Arm
2465 3779 2517 3804 dem
2541 3778 2706 3813 aufgehenden
2723 3780 2806 3808 Mond
2830 3782 2955 3815 entgegen¬

2042 3821 2212 3857 geschlendert!
2248 3820 2296 3854 Ich
2322 3829 2380 3857 mag
2403 3822 2464 3855 nicht
2480 3823 2542 3850 dran
2559 3823 2659 3859 denken;
2688 3824 2734 3853 Du
2753 3825 2818 3857 wirst
2835 3825 2895 3858 Dich
2915 3826 2956 3851 der

2041 3866 2148 3900 heiteren
2167 3865 2308 3900 Aussichten
2331 3868 2379 3894 und
2403 3867 2445 3893 des
2462 3867 2632 3895 wimmelnden
2649 3868 2740 3897 Lebens
2759 3870 2806 3902 auf
2821 3871 2872 3896 dem
2890 3869 2957 3903 Fluß

2042 3918 2083 3937 am
2095 3910 2159 3945 Tag,
2177 3909 2254 3943 seiner
2265 3910 2465 3944 ruheflüsternden
2478 3911 2653 3948 Schilfgestade
2667 3914 2693 3941 in
2705 3918 2813 3942 warmen
2824 3913 2957 3942 Sommer¬

2042 3955 2142 3987 nächten
2167 3956 2215 3981 und
2239 3954 2316 3988 seiner
2338 3955 2450 3990 ringsum
2469 3955 2604 3991 blühenden
2623 3957 2734 3992 Gärten,
2755 3958 2865 3993 zwischen
2880 3959 2958 3985 denen

2043 3998 2084 4032 sich
2102 3999 2140 4026 die
2158 3999 2286 4032 reinlichen
2304 3999 2416 4033 Straßen
2435 4000 2586 4034 vertheilen,
2614 4003 2671 4036 noch
2691 4011 2735 4038 gar
2753 4002 2820 4036 wohl
2838 4003 2958 4035 erinnern,

2042 4045 2091 4070 und
2109 4044 2169 4077 auch
2187 4044 2263 4077 seiner
2280 4043 2483 4077 Bequemlichkeit
2499 4045 2541 4078 für
2557 4046 2638 4074 Deine
2648 4046 2957 4082 Liebesangelegenheiten.

2044 4108 2107 4116 ....
2126 4089 2180 4115 Und
2198 4096 2250 4115 nun
2269 4088 2360 4123 erzählt
2372 4088 2487 4123 Bettina,
2506 4090 2551 4117 wie
2568 4089 2607 4124 sie,
2624 4091 2709 4118 mitten
2727 4092 2754 4119 in
2771 4093 2816 4119 den
2829 4090 2957 4125 Schrecken

2044 4133 2110 4160 eines
2129 4133 2212 4167 Tages
2233 4134 2276 4160 des
2293 4132 2414 4166 Kampfes
2434 4135 2483 4161 und
2500 4135 2541 4161 der
2558 4134 2736 4171 Beschießung,
2755 4136 2870 4170 während
2886 4137 2958 4163 deren

2044 4185 2105 4212 ganz
2122 4176 2255 4211 Offenbach
2281 4177 2307 4204 in
2325 4178 2368 4205 den
2386 4177 2487 4206 Kellern
2505 4179 2546 4213 saß
2562 4181 2612 4206 und
2634 4179 2676 4213 sich
2701 4186 2746 4208 vor
2770 4180 2957 4215 einschlagenden

2043 4221 2158 4249 Bomben
2175 4222 2223 4248 und
2240 4221 2405 4254 plündernden
2424 4223 2600 4257 Rothmänteln
2619 4223 2744 4259 fürchtete,
2768 4225 2882 4259 während
2899 4223 2957 4256 auch

2043 4266 2083 4294 die
2100 4266 2264 4300 Großmutter
2292 4266 2326 4294 im
2344 4266 2427 4296 Keller
2454 4266 2492 4295 bei
2508 4267 2569 4301 Licht
2592 4268 2633 4303 ihr
2648 4269 2788 4302 Testament
2811 4268 2905 4303 schrieb,
2923 4282 2959 4288 —

2044 4311 2090 4338 wie
2117 4310 2148 4346 sie
2174 4312 2204 4337 da
2232 4310 2276 4343 erst
2302 4311 2348 4338 den
2374 4310 2477 4346 heiligen
2493 4311 2643 4348 Johannes,
2672 4314 2709 4342 ein
2726 4313 2808 4348 Bild,
2832 4317 2903 4347 „was
2920 4313 2958 4340 die
