2738 3484
289 78 593 124 Pränumeration.

230 151 519 186 Jährlich..........
530 153 593 180 .64
604 151 660 184 Btz.

229 188 396 223 Halbjährlich
412 210 531 219 .......
554 189 588 214 32
602 187 657 221 Btz.

250 558 539 599 Sonnabend

2180 76 2585 121 Insertions-Gebühren.

2163 150 2237 180 Die
2242 150 2310 181 Zeile
2332 152 2347 176 6
2365 149 2613 184 Zürcher-Kreuzer.

2169 187 2258 219 Briefe
2279 188 2331 215 und
2356 187 2451 218 Gelder
2476 181 2633 229 franco.

1283 553 1395 602 Nro.
1433 557 1527 606 94.

1936 555 2008 592 den
2036 555 2098 593 22.
2124 553 2382 595 November
2414 559 2551 599 1834.

877 688 990 723 (Druck
1019 687 1076 717 und
1107 687 1221 725 Verlag
1248 694 1303 715 von
1333 686 1457 722 Orell,
1487 685 1593 721 Füßli
1622 685 1681 715 und
1703 686 1958 725 Compagnie.)

461 833 756 869 Schweizerische
789 831 1159 869 Eidgenossenschaft.

267 875 389 907 Bern,
413 873 460 901 den
485 876 532 902 17.
556 873 634 903 Nov.
667 872 754 909 Heute
775 871 866 900 wurde
888 871 927 900 die
949 871 1106 902 ordentliche
1129 867 1334 904 Wintersitzung
1347 867 1394 897 des

222 915 321 953 großen
343 913 451 946 Rathes
473 911 552 945 durch
581 911 636 941 eine
663 911 740 941 Rede
759 910 806 940 des
827 910 900 947 Hrn.
922 909 1141 941 Landammanns
1169 908 1293 942 Meßmer
1316 904 1393 941 eröff¬

225 958 286 988 net,
319 951 405 980 worin
430 950 539 985 derselbe
561 951 615 980 eine
635 950 781 988 gedrängte
803 949 980 986 Darstellung
1013 949 1059 978 des
1080 947 1228 985 Zustandes
1249 947 1294 976 des
1317 946 1392 977 Kan¬

222 996 286 1022 tons
307 990 360 1019 und
383 991 437 1019 eine
466 989 609 1024 Uebersicht
629 990 673 1018 des
696 988 950 1026 Geschäftsganges
980 988 1109 1023 ertheilte.
1152 987 1204 1024 Hr.
1228 985 1392 1019 Schultheiß

223 1030 417 1062 Tscharner
445 1028 548 1062 stattete
568 1028 672 1063 hierauf
693 1028 766 1058 einen
788 1027 947 1057 detaillirten
972 1026 1158 1061 interessanten
1180 1025 1306 1061 Rapport
1328 1022 1392 1055 über

221 1070 270 1099 den
297 1068 452 1104 seitherigen
483 1067 701 1105 Geschäftsgang
729 1067 772 1096 der
801 1065 993 1098 verschiedenen
1021 1066 1229 1100 Departemente
1258 1064 1313 1093 und
1346 1063 1392 1093 des

226 1108 495 1144 Regierungsrathes
521 1107 574 1142 ab,
607 1113 658 1137 aus
680 1107 799 1138 welchem
821 1105 871 1134 wir
892 1103 938 1141 für
960 1105 1016 1139 jetzt
1036 1105 1096 1138 bloß
1119 1103 1236 1141 Einiges
1257 1103 1389 1138 ausheben

222 1145 342 1180 können,
378 1147 465 1176 indem
498 1146 549 1176 wir
578 1146 665 1180 später
695 1144 794 1180 darauf
815 1142 1057 1181 zurückzukommen
1080 1143 1218 1181 gedenken.
1262 1142 1319 1173 Ein
1341 1149 1391 1171 neu

220 1186 389 1217 bearbeiteter
417 1183 835 1223 Wirthschaftsgesetzesentwurf
866 1185 909 1216 soll
938 1185 1000 1218 noch
1029 1183 1057 1213 in
1085 1183 1165 1214 dieser
1186 1182 1305 1218 Sitzung
1334 1182 1391 1210 dem

219 1225 318 1263 großen
340 1225 429 1260 Rathe
452 1225 588 1263 vorgelegt
609 1225 726 1255 werden.
770 1223 855 1254 Nicht
883 1222 999 1260 weniger
1027 1223 1070 1253 als
1098 1225 1156 1253 720
1184 1221 1391 1256 Wirthsckafts¬

219 1266 346 1302 begehren
367 1264 433 1297 seien
455 1264 545 1297 bisher
566 1266 623 1293 dem
645 1263 898 1299 Regierungsrathe
920 1263 1089 1300 eingelangt,
1121 1267 1173 1290 von
1201 1259 1282 1290 denen
1307 1267 1390 1296 unge¬

219 1303 283 1339 fähr
302 1305 360 1334 300
382 1303 422 1332 die
445 1303 634 1340 Bewilligung
656 1302 760 1336 ertheilt
788 1301 890 1331 wurde.
934 1302 1008 1334 Auch
1034 1302 1091 1330 eine
1112 1293 1390 1335 Medizinalordnung

220 1344 264 1377 soll
294 1344 355 1372 noch
386 1343 413 1371 in
445 1342 522 1374 dieser
551 1342 670 1379 Sitzung
701 1342 824 1375 berathen
855 1338 971 1369 werden.
1014 1339 1137 1377 Ziemlich
1159 1336 1324 1374 ausführlich
1347 1339 1391 1367 be¬

219 1380 309 1415 rührte
330 1383 383 1420 Hr.
409 1381 573 1414 Schultheiß
597 1380 785 1414 Tscharner
807 1379 847 1408 die
870 1379 1207 1416 Notenangelegenheiten.
1250 1377 1314 1407 Mit
1336 1378 1389 1408 Be¬

218 1420 316 1451 dauern
340 1420 403 1455 habe
426 1429 487 1450 man
508 1421 694 1455 wahrnehmen
716 1417 832 1454 müssen,
857 1419 908 1454 daß
929 1419 974 1448 der
998 1419 1103 1448 Vorort
1125 1417 1174 1447 das
1195 1417 1262 1450 letzte
1277 1417 1389 1451 Schrei¬

220 1460 268 1490 ben
291 1460 335 1488 des
357 1460 644 1497 Regierungsrathts,
667 1458 709 1488 die
722 1455 1153 1496 Steinhölzlein-Angelegenheit
1169 1455 1323 1492 betreffend,
1345 1456 1388 1484 als

217 1502 260 1529 ein
289 1499 394 1531 Gesuch
423 1507 467 1528 um
496 1499 560 1532 seine
583 1499 786 1534 Vermittelung
809 1498 956 1528 betrachten
984 1497 1082 1532 wolle,
1116 1496 1241 1529 während
1273 1494 1389 1529 dasselbe

218 1547 287 1574 nur,
316 1537 386 1573 kraft
410 1538 491 1570 seiner
512 1537 740 1574 Verpflichtung,
771 1535 954 1573 aufgeforderl
976 1535 1087 1569 wurde,
1111 1535 1152 1565 die
1169 1534 1335 1571 Thatsachen
1348 1534 1388 1564 bei

217 1577 293 1612 jenen
315 1578 480 1607 Kabinetten
503 1584 534 1612 zu
557 1577 716 1613 berichtigen
738 1576 792 1605 und
814 1575 854 1605 die
876 1576 1073 1613 Gesinnungen
1096 1573 1140 1604 der
1160 1573 1321 1610 Regierung
1335 1581 1387 1602 von

218 1620 294 1647 Bern
317 1616 343 1644 in
366 1617 448 1650 ihrem
472 1617 576 1649 wahren
601 1616 684 1647 Lichte
707 1615 893 1652 darzustellen.
936 1615 1012 1649 Auch
1034 1614 1097 1649 habe
1120 1613 1165 1643 der
1187 1613 1292 1643 Vorort
1312 1612 1387 1649 sogar

216 1657 243 1685 in
264 1656 345 1688 seiner
366 1656 497 1686 Antwort
518 1654 558 1683 die
579 1654 771 1692 Forderungen
794 1654 836 1683 der
856 1653 1032 1689 Diplomatie
1052 1661 1089 1683 an
1100 1654 1176 1684 Bern
1193 1651 1316 1689 gebilligt
1334 1650 1387 1680 und

218 1696 274 1724 dem
305 1692 521 1725 österreichischen
552 1694 709 1727 Gesandten
736 1697 935 1729 geantwortet,
970 1692 1021 1724 daß
1048 1695 1077 1721 es
1105 1692 1146 1721 die
1168 1691 1259 1722 Sache
1288 1690 1386 1719 keines¬

214 1737 288 1769 wegs
308 1733 351 1760 als
373 1732 485 1769 erledigt
506 1732 607 1764 ansehe.
664 1735 725 1761 Aus
755 1733 844 1762 Allem
873 1731 964 1765 diesem
995 1732 1056 1769 gehe
1077 1732 1141 1759 aber
1162 1729 1276 1767 ziemlich
1300 1730 1386 1765 wahr¬

214 1771 344 1802 scheinlich
368 1775 478 1803 bervor,
502 1770 552 1803 daß
574 1770 619 1799 der
639 1771 747 1800 Vorort
769 1772 850 1800 durch
869 1771 935 1803 seine
957 1773 1087 1801 Antwort
1112 1778 1147 1799 an
1169 1769 1207 1798 die
1223 1765 1387 1805 Regierung

216 1817 266 1838 von
283 1811 358 1840 Bern
382 1817 432 1837 nur
455 1809 600 1844 bezwecken
623 1811 721 1843 wollte,
746 1807 796 1843 daß
820 1810 866 1841 sich
890 1810 1008 1845 dieselbe,
1032 1809 1100 1845 ihrer
1121 1811 1164 1838 am
1186 1811 1234 1837 22.
1251 1807 1317 1842 Juli
1338 1807 1387 1842 auf

214 1850 257 1877 der
280 1849 446 1884 Tagsatzung
469 1849 518 1877 mit
539 1848 581 1875 der
603 1846 773 1882 Minderheit
800 1849 982 1885 abgegebenen
1006 1847 1164 1883 Erklärung
1191 1846 1326 1884 zuwider,
1350 1854 1385 1875 an

214 1888 252 1917 die
273 1887 402 1923 damalige
425 1886 565 1921 Mehrheit
586 1886 745 1921 anschließen
767 1886 837 1920 solle.
891 1888 940 1918 Da
969 1894 1024 1916 nun
1053 1889 1115 1916 nach
1146 1886 1238 1919 solcher
1263 1885 1384 1920 Verfah¬

212 1926 374 1963 rungsweise
407 1926 453 1954 des
486 1927 620 1956 Vorortes
650 1926 719 1957 wohl
741 1925 811 1955 keine
833 1925 920 1962 Hülfe
940 1925 995 1956 und
1019 1922 1219 1961 Unterstützung
1240 1931 1292 1953 von
1314 1925 1382 1952 dem¬

213 1967 296 2000 selben
318 1974 349 2001 zu
370 1968 504 1994 erwarten
525 1964 576 1998 sei,
599 1964 624 1998 so
645 1964 729 1993 werde
744 1964 821 1994 Bern
844 1972 898 1994 nun
921 1964 1131 2000 wahrscheinlich
1156 1963 1223 1993 nicht
1244 1965 1313 1998 mehr
1335 1963 1383 1992 mit

213 2004 354 2039 demselben
376 2002 438 2033 über
459 2004 521 2036 diese
544 2004 755 2039 Angelegenheit
776 2003 1005 2038 korrespondiren,
1038 2002 1147 2038 sondern
1177 2002 1209 2038 sie
1240 2002 1284 2031 als
1306 2003 1382 2033 Kan¬

213 2044 359 2077 tonalsache
381 2044 536 2077 behandeln.
582 2042 805 2077 Wahrscheinlich
822 2043 907 2071 werde
921 2051 982 2072 man
997 2043 1061 2074 auch
1077 2041 1184 2075 sowohl
1184 2041 1247 2075 dem
1265 2041 1380 2078 schweiz.

213 2081 452 2118 Geschäftsträger
477 2083 506 2111 in
526 2081 609 2110 Wien
630 2083 673 2110 als
694 2082 722 2111 in
743 2082 829 2117 Paris
850 2083 892 2111 ein
916 2081 1064 2112 Memorial
1086 2088 1119 2118 zu
1141 2080 1255 2117 Handen
1277 2080 1320 2110 der
1342 2081 1382 2109 be¬

212 2122 356 2159 treffenden
378 2119 451 2158 Höfe
472 2120 617 2157 zusenden,
639 2121 725 2151 worin
749 2122 796 2150 das
817 2120 996 2156 Benehmen,
1019 2119 1058 2149 die
1081 2120 1245 2154 Grundsätze
1267 2120 1321 2149 und
1344 2119 1383 2149 die

210 2160 455 2199 Handlungsweise
484 2159 526 2189 der
555 2159 714 2197 Regierung
743 2168 794 2190 von
825 2160 903 2190 Bern
924 2157 1092 2193 ausführlich
1118 2159 1383 2195 auseinandergesetzt

209 2202 289 2233 seien.
330 2199 493 2236 Hoffentlich
517 2198 600 2227 werde
622 2197 700 2232 dieses
723 2198 762 2228 die
783 2199 924 2235 daherigen
945 2197 1202 2231 Mißverständnisse
1223 2198 1304 2232 heben
1326 2198 1382 2226 und

212 2241 251 2270 die
264 2240 427 2276 Regierung
450 2237 612 2274 hinlänglich
634 2238 830 2275 rechtfertigen.
874 2238 969 2269 Sollte
984 2237 1050 2270 auch
1074 2235 1154 2270 dieses
1170 2236 1239 2268 nicht
1261 2237 1305 2265 der
1320 2236 1380 2271 Fall

209 2280 280 2314 sein,
303 2279 328 2311 so
349 2276 427 2310 tröste
448 2277 499 2311 sich
521 2277 561 2306 die
582 2276 741 2315 Regierung
763 2277 810 2307 mit
834 2276 890 2306 dem
911 2275 1105 2309 Bewußtsein,
1131 2275 1185 2308 ihre
1208 2275 1312 2311 Pflicht
1328 2275 1380 2304 und

208 2318 256 2346 den
278 2317 380 2347 Willen
404 2318 474 2352 ihres
497 2315 600 2346 Volkes
621 2319 720 2353 gethan
751 2324 783 2351 zu
811 2317 914 2352 haben;
947 2319 1010 2345 auch
1043 2314 1107 2349 habe
1140 2315 1215 2345 Bern
1244 2313 1380 2349 allenfalls

209 2357 271 2386 noch
294 2355 464 2392 mächtige
487 2355 611 2389 Freunde
632 2356 686 2385 und
709 2354 824 2392 Stützen
845 2356 873 2386 in
895 2356 948 2384 und
970 2352 1075 2387 außer
1098 2352 1154 2382 der
1175 2352 1379 2389 Eidgenos¬

207 2393 400 2429 senschaft.
452 2394 599 2432 Uebrigens
631 2394 716 2423 werde
752 2395 829 2426 Bern
864 2394 913 2431 fest
946 2394 987 2425 bei
1022 2393 1105 2427 seinen
1141 2392 1377 2429 ausgesprochenen

206 2430 410 2467 Grundsätzen,
434 2432 471 2461 im
495 2433 587 2463 Sinne
611 2431 655 2462 der
677 2433 864 2472 Verfassung,
894 2435 1038 2471 beharren,
1067 2431 1121 2461 und
1145 2431 1193 2466 sich
1215 2431 1377 2467 keineswegs

205 2472 284 2505 durch
307 2469 357 2498 das
376 2470 547 2506 Geschimpfe
570 2472 654 2501 beider
676 2473 825 2508 Parteien,
860 2481 938 2503 wenn
968 2478 996 2501 es
1026 2471 1096 2507 nicht
1123 2471 1215 2501 immer
1245 2474 1307 2503 nach
1330 2470 1376 2499 den

204 2511 294 2547 Ideen
317 2508 416 2544 einiger
438 2508 655 2544 Querköpfe
675 2511 777 2549 ginge,
800 2512 850 2542 irre
872 2515 977 2542 machen
999 2511 1090 2546 lassen.

245 2563 284 2571 —
325 2550 377 2576 Am
402 2548 450 2576 15.
474 2548 552 2576 Nov.
576 2551 647 2579 hatte
670 2550 709 2578 die
726 2551 856 2585 feierliche
872 2549 1034 2588 Eröffnung
1049 2550 1092 2580 der
1106 2548 1263 2586 Hochschule
1279 2548 1374 2579 Statt.

202 2588 281 2622 Trotz
312 2586 356 2615 der
385 2585 472 2615 kalten
506 2585 667 2623 Witterung
696 2590 770 2623 hatte
795 2591 845 2624 sich
869 2591 911 2621 ein
935 2590 1093 2626 zahlreiches
1114 2588 1263 2624 Publikum
1286 2587 1312 2616 in
1335 2586 1376 2617 der

204 2628 266 2661 heil.
290 2625 452 2659 Geistkirche
473 2624 660 2662 eingefunden.
703 2628 780 2659 Auch
803 2629 888 2665 einige
901 2627 1065 2665 Mitglieder
1081 2631 1127 2657 des
1142 2626 1241 2664 großen
1257 2626 1375 2660 Rathes,

201 2667 245 2697 der
266 2666 526 2703 Regierungsrath,
557 2664 607 2692 das
629 2664 804 2701 Obergericht
826 2668 882 2696 und
903 2668 997 2696 andere
1019 2664 1164 2703 Behörden
1187 2668 1311 2701 wohnten
1334 2667 1377 2694 der

202 2706 279 2740 Feier
300 2704 350 2734 bei.
395 2703 467 2734 Eine
488 2703 664 2739 Symphonie
684 2702 809 2740 eröffnete
830 2705 947 2739 dieselbe.
1000 2705 1126 2738 Nachher
1154 2706 1217 2740 hielt
1240 2704 1283 2734 der
1304 2703 1374 2739 Prä¬

201 2743 284 2776 sident
305 2743 351 2772 des
373 2742 767 2780 Erziehungsdepartements,
799 2745 872 2781 Herr
900 2743 1142 2781 Regierungsrath
1173 2744 1374 2779 Neuhaus,

201 2781 258 2808 eine
288 2781 344 2810 dem
376 2781 567 2818 Gegenstande
597 2778 717 2819 würdige
748 2783 803 2811 und
833 2781 991 2819 gehaltvolle
1026 2781 1102 2812 Rede
1132 2782 1160 2811 in
1191 2780 1375 2818 französischer

201 2818 346 2853 Sprache,
378 2821 433 2848 und
454 2818 572 2858 übergab
592 2828 647 2850 nun
670 2821 726 2849 dem
747 2820 870 2854 Rektor,
898 2820 983 2856 Prof.
1012 2820 1145 2855 Wilhelm
1165 2820 1296 2854 Snell,
1335 2820 1373 2849 die

202 2855 479 2893 Stiftungsurkunde
501 2859 543 2889 der
565 2860 740 2897 Hochschule,
770 2862 877 2893 welcher
896 2860 982 2896 einige
1003 2858 1125 2892 herrliche
1146 2857 1202 2887 und
1223 2859 1373 2896 begeisterte

199 2896 297 2926 Worte
318 2895 354 2923 im
376 2896 496 2927 Namen
496 2896 552 2927 der
574 2899 746 2934 Professoren
768 2899 823 2930 und
845 2899 938 2935 Lehrer
958 2899 1058 2933 sprach.
1109 2897 1187 2929 Nach
1208 2897 1291 2926 einem
1313 2898 1370 2930 Ge¬

197 2936 278 2971 sange
298 2934 363 2971 hielt
382 2934 488 2969 hierauf
508 2936 562 2972 Hr.
585 2937 670 2973 Prof.
693 2938 834 2975 Troxler,
861 2940 920 2968 dem
948 2938 1003 2974 ihm
1025 2936 1160 2972 ertheillen
1176 2935 1313 2972 Auftrage
1327 2943 1371 2972 ge¬

199 2973 280 3008 mäß,
315 2972 355 3001 die
376 2973 532 3009 eigentliche
550 2974 791 3014 Inauguralrede,
827 2985 923 3009 wovon
944 2977 994 3006 wir
1015 2975 1095 3013 aber,
1129 2975 1163 3004 da
1191 2973 1234 3004 der
1262 2974 1371 3006 Redner

198 3014 250 3043 mit
270 3011 439 3049 gedämpfter
461 3012 587 3042 Stimme
606 3014 712 3050 sprach,
735 3017 813 3047 leider
829 3018 901 3048 nicht
914 3016 966 3047 viel
980 3015 1112 3053 verstehen
1125 3014 1251 3045 konnten.
1294 3014 1370 3048 Sehr

198 3050 335 3089 schlagend
356 3050 473 3085 schienen
494 3050 564 3082 uns
564 3050 614 3082 die
633 3053 748 3090 Worte,
781 3057 830 3086 mit
851 3056 934 3086 denen
954 3054 1065 3089 derselbe
1085 3054 1152 3089 seine
1172 3052 1247 3085 Rede
1268 3053 1368 3088 schloß,

195 3091 285 3123 indem
306 3098 331 3120 er
354 3088 467 3122 nämlich
488 3089 530 3120 die
550 3097 611 3119 vom
626 3089 761 3124 deutschen
779 3095 880 3126 Bunde
893 3095 1116 3133 ausgesprochene
1130 3095 1201 3129 Acht
1215 3093 1270 3123 und
1285 3095 1369 3125 Bann

194 3130 260 3162 über
281 3130 329 3161 das
353 3129 417 3164 noch
439 3128 511 3163 nicht
531 3128 645 3167 geborne
661 3130 796 3163 Kindlein
818 3134 942 3170 berührte
962 3133 1019 3165 und
1046 3134 1142 3171 sagte:
1175 3134 1292 3171 „Herr,
1313 3139 1371 3162 ver¬

192 3172 266 3208 zeihe
288 3170 386 3206 ihnen,
408 3168 479 3197 denn
501 3167 534 3204 sie
554 3168 644 3202 wissen
666 3168 736 3199 nicht
757 3177 816 3200 was
838 3172 871 3207 sie
893 3174 997 3207 thun."
1040 3173 1102 3204 Mit
1115 3172 1249 3208 Mozarts
1263 3172 1370 3203 Ouver¬

192 3210 253 3240 türe
273 3217 307 3246 zu
328 3207 459 3245 Figaro's
479 3208 607 3244 Hochzeit
633 3215 689 3237 war
713 3208 757 3238 die
785 3209 861 3244 Feier
886 3211 1029 3250 beendigt.
1070 3211 1131 3243 Ein
1153 3211 1368 3250 Mittagsmahl,

192 3249 305 3283 welches
325 3248 368 3278 die
386 3240 559 3284 Professoren
582 3246 637 3277 und
657 3247 750 3283 Lehrer
771 3252 850 3279 unter
871 3249 921 3284 sich
942 3249 1114 3283 veranstaltet
1132 3251 1245 3285 hatten,
1271 3250 1300 3284 so
1321 3250 1371 3279 wie

191 3288 236 3318 ein
263 3295 316 3319 von
343 3286 393 3317 den
418 3285 609 3318 Studirenden
636 3287 800 3326 arrangirter
817 3287 891 3320 Ball
912 3288 949 3319 im
968 3288 1073 3322 Kasino
1093 3289 1213 3324 schlossen
1234 3289 1275 3320 die
1297 3287 1369 3324 Fest¬

190 3326 294 3364 lichkeit
314 3326 362 3357 des
383 3327 492 3365 Tages.
958 3327 1075 3363 (Schw.
1098 3327 1292 3363 Beobachter.)

1476 843 1508 850 —
1550 828 1603 864 Im
1625 830 1763 866 Schweiz.
1786 830 1952 865 Beobachter
1982 831 2044 861 liest
2073 840 2133 863 man
2163 835 2208 864 als
2239 835 2352 870 Inserat
2380 836 2504 875 folgende
2525 838 2600 869 Mit¬

1435 867 1556 906 theilung
1569 876 1578 897 :

1740 907 2017 944 „Preßfreiheit
2046 911 2113 940 und
2144 910 2293 943 Tortur.

1473 946 1540 975 Von
1562 945 1616 974 dem
1641 945 1792 982 Verfahren
1813 947 1882 977 einer
1903 948 2017 986 hiesigen
2040 948 2163 985 Behörde
2185 951 2322 989 folgendes
2344 951 2505 989 Pröbchen:

1472 985 1526 1014 Am
1548 984 1596 1013 14.
1619 984 1648 1014 d.
1662 985 1711 1015 M.
1734 986 1825 1015 wurde
1845 986 1882 1021 ich
1904 995 1937 1022 zu
1952 987 2007 1017 dem
2021 988 2110 1025 Herrn
2126 989 2452 1028 Regierungsstatthalter
2472 991 2599 1026 Roschi

1432 1023 1521 1056 citirt,
1544 1025 1598 1053 und
1618 1031 1671 1054 von
1693 1024 1834 1058 demselben
1855 1025 1977 1063 befragt:
2010 1035 2068 1057 wen
2095 1028 2132 1061 ich
2161 1033 2240 1059 unter
2261 1029 2318 1060 dem
2339 1029 2518 1069 berüchtigten
2540 1033 2599 1067 Po¬

1433 1062 1637 1100 lizeiyhäuptling
1666 1064 1692 1093 in
1720 1065 1762 1093 der
1792 1064 1864 1094 Nro.
1887 1067 1923 1095 91
1955 1066 2002 1095 des
2023 1066 2241 1103 Volksfreundes
2262 1069 2399 1106 verstehe?
2436 1071 2498 1107 Auf
2517 1071 2603 1104 meine

1432 1101 1615 1137 wiederholten
1637 1102 1865 1141 Vorstellungen,
1901 1104 1953 1139 daß
1974 1106 2022 1134 das
2044 1105 2151 1141 Gesetz,
2189 1110 2251 1140 nach
2280 1107 2400 1139 welchem
2428 1118 2490 1140 man
2512 1117 2599 1149 gegen

1431 1142 1495 1173 mich
1528 1141 1674 1178 gerichtlich
1702 1142 1867 1176 einschreiten
1899 1151 1933 1179 zu
1964 1142 2065 1175 können
2097 1145 2213 1183 glaube,
2250 1147 2277 1176 in
2308 1148 2504 1185 vorliegendem
2536 1149 2600 1185 Fall

1431 1180 1563 1210 durchaus
1585 1180 1655 1213 nicht
1675 1183 1856 1218 auzuwenden
1880 1182 1932 1217 sei,
1968 1183 2054 1212 indem
2084 1184 2119 1217 ich
2143 1184 2212 1215 keine
2239 1186 2381 1217 bestimmte
2404 1186 2600 1224 eidgenössische

1430 1217 1556 1255 Behörde
1578 1219 1638 1250 oder
1659 1221 1761 1256 Person
1784 1221 1833 1250 mit
1853 1220 1944 1254 diesem
1966 1222 2118 1253 Ausdrucke
2141 1225 2284 1260 bezeichnet
2304 1225 2389 1261 habe,
2412 1227 2524 1260 sondern
2540 1228 2597 1257 der¬

1430 1258 1491 1292 selbe
1515 1258 1694 1293 unbestimmt,
1705 1260 1758 1289 und
1781 1260 1921 1296 allgemein
1943 1263 2066 1299 gehalten
2089 1263 2139 1299 sei,
2175 1263 2266 1299 drohte
2295 1272 2357 1294 man
2380 1266 2430 1295 mir
2451 1267 2501 1296 mit
2523 1266 2598 1297 Ver¬

1430 1298 1557 1334 haftung.
1601 1298 1736 1328 Nachdem
1758 1299 1797 1334 ich
1819 1298 1945 1336 erklärte,
1977 1300 2026 1336 daß
2054 1301 2092 1337 ich
2113 1302 2177 1337 mich
2200 1303 2244 1332 der
2266 1303 2447 1343 Anwendung
2470 1305 2514 1335 der
2536 1305 2597 1337 Ge¬

1430 1339 1494 1367 walt
1515 1342 1582 1371 ohne
1605 1337 1774 1372 Widerstand
1795 1339 1980 1375 unterziehen,
2015 1341 2077 1370 aber
2107 1341 2163 1371 dem
2194 1341 2282 1371 Volke
2312 1339 2443 1378 öffentlich
2473 1344 2594 1380 erzählen

1431 1375 1540 1410 würde,
1562 1378 1653 1410 welche
1675 1375 1946 1412 Willkührlichkeiten
1967 1379 2016 1413 sich
2038 1379 2103 1415 diese
2123 1378 2248 1413 Behörde
2270 1380 2394 1416 erlaube,
2418 1382 2469 1416 daß
2484 1383 2522 1414 ich
2536 1390 2596 1413 ver¬

1429 1416 1519 1454 langte
1541 1416 1589 1445 das
1610 1415 1810 1453 gegenwärtige
1830 1417 1970 1452 Protokoll
1999 1418 2058 1453 solle
2088 1419 2195 1457 sogleich
2217 1419 2244 1449 in
2266 1419 2313 1450 den
2337 1421 2476 1458 Schweiz.
2499 1422 2594 1453 Beob¬

1428 1457 1511 1488 achter
1533 1454 1593 1489 auf
1602 1456 1684 1485 meine
1704 1456 1803 1487 Kosten
1824 1455 1949 1493 inserirt,
1976 1458 2001 1490 so
2021 1458 2072 1487 wie
2094 1459 2135 1488 ein
2157 1458 2242 1494 Brief
2263 1466 2297 1489 an
2318 1461 2391 1489 einen
2416 1460 2525 1496 Freund
2546 1462 2595 1491 ab¬

1427 1495 1541 1533 gegeben
1570 1495 1673 1524 werden
1701 1497 1772 1530 (was
1800 1495 1878 1530 indeß
1904 1496 1992 1526 beides
2021 1497 2093 1533 nicht
2122 1497 2263 1536 geschah),
2299 1498 2387 1529 wurde
2416 1501 2453 1535 ich
2484 1500 2513 1530 in
2544 1499 2593 1531 den

1428 1535 1604 1571 sogenannten
1625 1532 1812 1569 Käfichthurm
1833 1533 1977 1572 geführt.

1449 1572 1529 1603 Mit
1557 1572 1667 1608 rohester
1695 1573 1902 1611 Geschäftigkeit
1924 1573 2088 1609 durchsuchte
2108 1583 2169 1605 man
2191 1576 2274 1606 meine
2295 1576 2412 1609 Taschen
2433 1576 2489 1607 und
2511 1578 2592 1613 nahm

1427 1611 1478 1641 mir
1498 1611 1588 1641 Alles.
1629 1611 1704 1642 Man
1726 1612 1820 1650 sperrte
1842 1613 1904 1645 mich
1927 1613 1955 1643 in
1977 1613 2050 1644 einen
2072 1614 2187 1650 Kerker,
2216 1623 2301 1654 gegen
2322 1615 2372 1645 den
2388 1615 2441 1645 das
2463 1615 2593 1652 Gefäng¬

1428 1650 1484 1684 niß
1494 1650 1521 1681 in
1543 1651 1597 1680 der
1597 1651 1730 1680 Berliner
1750 1651 1942 1690 Stadtvogtei,
1964 1652 1992 1681 in
2014 1654 2135 1684 welchem
2155 1652 2194 1688 ich
2215 1652 2309 1691 gerade
2329 1661 2377 1685 vor
2398 1654 2481 1684 einem
2502 1655 2593 1691 Jahre

1427 1698 1516 1726 wegen
1540 1689 1691 1722 Verdachts
1711 1689 1754 1719 der
1774 1689 1952 1726 Theilnahme
1971 1698 2006 1720 an
2033 1692 2185 1728 politischen
2212 1692 2426 1730 Verbindungen
2455 1694 2517 1728 saß,
2549 1694 2592 1724 ein

1426 1728 1589 1765 wahrhaftes
1611 1728 1735 1765 Elysium
1756 1728 1799 1761 ist.
1848 1729 1910 1765 Fast
1931 1737 2000 1767 ganz
2021 1730 2128 1766 finster,
2159 1738 2216 1762 von
2236 1728 2332 1763 einem
2332 1728 2479 1763 tödtenden
2501 1732 2594 1763 Geru¬

1426 1770 1467 1802 che
1488 1766 1634 1805 angefüllt,
1655 1769 1770 1803 machten
1793 1767 1848 1797 eine
1866 1770 1952 1800 Bank
1973 1769 2027 1799 und
2049 1771 2105 1800 eine
2127 1770 2275 1807 schmutzige
2296 1766 2428 1808 Matratze
2446 1771 2489 1802 die
2510 1772 2591 1809 einzi¬

1426 1816 1477 1846 gen
1499 1804 1615 1839 Möbeln
1637 1807 1717 1842 dieses
1738 1806 1892 1843 gräulichen
1918 1808 2014 1844 Loches
2034 1812 2098 1839 aus.
2153 1809 2215 1841 Der
2245 1810 2344 1840 Boden
2373 1811 2512 1840 wimmelte
2540 1817 2591 1840 von

1427 1847 1591 1886 Ungeziefer.
1636 1847 1707 1879 Eine
1728 1845 1856 1882 Gestalt,
1877 1851 1949 1881 mehr
1969 1848 2050 1878 einem
2072 1847 2179 1880 Todten
2202 1850 2243 1879 als
2266 1850 2347 1879 einem
2369 1849 2502 1881 Lebenden
2523 1848 2592 1883 ähn¬

1425 1887 1491 1920 lich,
1525 1887 1566 1919 saß
1586 1885 1636 1920 auf
1657 1885 1701 1914 der
1722 1885 1804 1916 Bank
1826 1894 1867 1915 am
1888 1886 1982 1923 Ofen,
2015 1885 2069 1916 und
2099 1887 2209 1917 wärmte
2230 1887 2271 1917 die
2290 1887 2446 1923 erstarrten,
2479 1888 2591 1918 kranken

1424 1924 1547 1957 Glieder.
1601 1924 1696 1958 Dieser
1726 1922 1904 1961 Unglückliche
1931 1926 2093 1959 schmachtete
2119 1934 2209 1962 wegen
2236 1925 2391 1961 Verdachts
2421 1927 2465 1957 der
2487 1927 2593 1963 Falsch¬

1423 1962 1570 2000 münzerei;
1594 1964 1641 1992 mit
1663 1963 1745 1993 einem
1767 1964 1862 1995 solchen
1885 1964 1981 1997 sperrte
2003 1971 2065 1993 man
2089 1964 2152 1996 mich
2174 1965 2336 2002 zusammen,
2360 1966 2415 1995 und
2436 1966 2486 1995 das
2500 1967 2590 2008 Alles,

1423 2003 1483 2033 weil
1504 2004 1540 2032 ich
1563 2004 1613 2033 mir
1633 2002 1790 2032 einbildete:
1826 2003 1860 2032 in
1889 2003 1947 2034 der
1974 2003 2159 2039 Republik
2186 2004 2288 2035 Bern
2318 2005 2365 2039 sei
2392 2004 2446 2035 die
2468 2005 2592 2040 Presse

1424 2044 1497 2074 noch
1519 2041 1602 2077 frei.
1643 2041 1720 2074 Nach
1741 2041 1826 2070 vielen
1847 2042 2024 2078 vergeblichen
2047 2042 2143 2074 Bitten
2165 2044 2262 2081 gelang
2285 2046 2314 2073 es
2333 2044 2385 2074 mir
2406 2042 2522 2081 endlich,
2546 2044 2592 2074 der

1423 2082 1542 2117 Rohheit
1563 2081 1608 2110 des
1630 2080 1851 2115 unmenschlichen
1879 2081 2142 2118 Gefangenwärters
2165 2082 2442 2115 Schreibmaterialien
2465 2083 2590 2120 abzubet¬

1423 2121 1488 2150 teln.
1532 2121 1584 2155 Ich
1606 2119 1700 2153 schrieb
1726 2126 1759 2148 an
1782 2120 1830 2149 den
1858 2119 2183 2158 Regierungsstatthalter
2205 2122 2346 2156 Roschi,
2381 2122 2433 2158 daß
2452 2123 2511 2159 ich,
2544 2129 2588 2159 ge¬

1423 2167 1555 2196 zwungen
1576 2158 1653 2191 durch
1676 2158 1715 2188 die
1736 2158 1869 2194 Qualen,
1903 2164 1979 2188 unter
2001 2162 2082 2189 denen
2104 2159 2140 2194 ich
2163 2159 2247 2196 leide,
2273 2161 2317 2196 ihn
2339 2162 2382 2190 als
2404 2162 2444 2191 die
2465 2161 2591 2199 fragliche

1422 2199 1522 2233 Person
1546 2198 1662 2236 angeben
1685 2197 1774 2233 wolle;
1806 2198 1847 2228 ein
1870 2197 1965 2231 solches
1987 2198 2161 2232 Geständniß
2182 2195 2299 2229 könnten
2321 2199 2374 2230 mir
2393 2200 2454 2231 aber
2477 2208 2529 2231 nur
2550 2199 2590 2231 die

1423 2238 1567 2270 Martern,
1601 2237 1690 2269 welche
1710 2244 1771 2266 man
1794 2244 1876 2275 gegen
1899 2237 1964 2267 mich
1985 2237 2127 2272 auwende,
2161 2239 2322 2274 auspressen.
2373 2242 2427 2269 Am
2447 2238 2588 2281 folgenden

1422 2276 1516 2306 Abend
1539 2274 1634 2312 öffnete
1656 2276 1702 2310 sich
1724 2274 1823 2308 endlich
1846 2276 1884 2306 die
1906 2274 2001 2311 Thüre
2022 2277 2066 2306 des
2078 2276 2207 2313 Kerkers,
2230 2277 2286 2308 und
2308 2278 2345 2311 ich
2368 2278 2457 2308 wurde
2478 2286 2512 2314 zu
2532 2278 2589 2307 dem

1422 2315 1730 2351 Gerichtspräsidenten,
1751 2314 1841 2352 Herrn
1862 2315 2075 2354 Balsinger,
2098 2314 2216 2353 geführt.
2259 2317 2368 2352 Diesem
2383 2318 2503 2352 Manne,
2521 2317 2591 2346 wel¬

1421 2357 1476 2385 cher
1498 2355 1562 2389 mich
1585 2355 1645 2388 nach
1668 2355 1750 2384 einem
1770 2353 2006 2391 aufgenommenen
2028 2355 2185 2390 Protokoll,
2222 2356 2306 2386 worin
2337 2356 2376 2392 ich
2407 2356 2500 2394 obiges
2531 2358 2589 2388 Ge¬

1420 2392 1543 2426 ständniß
1573 2394 1616 2422 als
1643 2392 1721 2426 durch
1745 2394 1929 2431 Anwendung
1953 2394 2021 2424 einer
2042 2394 2200 2427 künstlichen
2223 2394 2326 2427 Tortur
2347 2394 2510 2433 ausgepreßt
2531 2393 2587 2425 und

1418 2431 1495 2466 somit
1513 2430 1560 2467 für
1582 2430 1709 2470 ungültig
1731 2432 1858 2466 erklärte,
1888 2431 2017 2470 übrigens
2046 2441 2091 2462 um
2118 2434 2161 2463 der
2189 2433 2268 2471 Haft
2288 2441 2321 2470 zu
2350 2436 2497 2472 entgehen,
2528 2436 2588 2463 was

1419 2478 1480 2501 man
1504 2472 1599 2508 wolle,
1630 2472 1761 2508 aussagen
1789 2469 1899 2507 würde,
1932 2472 1982 2503 daß
2010 2472 2047 2507 ich
2077 2472 2138 2502 aber
2159 2471 2307 2509 überhaupt
2327 2481 2411 2511 gegen
2433 2473 2483 2504 das
2503 2480 2588 2510 ganze

1419 2510 1573 2545 Verfahren
1595 2510 1638 2539 als
1658 2509 1864 2547 ungesetzmäßig
1884 2510 2031 2546 protestire,
2054 2511 2104 2546 auf
2117 2511 2240 2543 Kaution
2262 2512 2378 2548 freiließ,
2400 2512 2459 2549 sage
2481 2512 2517 2545 ich
2539 2511 2585 2547 für

1418 2549 1468 2584 sein
1491 2549 1799 2585 menschenfreundliches
1822 2551 1975 2586 Benehmen
1998 2550 2104 2586 hiermit
2123 2547 2255 2586 öffentlich
2278 2551 2380 2581 meinen
2400 2550 2493 2583 Dank.
2527 2550 2585 2582 Die

1418 2588 1615 2623 Untersuchung
1637 2587 1704 2618 wird
1725 2587 1803 2621 indeß
1824 2587 2001 2627 fortgeführt.

1456 2627 1531 2670 „Ich
1554 2626 1648 2657 erkläre
1670 2627 1724 2662 hier
1744 2626 1940 2662 ausdrücklich,
1973 2627 2023 2661 daß
2050 2630 2080 2656 es
2109 2628 2176 2663 nicht
2198 2627 2282 2658 meine
2306 2628 2411 2663 Absicht
2432 2627 2480 2664 ist,
2501 2625 2582 2661 durch

1417 2666 1683 2704 Veröffentlichung,
1702 2666 1780 2700 dieses
1811 2667 1989 2702 barbarischen
2021 2666 2211 2704 Verfahrens,
2246 2668 2330 2697 weder
2358 2666 2398 2696 die
2426 2666 2584 2703 betreffende

1419 2702 1554 2741 Behörde,
1576 2709 1638 2739 noch
1663 2705 1702 2734 die
1722 2705 1884 2744 Regierung
1906 2706 1975 2737 beim
1999 2706 2084 2737 Volke
2104 2706 2213 2742 verhaßt
2233 2714 2265 2744 zu
2287 2707 2403 2741 machen,
2425 2705 2450 2739 so
2472 2706 2524 2736 wie
2544 2705 2583 2741 ich

1417 2743 1565 2781 überhaupt
1591 2744 1673 2773 meine
1702 2746 1793 2777 Sache
1821 2745 1889 2781 nicht
1916 2746 2019 2776 meinen
2048 2743 2159 2783 übrigen
2187 2743 2366 2775 Landsleuten
2394 2751 2443 2781 zur
2470 2744 2531 2777 Last
2552 2751 2585 2780 zu

1415 2785 1501 2821 legen,
1525 2783 1634 2816 sondern
1655 2784 1699 2813 als
1720 2785 1774 2814 eine
1796 2783 1842 2820 für
1864 2785 1910 2820 sich
1932 2784 2078 2820 bestehende
2099 2792 2131 2821 zu
2152 2785 2298 2816 betrachten
2321 2783 2400 2812 bitte.
2434 2783 2508 2815 Was
2520 2783 2584 2814 aber

1414 2823 1496 2852 bleibt
1516 2822 1573 2851 dem
1595 2821 1722 2858 Fremden
1744 2823 1769 2853 in
1792 2823 1874 2853 einem
1895 2824 2009 2858 fremden
2031 2822 2133 2859 Lande,
2166 2821 2211 2851 der
2239 2829 2291 2852 von
2320 2821 2400 2854 dieser
2421 2822 2583 2861 Regierung

1412 2860 1530 2898 geächtet
1553 2860 1652 2895 wurde,
1674 2862 1734 2891 weil
1756 2869 1781 2891 er
1803 2862 1857 2897 ihre
1877 2860 2008 2897 öffentlich
2028 2861 2268 2899 ausgesprochenen
2291 2859 2459 2898 Grundsätze
2481 2862 2582 2896 theilte,

1412 2900 1466 2928 und
1488 2899 1551 2934 der,
1585 2899 1644 2928 weil
1666 2907 1692 2929 er
1713 2901 1759 2934 sich
1779 2900 1825 2938 der
1854 2900 2070 2938 gesetzlichen
2103 2899 2221 2937 Freiheit
2249 2899 2294 2930 der
2322 2901 2414 2936 Presse
2446 2899 2580 2933 bediente,

1411 2936 1491 2971 durch
1513 2936 1696 2974 Anwendung
1723 2938 1792 2968 einer
1819 2936 1976 2973 künstlichen
2003 2929 2109 2970 Tortur
2135 2946 2169 2977 zu
2199 2939 2283 2970 einem
2309 2939 2579 2976 ungesetzlichen

1411 2974 1581 3009 Geständniß
1603 2984 1764 3014 gezwungen
1786 2977 1894 3011 wurde,
1916 2976 2015 3007 anders
2035 2975 2128 3016 übrig,
2148 2977 2194 3008 als
2215 2986 2250 3010 an
2273 2977 2314 3009 die
2335 2978 2477 3016 öffentliche
2500 2976 2580 3008 Mei¬

1410 3022 1485 3053 nung
1507 3022 1539 3051 zu
1562 3015 1728 3051 appelliren?
1749 3030 1785 3038 —
1808 3015 1868 3047 Und
1888 3016 1955 3052 diese
1975 3024 2037 3056 mag
2058 3018 2205 3052 richten!"

1450 3055 1527 3086 Bern
1538 3075 1548 3091 ,
1569 3061 1614 3084 am
1633 3055 1684 3085 16.
1705 3055 1782 3086 Nov.
1808 3055 1896 3088 1834.

2133 3095 2278 3132 Ludwig
2299 3092 2457 3130 Lessing,

2196 3135 2275 3162 Stuc.
2298 3130 2379 3159 Med.

1450 3172 1504 3209 Im
1524 3173 1668 3209 Aargau
1690 3171 1746 3209 sind
1766 3180 1841 3210 zwar
1861 3173 1888 3203 in
1909 3174 2015 3212 einigen
2033 3173 2164 3212 Bezirken
2184 3172 2223 3201 die
2237 3170 2351 3207 Wahlen
2366 3168 2394 3199 in
2408 3167 2457 3198 den
2472 3169 2575 3205 großen

1410 3211 1489 3248 Rath
1511 3211 1581 3246 nicht
1599 3210 1661 3243 übel
1681 3213 1849 3250 ausgefallen
1870 3212 1926 3243 und
1947 3216 2008 3249 trotz
2029 3212 2073 3243 der
2093 3211 2204 3248 Pfaffen
2225 3207 2280 3240 und
2300 3208 2345 3238 des
2366 3206 2572 3245 Krautstorzen-

1410 3250 1472 3281 oder
1492 3251 1589 3285 kathol.
1615 3251 1779 3288 Vereines,
1788 3252 1834 3281 der
1852 3252 1902 3281 alle
1922 3251 2023 3287 Kräfte
2042 3251 2194 3286 erspannte,
2216 3247 2247 3281 ist
2266 3246 2412 3283 Präsident
2432 3246 2574 3287 Bruggis¬

1409 3290 1446 3324 ser
1466 3289 1494 3319 in
1516 3289 1633 3323 Wohlen
1661 3289 1759 3320 wieder
1783 3289 1901 3327 gewählt
1923 3290 2039 3320 worden.
2079 3291 2211 3326 Dagegen
2234 3286 2331 3325 siegten
2351 3286 2393 3316 die
2413 3285 2515 3321 Feinde
2535 3294 2573 3319 an

1408 3327 1520 3359 anderen
1542 3327 1643 3359 Orten.
1685 3328 1746 3360 Der
1765 3326 1865 3359 biedere
1885 3328 1988 3364 Fischer
2013 3328 2041 3358 in
2058 3324 2280 3363 Merenschwand
2293 3325 2386 3357 wurde
2398 3322 2572 3364 übergangen
