2034 2362
1455 216 1808 296 1793.

225 226 384 334 N°.
384 226 534 334 86

1394 396 1904 524 Zeitung

111 441 603 571 Zürcher

1414 584 1517 645 den
1517 584 1602 645 26.
1602 584 1883 645 Weinmon.

206 637 495 693 Samstag

385 808 718 859 Frankreich.

155 862 280 903 Prozeß
296 862 347 892 der
359 859 465 890 Marie
476 852 659 888 Antoinette.
696 844 824 881 Nachdem
838 838 939 874 dieselbe
946 844 989 868 am

122 910 169 936 15.
181 899 297 929 Weinm.
311 897 379 927 alten
389 894 489 925 Styls,
509 891 568 919 oder
587 892 630 916 am
651 891 695 916 23.
710 882 755 910 des
771 879 851 913 ersten
873 875 991 907 Monats

120 936 162 965 im
184 940 243 964 2ten
254 933 341 968 Jahre
358 931 403 960 der
421 925 549 964 Republik
566 927 649 952 neuen
660 913 869 949 Kalenderstyls,
898 910 923 939 in
943 910 990 937 den

122 968 295 1003 Audienzsaal
311 964 456 1000 eingeführt
472 960 579 992 wurde,
600 954 652 986 und
671 953 703 986 sie
721 950 764 985 sich
784 947 830 980 auf
846 948 893 975 den
904 941 991 975 Sessel

123 1002 319 1039 niedergelassen
339 1002 425 1036 hatte,
445 999 526 1031 fragte
545 994 576 1026 sie
588 991 631 1020 der
643 985 792 1024 Präsident:
811 981 871 1013 Wie
884 979 918 1013 sie
930 977 994 1011 heis¬

123 1042 173 1076 se?
201 1058 220 1074 „
232 1040 281 1074 Ich
298 1042 378 1067 nenne
398 1033 479 1066 mich,
499 1027 650 1060 antwortete
668 1022 718 1057 sie,
738 1017 830 1050 Marie
842 1013 992 1046 Antoinette

126 1082 182 1107 von
201 1066 526 1108 Lotharingen-Oestreich
534 1070 566 1095 ic.
575 1075 609 1084 —
639 1058 704 1089 Wer
721 1054 777 1088 seyd
795 1052 835 1085 ihr
845 1052 868 1081 ?
886 1049 935 1083 Ich
952 1046 995 1076 bin

128 1112 169 1139 dir
182 1109 288 1141 Wittwe
305 1105 407 1138 Ludwig
414 1102 529 1135 Capets,
550 1093 708 1132 ehemaligen
720 1088 821 1122 Königs
831 1088 875 1116 der
887 1086 997 1120 Franzo¬

129 1146 227 1180 sen.—
247 1142 307 1174 Wie
326 1142 387 1170 alt?
407 1145 440 1171 38
450 1137 544 1169 Jahre.
564 1146 595 1154 —
618 1129 686 1159 Nun
705 1125 791 1156 wurde
806 1129 856 1152 von
874 1119 941 1148 dem
941 1119 1001 1148 Ge¬

130 1175 329 1212 richtsschreiber
350 1173 388 1201 die
402 1169 567 1202 Anklagsakte
587 1161 738 1197 vorgelesen.
761 1157 868 1189 Darinn
882 1151 952 1186 heißt
960 1153 1000 1185 es,

131 1213 184 1248 daß
203 1214 253 1241 aus
270 1211 318 1239 den
330 1209 388 1237 dem
399 1203 543 1239 Tribunale
553 1194 809 1233 zuhandengestellten
817 1189 952 1224 Schriften
963 1192 1004 1217 er¬

130 1249 216 1282 helle:
229 1242 308 1274 Daß
325 1236 405 1273 gleich
419 1242 468 1268 den
483 1236 641 1268 Messalinen
653 1230 824 1262 Brunehaut,
843 1223 1002 1261 Fredegoude

129 1281 188 1311 und
199 1275 337 1309 Medizis,
354 1272 394 1300 die
410 1277 474 1299 man
491 1266 557 1302 einst
557 1266 725 1302 Königinnen
745 1269 796 1291 von
801 1258 951 1294 Frankreich
958 1263 1006 1290 ge¬

133 1317 218 1346 nannt
235 1310 314 1345 habe,
333 1306 386 1336 und
406 1305 482 1335 deren
502 1301 620 1335 verhaßte
631 1295 740 1329 Namen
740 1295 789 1329 nie
804 1296 855 1322 aus
863 1292 912 1325 den
922 1291 1005 1326 Jahr¬

134 1349 243 1384 büchern
261 1348 305 1375 der
314 1339 456 1375 Geschichte
473 1338 574 1369 werden
588 1333 691 1366 vertilgt
706 1330 807 1360 werden
815 1345 826 1362 ,
844 1326 937 1358 Marie
948 1328 1003 1354 An¬

134 1386 244 1418 toinette
255 1399 262 1414 ,
282 1376 384 1412 Ludwig
395 1375 492 1409 Capets
502 1372 629 1405 Wittwe,
648 1367 693 1400 seit
710 1365 793 1400 ihrem
802 1361 966 1395 Aufenthalte
976 1358 1007 1388 in

136 1416 288 1456 Frankreich
306 1413 348 1444 die
365 1412 448 1448 Plage
466 1406 517 1438 und
529 1401 731 1438 Blutsaugerinn
752 1399 796 1428 der
807 1397 948 1433 Franzosen
963 1401 1006 1429 ge¬

135 1455 234 1487 wesen;
263 1449 313 1485 daß
331 1446 371 1484 sie
382 1440 443 1479 noch
462 1449 509 1473 vor
525 1441 571 1471 der
589 1438 732 1474 glücklichen
752 1433 929 1464 Revoluzion,
956 1436 1009 1459 wo¬

137 1489 213 1522 durch
231 1487 281 1517 das
300 1480 456 1518 französische
463 1477 530 1510 Volk
545 1472 696 1507 Souverain
714 1467 848 1504 geworden
855 1484 864 1499 ,
883 1466 932 1495 mit
948 1464 1007 1494 dem

138 1523 303 1558 Menschen,
333 1518 434 1549 welcher
453 1514 496 1550 sich
516 1508 604 1545 König
623 1515 672 1538 von
693 1503 813 1538 Böhmen
830 1501 883 1532 und
905 1503 1010 1534 Ungarn

138 1563 239 1587 nannte
276 1558 304 1587 in
320 1552 462 1592 politischen
480 1546 685 1580 Verbindungen
705 1538 852 1576 gestanden;
881 1536 930 1571 daß
948 1533 1012 1569 diese

139 1591 348 1626 Verbindungen
360 1589 419 1618 dem
430 1582 561 1623 Interesse
579 1587 632 1612 von
645 1575 791 1614 Frankreich
803 1572 913 1605 zuwider
932 1575 1013 1605 gewe¬

142 1629 188 1665 sen
200 1633 208 1661 ;
239 1626 287 1658 daß
306 1624 348 1659 sie
348 1624 425 1659 enicht
449 1619 578 1654 zufrieden
605 1614 704 1646 damit,
732 1611 769 1641 im
785 1600 1012 1643 Einverständnisse

143 1663 197 1694 mit
213 1659 314 1694 Ludwig
325 1661 424 1692 Capets
435 1655 577 1689 Brüdern,
605 1651 658 1681 und
675 1649 733 1677 dem
752 1646 866 1678 infamen
887 1642 938 1670 und
957 1645 1014 1670 ver¬

144 1696 253 1735 fluchten
265 1695 381 1725 Calonne
399 1699 443 1727 zur
449 1688 638 1724 Befriedigung
655 1679 855 1714 unordentlicher
863 1674 1012 1709 Wohllüste,

143 1732 201 1764 und
216 1735 263 1763 zur
271 1728 420 1763 Besoldung
435 1730 481 1758 der
497 1728 614 1759 Agenten
630 1721 700 1751 ihrer
718 1714 874 1747 kriminellen
893 1710 1013 1746 Intriken

144 1767 196 1800 auf
211 1765 268 1796 eine
285 1762 431 1797 schreckliche
439 1762 523 1794 Weise
534 1759 574 1789 die
580 1754 797 1791 Staatsfinanzen
838 1749 885 1777 den
894 1743 1014 1780 Schweiß

144 1804 196 1834 des
208 1801 308 1833 Volks,
322 1799 504 1830 verschleudert
523 1802 552 1827 zu
563 1793 664 1827 haben,
682 1791 740 1820 noch
752 1783 886 1820 ausserdem
899 1789 945 1812 von
958 1779 1015 1816 Zeit

145 1847 178 1874 zu
201 1837 258 1876 Zeit
273 1833 418 1867 Millionen
427 1839 471 1862 an
490 1831 538 1859 den
559 1829 646 1860 Kaiser
665 1826 755 1859 schickte
766 1841 773 1855 ,
793 1820 878 1853 welche
897 1819 956 1849 dazu
975 1822 1015 1850 ge¬

145 1872 222 1906 dient
237 1871 338 1905 haben,
358 1868 409 1895 und
426 1866 488 1895 noch
507 1865 570 1896 dazu
588 1863 702 1894 dienen,
718 1859 796 1889 wider
806 1854 950 1891 Frankreich
968 1851 1017 1880 den

147 1911 230 1944 Krieg
250 1915 278 1941 zu
297 1903 464 1939 souteniren,
481 1903 533 1930 und
554 1898 605 1932 daß
620 1898 695 1929 durch
714 1895 774 1926 diese
790 1886 1017 1923 ausserordentliche

147 1942 417 1980 Verschleuderungen
436 1937 482 1966 der
488 1934 688 1968 Nazionalschatz
706 1934 768 1965 ganz
788 1924 907 1958 erschöpft
916 1923 1018 1953 worden

152 1978 211 2012 sey;
229 1978 279 2014 daß
298 1978 399 2013 ferners
417 1971 462 2006 seit
479 1972 523 2000 der
536 1967 695 2000 Revoluzion
716 1962 814 1996 Capets
827 1960 936 1991 Wittwe
954 1957 1018 1993 nicht

153 2013 228 2048 einen
239 2011 387 2049 Augenblick
404 2003 535 2043 aufgehört
555 2003 636 2038 habe,
653 2001 728 2033 durch
744 1993 800 2030 ihre
820 1997 967 2026 vertrauten
982 1992 1019 2022 A¬

151 2051 269 2085 genten,
294 2046 342 2083 die
342 2046 385 2083 sie
405 2051 462 2075 vom
481 2035 635 2075 öffentlichen
653 2034 742 2069 Schatz
765 2030 901 2063 besoldete,
928 2026 1019 2061 sowohl

152 2084 207 2117 mit
220 2081 395 2118 auswärtigen
405 2077 545 2113 Mächten,
565 2076 606 2104 als
623 2072 661 2103 im
670 2068 775 2106 Innern,
795 2073 843 2097 von
862 2062 1016 2102 Frankreich,

134 2116 279 2158 strafbare
297 2115 485 2152 Verständnisse
500 2112 552 2142 und
568 2108 772 2142 Verbindungen
792 2110 821 2136 zu
836 2099 1019 2133 unterhalten;

151 2153 206 2190 daß
223 2151 258 2188 sie
274 2159 323 2180 von
340 2153 397 2189 Zeit
415 2159 444 2184 zu
463 2149 520 2188 Zeit
536 2149 584 2178 den
599 2143 713 2177 Versuch
727 2141 825 2176 gewagt
842 2138 918 2171 habe,
945 2136 1020 2167 durch

152 2191 204 2225 alle
221 2184 371 2227 erdenkliche
389 2187 486 2221 Mittel
504 2178 565 2218 eine
565 2178 809 2218 Kontrerevoluzion
826 2180 855 2208 zu
867 2172 971 2206 Stande
988 2175 1020 2204 zu

1036 800 1161 834 bringen;
1189 794 1240 831 daß
1257 793 1289 830 sie
1309 797 1338 824 zu
1356 791 1414 821 dem
1435 786 1507 819 Ende
1524 783 1598 819 gleich
1614 776 1725 813 anfangs
1741 774 1818 803 unter
1832 768 1908 800 dem

1035 833 1185 867 Vorwande
1191 830 1263 861 einer
1281 824 1472 860 nothwendigen
1477 820 1652 853 Vereinigung
1663 809 1777 846 zwischen
1784 807 1829 837 der
1837 805 1920 837 ehe¬

1037 869 1148 903 maligen
1156 864 1291 899 Leibgarde
1309 860 1366 892 und
1376 864 1425 890 den
1434 858 1572 893 Offizieren
1589 850 1642 882 und
1650 846 1780 880 Soldaten
1789 839 1839 871 des
1839 839 1897 871 Re¬

1034 904 1149 940 giments
1169 906 1218 931 von
1230 898 1357 932 Flandern
1367 902 1411 926 am
1425 904 1449 924 1.
1459 892 1579 926 Weinm.
1589 891 1657 920 1789
1673 882 1718 916 für
1729 878 1794 912 diese
1800 874 1898 910 beyden

1035 941 1122 975 Korps
1142 936 1197 966 eine
1207 930 1446 968 Mittagsmahlzeit
1462 925 1625 961 veranstaltet
1642 918 1727 954 habe,
1743 911 1829 946 welche
1840 907 1901 940 aber

1038 973 1114 1008 bald,
1140 973 1166 1007 so
1185 970 1232 1001 wie
1253 969 1286 1005 sie
1304 969 1333 997 es
1352 965 1493 998 wünschte,
1519 961 1549 991 in
1566 958 1609 989 ein
1627 954 1734 987 wahres
1754 944 1903 980 Saufgelag

1040 1010 1188 1043 ausgeartet
1205 1005 1256 1040 ist,
1285 1002 1338 1033 und
1365 999 1483 1034 während
1505 992 1632 1030 derselben
1659 989 1703 1019 die
1723 984 1841 1018 Agenten
1857 978 1904 1008 der

1042 1045 1148 1077 Wittwe
1161 1042 1244 1074 Capet
1259 1037 1330 1074 nach
1330 1037 1398 1074 dem
1409 1035 1499 1066 Sinne
1517 1032 1587 1066 ihrer
1604 1013 1907 1057 kontrerevoluzionairen

1043 1074 1176 1114 Anschläge
1194 1075 1234 1106 die
1244 1073 1323 1110 Gäste
1340 1070 1457 1103 verleitet
1472 1067 1571 1103 haben,
1594 1063 1635 1093 im
1641 1058 1753 1091 Rausche
1769 1052 1862 1084 Lieder
1862 1052 1905 1084 zu

1044 1113 1151 1149 singen,
1169 1111 1257 1144 welche
1276 1114 1355 1143 gegen
1373 1106 1422 1136 das
1430 1104 1496 1135 Volk
1512 1101 1553 1132 die
1572 1097 1660 1133 größte
1665 1091 1834 1125 Verachtung
1851 1083 1905 1116 und

1045 1148 1090 1184 für
1108 1149 1157 1178 den
1174 1145 1267 1181 Thron
1285 1143 1325 1172 die
1341 1138 1431 1177 größte
1450 1132 1655 1172 Anhänglichkeit
1671 1124 1847 1160 ausdrücken,
1864 1117 1905 1151 die

1046 1182 1127 1216 weisse
1139 1180 1254 1213 Kokarde
1273 1178 1450 1213 aufzustecken,
1478 1173 1530 1203 und
1554 1171 1596 1201 die
1614 1158 1840 1199 Nazionalkokarde
1857 1151 1908 1184 mit

1048 1218 1138 1255 Füssen
1156 1223 1188 1250 zu
1205 1217 1303 1248 treten;
1324 1211 1373 1246 daß
1392 1203 1425 1246 sie
1440 1209 1505 1239 diese
1516 1192 1764 1239 Ausschweifungen
1764 1192 1845 1239 durch
1853 1190 1908 1224 ihre

1046 1253 1206 1288 Gegenwart
1222 1247 1396 1282 insbesondere
1413 1246 1472 1277 auch
1488 1242 1603 1275 dadurch,
1608 1235 1740 1274 gebilliget
1752 1229 1833 1263 habe,
1847 1223 1909 1257 weil

1046 1287 1088 1323 sie
1100 1287 1132 1317 es
1148 1284 1279 1320 geschehen
1295 1280 1362 1315 ließ,
1384 1278 1436 1313 daß
1453 1279 1495 1309 die
1502 1275 1628 1308 Weiber,
1647 1270 1694 1308 die
1699 1273 1736 1298 in
1748 1254 1837 1298 ihrem
1853 1259 1912 1291 Ge¬

1047 1322 1115 1357 folge
1131 1325 1233 1350 waren,
1251 1314 1332 1350 weisse
1339 1313 1470 1345 Kokarden
1489 1314 1565 1342 unter
1581 1308 1623 1340 die
1639 1293 1781 1339 Soldaten
1781 1293 1911 1339 austheil¬

1047 1360 1109 1389 ten,
1126 1356 1180 1384 und
1198 1351 1261 1384 weil
1274 1350 1306 1386 sie
1322 1354 1366 1380 am
1376 1358 1407 1389 4.
1415 1348 1530 1380 Weinm.
1538 1344 1603 1375 über
1620 1341 1687 1374 das,
1704 1336 1760 1371 was
1777 1332 1806 1364 in
1816 1329 1923 1365 diesem

1047 1389 1211 1424 Saufgelage
1223 1391 1399 1422 vorgegangen
1409 1389 1462 1414 war
1468 1402 1478 1418 ,
1495 1381 1597 1417 Freude
1608 1375 1746 1410 bezeugte;
1761 1365 1813 1404 daß
1820 1366 1855 1402 sie
1862 1365 1915 1399 fer¬

1050 1427 1115 1456 ners
1132 1425 1159 1454 in
1167 1423 1337 1456 Verbindung
1357 1419 1408 1449 mit
1413 1417 1515 1452 Ludwig
1526 1414 1611 1451 Capet
1630 1412 1687 1444 eine
1695 1405 1798 1441 Menge
1813 1401 1914 1433 kontre¬

1052 1458 1249 1492 revoluzionaire
1266 1455 1400 1488 Schriften
1418 1453 1487 1490 habe
1497 1453 1599 1483 drucken
1625 1447 1679 1478 und
1696 1443 1734 1474 im
1752 1439 1847 1474 ganzen
1859 1436 1915 1466 Ge¬

1055 1496 1122 1526 biete
1138 1495 1184 1524 der
1194 1492 1321 1529 Republik
1338 1490 1486 1529 ausstreuen
1505 1486 1599 1521 lassen;
1616 1482 1666 1518 daß
1683 1468 1725 1516 sie
1725 1468 1917 1516 Treulosigkeit

1055 1533 1108 1562 und
1125 1529 1287 1566 Verstellung
1308 1528 1340 1562 so
1340 1528 1410 1562 weit
1427 1524 1555 1560 getrieben
1574 1519 1656 1555 habe,
1674 1515 1735 1547 auch
1751 1511 1823 1546 sogar
1840 1506 1940 1542 solche

1057 1565 1190 1599 Schriften
1203 1565 1304 1594 drucken
1316 1562 1368 1591 und
1383 1559 1529 1592 austheilen
1540 1564 1568 1591 zu
1587 1554 1681 1588 lassen,
1700 1546 1800 1581 worinn
1807 1542 1840 1580 sie
1850 1540 1930 1575 nicht

1057 1602 1107 1633 mit
1122 1601 1172 1631 den
1186 1597 1416 1633 vortheilhaftesten
1426 1595 1525 1631 Farben
1534 1590 1675 1627 geschildert
1681 1585 1771 1616 wurde
1778 1589 1789 1616 ,
1803 1578 1856 1609 und
1864 1572 1917 1607 die¬

1057 1638 1097 1669 ses
1114 1642 1181 1669 zwar
1199 1635 1226 1664 in
1245 1633 1290 1663 der
1301 1630 1411 1667 Absicht,
1430 1636 1475 1660 um
1492 1626 1649 1659 auswärtige
1666 1618 1772 1654 Mächte
1791 1611 1837 1647 zu
1837 1611 1916 1647 bere¬

1058 1673 1106 1702 den
1114 1688 1123 1704 ,
1153 1670 1193 1700 als
1211 1667 1296 1699 würde
1313 1665 1355 1703 sie
1355 1665 1413 1703 von
1432 1666 1478 1695 den
1496 1660 1638 1700 Franzosen
1658 1650 1836 1691 mißhandelt,
1861 1645 1915 1680 und

1057 1704 1154 1741 folglich
1170 1703 1230 1738 jene
1236 1700 1343 1734 Mächte
1359 1701 1417 1732 noch
1427 1700 1499 1733 mehr
1504 1697 1583 1730 wider
1592 1691 1738 1730 Frankreich
1748 1681 1916 1720 aufzuhetzen;

1057 1741 1105 1776 daß
1123 1739 1172 1775 sie,
1192 1745 1236 1768 um
1254 1737 1282 1767 in
1299 1737 1372 1771 ihren
1380 1729 1684 1765 kontrerevoluzionairen
1690 1718 1826 1760 Projekten
1838 1713 1916 1748 umso

1056 1777 1120 1809 desto
1139 1773 1299 1809 geschwinder
1319 1779 1346 1804 zu
1364 1769 1503 1805 reussiren,
1521 1766 1633 1802 anfangs
1648 1762 1696 1794 des
1709 1757 1824 1792 Weinm.
1836 1746 1916 1789 1789.

1058 1811 1158 1843 mittels
1174 1810 1244 1842 ihrer
1258 1809 1371 1842 Agenten
1387 1806 1416 1836 in
1431 1805 1513 1842 Paris
1530 1802 1583 1835 und
1600 1802 1647 1830 den
1662 1787 1849 1828 umliegenden
1862 1788 1919 1819 Ge¬

1060 1850 1157 1882 genden
1176 1846 1231 1874 eine
1243 1843 1384 1879 Theurung
1403 1840 1540 1877 verursacht
1555 1836 1619 1871 habe
1627 1854 1637 1871 ,
1661 1830 1764 1865 worauf
1769 1824 1846 1858 eine
1846 1824 1920 1858 neue

1059 1881 1236 1919 Insurrektion
1256 1879 1345 1914 erfolgt
1361 1878 1421 1912 sey,
1439 1875 1525 1906 indem
1542 1872 1585 1906 sich
1597 1858 1645 1907 am
1645 1858 1679 1907 5.
1679 1858 1775 1907 dieses
1775 1858 1921 1907 nämlichen

1060 1916 1176 1950 Monats
1193 1916 1251 1946 eine
1269 1914 1411 1950 ungeheure
1423 1912 1525 1946 Menge
1539 1908 1647 1942 Bürger
1663 1896 1723 1936 und
1723 1896 1921 1936 Bürgerinnen

1061 1955 1119 1987 nach
1136 1949 1277 1986 Versailles
1296 1948 1404 1983 begeben
1421 1948 1507 1981 hatten
1516 1953 1533 1979 ;.
1555 1944 1606 1978 daß
1624 1941 1666 1972 die
1682 1945 1717 1969 an
1732 1933 1854 1973 Intriken
1871 1934 1933 1961 von

1062 1991 1123 2019 aller
1132 1988 1183 2017 Art
1199 1983 1397 2021 unerschöpfliche
1408 1982 1513 2014 Wittwe
1530 1978 1614 2014 Capet
1628 1976 1688 2007 bald
1706 1968 1771 2005 nach
1771 1968 1849 2005 ihrer
1866 1967 1923 1996 An¬

1062 2024 1136 2058 kunft
1152 2029 1182 2056 zu
1190 2022 1272 2057 Paris
1281 2022 1308 2051 in
1317 2021 1386 2054 ihrer
1395 2017 1535 2051 Wohnung
1543 2013 1673 2045 heimliche
1683 1999 1924 2045 Zusammenkünfte

1064 2060 1226 2096 veranstaltet
1244 2058 1306 2090 habe
1314 2064 1324 2092 ;
1335 2054 1392 2089 daß
1408 2053 1491 2087 diesen
1508 2052 1535 2081 in
1553 2052 1598 2081 der
1606 2047 1689 2081 Nacht
1699 2038 1848 2081 gehaltenen
1848 2038 1923 2081 Win¬

1060 2092 1271 2130 tergsellschaften
1290 2094 1337 2123 alle
1354 2084 1636 2121 Kontrerevoluzinairs
1654 2084 1700 2115 der
1709 2071 1921 2113 konstituirenden

1064 2128 1122 2169 und
1122 2128 1323 2169 gesetzgebenden
1329 2123 1675 2160 Nazionalversammlungen
1682 2111 1862 2150 beygewohnt;
1872 2104 1924 2140 daß

1067 2172 1131 2204 man
1154 2163 1202 2205 sich
1202 2163 1305 2205 darinn
1319 2160 1388 2196 über
1388 2160 1439 2196 die
1455 2159 1560 2196 Mittel
1567 2139 1760 2203 berathschlaget
1771 2137 1864 2203 habe,
1876 2142 1942 2187 wie
