3165 4606
145 81 817 434 Neue
846 93 3032 512 Zürcher-Zeitung

451 506 669 536 Abonnement.

635 522 728 548 Jährlich
742 523 755 541 6
763 522 851 544 Monate.
864 525 875 544 3
885 524 973 545 Monate.

154 543 238 567 Zürich
250 544 313 566 (wenn
321 543 352 564 die
361 544 446 570 Zeitung
458 545 545 572 abgeholt
555 547 612 571 wird)
627 547 663 572 Fr.
673 548 735 567 16.—
756 547 790 573 Fr.
806 550 857 569 8.—
879 549 913 574 Fr.
923 551 974 570 4.50

2169 564 2213 595 sind
2230 570 2256 591 adn
2273 567 2435 599 Haasenstein
2446 571 2470 595 &
2478 570 2576 597 Bogler
2588 571 2615 598 in
2629 573 2710 601 Zürich,
2729 574 2798 605 Basel,
2814 575 2878 609 Genf,
2890 576 3004 609 Stuttgart,

2314 594 2431 623 Frankfurt,
2440 597 2520 623 Berlin,
2532 597 2635 625 Hamburg
2647 604 2672 623 rc.
2682 602 2707 624 rc.
2722 602 2858 626 einzusenden.

2168 622 2396 659 Insertionspreis
2406 628 2442 655 für
2446 629 2482 655 die
2492 628 2579 659 Schweiz
2584 630 2610 655 20
2619 630 2662 662 Rp.
2663 633 2697 658 die
2707 632 2840 664 fünfspaltige
2851 636 2908 665 Zeile,
2922 638 2958 669 für
2962 639 3008 663 das

2405 653 2503 681 Ausland
2514 655 2538 680 25
2548 657 2597 683 Cts.
2605 657 2652 684 oder
2661 659 2688 681 20
2698 656 2805 689 Pfennige.

153 588 255 613 Schweiz
268 588 303 610 (bei
315 589 365 609 allen
378 589 516 616 Postburaux)
635 594 655 614 „
655 594 735 614 31.—
765 606 775 617 „
796 595 859 614 10.50
888 596 903 619 „
903 596 973 619 5.50

202 628 211 636 „
265 612 300 637 (bei
306 613 325 633 d.
332 613 444 638 Expedition
450 615 482 640 für
488 616 611 642 Privatadr.)
635 631 645 641 „
669 618 734 637 24.—
763 620 773 642 „
795 620 859 639 12.—
883 620 902 644 „
902 620 971 644 6.50

151 638 263 662 Italien,
280 637 421 663 Frankreich
437 641 477 661 und
493 641 523 661 die
538 642 617 667 übrigen

189 664 273 683 Staaten
281 663 313 683 des
322 664 485 689 Weltpostvereins
493 666 611 692 (Bestellung

188 688 218 709 bei
230 688 264 708 der
273 687 399 715 Expedition)
399 687 626 715 .......
626 687 657 715 „
657 687 727 715 38.—
760 706 770 716 „
792 694 855 715 19.—
884 708 895 719 „
910 695 972 716 10.—

385 714 439 739 Für
459 719 528 741 ganz
549 717 731 741 Deutschland

143 744 177 759 zu
189 738 294 759 abonniren
307 739 337 760 bei
348 740 384 760 den
397 740 483 760 dortigen
492 741 618 766 Postbureaux
631 742 665 767 für
678 743 689 762 3
697 742 780 763 Monate
795 743 906 767 Reichsmrk.
919 745 973 766 5.75

451 766 502 790 Für
522 766 665 792 Oesterreich

151 795 176 816 zu
187 790 294 811 abonniren
306 790 334 810 bei
346 789 382 810 den
394 790 479 820 dortigen
491 790 621 816 Postbureaux
634 792 667 816 für
680 793 693 813 3
703 792 785 814 Monate
822 794 844 819 fl.
852 794 873 816 d.
873 794 908 816 W.
920 796 972 816 4.57

429 816 478 840 Für
498 816 586 837 andere
602 816 695 838 Länder

239 840 280 865 sind
293 839 425 866 Bestellungen
438 846 463 861 an
475 841 506 862 die
518 841 630 867 Expedition
643 842 666 863 in
678 842 747 867 Zürich
760 844 888 870 einzusenden.

1185 654 1671 726 Sechsundfünfzigster
1701 655 1994 733 Jahrgang.

2511 527 2669 570 Inserate

2364 714 2448 737 Bureau
2459 715 2491 737 der
2503 716 2618 738 Redaktion:
2636 718 2771 746 Brunngasse,
2783 722 2802 743 2.

2168 769 2203 793 An
2214 771 2282 793 Sonn-
2290 773 2333 795 und
2344 773 2446 801 Festtagen
2457 775 2507 796 wird
2519 775 2549 796 die
2561 776 2648 803 Zeitung
2659 777 2738 803 einmal,
2752 783 2780 801 an
2790 781 2829 802 den
2840 781 2922 809 übrigen
2932 783 3000 809 Tagen

2478 800 2566 825 zweimal
2577 803 2700 828 ausgegeben.

2166 854 2258 881 Einzelne
2272 855 2381 877 Nummern
2398 857 2466 883 kosten:
2483 858 2564 884 einfache
2578 861 2607 884 10,
2626 862 2663 882 mit
2674 862 2756 889 Beilage
2773 865 2802 889 15,
2822 865 2908 890 doppelte
2920 868 2945 888 20
2958 868 2998 895 Rp.

143 908 399 976 Zürich,

1223 916 1467 986 Sonntag,
1505 923 1549 977 9.
1585 921 1731 990 April
1769 925 1911 982 1876.

2767 948 2853 998 Nr.
2883 941 2977 995 181

202 1048 634 1107 Abonnements
658 1052 1006 1124 Einladung.

203 1120 264 1156 Für
283 1119 332 1148 das
353 1120 492 1156 zweite
513 1120 633 1151 Quartal
654 1122 729 1153 laden
752 1124 801 1154 wir
826 1133 858 1162 zu
870 1125 1063 1158 Abonnements

143 1163 192 1201 auf
211 1162 253 1196 die
273 1160 401 1197 „Neue
423 1160 778 1204 Zürcher-Zeitung"
798 1167 922 1205 ergebenst
942 1169 991 1199 ein.

205 1202 402 1233 Abonnements
421 1203 467 1239 für
487 1203 624 1241 Zürich
644 1205 700 1235 und
713 1206 937 1247 Umgebung
949 1209 1064 1247 nehmen,

143 1245 227 1284 sofern
249 1244 296 1273 das
318 1243 398 1274 Blatt
419 1250 470 1274 von
491 1245 538 1275 den
559 1245 727 1280 Abonnenten
750 1247 866 1287 abgeholt
879 1251 955 1286 wird,
969 1252 1066 1290 sowohl

142 1287 185 1318 die
204 1285 388 1324 Hauptablage
409 1285 447 1316 im
468 1286 675 1326 „Wellenberg",
698 1290 741 1319 als
763 1290 800 1320 die
819 1291 1015 1331 Nebenablagen
1036 1294 1066 1324 in

143 1330 190 1360 der
220 1327 306 1358 Stadt
336 1336 396 1365 zum
416 1328 504 1366 Preise
524 1334 576 1359 von
607 1330 653 1365 Fr.
677 1335 701 1360 4.
723 1335 759 1361 50
778 1332 824 1369 für
843 1338 860 1363 3
879 1334 992 1365 Monate
1011 1336 1066 1366 und

143 1377 197 1401 von
217 1375 235 1400 8
257 1370 302 1405 Fr.
326 1370 372 1406 für
393 1374 409 1399 6
431 1371 545 1401 Monate
566 1373 693 1411 entgegen.

209 1412 269 1448 Für
289 1412 449 1450 auswärtige
469 1412 647 1448 Abonnenten,
671 1414 760 1451 welche
780 1416 827 1446 das
841 1416 920 1448 Blatt
940 1418 1015 1456 durch
1030 1419 1069 1450 die

145 1455 210 1493 Post
230 1453 345 1492 beziehen
360 1454 465 1492 müssen,
488 1455 522 1492 ist
541 1455 580 1485 die
601 1455 835 1496 Bestellung
855 1458 953 1490 beim
973 1461 1069 1499 Post¬

143 1497 297 1528 bureau
317 1497 382 1526 des
402 1496 643 1534 Wohnortes
664 1498 707 1528 der
727 1498 864 1537 bequemste
884 1502 938 1532 und
958 1502 1069 1541 billigste

146 1539 220 1576 Weg,
244 1538 297 1567 und
319 1543 390 1575 zwar
420 1538 488 1576 nicht
520 1547 573 1570 nur
605 1540 643 1569 im
676 1539 780 1571 Gebiete
809 1542 853 1572 der
883 1542 1068 1582 Schweiz,

145 1581 256 1619 sondern
269 1580 330 1617 auch
346 1580 375 1609 in
390 1580 454 1618 ganz
469 1580 733 1619 Deutschland
755 1584 808 1613 und
829 1584 1069 1624 Oesterreich-

145 1623 317 1660 Ungarn.
371 1621 451 1659 Preis
481 1622 522 1653 bei
553 1623 728 1661 sämmtlichen
760 1624 963 1665 schweizerischen
994 1628 1070 1666 Post¬

142 1664 263 1700 bureaux
292 1663 342 1693 mit
373 1664 467 1702 täglich
499 1665 671 1703 zweimaliger
701 1666 858 1706 Zusendung
888 1669 932 1699 des
962 1670 1070 1701 Blattes

143 1707 192 1744 für
212 1711 229 1736 3
252 1706 364 1736 Monate
385 1706 431 1741 Fr.
454 1711 478 1736 5.
501 1710 542 1742 50,
566 1707 611 1744 für
631 1711 646 1736 6
668 1707 782 1739 Monate
801 1709 848 1744 Fr.
871 1715 911 1741 10.
934 1716 974 1741 50.

208 1749 262 1784 Im
282 1748 453 1786 übrigen
474 1749 662 1780 Ausland
696 1752 835 1782 vermittelt
860 1753 899 1784 die
919 1754 981 1791 Post
1002 1755 1069 1785 keine

144 1790 347 1828 Bestellungen,
386 1794 413 1820 es
445 1791 542 1829 müssen
563 1792 641 1830 daher
673 1792 752 1830 solche
772 1794 849 1824 direkt
869 1804 905 1826 an
929 1796 968 1826 die
988 1796 1070 1833 Expe¬

143 1833 230 1864 dition
253 1832 369 1870 gerichtet
398 1833 507 1863 werden.
551 1833 702 1872 Ebendahin
733 1835 826 1866 wollen
858 1836 903 1874 sich
935 1837 996 1875 auch
1017 1839 1069 1868 die¬

144 1875 247 1913 jenigen
278 1874 347 1912 Leser
378 1875 490 1909 wenden,
523 1875 611 1913 welche
642 1880 695 1906 aus
724 1876 861 1914 besondern
881 1878 1006 1910 Gründen
1027 1880 1070 1918 ihr

144 1917 227 1947 Blatt
259 1917 336 1946 unter
366 1916 559 1955 Privatadresse
593 1934 625 1939 —
661 1918 750 1955 wofür
781 1920 836 1950 eine
866 1922 947 1952 etwas
968 1921 1070 1960 erhöhte

143 1960 215 1995 Taxe
236 1957 362 1996 berechnet
382 1958 449 1989 wird
474 1976 507 1980 —
533 1968 564 1997 zu
586 1959 702 1997 erhalten
722 1961 863 1999 wünschen.

292 2022 346 2070 Die
371 2022 541 2072 Expedition
567 2024 616 2063 der
639 2023 738 2071 Neuen
759 2023 1018 2077 Zürcher-Zeitung.

401 2133 817 2189 Tagesbericht

500 2200 557 2221 vom
579 2196 603 2221 8.
627 2192 716 2229 April.

209 2227 419 2267 Geräuschloser
442 2228 487 2259 als
510 2234 560 2260 vor
581 2229 626 2260 ein
647 2234 718 2268 paar
740 2229 879 2262 Monaten
911 2232 953 2264 die
979 2234 1067 2273 engli¬

143 2270 218 2311 schen
239 2269 387 2309 Vorgehen
409 2269 440 2301 in
462 2269 648 2309 Egypten
671 2270 720 2310 hat
755 2271 803 2311 sich
838 2272 869 2304 in
905 2273 955 2305 den
977 2274 1066 2315 letzten

143 2313 242 2352 Tagen
264 2311 295 2342 in
316 2312 367 2343 den
388 2310 596 2350 Verhältnissen
618 2312 664 2343 des
686 2312 805 2352 Khedive
825 2314 870 2345 ein
885 2315 1066 2357 Umschwung

143 2355 297 2394 vollzogen,
319 2352 427 2391 welcher
448 2353 578 2393 vielleicht
599 2353 670 2393 nicht
702 2354 771 2393 ohne
792 2355 911 2395 Einfluß
943 2357 994 2396 auf
1025 2358 1067 2390 die

144 2395 285 2434 Stellung
305 2395 352 2426 der
374 2394 512 2434 einzelnen
545 2395 734 2435 europäischen
757 2395 866 2436 Mächte
897 2398 1001 2439 sowohl
1033 2409 1066 2440 zu

145 2438 273 2478 Egypten
308 2436 359 2468 wie
395 2438 477 2468 unter
512 2436 642 2468 einander
675 2437 783 2470 bleiben
808 2439 888 2471 wird.
931 2440 1065 2481 Nachdem

143 2478 279 2519 England
313 2477 468 2517 ungeachtet
504 2477 573 2510 aller
594 2478 739 2518 Enquêten
776 2481 831 2512 und
863 2480 986 2522 Berichte
1017 2484 1066 2523 sich

144 2522 218 2561 nicht
240 2520 289 2560 hat
311 2519 488 2559 entschließen
510 2519 623 2554 können,
645 2520 707 2552 dem
728 2520 847 2562 Khedive
868 2523 899 2555 in
911 2524 956 2555 der
970 2523 1064 2563 finan¬

143 2563 241 2604 ziellen
265 2561 403 2601 Nothlage
424 2571 458 2601 zu
479 2561 578 2600 helfen,
601 2562 631 2594 in
652 2562 761 2602 welcher
792 2563 906 2603 derselbe
938 2565 985 2605 sich
1017 2575 1064 2598 am

147 2606 175 2636 1.
197 2603 293 2644 April,
316 2604 365 2635 als
386 2612 435 2635 am
456 2603 723 2643 Fälligkeitstermin
744 2604 790 2637 der
801 2605 906 2645 Zinsen
925 2607 972 2638 der
981 2614 1062 2648 egyp¬

140 2645 241 2687 tischen
264 2644 432 2686 Schatzbons
454 2644 563 2685 befand,
599 2645 647 2685 hat
683 2646 728 2677 der
749 2645 897 2688 Vizekönig
933 2648 980 2688 sich
1026 2660 1063 2682 an

142 2686 302 2728 Frankreich
324 2687 458 2726 gewendet
479 2687 537 2719 und
560 2687 601 2718 die
623 2687 719 2727 Hülfe,
741 2688 785 2721 die
805 2689 864 2729 ihm
896 2690 928 2722 in
950 2690 1064 2723 London

141 2730 252 2770 versagt
274 2731 375 2766 wurde,
398 2729 430 2761 in
452 2729 543 2768 Paris
564 2728 711 2768 gefunden.
738 2730 794 2762 Die
814 2731 988 2772 französische
1009 2733 1064 2765 Re¬

141 2773 261 2814 gierung
295 2770 352 2809 ließ
389 2770 438 2810 sich
472 2770 514 2802 die
536 2770 712 2811 Gelegenheit
747 2772 816 2812 nicht
848 2774 985 2814 entgehen,
1021 2775 1063 2807 die

143 2812 348 2856 hülfesuchende
370 2811 454 2852 Hand
475 2812 522 2844 des
544 2812 663 2852 Khedive
685 2822 719 2853 zu
740 2814 881 2854 ergreifen,
904 2816 946 2847 die
960 2816 1062 2854 Frank¬

140 2855 210 2893 reich
230 2856 274 2887 die
294 2854 432 2894 Stellung
453 2854 483 2886 in
507 2853 631 2894 Egypten
664 2855 831 2895 wiedergibt,
868 2860 924 2889 aus
955 2858 1000 2890 der
1031 2862 1062 2891 es

141 2897 223 2938 durch
246 2896 288 2928 die
308 2895 437 2936 englische
458 2896 601 2935 Invasion
623 2895 688 2929 eben
716 2897 768 2936 erst
788 2898 936 2939 verdrängt
967 2899 1062 2940 schien.

142 2941 204 2973 Der
225 2938 360 2976 Minister
381 2938 428 2970 des
452 2938 663 2978 Auswärtigen,
693 2938 797 2979 Herzog
817 2939 936 2981 Decazes
968 2942 1062 2982 appel¬

140 2983 208 3016 lirte
219 2991 258 3013 an
270 2980 317 3012 den
330 2979 545 3019 Patriotismus
560 2980 607 3012 der
631 2979 823 3021 französischen
834 2981 983 3020 Bankiers,
1005 2989 1062 3015 wo¬

140 3023 211 3063 rauf
246 3023 288 3054 die
308 3021 449 3054 Vertreter
483 3022 530 3053 der
564 3021 768 3062 bedeutendsten
804 3023 918 3063 Pariser
939 3025 1060 3066 Finanz¬

140 3066 272 3105 institute
286 3063 539 3104 zusammentraten
560 3064 627 3101 und,
648 3065 701 3096 wie
721 3064 912 3106 telegraphisch
933 3068 1062 3106 gemeldet

138 3108 263 3143 worden,
285 3115 332 3138 am
354 3104 498 3145 Mittwoch
521 3105 562 3138 die
573 3106 718 3146 egyptische
728 3106 1061 3149 Finanz-Angelegenheit

139 3159 206 3191 zum
227 3147 368 3188 Abschluß
390 3146 524 3186 brachten.
567 3147 643 3179 Man
679 3148 750 3180 wird
787 3149 844 3181 eine
879 3150 994 3190 Anleihe
1029 3151 1060 3183 in

138 3190 350 3232 Obligationen
370 3189 411 3221 im
433 3188 555 3230 Betrage
575 3197 630 3221 von
651 3190 713 3220 250
733 3189 890 3223 Millionen
922 3192 1061 3232 ausgeben

138 3234 198 3267 und
219 3233 270 3273 für
292 3232 352 3262 200
375 3230 530 3264 Millionen
552 3231 744 3271 Schatzscheine
766 3232 815 3271 auf
827 3232 884 3265 drei
897 3234 989 3273 Jahre
1000 3240 1058 3265 ver¬

138 3276 270 3317 längern.
312 3274 378 3306 Das
400 3273 682 3312 Finanzkonsortium
705 3272 833 3314 beschloß,
856 3281 911 3307 von
932 3276 981 3307 den
1011 3276 1059 3316 fest

1116 1052 1149 1084 zu
1169 1043 1405 1085 übernehmenden
1429 1046 1486 1077 150
1510 1047 1667 1081 Millionen
1691 1050 1728 1081 75
1740 1050 1896 1084 Millionen
1906 1062 1941 1093 zu
1952 1052 2032 1085 über¬

1117 1085 1241 1126 nehmen.
1285 1086 1339 1119 Die
1375 1087 1491 1129 Anleihe
1527 1089 1580 1128 soll
1610 1089 1684 1123 beim
1715 1091 1865 1133 Comptoir
1886 1094 2034 1126 nationale

1116 1127 1289 1169 d’escompte
1320 1129 1461 1170 gezeichnet
1480 1131 1598 1164 werden.
1639 1132 1702 1166 Mit
1723 1134 1879 1176 Frankreich
1911 1136 1973 1177 geht
2004 1137 2036 1169 in

1117 1168 1199 1209 dieser
1220 1169 1434 1211 Angelegenheit
1455 1172 1520 1212 auch
1541 1173 1655 1210 Italien
1677 1174 1761 1214 Hand
1782 1176 1813 1208 in
1835 1176 1927 1217 Hand,
1949 1177 2034 1218 dessen

1117 1210 1192 1251 Rath
1214 1212 1273 1244 und
1294 1211 1427 1253 Beistand
1448 1213 1497 1253 sich
1519 1214 1565 1246 der
1576 1214 1695 1256 Khedive
1716 1217 1882 1259 bekanntlich
1898 1219 2034 1260 ebenfalls

1116 1252 1220 1284 erbeten
1242 1253 1326 1294 hatte.
1369 1254 1435 1287 Das
1470 1255 1601 1293 Resultat
1635 1257 1681 1289 der
1713 1259 1980 1303 Unterhandlungen
2002 1262 2034 1294 in

1118 1294 1207 1334 Paris
1228 1295 1322 1328 wurde
1343 1295 1431 1337 sofort
1451 1298 1643 1340 telegraphisch
1668 1309 1707 1332 an
1738 1300 1788 1333 den
1809 1301 1957 1344 Vizekönig
1989 1313 2034 1344 ge¬

1116 1336 1223 1369 meldet.
1267 1337 1331 1369 Wie
1364 1338 1425 1378 sehr
1444 1339 1527 1379 indeß
1547 1341 1591 1373 die
1610 1341 1804 1383 französischen
1824 1344 1941 1377 Blätter
1966 1345 2037 1385 diese

1117 1388 1182 1410 neue
1202 1378 1353 1420 Wendung
1373 1381 1420 1412 der
1441 1380 1535 1422 Dinge
1560 1382 1592 1414 in
1613 1383 1738 1423 Egypten
1774 1384 1875 1418 bereits
1911 1386 1958 1419 als
1991 1387 2036 1419 ein

1117 1419 1170 1451 fait
1190 1421 1331 1461 accompli
1351 1420 1502 1462 betrachten
1534 1423 1591 1456 und
1617 1424 1767 1465 begrüßen,
1802 1426 1831 1466 so
1867 1427 1964 1468 scheint
2000 1428 2036 1469 sie

1117 1461 1179 1501 doch
1198 1462 1265 1502 noch
1285 1463 1450 1504 keineswegs
1470 1474 1506 1505 zu
1527 1465 1616 1499 einem
1636 1466 1739 1507 solchen
1760 1468 1886 1510 gediehen
1913 1479 1948 1510 zu
1967 1470 2034 1510 sein,

1117 1503 1249 1543 vielmehr
1271 1504 1369 1538 meldet
1390 1509 1447 1537 uns
1469 1506 1547 1546 heute
1568 1507 1626 1540 eine
1637 1507 1851 1551 Havasdepesche
1867 1515 1921 1543 aus
1937 1511 2033 1548 Cairo,

1118 1545 1172 1584 daß
1193 1545 1236 1578 die
1257 1546 1401 1587 egyptische
1422 1547 1581 1589 Regierung
1604 1550 1646 1583 die
1666 1550 1840 1593 französische
1850 1553 2033 1594 Finanzcom¬

1117 1586 1248 1620 bination
1269 1588 1341 1629 nicht
1360 1599 1564 1630 angenommen
1586 1591 1644 1624 und
1655 1591 1810 1634 beschlossen
1820 1594 1879 1635 hat,
1900 1595 1942 1628 die
1956 1595 2034 1636 Zah¬

1118 1629 1187 1669 lung
1208 1629 1254 1661 der
1276 1630 1443 1669 verfallenen
1463 1631 1664 1673 Zinscoupons
1693 1644 1743 1667 um
1766 1636 1822 1668 drei
1843 1636 1963 1669 Monate
1998 1647 2033 1678 zu

1118 1670 1290 1711 verschieben.
1332 1672 1425 1713 Durch
1446 1674 1537 1713 welche
1551 1674 1661 1708 Motive
1675 1676 1738 1709 oder
1749 1676 1883 1718 Einflüsse
1897 1678 1939 1711 die
1953 1685 2034 1719 egyp¬

1118 1712 1194 1753 tische
1215 1713 1374 1755 Regierung
1394 1714 1439 1747 bei
1458 1715 1556 1755 diesem
1577 1715 1726 1764 Beschlusse
1747 1719 1853 1759 geleitet
1874 1721 1975 1757 wurde,
1998 1721 2033 1760 ist

1118 1764 1166 1795 zur
1188 1755 1303 1787 Stunde
1323 1756 1386 1796 noch
1408 1756 1479 1796 nicht
1499 1757 1650 1798 ersichtlich.
1693 1760 1923 1800 Möglicherweise
1944 1762 2035 1802 haben

1119 1796 1310 1837 anderweitige
1320 1797 1454 1839 Einflüsse
1475 1799 1532 1831 und
1544 1799 1587 1832 die
1597 1801 1783 1842 orientalische
1794 1802 2034 1845 Wankelmüthig¬

1118 1839 1166 1871 keit
1187 1838 1235 1871 des
1257 1838 1375 1878 Khedive
1396 1840 1446 1872 den
1467 1840 1567 1873 bereits
1589 1842 1636 1875 als
1659 1842 1737 1884 sicher
1747 1843 1922 1885 betrachteten
1934 1845 2034 1887 Erfolg

1118 1880 1163 1912 der
1184 1880 1378 1921 französischen
1400 1882 1505 1921 Politik
1526 1884 1694 1924 neuerdings
1715 1885 1845 1919 vereitelt.

1177 1921 1228 1953 Da
1247 1922 1332 1961 Fürst
1345 1922 1490 1956 Bismarck
1503 1934 1554 1964 zur
1568 1925 1716 1967 Stärkung
1729 1926 1817 1966 seiner
1830 1928 2035 1969 angegriffenen

1118 1962 1289 2005 Gesundheit
1302 1964 1405 1998 Berlin
1426 1965 1490 1998 bald
1513 1966 1579 2006 nach
1589 1967 1692 2007 Ostern
1712 1978 1746 2008 zu
1767 1969 1897 2010 verlassen
1918 1971 2034 2011 gedenkt,

1118 2006 1146 2044 so
1166 2005 1237 2038 wird
1260 2005 1318 2045 (der
1342 2006 1434 2047 „Voss.
1456 2007 1540 2048 Ztg."
1565 2008 1684 2049 zufolge)
1717 2011 1759 2042 die
1779 2011 1843 2049 erste
1864 2011 1968 2053 Lesung
1989 2012 2035 2045 der

1117 2047 1474 2088 Reichseisenbahnvorlage
1503 2050 1570 2090 nach
1600 2052 1661 2083 dem
1692 2051 1768 2084 Ende
1791 2052 1838 2085 der
1857 2053 1964 2093 Ferien,
1986 2064 2036 2087 am

1118 2089 1252 2130 Dienstag
1285 2090 1334 2121 den
1366 2091 1416 2122 25.
1442 2090 1546 2131 April,
1581 2093 1632 2132 auf
1661 2092 1705 2126 die
1734 2094 1956 2136 Tagesordnung
1987 2097 2034 2128 des

1117 2130 1380 2171 preußischen
1412 2132 1717 2174 Abgeordnetenhauses
1749 2136 1836 2177 gesetzt
1864 2137 1921 2169 und
1942 2138 2035 2178 wahr¬

1117 2172 1252 2213 scheinlich
1273 2173 1342 2213 ohne
1361 2173 1582 2215 kommissarische
1592 2175 1809 2218 Vorberathung
1823 2178 1875 2219 auf
1888 2179 1930 2211 die
1944 2180 2035 2220 zweite

1117 2214 1285 2255 Berathung
1306 2215 1336 2247 in
1358 2216 1586 2250 unmittelbarem
1597 2217 1736 2257 Anschluß
1764 2229 1800 2251 an
1823 2220 1864 2252 die
1885 2221 1950 2261 erste
1969 2227 2035 2253 vor¬

1118 2265 1281 2296 genommen
1310 2258 1425 2289 werden.
1466 2259 1541 2291 Was
1569 2259 1610 2291 die
1631 2259 1758 2300 Chancen
1779 2261 1823 2294 der
1843 2262 1969 2303 Vorlage
1988 2263 2033 2295 be¬

1116 2297 1198 2337 trifft,
1231 2298 1260 2337 so
1293 2297 1409 2338 scheinen
1434 2298 1566 2339 dieselben
1588 2301 1646 2333 dem
1668 2305 1823 2341 genannten
1844 2303 1939 2342 Blatt,
1970 2306 2034 2345 trotz

1116 2340 1162 2371 des
1183 2338 1324 2379 lebhaften
1336 2339 1483 2380 Gefechtes,
1504 2341 1557 2373 das
1579 2341 1628 2382 für
1648 2343 1706 2375 und
1720 2344 1803 2376 wider
1818 2344 1868 2385 seit
1893 2345 2034 2378 Monaten

1115 2381 1147 2412 in
1167 2380 1252 2413 Wort
1274 2381 1330 2413 und
1351 2382 1460 2422 Schrift
1479 2383 1591 2423 geführt
1612 2384 1691 2421 wird,
1713 2385 1785 2425 nicht
1804 2386 1953 2427 wesentlich
1974 2394 2033 2420 ver¬

1115 2422 1213 2454 ändert
1233 2432 1268 2463 zu
1290 2423 1355 2462 sein.
1381 2425 1444 2461 „In
1465 2425 1510 2456 der
1521 2425 1820 2466 Fortschrittspartei",
1831 2428 1860 2468 so
1871 2428 1981 2469 schreibt
1991 2430 2034 2462 die

1119 2463 1172 2502 „V.
1183 2464 1250 2502 Z.",
1273 2464 1321 2505 hat
1342 2464 1390 2506 sich
1412 2466 1453 2498 die
1473 2466 1550 2506 Zahl
1564 2467 1609 2499 der
1629 2467 1689 2508 sehr
1709 2470 1883 2509 vereinzelten
1904 2471 2029 2509 Freunde

1115 2506 1162 2537 des
1193 2506 1416 2546 Unternehmens
1447 2507 1576 2549 sicherlich
1606 2509 1678 2550 nicht
1708 2511 1845 2551 vermehrt
1871 2513 1929 2544 und
1951 2516 2034 2545 unter

1114 2548 1163 2579 den
1185 2547 1459 2581 Nationalliberalen
1479 2550 1585 2582 werden
1599 2551 1699 2584 immer
1710 2552 1774 2591 noch
1784 2553 1871 2593 einige
1881 2554 1931 2585 den
1943 2554 2033 2595 Muth

1114 2588 1210 2629 haben,
1233 2593 1290 2621 aus
1310 2590 1562 2631 wirthschaftlichen
1587 2592 1723 2625 Gründen
1748 2594 1798 2626 den
1818 2595 2032 2636 Verlockungen,

1113 2630 1278 2671 unitarische
1292 2631 1397 2671 Politik
1416 2642 1452 2672 zu
1464 2633 1578 2670 treiben,
1599 2644 1633 2675 zu
1646 2634 1828 2676 widerstehen.
1850 2637 1914 2669 Den
1927 2637 2032 2678 konser¬

1114 2673 1223 2705 vativen
1245 2674 1377 2713 Parteien
1399 2674 1457 2706 und
1478 2676 1538 2707 dem
1554 2675 1689 2708 Centrum
1713 2683 1773 2710 war
1794 2684 1848 2711 von
1869 2679 2033 2720 vornherein

1114 2714 1159 2745 der
1180 2714 1364 2754 Standpunkt
1384 2716 1433 2755 für
1454 2717 1510 2748 und
1533 2727 1613 2757 gegen
1628 2717 1750 2758 gegeben.
1776 2719 1929 2760 Uebrigens
1945 2722 2033 2761 haben

1113 2756 1157 2788 bei
1176 2756 1223 2787 der
1243 2757 1415 2798 Wichtigkeit
1435 2758 1481 2791 der
1490 2758 1729 2800 Verhandlungen
1739 2761 1857 2801 einzelne
1867 2763 2033 2801 Fraktionen

1114 2798 1258 2830 Cirkulare
1280 2809 1317 2830 an
1339 2799 1397 2840 ihre
1418 2799 1582 2840 Mitglieder
1602 2801 1724 2842 erlassen,
1751 2804 1842 2836 worin
1863 2804 1898 2843 sie
1919 2805 1970 2845 auf
1990 2806 2032 2838 die

1113 2839 1346 2880 Nothwendigkeit
1367 2841 1550 2882 vollzähligen
1573 2842 1746 2883 Erscheinens
1768 2844 1810 2877 bei
1819 2845 2031 2887 Wiederbeginn

1111 2881 1157 2913 der
1178 2881 1331 2923 Sitzungen
1351 2882 1527 2923 hinweisen."

1174 2923 1228 2955 Die
1253 2924 1376 2961 „Nordd.
1399 2925 1476 2965 Allg.
1497 2925 1583 2966 Ztg."
1617 2926 1714 2968 bringt
1748 2928 1825 2960 einen
1860 2928 2028 2963 bemerkens¬

1113 2965 1231 3005 werten
1253 2965 1359 2999 Artikel
1379 2966 1447 2998 über
1469 2967 1614 3007 Rußland,
1636 2968 1743 3009 welcher
1764 2969 1805 3002 die
1819 2970 2031 3012 Uebereinstim¬

1111 3016 1200 3046 mung
1221 3007 1267 3039 der
1289 3007 1424 3048 deutschen
1439 3009 1495 3041 und
1509 3009 1653 3050 russischen
1664 3011 1819 3052 Interessen
1841 3012 1944 3051 betont,
1966 3013 2031 3046 aber

1111 3048 1243 3088 leugnet,
1280 3050 1334 3088 daß
1356 3050 1398 3083 die
1419 3051 1612 3092 Freundschaft
1634 3052 1789 3092 Rußlands
1810 3055 1868 3087 eine
1891 3055 2027 3096 Existenz¬

1110 3090 1186 3130 frage
1207 3090 1258 3129 für
1279 3091 1463 3132 Deutschland
1484 3093 1531 3132 sei.
1573 3093 1632 3126 Der
1651 3094 1756 3127 Artikel
1778 3095 1904 3136 schließt:

1175 3132 1245 3167 „Die
1265 3133 1374 3170 deutsche
1395 3134 1479 3173 Presse
1502 3135 1562 3165 aber
1583 3138 1654 3174 möge
1681 3136 1711 3167 in
1732 3137 1848 3175 Zukunft
1869 3139 1925 3168 dem
1946 3138 2031 3169 Gebot

1110 3173 1152 3204 der
1173 3174 1375 3214 Selbstachtung
1395 3176 1499 3213 folgen,
1536 3177 1639 3214 welches
1661 3177 1690 3208 in
1711 3179 1800 3216 diesem
1821 3180 1896 3216 Falle
1917 3189 1963 3218 zur
1984 3190 2031 3211 na¬

1110 3216 1226 3245 tionalen
1246 3217 1344 3254 Pflicht
1364 3217 1453 3253 wird,
1491 3219 1546 3249 und
1577 3219 1617 3249 die
1637 3219 1817 3258 Freundschaft
1847 3231 1881 3259 zu
1900 3223 2029 3260 Rußland

1111 3263 1178 3294 zwar
1200 3258 1225 3295 so
1247 3258 1307 3296 hoch
1329 3259 1377 3288 wie
1398 3259 1506 3297 möglich
1523 3260 1615 3297 stellen,
1638 3261 1697 3291 aber
1717 3262 1790 3292 dabei
1810 3263 1877 3300 nicht
1899 3265 2029 3302 vergessen,

1108 3299 1159 3336 daß
1179 3299 1283 3338 dieselbe
1305 3300 1351 3337 auf
1371 3301 1426 3330 dem
1442 3302 1688 3339 wohlverstandenen
1710 3304 1889 3343 gegenseitigen
1905 3306 2030 3344 Interesse

2086 1054 2169 1085 beider
2190 1056 2296 1092 Mächte
2317 1056 2417 1095 beruht,
2450 1059 2504 1089 und
2525 1058 2632 1097 deshalb
2653 1060 2729 1097 durch
2751 1062 2903 1101 persönliche
2927 1064 3013 1102 Sym¬

2086 1096 2192 1134 pathien
2213 1103 2282 1135 zwar
2303 1099 2447 1136 gewinnen,
2482 1101 2558 1138 durch
2581 1101 2655 1133 einen
2675 1102 2790 1141 Mangel
2810 1104 2943 1141 derselben,
2969 1106 3014 1137 der

2086 1138 2221 1176 übrigens,
2256 1139 2343 1177 soweit
2364 1140 2417 1179 jetzt
2438 1141 2479 1172 ein
2500 1143 2675 1180 menschliches
2695 1143 2771 1183 Auge
2792 1154 2824 1183 zu
2844 1146 2939 1178 blicken
2957 1154 3013 1179 ver¬

2087 1188 2155 1218 mag,
2179 1181 2287 1218 nirgend
2308 1181 2455 1213 bemerkbar
2475 1183 2515 1221 ist,
2537 1184 2606 1222 nicht
2626 1185 2752 1218 verlieren
2772 1188 2864 1218 kann."

2148 1221 2204 1255 Die
2225 1222 2394 1256 Wiener
2414 1224 2577 1266 Regierung
2606 1226 2672 1267 läßt
2691 1227 2749 1259 alle
2769 1227 2945 1270 Nachrichten
2965 1230 3014 1264 der

2087 1262 2254 1304 Zeitungen,
2286 1265 2397 1306 wonach
2423 1266 2471 1304 für
2497 1267 2550 1300 das
2572 1268 2652 1308 Jahr
2675 1269 2756 1301 1877
2778 1271 2837 1303 eine
2858 1270 3014 1314 Erhöhung

2086 1305 2134 1337 des
2155 1305 2377 1347 Kriegsbudgets
2412 1317 2495 1349 gegen
2527 1309 2581 1341 das
2601 1309 2730 1351 Vorjahr
2760 1312 2792 1345 in
2814 1312 2942 1354 Aussicht
2967 1323 3013 1355 ge¬

2086 1356 2218 1380 nommen
2249 1347 2307 1388 sein
2337 1348 2426 1388 sollte,
2459 1350 2507 1382 als
2527 1351 2617 1392 völlig
2636 1352 2830 1393 unbegründet
2848 1353 3012 1396 bezeichnen.

2086 1388 2135 1421 Ob
2155 1388 2241 1429 dieses
2263 1389 2396 1423 Dementi
2430 1392 2517 1424 allein
2548 1393 2601 1433 auf
2626 1393 2669 1427 die
2689 1394 2946 1434 Gesammtsumme
2966 1397 3012 1431 be¬

2086 1440 2167 1470 zogen
2190 1431 2296 1463 werden
2307 1432 2369 1471 soll,
2392 1432 2426 1471 ist
2449 1433 2532 1473 indeß
2554 1435 2631 1476 nicht
2652 1435 2803 1477 ersichtlich.
2836 1437 3014 1481 Gleichzeitig

2086 1472 2147 1513 geht
2167 1472 2251 1512 indeß
2271 1473 2318 1506 ein
2337 1473 2478 1514 offiziöses
2498 1475 2588 1509 Blatt
2606 1486 2665 1510 nur
2684 1477 2714 1518 so
2734 1479 2808 1515 weit,
2830 1479 2881 1512 den
2890 1480 3012 1522 Ungarn

2085 1514 2127 1547 die
2152 1514 2286 1555 tröstliche
2318 1515 2517 1557 Versicherung
2548 1528 2583 1559 zu
2614 1518 2706 1559 geben,
2743 1519 2799 1560 daß
2826 1521 2871 1553 der
2893 1523 3011 1563 Kriegs¬

2086 1556 2212 1593 minister
2233 1566 2289 1589 nur
2310 1567 2361 1590 um
2382 1558 2471 1598 einige
2481 1559 2638 1592 Millionen
2653 1561 2731 1601 mehr
2752 1564 2901 1603 verlangen
2916 1566 3012 1601 werde,

2087 1597 2135 1630 als
2155 1597 2198 1630 im
2217 1597 2368 1639 Vorjahre.
2413 1600 2535 1640 Welcher
2555 1602 2640 1642 Trost
2671 1602 2721 1642 für
2742 1603 2861 1644 Ungarn
2882 1615 2917 1646 zu
2938 1607 3013 1639 einer

2086 1639 2159 1678 Zeit,
2181 1646 2224 1672 wo
2247 1640 2289 1673 die
2307 1641 2597 1682 Steuer-Exekutoren
2617 1643 2661 1677 die
2680 1643 2935 1686 überschwemmten
2956 1648 3013 1681 Ge¬

2085 1681 2188 1721 genden
2219 1682 2252 1714 in
2273 1682 2393 1723 Kähnen
2412 1683 2536 1724 bereisen
2563 1684 2621 1717 und
2643 1685 2696 1719 das
2717 1686 2783 1726 Hab
2804 1688 2861 1720 und
2883 1688 2947 1722 Gut
2966 1690 3015 1722 des

2086 1722 2281 1760 Landmanns,
2302 1724 2413 1763 welches
2436 1726 2488 1758 das
2510 1726 2618 1767 Wasser
2638 1727 2798 1768 verschonte,
2820 1730 2874 1763 mit
2880 1730 3015 1773 Beschlag

2086 1764 2214 1805 belegen!
2258 1765 2313 1798 Die
2334 1766 2413 1807 Noth
2435 1767 2469 1806 ist
2491 1768 2651 1808 allgemein,
2680 1769 2794 1808 „aber",
2829 1771 2890 1813 sagt
2911 1773 3015 1806 Baron

2086 1806 2193 1844 Koller,
2217 1807 2373 1847 „Rußland
2395 1809 2454 1841 und
2469 1809 2657 1850 Deutschland
2677 1812 2858 1853 unterhallen
2877 1815 2939 1847 eine
2947 1814 3014 1856 noch

2086 1848 2199 1888 größere
2230 1849 2330 1882 Armee
2365 1851 2423 1883 und
2456 1850 2527 1883 Mac
2558 1852 2672 1892 Mahon
2703 1855 2831 1887 wundert
2857 1855 2920 1896 sich,
2955 1856 3013 1897 daß

2086 1890 2248 1930 Oesterreich
2270 1890 2298 1931 so
2320 1890 2403 1932 billig
2423 1892 2653 1933 herauskommen
2674 1895 2773 1927 kann."
2799 1895 2872 1929 Aber
2892 1897 2948 1937 daß
2969 1898 3014 1931 die

2084 1931 2263 1972 finanziellen
2295 1933 2483 1974 Verhältnisse
2518 1935 2550 1968 in
2569 1935 2870 1978 Oesterreich-Ungarn
2889 1940 2949 1972 und
2979 1940 3014 1973 in

2086 1974 2244 2014 Frankreich
2266 1975 2521 2016 grundverschieden
2544 1977 2614 2017 sind,
2636 1977 2689 2010 das
2708 1980 2801 2019 genirt
2820 1980 2871 2012 den
2892 1981 3011 2022 Kriegs-¬

2085 2014 2219 2056 Minister
2240 2015 2320 2056 nicht.

2147 2057 2221 2097 Nach
2254 2058 2328 2090 einer
2354 2058 2484 2100 Depesche
2504 2060 2551 2092 der
2578 2061 2711 2099 „Times"
2736 2066 2793 2095 aus
2813 2062 2931 2105 Ragusa
2950 2064 3011 2104 sind

2085 2098 2127 2131 die
2149 2098 2618 2143 Pacifikationsunterhandlungen
2639 2103 2687 2135 des
2702 2102 2826 2137 General
2839 2104 2942 2146 Rodich
2956 2106 3011 2140 mit

2085 2140 2135 2172 den
2166 2141 2432 2182 Insurgentenchefs
2464 2143 2509 2183 der
2542 2144 2842 2185 Herzegowina
2872 2147 3010 2188 erfolglos

2086 2181 2223 2222 geblieben
2256 2183 2314 2215 und
2344 2184 2380 2222 ist
2401 2184 2503 2225 Rodich
2528 2186 2625 2218 wieder
2646 2186 2713 2227 nach
2734 2187 2849 2227 Ragusa
2870 2188 3009 2230 zurückge¬

2084 2223 2165 2264 kehrt.
2187 2224 2252 2256 Und
2273 2229 2328 2257 aus
2349 2226 2460 2265 Agram
2490 2228 2562 2260 wird
2588 2228 2737 2268 gemeldet:
2779 2229 2843 2262 Wie
2863 2231 3010 2269 verlautet,

2085 2266 2119 2304 ist
2141 2266 2186 2298 der
2207 2275 2291 2306 ganze
2311 2266 2446 2307 Bihacser
2459 2267 2565 2308 Bezirk,
2587 2271 2633 2301 der
2654 2270 2702 2310 sich
2723 2269 2819 2311 bisher
2839 2271 2930 2313 passiv
2950 2279 3011 2305 ver¬

2085 2306 2161 2347 hielt,
2183 2310 2266 2339 unter
2286 2308 2336 2340 den
2358 2309 2469 2348 Rufen:
2495 2310 2553 2347 „Es
2575 2310 2632 2342 lebe
2653 2312 2698 2343 der
2710 2311 2810 2352 Kaiser
2830 2319 2884 2345 von
2899 2315 3010 2354 Oester¬

2084 2348 2185 2388 reich!"
2211 2349 2422 2390 aufgestanden;
2449 2351 2514 2391 auch
2526 2352 2750 2392 Mohamedaner
2770 2354 2858 2394 haben
2880 2356 2929 2396 sich
2950 2357 3011 2389 dem

2085 2390 2238 2429 Ausstande
2259 2392 2463 2432 angeschlossen.
2505 2393 2561 2426 Die
2588 2394 2814 2436 Aufständischen
2838 2396 2928 2436 haben
2949 2399 3011 2429 200

2084 2431 2192 2472 Häuser
2212 2432 2452 2473 niedergebrannt.
2483 2434 2543 2467 Der
2565 2436 2659 2475 Pester
2679 2436 2766 2476 Lloyd
2787 2438 2858 2477 stellt
2878 2439 3011 2481 Betrach¬

2083 2476 2187 2514 tungen
2209 2474 2277 2507 über
2297 2475 2340 2507 die
2360 2475 2500 2516 politische
2511 2476 2582 2517 Lage
2603 2477 2649 2510 der
2659 2478 2762 2511 Türkei
2782 2489 2820 2511 an
2841 2481 2899 2512 und
2913 2480 3010 2520 findet,

2082 2515 2136 2547 das
2167 2516 2364 2556 entscheidende
2393 2516 2528 2551 Moment
2557 2519 2627 2559 liege
2647 2520 2741 2557 darin,
2777 2530 2812 2561 zu
2832 2522 3007 2563 verhindern,

2084 2557 2139 2596 daß
2160 2557 2202 2590 die
2223 2558 2312 2599 Frage
2333 2559 2379 2590 des
2403 2559 2575 2599 Aufstandes
2597 2561 2648 2601 auf
2669 2562 2721 2594 das
2741 2560 2841 2595 Gebiet
2861 2563 2907 2596 der
2928 2574 3009 2597 euro¬

2083 2598 2205 2638 päischen
2225 2600 2381 2640 Interessen
2403 2601 2542 2642 eingreife.
2585 2602 2728 2643 Während
2749 2613 2818 2636 man
2839 2614 2873 2645 zu
2894 2606 3010 2647 Beginn

2082 2641 2130 2672 des
2151 2640 2323 2681 Aufstandes
2343 2642 2467 2682 glauben
2486 2644 2589 2681 wollte,
2611 2654 2670 2677 nur
2688 2645 2756 2685 nach
2776 2646 2918 2680 Monaten
2932 2648 3010 2688 zähle

2082 2682 2146 2721 noch
2168 2683 2214 2715 der
2235 2682 2357 2723 Bestand
2379 2684 2426 2717 der
2447 2685 2556 2721 Türkei,
2578 2686 2648 2727 zeigt
2672 2687 2720 2727 sich
2743 2687 2799 2728 jetzt
2819 2689 2889 2721 keine
2911 2690 3008 2729 Kraft,

2083 2724 2125 2755 die
2156 2723 2269 2764 Einheit
2298 2726 2331 2758 in
2352 2726 2406 2758 das
2430 2727 2526 2767 Chaos
2552 2727 2670 2769 bringen
2691 2730 2797 2762 könnte.
2840 2729 2903 2764 Mit
2925 2732 3009 2771 dieser

2083 2766 2255 2806 Erkenntniß
2285 2768 2377 2799 wurde
2410 2768 2458 2800 der
2488 2768 2615 2802 Gedanke
2640 2771 2714 2803 einer
2735 2771 2875 2804 radikalen
2897 2773 3009 2814 Lösung

2083 2808 2128 2840 der
2163 2808 2252 2848 Frage
2297 2809 2473 2849 aufgegeben.
2526 2811 2625 2843 Weder
2670 2812 2712 2844 die
2744 2812 2892 2853 Annexion
2927 2814 3008 2856 durch

2083 2850 2141 2881 eine
2162 2849 2265 2889 fremde
2286 2850 2393 2891 Macht,
2417 2852 2481 2892 noch
2514 2852 2556 2885 die
2577 2853 2834 2895 Autonomisirung
2865 2855 2911 2888 der
2943 2856 3008 2897 auf¬

2083 2891 2246 2932 ständischen
2269 2892 2429 2933 Provinzen
2452 2893 2519 2934 stehe
2541 2894 2593 2934 auf
2614 2895 2660 2927 der
2686 2896 2930 2938 Tagesordnung;
2965 2899 3009 2932 die

2082 2932 2232 2974 Wahrung
2254 2934 2301 2966 des
2322 2934 2427 2966 Status
2456 2946 2511 2976 quo
2533 2937 2618 2969 könne
2653 2937 2740 2970 allein
2775 2938 2833 2970 eine
2867 2940 3011 2981 praktische

2083 2974 2307 3016 Rechtfertigung
2330 2976 2465 3017 erhalten,
2486 2977 2523 3010 da
2543 2988 2595 3018 zur
2614 2977 2748 3020 Bildung
2774 2980 2849 3012 eines
2869 2981 3010 3021 südslavi¬

2082 3016 2154 3055 schen
2176 3017 2412 3057 Einheitsstaates
2434 3019 2497 3051 oder
2519 3029 2568 3060 zur
2590 3020 2719 3060 Bildung
2741 3022 2817 3054 eines
2837 3025 3010 3056 autonomen

2082 3058 2334 3098 Föderativstaates
2355 3059 2412 3100 jede
2432 3060 2657 3102 Voraussetzung
2672 3062 2751 3103 fehle.
2795 3063 2851 3095 Die
2869 3064 3010 3105 Pacifica¬

2081 3100 2175 3133 kation
2196 3100 2234 3140 sei
2254 3101 2328 3141 nicht
2347 3101 2427 3143 mehr
2449 3103 2507 3135 eine
2528 3104 2620 3144 Frage
2639 3110 2696 3136 von
2708 3105 2909 3145 europäischem
2924 3108 3012 3144 Inte¬

2082 3141 2153 3182 resse.
2195 3142 2266 3180 Jede
2296 3143 2495 3184 Verzögerung
2518 3144 2555 3184 sei
2577 3145 2755 3186 bedauerlich,
2781 3147 2864 3179 könne
2884 3147 2951 3180 aber
2971 3158 3010 3181 an

2082 3183 2142 3215 dem
2164 3184 2276 3216 Stande
2296 3185 2342 3217 der
2363 3185 2459 3226 Dinge
2479 3185 2569 3227 nichts
2591 3187 2705 3220 ändern.
2749 3188 2808 3220 Der
2821 3188 3009 3229 Zusammen¬

2081 3224 2163 3265 bruch
2184 3227 2231 3258 der
2240 3226 2341 3260 Türkei
2360 3227 2449 3260 könne
2468 3237 2526 3260 nur
2539 3235 2597 3261 von
2610 3228 2846 3269 Konstantinopel
2858 3231 3008 3272 ausgehen.

470 3453 629 3498 Feuilleton
655 3451 741 3493 1876.

471 3563 541 3589 Am
566 3561 728 3595 Flusse.
1044 3565 1062 3591 3

189 3590 235 3617 Sie
254 3594 304 3616 war
321 3588 370 3615 eine
387 3587 458 3614 kleine
474 3588 527 3620 Fee,
545 3588 593 3615 eine
611 3587 681 3621 Hexe,
699 3588 735 3615 ein
753 3587 854 3619 Kobold,
873 3589 916 3616 wie
933 3590 971 3616 der
987 3589 1063 3617 Vater

138 3627 169 3658 sie
186 3629 282 3658 nannte,
299 3635 327 3660 zu
345 3621 458 3657 Scherzen
474 3625 523 3651 und
541 3625 667 3653 Neckereien
685 3626 738 3657 stets
766 3626 842 3658 bereit,
870 3626 968 3660 lachend,
994 3628 1062 3660 plau¬

140 3664 215 3696 dernd,
232 3665 327 3697 singend
344 3663 393 3689 und
409 3662 508 3694 tanzend
524 3667 579 3689 vom
588 3663 693 3696 Morgen
710 3663 750 3690 bis
767 3672 819 3697 zum
836 3664 933 3697 Abend;
950 3666 999 3693 und
1010 3666 1062 3698 doch

140 3701 219 3729 konnte
235 3703 266 3733 sie
284 3701 438 3733 stundenlang
466 3699 536 3732 ruhig
562 3700 596 3727 im
613 3701 688 3732 Grase
705 3701 788 3734 liegen,
814 3702 856 3734 aus
879 3703 922 3729 das
945 3702 1062 3730 Summen

140 3738 178 3766 der
195 3739 305 3771 Insekten
321 3739 370 3767 und
388 3739 430 3766 den
447 3738 538 3770 Gesang
556 3738 593 3764 der
611 3738 687 3771 Vögel
705 3739 816 3772 lauschen,
840 3740 894 3767 oder
912 3748 981 3773 ganze
998 3742 1061 3774 Tage

138 3775 166 3802 in
182 3777 255 3809 ihrem
272 3778 360 3805 kleinen
377 3776 449 3809 Kahn
465 3775 508 3807 auf
524 3775 574 3802 dem
583 3775 664 3809 Flusse
680 3777 816 3809 zubringen,
833 3781 872 3804 wo
887 3778 917 3810 sie
933 3786 986 3811 zum
996 3779 1061 3806 Rau¬

136 3813 199 3845 schen
215 3816 254 3841 des
272 3815 376 3848 Wassers
394 3814 446 3846 leise
462 3813 540 3840 Lieder
557 3814 621 3845 sang.
656 3814 704 3840 Sie
721 3815 799 3847 wuchs
815 3818 882 3842 unter
893 3816 999 3849 Blüthen
1012 3817 1060 3844 und

137 3851 243 3879 Blumen
261 3854 311 3885 auf,
329 3853 358 3885 sie
376 3852 441 3884 selbst
459 3857 509 3878 war
538 3851 587 3878 eine
615 3851 767 3879 wunderbare
784 3853 886 3886 Knospe,
915 3856 960 3880 aus
988 3855 1060 3881 einem

134 3889 315 3922 Zaubergarten
331 3891 377 3922 auf
392 3890 429 3917 die
445 3890 504 3917 Erde
520 3889 657 3922 verpflanzt,
676 3888 749 3915 keiner
779 3890 866 3917 andern
893 3891 985 3923 ähnlich
1011 3893 1060 3919 und

133 3926 224 3959 schöner
240 3927 282 3953 als
299 3928 351 3959 alle,
370 3928 447 3959 woher
464 3929 487 3953 es
505 3927 568 3958 wohl
586 3925 640 3958 auch
652 3926 754 3952 kommen
764 3927 855 3959 mochte,
874 3929 919 3960 daß
930 3930 964 3955 die
972 3930 1060 3958 Kinder

135 3962 201 3994 ihres
216 3963 300 3990 Alters
316 3964 365 3991 eine
382 3965 471 3998 gewisse
487 3963 567 3996 Scheu
585 3968 628 3989 vor
644 3963 683 3995 ihr
701 3963 782 3995 hatten
798 3965 845 3990 und
863 3965 891 3997 sie
908 3966 1004 3999 mieden,
1022 3973 1059 3994 wo

133 3999 163 4028 sie
181 4000 286 4025 konnten.
318 4001 438 4033 Johanna
455 4002 526 4034 suchte
551 4002 617 4028 deren
639 4000 746 4033 Umgang
758 4001 814 4028 aber
829 4001 885 4034 auch
910 4004 978 4036 nicht.
1012 4005 1060 4032 Sie

134 4041 188 4063 war
206 4042 261 4067 gern
279 4038 349 4064 allein
366 4040 415 4066 und
433 4039 469 4067 bei
487 4040 561 4071 ihrem
579 4039 661 4070 Vater,
680 4037 774 4070 welcher
791 4038 844 4070 auch
864 4040 940 4067 keinen
957 4041 1058 4074 Verkehr

134 4072 181 4101 mit
200 4073 241 4099 den
259 4072 460 4107 Dorfbewohnern
476 4076 603 4109 unterhielt
620 4076 668 4103 und
680 4075 753 4107 außer
770 4076 852 4108 seinem
870 4075 976 4109 Freunde
988 4079 1058 4106 Wal¬

133 4112 173 4137 ten
191 4109 258 4135 kaum
276 4108 381 4141 Jemand
397 4116 443 4139 aus
461 4114 499 4141 der
516 4112 696 4146 Nachbarschaft
721 4112 768 4146 sah.
803 4113 900 4140 Walten
927 4114 993 4148 besaß
1011 4116 1058 4149 jen¬

131 4147 189 4180 seits
207 4148 245 4173 des
263 4146 357 4180 Flusses
375 4148 411 4176 ein
428 4151 511 4182 großes
529 4152 589 4183 Gut,
617 4156 667 4178 war
685 4151 799 4178 Wittwer
822 4151 867 4177 wie
885 4152 983 4184 Arnfeld
1010 4155 1057 4181 und

131 4184 195 4212 lebte
212 4184 256 4210 mit
274 4184 347 4213 feinen
364 4185 444 4214 beiden
461 4188 561 4221 Söhnen
577 4189 623 4222 fast
651 4189 729 4221 ebenso
751 4189 924 4222 zurückgezogen
949 4190 992 4218 wie
1018 4192 1058 4219 der

131 4221 225 4254 Major.
262 4221 307 4248 Die
324 4222 404 4249 beiden
421 4224 527 4256 Freunde
552 4226 680 4258 verkehrten
708 4225 779 4259 jedoch
807 4226 853 4253 viel
878 4228 922 4253 mit
939 4227 1056 4261 einander,

130 4260 181 4287 und
199 4259 234 4285 die
250 4258 340 4286 Kinder
359 4273 389 4277 —
407 4261 442 4288 die
459 4263 558 4291 Knaben
575 4269 654 4291 waren
680 4263 743 4290 beide
769 4266 842 4291 etwas
868 4264 928 4291 älter
953 4265 992 4292 als
1008 4266 1056 4298 Jo¬

129 4298 212 4330 hanna
230 4309 262 4314 —
281 4296 385 4329 brachten
402 4300 507 4331 manchen
525 4301 657 4334 glücklichen
674 4302 728 4333 Tag
744 4302 789 4334 auf
812 4302 861 4328 dem
886 4302 976 4333 schönen
992 4304 1056 4331 Gute

129 4334 175 4361 mit
193 4335 241 4360 dem
260 4335 346 4367 großen
363 4334 455 4364 Garten
472 4338 520 4364 und
537 4340 587 4365 dem
603 4339 801 4370 daraufstoßenden
809 4339 894 4366 Walde
910 4348 947 4371 zu.
965 4341 1055 4373 Anton,

127 4372 168 4399 der
184 4371 288 4404 jüngere,
305 4373 354 4399 und
361 4372 480 4406 Johanna
488 4379 568 4403 waren
585 4376 631 4407 fast
645 4377 837 4408 unzertrennlich,
855 4377 965 4410 während
975 4378 1054 4410 Wolf¬

127 4416 199 4442 gang,
215 4409 256 4436 der
273 4409 368 4441 Doktor,
386 4411 430 4438 wie
446 4411 489 4444 ihn
504 4412 553 4444 sein
568 4413 645 4440 Vater
666 4415 763 4445 nannte,
793 4413 831 4447 sich
857 4415 892 4446 oft
917 4420 964 4442 von
988 4415 1054 4448 ihren

126 4443 235 4486 Spielen
235 4443 312 4486 fern
312 4443 380 4486 hielt
380 4443 447 4486 und
447 4443 497 4486 bei
497 4443 592 4486 seinen
592 4443 719 4486 Büchern
719 4443 807 4486 blieb,
807 4443 859 4486 die
859 4443 905 4486 er
905 4443 985 4486 über
985 4443 1054 4486 Alles

1114 3376 1190 3404 liebte.
1225 3377 1282 3404 Nur
1299 3377 1334 3405 bei
1351 3379 1392 3405 den
1411 3379 1565 3413 Streifereien
1583 3380 1614 3407 im
1630 3381 1716 3408 Walde
1733 3382 1803 3414 fehlte
1824 3391 1848 3410 er
1865 3384 1910 3415 nie,
1938 3384 2034 3417 sondern

1114 3418 1164 3440 war
1181 3414 1235 3446 stets
1252 3415 1292 3441 der
1308 3414 1414 3448 Führer;
1433 3416 1463 3443 da
1480 3417 1526 3449 gab
1544 3420 1567 3444 es
1585 3417 1661 3445 keinen
1678 3418 1750 3452 Pfad,
1767 3420 1809 3446 den
1826 3429 1850 3447 er
1866 3421 1926 3453 nicht
1943 3423 2033 3452 kannte,

1114 3451 1187 3478 keinen
1205 3451 1260 3484 noch
1277 3452 1301 3483 so
1318 3453 1442 3485 versteckten
1459 3453 1531 3488 Platz,
1550 3455 1645 3487 welchen
1661 3463 1684 3482 er
1702 3456 1767 3491 nicht
1767 3456 1936 3491 aufgefunden
1961 3459 2033 3491 hätte.

1113 3488 1186 3520 Jeder
1203 3488 1286 3516 Baum
1304 3493 1354 3517 war
1377 3490 1426 3522 ihm
1451 3491 1487 3518 ein
1514 3491 1587 3519 lieber
1604 3492 1707 3526 Freund,
1736 3495 1784 3521 und
1811 3494 1871 3528 jedes
1896 3495 2033 3529 Pflänzchen

1113 3528 1200 3553 nannte
1217 3535 1241 3553 er
1257 3527 1303 3553 mit
1319 3527 1419 3555 Namen.
1455 3529 1533 3556 Wenn
1550 3529 1613 3557 dann
1631 3531 1712 3558 Anton
1730 3532 1778 3559 und
1795 3532 1911 3565 Johanna
1929 3534 1969 3566 sich
1978 3534 2033 3568 nach

1113 3564 1241 3591 Kinderart
1258 3566 1396 3593 tummelten
1411 3566 1461 3593 und
1477 3566 1563 3600 jagten,
1581 3568 1615 3595 im
1631 3568 1718 3596 Walde
1735 3570 1790 3602 nach
1808 3571 1954 3600 Abenteuern
1971 3573 2031 3605 such¬

1113 3603 1150 3628 ten
1167 3601 1214 3628 und
1232 3602 1364 3635 Wolfgang
1381 3603 1416 3635 oft
1434 3612 1480 3631 nur
1497 3604 1638 3638 begleiteten,
1656 3614 1696 3633 um
1714 3608 1793 3640 irgend
1809 3609 1873 3636 einen
1899 3609 1969 3641 ihnen
1993 3610 2032 3636 bis

1112 3639 1176 3671 heute
1193 3639 1353 3667 unbekannten
1379 3641 1567 3674 „schauerlichen"
1589 3643 1653 3676 Platz
1681 3645 1839 3677 auszufinden,
1866 3646 1888 3678 so
1916 3646 2032 3679 unterließ

1111 3675 1181 3708 dieser
1195 3675 1242 3708 nie,
1261 3677 1293 3707 sie
1309 3678 1352 3710 auf
1368 3678 1403 3704 die
1419 3678 1520 3710 hundert
1536 3679 1624 3707 kleinen
1631 3680 1709 3714 Dinge
1725 3682 1876 3715 aufmerksam
1892 3691 1922 3715 zu
1932 3684 2031 3716 machen,

1111 3712 1145 3739 die
1162 3713 1244 3744 seinem
1261 3713 1413 3746 Späherblick
1429 3715 1490 3749 nicht
1507 3716 1637 3749 entgingen,
1666 3722 1717 3745 war
1746 3721 1770 3745 es
1799 3720 1833 3752 oft
1859 3720 1913 3753 auch
1931 3729 1978 3748 nur
1995 3721 2032 3748 ein

1111 3750 1205 3781 schönes,
1224 3750 1272 3783 ihm
1291 3751 1368 3785 bisher
1385 3752 1482 3785 fremdes
1492 3754 1575 3785 Moos,
1593 3755 1646 3781 oder
1664 3755 1700 3783 ein
1718 3756 1802 3783 kleines
1811 3757 1901 3790 Insekt,
1919 3758 1963 3785 das
1975 3758 2032 3789 seine

1110 3787 1288 3821 Sammlungen
1306 3789 1430 3821 bereichern
1447 3791 1535 3822 mußte.
1554 3805 1582 3810 —
1602 3793 1685 3819 Anton
1701 3794 1742 3826 sah
1758 3802 1789 3826 zu
1805 3795 1854 3822 dem
1871 3796 1969 3823 Bruder
1980 3797 2031 3828 auf,

1110 3824 1153 3851 wie
1170 3833 1197 3857 zu
1216 3826 1289 3852 einem
1307 3826 1438 3860 Gelehrten,
1467 3828 1531 3860 hörte
1559 3828 1608 3861 ihm
1629 3830 1711 3857 immer
1736 3831 1781 3858 mit
1808 3833 1952 3866 andächtiger
1970 3834 2032 3866 Auf¬

1110 3863 1261 3894 merksamkeit
1278 3871 1308 3896 zu
1325 3867 1373 3891 und
1390 3866 1465 3896 wagte
1481 3866 1518 3892 nie
1546 3866 1610 3893 einen
1627 3867 1787 3900 Widerspruch
1815 3878 1884 3903 gegen
1911 3870 1960 3899 eine
1985 3877 2031 3898 von

1110 3900 1240 3933 Wolfgang
1257 3902 1397 3933 aufgestellte
1412 3902 1582 3936 Behauptung.
1617 3904 1689 3937 Nicht
1712 3906 1737 3938 so
1751 3906 1887 3941 Johanna;
1921 3909 1976 3941 auch
2000 3909 2030 3941 sie

1109 3937 1248 3968 beobachtete
1265 3940 1314 3965 und
1331 3939 1394 3972 hatte
1412 3940 1462 3973 ihre
1478 3941 1612 3975 Meinung,
1639 3948 1685 3969 von
1715 3944 1752 3970 der
1781 3944 1809 3975 sie
1837 3945 1877 3977 sich
1906 3946 1972 3979 durch
1989 3947 2031 3974 den

1112 3976 1227 4008 „Doktor"
1247 3976 1309 4009 nicht
1325 3977 1454 4010 abbringen
1471 3979 1525 4011 ließ.
1560 3979 1623 4012 Ihre
1640 3980 1709 4013 reiche
1726 3981 1852 4015 Phantasie
1868 3982 1956 4011 belebte
1965 3985 2032 4011 Alles

1109 4013 1154 4040 mit
1170 4014 1242 4040 einem
1259 4015 1427 4042 wunderbaren
1445 4015 1525 4048 Leben,
1545 4017 1586 4044 den
1603 4018 1689 4049 großen
1707 4019 1795 4045 Strom
1812 4020 1857 4046 mit
1873 4021 1956 4052 seinem
1973 4022 2031 4054 ewig

1107 4051 1255 4084 wechselnden
1272 4052 1457 4085 Wellenschläge,
1485 4054 1528 4080 wie
1557 4054 1599 4081 den
1617 4055 1691 4081 Wald
1721 4056 1764 4083 mit
1791 4056 1871 4087 seinem
1888 4058 2030 4091 geheimniß¬

1107 4089 1183 4115 vollen
1200 4088 1319 4121 Flüstern,
1336 4094 1383 4117 von
1399 4090 1478 4118 beiden
1495 4091 1595 4123 erzählte
1610 4092 1640 4123 sie
1657 4093 1705 4119 dem
1731 4094 1871 4125 staunenden
1889 4095 1972 4123 Anton
1995 4097 2031 4124 die

1108 4126 1216 4158 schönsten
1233 4127 1381 4160 Geschichten,
1397 4128 1507 4159 während
1524 4129 1657 4162 Wolfgang
1681 4131 1726 4158 mit
1743 4132 1816 4161 seinen
1834 4133 1971 4164 nüchternen
1987 4135 2030 4161 Er¬

1106 4163 1234 4195 klärungen
1251 4164 1316 4196 ihrer
1332 4164 1499 4197 Märchenwelt
1515 4167 1558 4193 den
1574 4167 1648 4200 Krieg
1674 4169 1758 4195 erklärt
1784 4169 1847 4201 hatte
1874 4171 1923 4197 und
1948 4172 2030 4199 immer

1105 4201 1198 4233 vergaß,
1218 4201 1263 4233 daß
1281 4201 1401 4234 Johanna
1430 4211 1472 4230 um
1488 4203 1568 4235 Jahre
1585 4204 1666 4237 jünger
1691 4211 1751 4238 war,
1786 4208 1825 4234 als
1853 4216 1885 4239 er,
1919 4210 1967 4236 und
1992 4210 2029 4237 ein

1105 4238 1226 4270 Mädchen.
1261 4240 1309 4267 Sie
1325 4240 1373 4273 ließ
1391 4241 1431 4273 sich
1449 4242 1503 4268 aber
1519 4247 1565 4269 von
1582 4242 1632 4275 ihm
1648 4244 1708 4276 nicht
1726 4245 1772 4271 irre
1790 4246 1889 4278 machen,
1908 4247 2029 4274 kümmerte

1105 4275 1146 4308 sich
1163 4276 1237 4309 wenig
1254 4284 1298 4303 um
1314 4277 1361 4309 sein
1386 4279 1422 4310 oft
1448 4279 1615 4312 wiederholtes,
1645 4281 1855 4316 geringschätziges:
1885 4284 1939 4315 „Du
1965 4285 2029 4315 wirst

1104 4313 1143 4339 nie
1159 4313 1242 4340 Etwas
1259 4315 1404 4347 verstehen!"
1424 4323 1467 4343 um
1484 4316 1532 4346 sein
1541 4317 1670 4348 spottendes
1678 4318 1764 4351 Lachen
1781 4323 1829 4347 und
1845 4328 1885 4347 um
1903 4321 1961 4352 seine
1978 4330 2029 4349 ern¬

1105 4350 1151 4380 sten
1168 4351 1341 4384 Belehrungen.
1378 4353 1429 4380 Alle
1447 4353 1534 4380 kleinen
1551 4354 1637 4387 Zwiste
1653 4356 1758 4389 zwischen
1775 4356 1813 4389 ihr
1830 4358 1879 4384 und
1896 4358 2029 4392 Wolfgang

1103 4388 1255 4421 entsprangen
1272 4388 1346 4423 jedoch
1362 4393 1410 4417 aus
1426 4390 1495 4423 dieser
1512 4391 1706 4425 Verschiedenheit
1722 4394 1786 4427 ihrer
1802 4394 1919 4423 Naturen.
1945 4397 2028 4424 Anton

1103 4426 1154 4453 trat
1170 4426 1234 4453 dann
1250 4427 1315 4458 meist
1331 4428 1371 4454 als
1387 4427 1551 4461 versöhnendes
1568 4429 1674 4457 Element
1690 4431 1826 4465 dazwischen
1850 4434 1900 4460 und
1925 4435 1975 4468 ihm
1990 4443 2028 4468 ge¬

1104 4462 1165 4496 lang
1181 4465 1206 4491 es
1222 4464 1265 4497 oft,
1283 4464 1320 4493 die
1336 4464 1427 4498 Gegner
1444 4474 1473 4500 zu
1489 4466 1639 4501 besänftigen.
1672 4468 1718 4497 Die
1734 4468 1811 4498 Väter
1827 4470 1921 4504 wußten
1945 4474 2027 4500 natür¬

2083 3392 2128 3425 lich
2145 3397 2190 3420 von
2207 3394 2256 3420 dem
2273 3395 2360 3422 kleinen
2377 3394 2462 3427 Kriege
2478 3395 2518 3422 des
2526 3396 2658 3428 „Doktors"
2679 3397 2724 3423 mit
2741 3397 2780 3424 der
2791 3397 3008 3431 „Schwärmerin",

2084 3430 2132 3456 und
2149 3430 2236 3462 lachten
2253 3430 2288 3463 oft
2306 3431 2415 3464 darüber,
2438 3433 2497 3459 denn
2515 3433 2559 3459 das
2579 3434 2632 3466 gute
2649 3434 2832 3467 Einvernehmen
2858 3436 2896 3463 der
2920 3436 3011 3465 Kinder

2083 3466 2127 3493 litt
2143 3475 2182 3494 am
2200 3468 2265 3495 Ende
2282 3469 2335 3501 doch
2351 3469 2412 3502 nicht
2429 3469 2477 3496 viel
2492 3469 2567 3497 dabei.

2131 3508 2183 3536 Wie
2201 3508 2239 3536 ein
2256 3508 2392 3543 Blitzstrahl
2409 3512 2457 3537 aus
2472 3510 2580 3543 heiterem
2597 3510 2702 3544 Himmel
2719 3512 2769 3539 kam
2787 3513 2849 3540 allen
2865 3514 2953 3541 Dreien
2970 3515 3008 3542 die

2081 3545 2222 3578 Eröffnung,
2239 3546 2285 3579 daß
2302 3547 2436 3580 Wolfgang
2453 3548 2500 3574 und
2519 3548 2604 3575 Anton
2620 3549 2674 3581 nach
2686 3549 2724 3575 der
2732 3549 2810 3577 Stadt
2819 3550 2862 3583 auf
2870 3551 2906 3578 die
2918 3552 3008 3585 Schule

2080 3583 2181 3610 kommen
2200 3583 2288 3616 sollten,
2306 3592 2347 3611 um
2364 3585 2466 3618 mehrere
2482 3585 2561 3619 Jahre
2588 3586 2641 3613 dort
2658 3595 2687 3620 zu
2703 3586 2802 3615 bleiben.
2836 3588 2871 3615 Es
2895 3594 2947 3616 war
2973 3591 3012 3623 oft

2081 3620 2157 3647 davon
2174 3620 2303 3653 gesprochen
2322 3622 2425 3654 worden,
2453 3622 2587 3658 Wolfgang
2612 3623 2675 3656 hatte
2703 3624 2744 3657 sich
2774 3626 2842 3658 lange
2867 3626 2954 3659 darauf
2971 3636 3007 3662 ge¬

2080 3657 2150 3690 freut,
2168 3658 2249 3685 Anton
2267 3666 2314 3686 nur
2331 3659 2375 3686 mit
2384 3659 2505 3692 Schrecken
2523 3661 2601 3687 daran
2618 3661 2718 3694 gedacht,
2737 3662 2786 3689 und
2795 3662 2913 3695 Johanna
2925 3664 3008 3693 immer

2080 3695 2178 3726 tröstend
2195 3696 2302 3728 gemeint,
2320 3700 2345 3723 es
2361 3697 2437 3724 werde
2454 3697 2580 3730 schließlich
2597 3698 2658 3731 nicht
2674 3699 2733 3731 dazu
2750 3701 2859 3731 kommen,
2887 3701 2945 3728 aber
2970 3703 3006 3730 die

2080 3733 2208 3766 Trennung
2225 3734 2275 3759 kam
2292 3734 2340 3761 und
2357 3735 2452 3762 dauerte
2470 3735 2551 3768 länger
2568 3736 2609 3762 als
2626 3744 2683 3763 man
2710 3736 2810 3770 gedacht,
2838 3739 2868 3765 da
2885 3739 2951 3771 selbst
2968 3740 3005 3768 die

2080 3770 2163 3803 Ferien
2179 3770 2241 3803 nicht
2258 3771 2284 3799 in
2301 3772 2340 3799 der
2356 3772 2455 3805 Heimat
2471 3772 2607 3806 zugebracht
2624 3774 2719 3801 wurden
2739 3787 2770 3793 —
2790 3775 2889 3803 Walten
2906 3776 3006 3812 benutzte

2079 3809 2110 3840 sie
2125 3809 2208 3835 immer
2222 3817 2253 3841 zu
2269 3810 2332 3837 einer
2348 3810 2415 3842 Reise
2431 3810 2477 3837 mit
2492 3811 2568 3842 seinen
2586 3810 2694 3845 Söhnen.

2130 3845 2271 3878 Johanna's
2287 3847 2358 3874 Leben
2376 3848 2444 3875 ward
2463 3847 2517 3881 nach
2536 3849 2585 3875 dem
2604 3848 2716 3880 Scheiden
2742 3849 2806 3882 ihrer
2823 3850 2944 3883 Gespielen
2970 3853 3009 3879 ein

2080 3883 2127 3910 viel
2144 3883 2304 3916 eintönigeres,
2340 3885 2388 3911 und
2415 3889 2483 3912 wenn
2511 3886 2540 3917 sie
2570 3885 2611 3918 sich
2635 3886 2690 3918 auch
2708 3886 2751 3920 auf
2769 3887 2810 3914 den
2828 3888 2928 3921 Wunsch
2945 3888 3009 3920 ihres

2079 3921 2170 3948 Vaters
2186 3922 2251 3953 mehr
2268 3922 2335 3955 ihren
2351 3922 2541 3956 Altersgenossen
2557 3923 2660 3956 näherte,
2677 3925 2701 3956 so
2718 3929 2772 3952 war
2787 3925 2840 3957 doch
2857 3925 2908 3958 ihre
2937 3934 3009 3960 ganze

2081 3959 2162 3986 Natur
2178 3959 2239 3991 nicht
2257 3960 2315 3991 dazu
2333 3960 2447 3993 angelegt,
2474 3960 2639 3994 Freundschaft
2669 3962 2713 3988 mit
2739 3962 2811 3995 diesen
2837 3970 2865 3995 zu
2891 3963 3009 3997 schließen,

2080 3996 2200 4028 besonders
2218 3997 2247 4023 da
2265 3996 2293 4028 sie
2311 3997 2347 4024 die
2363 3997 2505 4030 Herrschaft,
2524 3998 2604 4030 welche
2620 3998 2649 4031 sie
2668 3998 2725 4025 über
2743 3999 2786 4027 den
2802 3999 2878 4027 Vater
2895 4001 3006 4033 ausübte,

2079 4033 2136 4065 auch
2152 4033 2189 4060 bei
2206 4034 2277 4065 ihnen
2293 4035 2384 4067 geltend
2400 4043 2431 4068 zu
2446 4035 2536 4067 machen
2555 4036 2635 4068 suchte,
2660 4037 2709 4064 und
2734 4037 2765 4070 sie
2792 4038 2842 4070 ihre
2859 4038 3009 4071 Ueberlegen¬

2079 4071 2127 4103 heit
2144 4070 2169 4098 in
2186 4071 2311 4102 Manchem
2329 4071 2430 4104 fühlten.
2465 4072 2530 4100 Man
2546 4074 2652 4103 verstand
2669 4074 2790 4106 Johanna
2807 4074 2842 4107 oft
2867 4075 2928 4107 nicht
2957 4077 3006 4103 und

2079 4108 2138 4139 fand
2155 4108 2237 4135 immer
2254 4116 2285 4136 an
2303 4109 2342 4139 ihr
2358 4116 2387 4141 zu
2404 4110 2492 4136 tadeln.
2525 4110 2657 4142 Besonders
2674 4111 2709 4138 die
2718 4111 2814 4139 Mütter
2830 4114 2878 4140 und
2895 4112 2931 4139 die
2943 4113 3009 4142 alten

2079 4145 2202 4178 Jungfern
2219 4151 2299 4173 waren
2316 4146 2354 4178 ihr
2370 4147 2448 4179 wenig
2465 4152 2579 4180 gewogen.
2615 4148 2661 4175 Sie
2678 4149 2747 4180 sahen
2773 4150 2826 4176 eben
2853 4150 2914 4182 nicht
2941 4158 3007 4183 gern,

2079 4182 2127 4214 daß
2152 4182 2200 4215 ihre
2218 4183 2301 4213 Söhne
2327 4184 2375 4210 und
2401 4184 2485 4217 Neffen
2513 4185 2570 4212 über
2604 4184 2639 4213 die
2668 4186 2741 4218 schöne
2758 4186 2943 4221 Majorstochter
2970 4188 3007 4216 die

2079 4221 2164 4253 reichen
2181 4221 2297 4254 Mädchen
2314 4221 2527 4255 vernachlässigten,
2555 4224 2605 4250 und
2633 4224 2683 4257 ihre
2710 4225 2803 4257 eigenen
2830 4225 2926 4258 Töchter
2956 4228 3006 4254 und

2079 4258 2157 4289 Basen
2173 4258 2209 4285 bei
2227 4259 2270 4285 den
2287 4258 2372 4291 jungen
2390 4258 2560 4294 Gutsbesitzern
2577 4261 2677 4293 weniger
2699 4261 2786 4288 beliebt
2802 4267 2882 4290 waren
2899 4264 2940 4290 als
2956 4263 3005 4296 Jo¬

2078 4296 2166 4327 hanna.
2203 4296 2274 4328 „Von
2292 4296 2419 4329 Schönheit
2437 4296 2484 4323 lebt
2501 4305 2558 4324 man
2574 4298 2659 4330 nicht,"
2680 4298 2759 4331 sagten
2781 4299 2818 4332 sie,
2845 4301 2880 4328 die
2897 4301 2937 4327 bis
2964 4302 3007 4334 auf

2078 4334 2120 4359 den
2137 4332 2215 4367 Heller
2232 4333 2336 4365 wußten,
2353 4338 2406 4361 was
2423 4335 2463 4360 der
2479 4334 2568 4367 Major
2585 4335 2651 4368 besaß
2670 4349 2702 4354 —
2718 4338 2769 4363 und
2794 4337 2845 4364 dies
2867 4342 2918 4365 war
2947 4338 3008 4372 nicht

2078 4370 2133 4401 viel,
2151 4371 2197 4400 sein
2214 4370 2267 4398 Gut
2284 4376 2335 4397 war
2352 4371 2413 4398 klein
2439 4371 2488 4398 und
2505 4372 2674 4405 unbedeutend,
2703 4374 2747 4401 das
2765 4375 2934 4408 Weidenhaus
2960 4376 3009 4404 eine

2079 4408 2129 4434 alte
2146 4407 2245 4435 Baracke
2262 4409 2320 4440 ohne
2337 4409 2429 4441 Werth,
2468 4409 2613 4441 „Ueberdies,
2640 4414 2693 4438 was
2720 4411 2750 4444 ist
2776 4413 2836 4439 denn
2853 4413 2876 4444 so
2893 4413 2958 4445 schön
2974 4422 3008 4442 an

2079 4444 2199 4477 Johanna
2217 4445 2327 4479 Arnfeld,
2344 4445 2391 4479 daß
2403 4454 2461 4474 man
2477 4448 2554 4475 davon
2571 4448 2654 4481 spricht
2673 4449 2722 4476 und
2739 4449 2770 4482 sie
2786 4450 2936 4478 bewundert?
2946 4452 3008 4484 Doch

2077 4482 2140 4515 nicht
2156 4482 2192 4511 die
2210 4483 2316 4516 dunkeln,
2334 4483 2358 4517 so
2372 4483 2543 4519 unheimlichen
2551 4485 2643 4519 Augen,
2660 4487 2714 4515 oder
2731 4486 2772 4520 ihr
2780 4487 2870 4520 krauses
2877 4487 3010 4522 Zigeuner¬
