3996 5551
201 273 404 321 CTomtfag,
435 266 464 308 S
467 266 494 308 8
498 297 509 308 .
539 264 649 319 Jmtt
677 264 800 308 19*5
852 265 976 312 Matt
1003 265 1030 309 5

1477 263 1551 302 Der
1576 260 1720 311 Zürcher
1743 259 1893 311 Zeitung
1910 258 1996 297 146.
2018 256 2204 306 Jahrgavz

2700 249 2850 300 Zvette
2879 246 3257 293 SounlagauSgabe.
3291 247 3344 286 M
3374 244 3496 288 1015

182 331 951 716 Neue
1062 313 2239 715 Zürcher
2334 313 3511 713 Zeituna

892 739 1200 765 1 3 6 12
392 750 646 783 Abonnemente:
859 760 1231 791 Monat Monate Monate Monate
2763 723 2956 756 Annoncen:
2475 758 3300 795 Die einspaltige Grundzeile . . . . . . . . . . . . 60 Rp.
162 800 247 830 atrt#
255 801 292 823 M
301 801 342 823 *«t
348 801 538 825 «bartaflboHaa
552 800 607 823 »fce*
614 800 705 825 «M««e
716 800 821 826 a8fet»n
836 799 875 825 fft
888 801 933 821 *.60

200 832 273 856 Chor4
284 832 320 853 Me
326 831 458 858 flattriger
466 832 506 853 tnf
516 831 583 857 goai
592 830 932 857 ge&ragi.8J0
971 831 1016 851 8.60
1056 829 1113 850 ,820
1151 828 1210 848 SL—

162 861 272 888 •ftteeij
286 861 411 887 «etellimg
426 861 485 883 bet»
498 861 932 886 Postlmrra».«JO
970 860 1017 880 8—
1055 859 1113 880 ,(L50
1150 857 1210 877 «L-

199 890 280 896 -
434 890 601 916 tSrtiwtabrefc
619 890 776 915 («trdrbort)
958 889 1017 911 tlJO
1054 888 1113 908 OM
1150 885 1210 907 «V-

183 920 281 944 MRast
290 922 395 945 (aufqca.
400 920 528 944 WrltOtrid,

240 947 298 968 bei»
306 947 453 971 Postlmrea»,
460 946 534 967 baSül

199 972 246 995 •d
258 973 337 998 Besag
351 973 417 994 aalet
426 972 535 995 Prtvatal

1442 735 1530 809 mi
1564 733 1922 815 mmm
1950 726 2260 813 MMW

1638 831 1786 873 Täglich
1808 832 1837 862 8
1858 827 2066 871 Ausgaben

1342 891 1492 913 «eWftUat
1596 887 1769 915 «attatteata
1784 885 1826 912 1t,
1839 886 1896 909 «Mb
1904 886 1972 913 »Ott.
1983 885 2070 910 TWO,
2078 884 2200 910 «tteffa*
2215 882 2356 911 »’**W

1343 916 2078 943 Expedition: „ 11, „ „ 6109,
1745 963 1756 971 .
1785 912 1827 963 ft
1866 927 1879 964 :
1931 927 1942 964 :
1981 910 2071 962 !W
2085 932 2357 962 Vi»che«vrw?i44

1339 966 1565 992 TOaW«KrtlMi
1586 963 1776 992 UhealetsttaH«
1797 964 1942 990 «...
1978 963 2073 988 «OOP,
2147 976 2158 987 .
2219 959 2343 981 VIH/<H5

2478 798 2555 821 total*
2568 799 2857 825 •ef4<flleaiofe(<aagen
2885 793 3241 820 ..«
3253 792 3298 814 «»-

2478 822 3294 855 Anzeigen ausländischen Ursprungs . . . . . . . . 75 Rp.
2478 859 2599 880 fleNamen
2612 863 2653 883 per
2665 858 2729 885 Zelle

2761 886 3073 921 Annoncen-Abteilung:
2479 928 2666 954 Watet?«*«
2681 927 2708 954 ».
2729 928 2859 953 »elephoa
2883 925 3020 952 »atrtagea
3040 919 3288 964 «»»4.*£»*«■

2479 958 2576 980 «male
2590 959 2738 981 («aaaacra
2751 958 2805 978 mmd
2817 956 3034 977 «aaaaemeato«
3052 950 3217 977 «ohah-tt».
3229 948 3279 973 «4,
3292 949 3348 970 *eU
3356 948 3457 969 Cctaoa
3471 944 3547 966 S7«

234 1077 469 1140 Caillaux'
499 1075 899 1140 Finanzvorlage.

212 1158 271 1192 Die
293 1158 439 1197 Vorlage,
463 1157 510 1190 die
534 1156 673 1194 Caillaux
695 1156 746 1187 der
770 1153 979 1192 französischen

156 1197 297 1230 Kammer
332 1204 382 1228 am
407 1195 630 1235 Freitagabend
664 1192 879 1224 unterbreitete
916 1191 978 1222 und

156 1235 204 1268 die
243 1236 313 1274 nach
353 1234 434 1266 einer
471 1232 656 1272 stürmischen
693 1230 891 1268 Nachtsitzung
930 1236 980 1260 am

156 1274 437 1311 Samstagmorgen
462 1275 767 1309 angenommen
790 1268 915 1300 worden
939 1267 980 1305 ist,

155 1312 229 1350 stellt
245 1311 342 1349 nichts
360 1311 489 1341 anderes
507 1309 561 1340 dar
578 1307 629 1338 als
647 1307 697 1338 ein
713 1305 828 1342 Mittel,
844 1312 895 1336 um
914 1306 979 1337 dem

157 1351 357 1388 Staatsschatz
389 1349 462 1380 über
497 1348 576 1386 seine
612 1345 872 1385 augenblicklichen
906 1345 980 1377 Ver¬

158 1389 343 1427 legenheiten
385 1385 652 1425 hinwegzuhelfen.
699 1385 838 1422 Caillaux
875 1382 981 1421 scheint

158 1428 212 1465 auf
238 1427 286 1458 die
311 1424 511 1463 Beruhigung
539 1424 590 1455 der
614 1422 804 1461 öffentlichen
829 1421 982 1459 Meinung

159 1465 247 1496 einen
281 1463 463 1502 besonderen
488 1460 570 1494 Wert
606 1468 642 1499 zu
670 1462 766 1499 legen,
799 1461 879 1492 denn
903 1459 982 1498 seine

159 1502 368 1541 Maßnahmen
399 1501 568 1533 vermeiden
598 1500 684 1536 alles,
712 1502 780 1530 was
812 1498 877 1530 eine
907 1503 982 1529 neue

158 1540 366 1579 Finanzpanik
386 1539 582 1577 hervorrufen
603 1538 718 1570 könnte.
739 1537 809 1575 Daß
830 1544 902 1569 man
922 1539 982 1567 von

160 1581 226 1612 dem
244 1578 506 1617 Finanzminister,
523 1578 576 1615 auf
595 1577 651 1609 den
667 1576 751 1621 selbst
766 1575 845 1615 seine
863 1575 982 1613 Gegner

159 1618 189 1655 so
208 1617 301 1657 große
320 1617 516 1659 Hoffnungen
534 1617 631 1654 setzen,
649 1615 737 1647 einen
755 1613 982 1653 gründlicheren

159 1658 221 1689 und
243 1655 484 1697 weitsichtigeren
504 1655 587 1692 Plan
608 1660 660 1692 zur
681 1653 808 1691 Reform
829 1654 880 1684 der
901 1647 983 1688 fran¬

160 1692 297 1732 zösischen
321 1694 478 1732 Finanzen
502 1694 653 1728 erwartet,
675 1692 709 1730 ist
733 1698 809 1729 ganz
835 1691 982 1733 selbstver¬

159 1732 307 1771 ständlich.
352 1732 430 1764 Aber
455 1735 489 1763 es
514 1731 546 1770 ist
571 1731 675 1768 ebenso
699 1728 980 1768 selbstverständlich,

160 1772 219 1810 daß
247 1772 385 1808 Caillaux
408 1770 497 1808 dafür
520 1769 589 1808 Zeit
614 1763 744 1806 braucht.

215 1810 285 1842 Das
307 1808 483 1848 fieberhafte
502 1807 660 1846 Interesse,
681 1806 737 1839 mit
758 1807 824 1839 dem
843 1813 914 1838 man
935 1806 983 1838 die

160 1847 407 1887 Kammersitzung
435 1848 602 1883 erwartete,
628 1846 676 1878 die
702 1845 776 1877 über
802 1845 879 1883 diese
903 1845 983 1877 Vor¬

162 1888 229 1926 lage
268 1885 447 1925 entscheiden
473 1885 567 1923 sollte,
604 1884 712 1916 erklärt
738 1884 789 1922 sich
817 1883 895 1921 nicht
924 1887 984 1914 aus

161 1927 251 1958 deren
287 1924 437 1963 sachlicher
463 1923 653 1961 Bedeutung,
688 1923 817 1962 sondern
846 1925 906 1954 aus
933 1923 983 1953 der

161 1964 380 2002 Rückwirkung,
395 1963 442 1996 die
459 1963 496 2001 sie
513 1963 567 2001 auf
584 1962 632 1994 die
648 1961 763 2000 Politik
780 1962 833 1993 des
850 1960 984 1993 Kartells

162 2004 213 2036 der
236 2002 346 2035 Linken
370 2002 433 2034 und
459 2000 554 2034 damit
578 2001 667 2039 sogar
695 2000 748 2038 auf
775 2001 830 2032 den
856 1999 984 2039 Bestand

161 2041 216 2074 des
239 2040 479 2073 Kabinetts
502 2039 749 2077 Painlevés
781 2038 878 2074 haben
900 2039 986 2069 kann.

160 2081 219 2114 Die
239 2071 383 2119 unsichere
404 2080 466 2111 und
489 2079 612 2115 vielfach
633 2078 754 2109 unklare
776 2078 912 2115 Haltung
935 2078 985 2109 der

159 2118 441 2161 Sozialisten,
470 2118 523 2156 auf
553 2118 644 2148 deren
673 2116 894 2154 Unterstützung
925 2117 982 2147 das

161 2158 305 2190 Kabinett
338 2157 525 2195 angewiesen
559 2156 601 2194 ist,
630 2155 737 2194 beruht
768 2156 901 2193 weniger
934 2154 987 2191 auf

161 2198 218 2229 den
240 2194 694 2234 Meinungsverschiedenheiten
713 2194 787 2226 über
807 2193 853 2225 die
872 2193 987 2231 Politik

163 2237 196 2267 in
216 2235 366 2272 Marokko,
386 2234 433 2266 die
454 2234 487 2266 in
509 2234 565 2266 den
586 2233 686 2272 letzten
707 2233 813 2271 Tagen
835 2233 889 2271 fast
910 2239 986 2271 ganz

162 2274 369 2307 überwunden
388 2274 509 2305 werden
526 2272 663 2308 konnten,
680 2272 731 2304 als
750 2271 803 2310 auf
822 2271 872 2303 der
891 2272 987 2303 laten¬

163 2316 214 2346 ten
230 2312 441 2352 Gegnerschaft
457 2312 508 2344 der
526 2305 713 2349 Sozialisten
727 2317 821 2349 gegen
838 2309 988 2348 Caillaux.

162 2353 226 2384 Der
247 2350 500 2391 Finanzminister
520 2350 572 2388 hat
593 2353 662 2381 vom
683 2349 773 2387 ersten
795 2349 862 2387 Tag
883 2356 923 2380 an
945 2355 989 2380 er¬

163 2391 249 2428 klärt,
267 2390 326 2428 daß
346 2396 376 2421 er
394 2390 451 2422 das
467 2388 589 2428 Projekt
607 2388 689 2420 einer
707 2388 989 2425 Vermögens¬

165 2429 328 2468 abgabe
364 2428 499 2467 ablehne.
544 2428 602 2459 Die
638 2427 822 2466 Sozialisten
857 2425 988 2465 scheinen

165 2469 236 2501 aber
258 2468 311 2506 auf
333 2467 440 2507 diesem
462 2466 546 2505 Plan
565 2466 696 2504 bestehen
716 2473 753 2504 zu
773 2465 891 2496 wollen.
931 2464 987 2496 Sie

164 2508 262 2543 haben
281 2513 346 2537 nun
366 2505 398 2537 in
421 2506 472 2537 der
492 2505 636 2543 gestrigen
655 2504 901 2542 Kammersitzung
923 2503 987 2534 eine

164 2545 300 2583 Vorlage
325 2544 454 2576 darüber
477 2542 671 2582 eingebracht,
695 2542 751 2580 die,
772 2546 840 2573 was
862 2542 898 2581 sie
920 2549 988 2581 zum

165 2587 282 2615 voraus
308 2583 410 2621 wissen
434 2582 568 2621 mußten,
592 2581 649 2613 mit
674 2582 731 2613 den
757 2580 912 2613 Stimmen
937 2581 988 2612 der

165 2623 315 2661 gesamten
333 2621 459 2659 Rechten
476 2622 539 2653 und
556 2622 606 2652 der
624 2620 827 2658 bürgerlichen
844 2620 988 2657 Gruppen

167 2663 220 2694 des
247 2660 380 2693 Kartells
406 2661 455 2692 der
479 2659 588 2691 Linken
614 2659 851 2694 abgelehnt
877 2659 990 2689 wurde.

163 2699 272 2731 Damit
292 2702 358 2730 war
381 2699 496 2736 formell
517 2697 582 2729 eine
603 2698 761 2736 Spaltung
783 2697 835 2727 des
857 2697 990 2729 Kartells

167 2737 361 2775 eingetreten,
383 2736 431 2768 die
456 2737 526 2768 aber
548 2736 626 2771 nicht
650 2736 726 2774 ohne
750 2736 890 2767 weiteres
913 2735 991 2773 poli¬

165 2776 249 2815 tische
269 2775 516 2813 Rückwirkungen
537 2781 574 2812 zu
596 2769 693 2813 haben
715 2774 862 2811 brauchte,
883 2774 920 2805 da
943 2773 990 2805 die

165 2814 340 2854 Regierung
362 2822 403 2846 an
427 2814 501 2857 diese
524 2812 729 2852 Abstimmung
749 2812 827 2849 nicht
847 2813 894 2845 die
914 2813 990 2844 Ver¬

164 2854 380 2892 trauensfrage
404 2853 540 2891 geknüpft
564 2853 653 2889 hatte.
696 2853 765 2884 Das
788 2853 834 2883 tat
857 2852 894 2890 sie
918 2852 989 2882 aber

167 2892 214 2924 bei
241 2893 291 2924 der
318 2891 522 2930 Abstimmung
549 2890 622 2922 über
647 2891 703 2922 den
730 2891 855 2928 zweiten
880 2890 991 2923 Artikel

168 2933 220 2964 der
238 2930 373 2967 Vorlage
391 2929 549 2968 Caillaux',
569 2930 618 2960 der
639 2929 686 2961 die
704 2929 914 2968 provisorische
933 2929 991 2962 Ab¬

167 2969 310 3008 machung
341 2969 395 3001 des
423 2968 623 3007 Schatzamtes
651 2968 707 3000 mit
737 2969 787 2999 der
817 2968 901 3000 Bank
931 2970 990 2999 von

167 3007 341 3046 Frankreich
367 3011 437 3039 vom
462 3009 489 3039 7.
515 3006 601 3045 April
628 3006 783 3044 endgültig
807 3006 910 3043 macht,
936 3007 991 3037 den

167 3047 421 3086 Finanzminister
450 3053 517 3084 zum
547 3046 690 3084 Abschluß
719 3046 800 3077 einer
831 3046 991 3084 ergänzen¬

169 3088 226 3119 den
251 3085 445 3118 Konvention
469 3084 526 3117 mit
549 3086 599 3117 der
624 3085 707 3116 Bank
734 3084 905 3122 ermächtigt
931 3085 994 3116 und

169 3125 235 3158 eine
249 3124 481 3164 Erhöhung
498 3125 552 3156 des
566 3123 755 3161 Maximums
772 3124 825 3156 des
840 3125 994 3156 Noten¬

168 3164 366 3201 umlaufs
411 3170 463 3195 um
507 3163 583 3201 sechs
629 3162 807 3195 Milliarden
852 3163 994 3202 gestattet.

169 3203 274 3242 Dieser
295 3202 407 3235 Artikel
426 3202 530 3235 wurde
551 3201 607 3234 mit
627 3203 685 3234 328
705 3208 797 3240 gegen
821 3203 876 3233 119
894 3201 995 3234 Stim¬

171 3249 239 3274 men
266 3247 580 3279 angenommen.
623 3241 681 3272 Bei
711 3242 761 3272 der
790 3241 995 3279 Abstimmung

173 3280 298 3319 enthielt
316 3280 365 3319 sich
384 3281 434 3312 der
451 3279 584 3312 weitaus
602 3280 708 3319 größte
727 3279 796 3312 Teil
817 3280 867 3311 der
884 3279 995 3318 Sozia¬

173 3320 256 3359 listen
282 3320 333 3351 der
357 3319 600 3356 Stimmabgabe,
624 3320 685 3351 und
711 3322 792 3357 zwar
817 3318 870 3358 auf
895 3319 996 3357 dring¬

172 3359 243 3397 liche
262 3357 490 3397 Vorstellungen
512 3358 594 3397 ihres
615 3357 752 3396 Führers
772 3357 855 3390 Léon
874 3357 996 3390 Blum

171 3397 235 3432 hin.
278 3397 337 3429 Die
360 3397 534 3435 Regierung
562 3397 614 3434 hat
642 3396 731 3435 somit
755 3397 820 3428 eine
846 3395 998 3434 Mehrheit

174 3436 320 3475 erhalten,
338 3436 385 3468 die
404 3439 485 3473 zwar
502 3443 561 3466 nur
580 3442 648 3473 zum
664 3436 733 3467 Teil
750 3435 803 3474 auf
823 3436 872 3467 der
888 3435 997 3468 Linken

172 3475 289 3513 beruht,
309 3475 378 3506 aber
401 3475 465 3512 doch
487 3475 551 3507 eine
572 3475 703 3513 formelle
724 3475 998 3512 Neugruppierung

174 3516 224 3547 der
261 3513 561 3553 parlamentarischen
601 3513 897 3552 Kräfteverhältnisse
935 3517 998 3544 ver¬

173 3552 291 3585 meidet.
357 3552 403 3590 In
449 3553 504 3584 den
550 3553 710 3591 folgenden
753 3552 999 3591 Abstimmungen

173 3592 367 3626 wiederholte
402 3591 452 3631 sich
490 3592 540 3623 der
570 3591 715 3628 nämliche
737 3591 895 3629 Vorgang.
937 3590 999 3623 Der

173 3632 264 3664 dritte
289 3630 400 3664 Artikel
426 3631 475 3663 der
500 3630 831 3669 Regierungsvorlage,
866 3631 915 3662 der
952 3630 998 3662 die

174 3670 318 3709 Ausgabe
346 3670 427 3702 einer
454 3669 637 3706 Anleihe
663 3677 715 3707 zur
739 3670 924 3707 Konversion
949 3671 999 3701 der

173 3708 497 3746 Verteidigungsbons
536 3701 672 3746 vorsieht,
710 3709 823 3745 wurde,
860 3708 999 3746 nachdem

174 3747 328 3786 nochmals
357 3746 402 3778 die
429 3746 707 3785 Vertrauensfrage
742 3748 850 3786 gestellt
876 3748 1000 3780 worden

172 3789 247 3823 war,
268 3784 324 3818 mit
347 3786 403 3817 373
425 3792 517 3824 gegen
539 3786 576 3815 36
596 3785 751 3817 Stimmen
777 3793 997 3824 angenom¬

173 3832 270 3860 men,
306 3824 402 3856 wobei
428 3824 473 3855 die
496 3824 679 3861 Sozialisten
703 3826 752 3856 der
776 3825 890 3862 Parole
914 3825 998 3864 ihres

174 3865 312 3905 Führers
337 3865 389 3903 auf
413 3864 710 3903 Stimmenthaltung
736 3865 807 3903 noch
832 3866 922 3904 besser
948 3866 999 3898 als

176 3904 223 3936 bei
248 3904 298 3936 der
322 3903 411 3943 ersten
434 3902 639 3943 Abstimmung
662 3903 758 3942 Folge
781 3904 920 3943 leisteten.
941 3904 1000 3937 Die

177 3941 627 3982 Schlußabstimmung,
653 3939 699 3975 die
725 3943 814 3974 unter
838 3943 892 3975 den
916 3943 1001 3975 näm¬

1017 1046 1111 1084 lichen
1132 1044 1292 1084 Auspizien
1316 1042 1454 1082 erfolgte,
1475 1042 1553 1081 zeigt
1577 1042 1630 1080 fast
1651 1043 1709 1073 das
1731 1039 1839 1080 gleiche

1017 1083 1306 1124 Kräfteverhältnis,
1323 1081 1444 1119 obwohl
1463 1081 1510 1113 die
1526 1080 1606 1119 Zahl
1626 1080 1676 1111 der
1692 1079 1840 1117 stimmen¬

1017 1124 1074 1155 den
1103 1123 1330 1161 Abgeordneten
1359 1121 1391 1151 in
1419 1120 1469 1150 der
1495 1118 1714 1157 Morgenfrühe
1742 1120 1839 1149 etwas

1018 1162 1186 1199 verringert
1210 1164 1286 1192 war.

1074 1201 1143 1232 Das
1180 1198 1314 1237 politisch
1356 1196 1512 1235 wichtigste
1554 1195 1706 1234 Ergebnis
1748 1195 1841 1233 dieser

1017 1239 1143 1278 Sitzung
1166 1237 1199 1276 ist
1221 1237 1268 1270 die
1289 1237 1544 1274 Vertagung
1569 1236 1619 1266 der
1641 1235 1763 1272 Krise
1787 1235 1840 1264 des

1018 1277 1233 1310 Kartells.
1254 1276 1336 1307 Léon
1357 1275 1452 1307 Blum
1471 1274 1523 1312 hat
1543 1274 1678 1311 zustande
1696 1271 1842 1312 gebracht,

1018 1315 1198 1355 wenigstens
1217 1314 1287 1353 Zeit
1307 1321 1344 1352 zu
1364 1313 1533 1352 gewinnen.
1565 1312 1612 1349 In
1635 1313 1690 1343 den
1709 1312 1840 1350 nächsten

1019 1355 1123 1393 Tagen
1143 1353 1220 1385 wird
1239 1353 1289 1391 sich
1310 1352 1380 1383 aber
1401 1353 1457 1383 das
1476 1351 1615 1388 Schicksal
1637 1352 1689 1381 des
1708 1350 1841 1382 Kartells

1020 1391 1200 1431 entscheiden
1218 1391 1340 1429 müssen,
1359 1391 1437 1422 denn
1455 1390 1605 1429 Painlevé
1622 1391 1684 1420 und
1703 1389 1842 1426 Caillaux

1019 1433 1141 1463 werden
1155 1432 1242 1462 kaum
1257 1430 1371 1469 gewillt
1386 1429 1460 1467 sein,
1476 1430 1565 1460 unter
1583 1430 1633 1460 der
1652 1428 1842 1466 beständigen

1020 1471 1169 1508 Drohung
1186 1468 1271 1501 eines
1288 1468 1421 1506 Zerfalls
1440 1467 1519 1506 ihrer
1533 1467 1685 1504 Mehrheit
1700 1471 1760 1497 von
1775 1467 1841 1504 Tag

1022 1517 1058 1547 zu
1075 1509 1141 1546 Tag
1164 1507 1412 1546 fortzuwursteln.
1422 1545 1443 1567 *

1078 1585 1187 1624 Paris,
1212 1586 1260 1617 27.
1285 1584 1376 1623 Juni.
1435 1583 1515 1622 (Tel.
1539 1584 1663 1622 unseres
1692 1581 1842 1619 Korr.)

1020 1625 1078 1658 Die
1105 1625 1353 1664 Kammersitzung
1384 1623 1456 1662 ging
1482 1627 1628 1661 morgens
1664 1624 1682 1654 6
1709 1624 1769 1658 Uhr
1807 1629 1844 1660 zu

1022 1666 1105 1698 Ende
1125 1665 1187 1696 und
1206 1664 1316 1695 bildete
1337 1664 1425 1695 einen
1445 1663 1601 1700 Erfolg
1622 1662 1669 1700 für
1688 1663 1745 1694 das
1766 1662 1844 1694 Ka¬

1022 1705 1177 1737 binett.
1217 1702 1275 1735 Die
1306 1703 1364 1734 330
1391 1701 1557 1737 Stimmen,
1585 1702 1688 1737 welche
1716 1701 1765 1739 sich
1797 1699 1845 1738 für

1021 1746 1079 1776 das
1095 1742 1217 1782 Projekt
1232 1742 1381 1780 Caillaux'
1395 1742 1603 1780 aussprachen,
1618 1742 1703 1779 setzen
1717 1741 1767 1779 sich
1785 1743 1845 1770 aus

1022 1786 1078 1816 den
1102 1782 1268 1815 Radikalen
1291 1783 1354 1813 und
1377 1780 1474 1812 einem
1497 1782 1564 1813 Teil
1591 1782 1640 1811 der
1667 1774 1845 1818 Opposition

1022 1824 1201 1863 zusammen.
1238 1821 1297 1854 Die
1326 1820 1598 1859 Sozialisten
1627 1821 1730 1858 hatten
1759 1819 1845 1855 durch

1022 1864 1103 1895 Léon
1127 1862 1223 1894 Blum
1246 1861 1364 1896 erklärt,
1391 1860 1449 1897 daß
1474 1860 1511 1898 sie
1539 1862 1627 1891 unter
1652 1858 1752 1890 keinen
1776 1859 1846 1890 Um¬

1022 1902 1144 1942 ständen
1170 1901 1235 1933 eine
1264 1899 1474 1938 Ministerkrise
1504 1899 1694 1936 verursachen
1724 1898 1846 1929 wollten

1023 1943 1085 1974 und
1113 1940 1283 1978 begnügten
1310 1940 1371 1978 sich,
1396 1941 1533 1973 nachdem
1563 1938 1610 1972 ihr
1638 1938 1759 1976 eigenes
1788 1936 1845 1969 Ge¬

1024 1979 1193 2020 genprojekt
1215 1984 1276 2011 von
1301 1981 1352 2011 der
1376 1979 1515 2011 Kammer
1540 1979 1698 2016 abgelehnt
1722 1978 1846 2008 worden

1023 2024 1099 2059 war,
1127 2020 1184 2052 mit
1213 2019 1262 2051 der
1291 2017 1736 2055 Stimmenthaltung.
1772 2015 1846 2048 Ein¬

1025 2060 1072 2099 zig
1113 2059 1159 2092 die
1193 2058 1417 2096 Kommunisten
1457 2058 1519 2088 und
1560 2056 1658 2094 einige
1699 2055 1847 2094 Zuläufer

1024 2100 1170 2138 stimmten
1202 2105 1295 2136 gegen
1325 2098 1371 2129 die
1400 2096 1584 2135 Regierung.
1621 2094 1849 2133 Painlevé,

1025 2141 1076 2171 der
1103 2137 1146 2170 im
1171 2138 1319 2175 Verlaufe
1347 2138 1396 2168 der
1423 2136 1595 2174 Diskussion
1623 2135 1729 2167 erklärt
1754 2134 1848 2172 hatte,

1026 2178 1084 2217 daß
1108 2184 1138 2208 er
1160 2178 1208 2208 bei
1234 2177 1317 2208 einer
1340 2177 1470 2214 knappen
1496 2175 1647 2210 Mehrheit
1671 2176 1740 2206 oder
1765 2174 1847 2205 einer

1025 2218 1133 2256 starken
1154 2215 1341 2252 Minderheit
1361 2215 1438 2249 nicht
1457 2215 1561 2247 weiter
1581 2213 1715 2252 regieren
1734 2213 1848 2250 würde,

1026 2258 1133 2296 erhielt
1156 2257 1185 2295 so
1207 2255 1423 2294 Genugtuung.

1195 2345 1293 2394 Der
1326 2342 1681 2401 Militärputsch

1217 2410 1271 2458 in
1303 2408 1659 2468 Griechenland.

1084 2478 1142 2510 Ein
1185 2481 1279 2509 neues
1322 2476 1616 2515 Pronunziamiento
1658 2475 1690 2505 in
1734 2473 1843 2508 Athen!

1027 2517 1244 2556 Durchgeführt
1272 2516 1328 2548 mit
1354 2516 1576 2553 verblüffender
1601 2514 1851 2553 Selbstverständ¬

1028 2557 1137 2594 lichkeit
1158 2558 1219 2587 und
1241 2556 1336 2591 jenem
1357 2554 1576 2596 Raffinement,
1617 2555 1674 2585 das
1712 2554 1762 2592 sich
1806 2553 1851 2584 die

1028 2595 1216 2634 griechischen
1235 2595 1382 2632 Offiziere
1407 2593 1439 2625 in
1461 2595 1510 2625 der
1532 2593 1654 2628 Technik
1675 2593 1728 2623 des
1748 2591 1851 2630 politi¬

1028 2635 1107 2672 schen
1141 2633 1309 2671 Umsturzes
1345 2633 1397 2670 fast
1433 2632 1643 2670 berufsmäßig
1675 2631 1852 2669 angeeignet

1029 2674 1135 2711 haben.
1175 2672 1308 2703 General
1328 2672 1570 2709 Pangalos,
1610 2672 1659 2701 der
1680 2677 1754 2702 neue
1776 2671 1853 2707 Herr

1032 2714 1081 2743 der
1103 2712 1193 2749 Lage,
1215 2711 1298 2749 stand
1321 2710 1403 2748 schon
1429 2710 1470 2740 im
1492 2710 1671 2748 September
1698 2710 1780 2746 1922,
1802 2710 1854 2739 als

1031 2751 1078 2783 die
1099 2751 1204 2783 Armee
1227 2750 1298 2785 nach
1322 2750 1372 2781 der
1395 2747 1641 2787 kleinasiatischen
1662 2748 1854 2786 Katastrophe

1031 2796 1124 2828 gegen
1146 2788 1246 2826 König
1272 2788 1452 2824 Konstantin
1478 2788 1583 2825 loszog
1608 2787 1671 2818 und
1699 2786 1743 2818 die
1766 2785 1855 2818 Mili¬

1031 2828 1210 2860 tärdiktatur
1228 2827 1387 2863 errichtete,
1405 2826 1532 2864 führend
1551 2826 1583 2856 in
1601 2827 1651 2857 der
1670 2826 1854 2863 Bewegung.

1030 2867 1088 2899 Als
1110 2865 1355 2904 Kriegsminister
1389 2864 1428 2895 im
1451 2864 1594 2896 Kabinett
1614 2864 1758 2896 Gonatas
1789 2867 1853 2894 war

1031 2913 1062 2937 er
1091 2904 1391 2937 mitverantwortlich
1422 2904 1471 2940 für
1503 2904 1548 2934 die
1577 2902 1775 2941 Hinrichtung
1802 2904 1851 2933 der

1030 2944 1167 2982 Minister
1202 2945 1255 2975 des
1290 2944 1451 2981 gestürzten
1486 2943 1640 2981 Regimes.
1676 2943 1768 2975 Ueber
1806 2942 1852 2973 die

1030 2985 1203 3016 treibenden
1233 2983 1336 3021 Kräfte
1366 2984 1418 3014 des
1447 2983 1588 3021 heutigen
1603 2982 1746 3020 Putsches
1778 2982 1853 3013 kann

1033 3025 1168 3057 demnach
1204 3024 1266 3055 kein
1302 3022 1429 3062 Zweifel
1466 3023 1610 3061 bestehen:
1649 3022 1720 3053 weit
1755 3023 1853 3052 davon

1032 3065 1170 3104 entfernt,
1209 3064 1290 3095 einer
1333 3063 1600 3101 monarchistischen
1640 3061 1854 3099 Restauration

1033 3112 1068 3142 zu
1106 3103 1221 3139 dienen,
1257 3103 1325 3142 geht
1360 3104 1409 3134 der
1447 3103 1578 3139 Umsturz
1615 3102 1758 3140 vielmehr
1796 3105 1855 3131 von

1033 3144 1207 3176 Elementen
1244 3147 1313 3177 aus,
1349 3144 1440 3175 denen
1479 3143 1525 3174 die
1562 3142 1715 3180 bisherige
1749 3141 1856 3178 Regie¬

1034 3192 1112 3223 rung
1145 3183 1177 3214 in
1212 3184 1262 3215 der
1294 3182 1550 3221 Konsolidierung
1583 3183 1636 3212 des
1669 3188 1765 3213 neuen
1798 3179 1857 3211 Re¬

1034 3225 1131 3262 gimes
1153 3230 1189 3261 zu
1214 3223 1276 3259 lau,
1298 3230 1334 3261 zu
1356 3222 1455 3261 wenig
1479 3221 1669 3261 gewalttätig
1692 3225 1768 3252 war.
1799 3220 1857 3252 Die

1034 3262 1256 3301 Militärpartei
1277 3263 1357 3300 hatte
1377 3262 1427 3293 bis
1447 3266 1502 3294 vor
1519 3262 1633 3300 kurzem
1651 3262 1684 3292 in
1706 3261 1857 3298 Kondylis

1035 3304 1121 3336 einen
1141 3302 1294 3335 Vertreter
1318 3303 1348 3333 in
1371 3303 1420 3334 der
1442 3302 1626 3341 Regierung,
1649 3302 1698 3332 der
1721 3301 1789 3332 dort
1812 3301 1857 3332 die

1035 3342 1249 3383 Aspirationen
1267 3342 1527 3382 machthungriger
1548 3342 1693 3379 Offiziere
1715 3348 1767 3380 zur
1788 3340 1858 3372 Gel¬

1038 3385 1110 3423 tung
1151 3383 1280 3421 bringen
1321 3383 1412 3420 sollte.
1452 3382 1531 3414 Sein
1561 3381 1704 3413 Rücktritt
1736 3381 1858 3419 Anfang

1038 3424 1132 3462 dieses
1155 3423 1286 3454 Monats
1308 3426 1373 3454 war
1397 3422 1445 3455 ein
1470 3422 1626 3460 deutlicher
1649 3420 1784 3453 Vorbote
1809 3422 1858 3452 der

1035 3462 1221 3495 kommenden
1242 3462 1415 3501 Ereignisse,
1435 3462 1480 3494 die
1500 3462 1572 3494 über
1591 3462 1684 3498 Nacht
1702 3462 1767 3493 eine
1785 3468 1859 3493 neue

1037 3502 1426 3536 Militärdiktatur
1453 3503 1485 3534 in
1514 3502 1731 3540 Griechenland
1758 3501 1860 3539 aufge¬

1038 3544 1139 3579 richtet
1162 3543 1266 3577 haben.
1301 3541 1389 3574 Denn
1415 3542 1537 3580 obschon
1560 3542 1602 3573 im
1623 3548 1759 3573 neuen
1782 3542 1861 3574 Ka¬

1038 3583 1181 3616 binett
1200 3582 1295 3618 einige
1313 3582 1576 3620 Parlamentarier
1595 3582 1684 3619 sitzen,
1701 3581 1776 3620 liegt
1793 3580 1860 3615 doch

1039 3624 1085 3656 die
1111 3623 1237 3663 gesamte
1262 3621 1362 3659 Macht
1387 3622 1420 3654 in
1447 3623 1499 3655 den
1526 3621 1652 3661 Händen
1680 3623 1730 3652 der
1756 3621 1860 3652 beiden

1041 3663 1193 3703 Offiziere,
1216 3663 1261 3694 die
1284 3662 1338 3694 den
1361 3662 1467 3701 Putsch
1491 3661 1648 3701 inszeniert
1672 3662 1781 3700 haben:
1808 3662 1860 3692 des

1040 3704 1191 3736 Generals
1214 3702 1386 3741 Pangalos,
1421 3703 1471 3733 der
1495 3703 1541 3734 die
1561 3701 1862 3740 Ministerpräsident¬

1040 3744 1127 3783 schaft
1161 3744 1222 3775 und
1257 3743 1313 3774 das
1350 3742 1659 3780 Kriegsministerium
1696 3741 1862 3778 verwaltet,

1040 3785 1101 3815 und
1123 3783 1175 3814 des
1198 3782 1356 3815 Admirals
1377 3782 1615 3821 Hadjikyriakos,
1636 3783 1685 3814 der
1707 3783 1764 3814 das
1786 3783 1862 3814 Aeu¬

1040 3824 1118 3861 ßere,
1135 3823 1180 3855 die
1197 3822 1319 3854 Marine
1334 3823 1396 3853 und
1415 3823 1469 3854 den
1488 3822 1653 3854 Unterricht
1671 3822 1862 3853 übernimmt.

1041 3863 1087 3896 An
1104 3863 1195 3901 solche
1214 3862 1316 3894 brüske
1334 3862 1530 3901 Wendungen
1550 3862 1699 3900 gewöhnt,
1715 3869 1785 3901 mag
1806 3863 1862 3893 das

1042 3903 1207 3942 griechische
1226 3902 1302 3935 Volk
1332 3903 1416 3940 heute
1447 3902 1505 3934 mit
1535 3902 1649 3940 einiger
1669 3902 1786 3941 Skepsis
1808 3903 1863 3933 den

1040 3943 1138 3976 Taten
1180 3944 1229 3975 der
1270 3949 1365 3974 neuen
1406 3941 1581 3981 Regierung
1625 3942 1863 3982 entgegensehen.

1876 1039 1964 1071 Denn
1986 1046 2023 1077 zu
2046 1038 2141 1071 einem
2162 1037 2295 1075 Umsturz
2317 1036 2388 1074 nach
2411 1036 2461 1066 der
2485 1034 2698 1071 radikal-repu¬

1877 1078 2069 1118 blikanischen
2089 1077 2177 1109 Seite
2199 1077 2252 1114 hin
2274 1076 2325 1115 lag
2346 1075 2380 1106 in
2400 1075 2496 1107 einem
2517 1073 2699 1112 Augenblick,

1878 1119 1916 1151 da
1941 1119 1987 1150 die
2012 1116 2310 1156 Zusammenfassung
2336 1114 2452 1146 aller
2479 1113 2593 1150 Kräfte,
2630 1113 2698 1150 auch

1878 1159 1928 1190 der
1948 1157 2111 1196 Anhänger
2131 1157 2184 1188 des
2203 1156 2345 1194 früheren
2364 1147 2622 1192 konstantinischen
2641 1152 2700 1183 Re¬

1878 1198 1984 1235 gimes,
2025 1198 2083 1228 das
2104 1196 2204 1228 Gebot
2225 1196 2276 1227 der
2298 1194 2420 1226 Stunde
2442 1193 2531 1228 wäre,
2573 1192 2700 1229 wirklich

1878 1238 1954 1269 keine
1976 1236 2216 1274 Notwendigkeit
2238 1238 2303 1265 vor.
2347 1233 2519 1271 Jedenfalls
2555 1232 2606 1269 hat
2643 1232 2699 1262 das

1878 1277 1981 1308 Volk
2000 1276 2077 1312 nicht
2100 1276 2210 1313 danach
2231 1274 2383 1311 verlangt!

1936 1321 2004 1352 Das
2035 1319 2189 1357 bisherige
2209 1318 2413 1355 Ministerium
2445 1313 2702 1351 Michalako¬

1878 1361 2009 1397 pulos
2030 1359 2133 1397 schien,
2155 1359 2225 1396 auch
2247 1362 2308 1389 von
2331 1358 2427 1396 Athen
2452 1360 2510 1387 aus
2533 1355 2701 1392 betrachtet,

1878 1400 1958 1438 fester
1982 1399 2135 1431 verankert
2158 1406 2195 1436 zu
2219 1398 2281 1436 sein
2316 1398 2366 1428 als
2402 1397 2477 1428 viele
2503 1395 2598 1434 seiner
2621 1389 2701 1427 Vor¬

1879 1439 2002 1472 gänger.
2019 1439 2066 1470 Es
2083 1439 2178 1477 stützte
2194 1438 2245 1475 sich
2262 1437 2317 1476 auf
2335 1438 2393 1468 das
2411 1436 2558 1474 Zentrum
2574 1436 2636 1467 und
2654 1434 2702 1465 die

1876 1476 1984 1515 Rechte
2008 1480 2058 1511 der
2085 1477 2265 1516 (einheitlich
2290 1475 2569 1514 republikanischen)
2595 1474 2703 1506 Natio¬

1879 1518 2155 1558 nalversammlung
2175 1518 2237 1548 und
2259 1517 2340 1554 hatte
2361 1514 2623 1555 parlamentarisch
2643 1520 2702 1545 nur

1879 1558 1935 1590 mit
1958 1560 2007 1590 der
2032 1557 2209 1596 Opposition
2234 1558 2283 1588 der
2308 1554 2574 1594 republikanischen
2595 1553 2703 1585 Linken

1880 1600 1968 1630 unter
1989 1597 2214 1635 Papanastasiu,
2235 1594 2603 1634 außerparlamentarisch,
2625 1594 2652 1625 d.
2675 1593 2703 1631 h.

1882 1638 1935 1676 erst
1956 1638 2002 1670 bei
2026 1637 2214 1669 kommenden
2237 1635 2374 1672 Wahlen,
2397 1634 2452 1665 mit
2474 1633 2556 1672 jener
2579 1633 2703 1670 zweiten

1881 1676 2071 1715 Volkshälfte
2095 1683 2132 1714 zu
2157 1676 2286 1712 rechnen,
2322 1675 2378 1711 die,
2412 1677 2500 1705 wenn
2535 1673 2604 1710 auch
2627 1672 2704 1710 nicht

1883 1718 2034 1754 durchweg
2063 1715 2369 1753 antirepublikanisch,
2398 1714 2429 1751 so
2459 1713 2526 1747 doch
2555 1712 2704 1743 antiveni¬

1883 1757 2016 1795 zelistisch
2057 1755 2211 1794 geblieben
2254 1755 2295 1791 ist,
2337 1753 2433 1785 wobei
2475 1754 2562 1784 unter
2606 1751 2704 1788 „veni¬

1883 1795 2033 1835 zelistisch"
2060 1796 2115 1826 alle
2139 1794 2285 1832 Parteien
2309 1794 2481 1831 verstanden
2505 1792 2633 1828 werden,
2659 1791 2705 1823 die

1884 1837 1938 1867 den
1960 1836 2057 1872 Sturz
2080 1836 2130 1866 der
2152 1834 2326 1871 Monarchie
2350 1833 2495 1872 billigten.
2528 1832 2607 1864 Aber
2628 1831 2705 1868 nicht

1883 1879 1943 1907 von
1982 1875 2077 1913 diesen
2117 1874 2449 1912 Oppositionsgruppen
2488 1872 2520 1910 ist
2557 1878 2622 1902 nun
2660 1870 2705 1902 die

1883 1915 2056 1954 Regierung
2074 1913 2332 1950 Michalakopulos
2350 1911 2554 1951 weggeblasen
2574 1911 2707 1946 worden,

1884 1959 1971 1987 wenn
1993 1958 2027 1986 es
2047 1954 2116 1991 auch
2137 1952 2371 1990 wahrscheinlich
2391 1952 2434 1991 ist,
2454 1951 2512 1988 daß
2533 1951 2579 1982 die
2599 1950 2705 1988 Partei

1884 1994 2100 2033 Papanastasiu
2121 1993 2199 2024 beim
2221 1992 2351 2031 Vorstoß
2373 1993 2422 2023 der
2445 1990 2592 2024 Generäle
2614 1997 2706 2028 gegen

1886 2035 1931 2066 die
1947 2033 2121 2073 Regierung
2138 2032 2185 2064 die
2200 2032 2289 2070 Hand
2306 2032 2348 2063 im
2363 2031 2469 2069 Spiele
2486 2030 2576 2068 hatte.
2594 2030 2706 2068 Micha¬

1886 2074 2042 2112 lakopulos
2065 2073 2129 2112 galt
2164 2074 2218 2103 den
2242 2070 2561 2110 Linksrepublikanern
2596 2070 2646 2100 als
2672 2076 2708 2107 zu

1886 2113 2048 2151 gemäßigt,
2084 2119 2121 2150 zu
2159 2112 2392 2149 Kompromissen
2430 2111 2485 2142 mit
2525 2111 2580 2141 den
2617 2108 2708 2140 Mon¬

1885 2154 2023 2192 archisten
2050 2152 2178 2190 geneigt,
2204 2150 2421 2190 wirtschaftlich
2450 2157 2486 2188 zu
2512 2149 2709 2188 konservativ,

1886 2199 1922 2231 zu
1946 2191 2147 2230 kapitalistisch
2173 2191 2339 2228 orientiert,
2373 2191 2428 2222 den
2463 2188 2708 2227 nationalistisch-

1886 2231 2152 2272 republikanischen
2195 2231 2363 2270 Offizieren
2405 2237 2441 2268 zu
2485 2228 2584 2267 wenig
2629 2223 2709 2259 mili¬

1888 2273 2025 2311 taristisch
2044 2272 2107 2303 und
2126 2271 2198 2308 nach
2217 2271 2316 2309 außen
2334 2277 2371 2308 zu
2390 2269 2571 2308 versöhnlich
2592 2269 2654 2300 und
2673 2275 2709 2306 zu

1888 2311 2084 2349 friedliebend
2113 2327 2148 2332 —
2177 2311 2253 2342 alles
2281 2309 2455 2347 Vorwürfe,
2485 2309 2533 2340 die
2559 2308 2711 2346 Ruhmes¬

1888 2352 1954 2384 titel
1970 2351 2019 2390 für
2037 2352 2091 2383 den
2108 2350 2282 2389 bisherigen
2299 2348 2624 2388 Ministerpräsidenten
2643 2348 2711 2379 dar¬

1889 2392 1984 2428 stellen
2003 2391 2065 2422 und
2085 2390 2162 2429 seine
2180 2389 2351 2427 Verdienste
2369 2396 2421 2420 um
2441 2389 2487 2420 die
2507 2389 2611 2420 innere
2631 2387 2711 2419 Kon¬

1888 2431 2071 2467 solidierung
2107 2429 2342 2465 Griechenlands
2378 2428 2501 2465 deutlich
2534 2427 2710 2464 beleuchten.

1890 2472 1944 2502 Um
1964 2471 2010 2503 die
2030 2469 2219 2508 auswärtige
2239 2468 2354 2506 Politik
2373 2471 2494 2506 vorweg
2514 2474 2551 2505 zu
2570 2466 2710 2504 nehmen:

1889 2515 1922 2542 es
1942 2509 2036 2542 bleibt
2053 2509 2102 2541 ein
2117 2509 2273 2547 Verdienst
2291 2512 2352 2540 von
2368 2507 2637 2544 Michalakopulos,
2656 2506 2711 2537 den

1888 2548 2326 2587 Patriarchatsstreit
2352 2548 2409 2580 mit
2435 2549 2484 2578 der
2509 2546 2616 2578 Türkei
2641 2547 2710 2583 trotz

1892 2591 1940 2621 der
1958 2588 2164 2629 begreiflichen
2183 2588 2342 2626 Erregung
2360 2588 2413 2619 des
2432 2586 2620 2625 griechischen
2636 2585 2712 2617 Vol¬

1889 2630 1937 2661 kes
1960 2636 1996 2668 zu
2018 2628 2113 2660 einem
2135 2627 2281 2666 gütlichen
2305 2628 2388 2659 Ende
2410 2626 2528 2665 geführt
2550 2633 2586 2663 zu
2606 2625 2713 2663 haben.

1892 2671 1957 2701 Und
1975 2669 2008 2701 in
2025 2669 2080 2700 den
2096 2667 2283 2705 schwierigen
2298 2666 2558 2704 Verhandlungen
2575 2665 2648 2696 über
2665 2665 2713 2696 ein

1891 2708 2038 2742 Bündnis
2059 2707 2114 2739 mit
2135 2707 2329 2739 Serbien
2350 2707 2401 2742 hat
2423 2713 2452 2737 er
2477 2710 2510 2737 es
2533 2705 2715 2743 verstanden,

1894 2749 1939 2780 bei
1964 2745 2120 2785 Wahrung
2156 2747 2208 2777 der
2245 2746 2431 2785 griechischen
2459 2739 2717 2777 Souveränitäts¬

1892 2787 2048 2825 ansprüche
2067 2787 2134 2819 doch
2151 2786 2228 2821 nicht
2247 2786 2303 2817 alle
2320 2785 2447 2818 Brücken
2466 2785 2521 2816 mit
2540 2786 2604 2816 dem
2621 2784 2715 2818 Nach¬

1892 2828 2021 2865 barstaat
2055 2826 2261 2864 abzubrechen,
2287 2826 2319 2863 so
2354 2825 2412 2864 daß
2447 2825 2493 2856 die
2529 2823 2715 2862 Wiederauf¬

1892 2867 1999 2902 nahme
2033 2866 2082 2897 der
2114 2865 2371 2903 Verhandlungen
2405 2865 2437 2896 in
2459 2863 2592 2902 Aussicht
2624 2864 2716 2901 stand.

1891 2906 1968 2939 Aber
1988 2907 2095 2945 gerade
2115 2905 2209 2937 damit
2229 2905 2358 2943 scheinen
2379 2904 2426 2936 die
2444 2903 2714 2941 nationalistischen

1892 2946 2037 2985 Offiziere
2053 2945 2131 2982 nicht
2150 2945 2371 2983 einverstanden
2390 2951 2427 2982 zu
2442 2943 2513 2982 sein,
2531 2943 2663 2975 erklären
2678 2943 2714 2981 sie

1895 2987 1962 3021 doch
1989 2985 2023 3017 in
2048 2984 2127 3023 ihrer
2154 2984 2384 3022 Proklamation
2410 2987 2470 3015 von
2495 2981 2647 3019 Saloniki,
2671 2982 2717 3015 die

1894 3026 2047 3063 abgesetzte
2083 3024 2257 3063 Regierung
2295 3024 2369 3062 habe
2406 3023 2452 3055 die
2491 3023 2717 3061 Erniedrigung

1895 3065 2130 3103 Griechenlands
2150 3064 2293 3099 während
2315 3065 2364 3096 der
2384 3063 2643 3101 Verhandlungen
2662 3062 2719 3094 mit

1896 3104 2112 3144 Jugoslawien
2140 3104 2315 3142 zugelassen.
2354 3103 2423 3135 Das
2454 3103 2529 3139 Echo
2560 3106 2619 3133 aus
2649 3102 2720 3135 Bel¬

1896 3147 1970 3183 grad
1995 3145 2093 3177 deutet
2113 3144 2227 3176 bereits
2249 3151 2297 3179 an,
2319 3143 2378 3181 daß
2401 3143 2446 3175 die
2468 3142 2719 3181 griechisch-jugo¬

1896 3184 2063 3223 slawischen
2084 3183 2295 3222 Beziehungen
2318 3183 2404 3219 durch
2426 3184 2479 3214 den
2498 3181 2722 3221 Militärputsch

1898 3224 1930 3257 in
1951 3224 2091 3257 Saloniki
2113 3226 2173 3256 und
2195 3224 2291 3261 Athen
2321 3223 2400 3255 keine
2421 3222 2645 3261 Erleichterung
2677 3229 2721 3253 er¬

1898 3264 2005 3303 fahren
2024 3263 2131 3302 haben.

1956 3304 2013 3337 Die
2037 3303 2295 3342 Versprechungen
2321 3303 2401 3336 einer
2425 3310 2522 3335 neuen
2546 3301 2721 3341 Regierung

1897 3344 1958 3382 sind
1983 3343 2162 3381 bekanntlich
2187 3344 2273 3383 billig
2308 3343 2365 3374 wie
2398 3343 2611 3375 Brombeeren.
2645 3342 2720 3375 Was

1899 3385 2062 3423 Pangalos
2080 3383 2425 3423 innerpolitisch
2445 3382 2476 3414 in
2493 3382 2626 3422 Aussicht
2643 3382 2725 3420 stellt,

1900 3425 1969 3457 hört
1990 3424 2040 3461 sich
2063 3423 2137 3455 alles
2159 3423 2222 3461 sehr
2244 3424 2328 3462 schön
2349 3431 2398 3459 an,
2422 3422 2488 3458 doch
2511 3426 2559 3453 wo
2582 3423 2655 3461 liegt
2678 3422 2724 3453 die

1900 3464 2031 3500 Gewähr
2054 3463 2102 3501 für
2125 3463 2172 3496 die
2193 3463 2425 3501 Realisierung?
2459 3462 2555 3494 Wenn
2577 3466 2611 3493 es
2633 3455 2725 3499 heißt,

1901 3504 1947 3536 die
1966 3503 2085 3542 Lösung
2106 3504 2158 3535 des
2178 3502 2435 3542 Agrarproblems
2455 3503 2515 3534 und
2539 3504 2588 3534 der
2607 3502 2725 3540 Flücht¬

1900 3544 2071 3583 lingsfrage
2090 3543 2178 3582 müsse
2201 3543 2312 3582 „sofort
2334 3543 2365 3574 in
2387 3543 2510 3581 Angriff
2530 3540 2723 3581 genommen"

1900 3585 2029 3620 werden,
2046 3584 2076 3621 so
2095 3583 2171 3614 wird
2190 3584 2260 3621 auch
2278 3583 2343 3615 eine
2360 3582 2648 3621 Militärregierung
2665 3589 2724 3614 nur

1901 3624 1954 3661 auf
1980 3625 2029 3656 der
2055 3623 2232 3661 Grundlage
2258 3623 2351 3661 dessen
2376 3622 2579 3655 weiterbauen
2602 3622 2726 3659 können,

1902 3667 1970 3695 was
1994 3664 2081 3695 unter
2105 3662 2363 3701 Michalakopulos
2390 3664 2422 3694 in
2446 3663 2647 3702 Verbindung
2670 3662 2727 3694 mit

1903 3704 1958 3735 den
1995 3702 2342 3742 Völkerbundsorganen
2381 3703 2463 3741 schon
2501 3702 2653 3742 tatkräftig
2690 3709 2727 3741 zu

1903 3744 1983 3776 einer
2009 3743 2252 3782 imponierenden
2275 3742 2413 3783 Leistung
2439 3743 2590 3782 gesteigert
2614 3743 2727 3775 wurde.

1903 3783 1969 3816 Den
1993 3783 2184 3822 Hauptpunkt
2209 3784 2262 3815 des
2285 3791 2383 3815 neuen
2406 3783 2609 3821 Programms
2633 3782 2729 3815 bildet

1904 3823 2041 3861 offenbar
2061 3823 2106 3856 die
2124 3822 2381 3862 Reorganisation
2402 3824 2450 3854 der
2470 3823 2575 3855 Armee
2593 3823 2655 3854 und
2677 3823 2727 3854 der

1903 3862 2036 3895 Marine.
2068 3863 2145 3901 Auch
2166 3863 2231 3901 hier
2252 3863 2285 3900 ist
2307 3863 2354 3895 die
2374 3863 2528 3901 bisherige
2551 3863 2727 3901 Regierung

1904 3904 1959 3936 den
1984 3903 2200 3942 Forderungen
2227 3904 2277 3936 der
2304 3903 2534 3942 Heeresleitung
2562 3903 2595 3934 in
2622 3902 2729 3941 hohem

1903 3943 1997 3982 Maße
2017 3943 2337 3982 entgegengekommen,
2356 3943 2456 3975 indem
2475 3944 2512 3982 sie
2532 3943 2585 3983 erst
2604 3942 2727 3981 kürzlich

2736 1031 2957 1069 weitreichende
2982 1028 3342 1069 Rüstungsmaßnahmen
3377 1027 3439 1059 und
3477 1027 3559 1065 Waf¬

2737 1072 2983 1111 fenbestellungen
3005 1070 3193 1109 ankündigte,
3216 1069 3263 1101 die
3287 1069 3343 1100 das
3366 1068 3486 1106 Budget
3505 1067 3561 1098 mit

2739 1113 2819 1143 einer
2848 1111 3004 1143 Milliarde
3032 1110 3196 1148 Drachmen
3235 1108 3354 1146 belastet
3393 1107 3497 1144 hätten
3526 1122 3561 1127 —

2738 1152 2879 1189 wahrlich
2905 1157 3003 1188 genug
3028 1150 3078 1188 für
3105 1150 3154 1181 ein
3181 1149 3276 1185 Land,
3303 1149 3361 1178 das
3386 1147 3436 1184 für
3461 1146 3561 1183 seinen

2739 1190 2992 1228 wirtschaftlichen
3049 1188 3283 1226 Wiederaufbau
3354 1187 3404 1218 der
3461 1186 3562 1224 letzten

2739 1230 2882 1268 Drachme
2904 1229 3051 1267 bedürfte!
3087 1229 3166 1259 Aber
3188 1228 3272 1267 selbst
3298 1227 3373 1264 diese
3397 1225 3562 1263 Erhöhung

2740 1271 2792 1301 des
2828 1269 3070 1307 Heeresbudgets
3107 1268 3213 1307 scheint
3251 1268 3301 1299 der
3338 1266 3562 1303 Militärpartei

2739 1310 2816 1347 nicht
2836 1308 2948 1347 genügt
2965 1316 3002 1346 zu
3020 1308 3125 1346 haben,
3143 1309 3205 1339 und
3224 1308 3256 1344 so
3277 1307 3346 1345 geht
3366 1307 3423 1337 das
3444 1304 3564 1343 griechi¬

2740 1349 2798 1388 sche
2824 1341 2900 1380 Volk
2924 1351 3031 1379 nolens
3056 1351 3162 1379 volens
3188 1347 3284 1378 einem
3320 1353 3416 1377 neuen
3456 1340 3564 1383 Regie¬

2741 1388 3019 1427 rungsexperiment
3056 1388 3209 1426 entgegen,
3247 1387 3303 1417 das
3352 1386 3416 1417 eine
3455 1384 3564 1416 relativ

2742 1429 2850 1465 ruhige
2872 1428 2935 1458 und
2959 1427 3163 1465 ersprießliche
3185 1427 3316 1463 Periode
3338 1426 3460 1456 innerer
3484 1424 3566 1456 Kon¬

2742 1468 2929 1506 solidierung
2950 1465 3001 1503 jäh
3019 1466 3210 1504 unterbricht,
3232 1466 3307 1503 ohne
3325 1465 3425 1503 sichere
3445 1464 3565 1496 Garan¬

2743 1508 2806 1539 tien
2825 1507 2874 1546 für
2895 1506 2960 1538 eine
2977 1506 3141 1545 Besserung
3151 1506 3210 1544 der
3229 1506 3308 1544 Lage
3326 1512 3363 1543 zu
3383 1505 3491 1536 bieten.
3137 1549 3173 1564 *

2795 1588 2874 1619 Das
2897 1594 2985 1618 neue
3008 1585 3187 1618 Kabinett.
3220 1585 3374 1622 Athen,
3406 1582 3454 1622 27.
3476 1582 3568 1622 Juni,

2744 1639 2783 1662 ag
2806 1625 2875 1664 (Ag.
2899 1625 3010 1662 d'Ath.)
3034 1624 3103 1656 Das
3125 1631 3199 1655 neue
3223 1624 3365 1655 Kabinett
3387 1623 3495 1660 leistete
3517 1630 3565 1653 am

2743 1665 3038 1703 Freitagvormittag
3056 1665 3122 1696 dem
3138 1663 3334 1701 Präsidenten
3353 1665 3402 1695 der
3421 1661 3567 1700 Republik

2744 1705 2800 1736 den
2825 1704 2892 1737 Eid.
2916 1704 3012 1736 Seine
3036 1703 3328 1741 Zusammensetzung
3352 1703 3387 1740 ist
3411 1702 3564 1741 folgende:

2743 1743 3122 1782 Ministerpräsidentschaft
3172 1744 3234 1774 und
3277 1743 3380 1780 Krieg:
3434 1741 3567 1774 General

2744 1783 3006 1822 Pangalos;
3061 1782 3183 1814 Marine
3237 1783 3299 1814 und
3351 1782 3567 1821 Auswärtiges

2747 1825 2874 1862 (prov.):
2918 1822 3166 1859 Konteradmiral
3200 1821 3567 1859 Hadjikyriakos;

2746 1864 2896 1901 Inneres:
2929 1862 3189 1901 Brigadegeneral
3207 1861 3479 1900 Panaholopulos;
3509 1862 3569 1893 Un¬

2745 1903 2864 1937 terricht
2887 1903 2949 1934 und
2975 1902 3104 1934 Kultus:
3131 1901 3372 1940 Hadjikyriakos;
3397 1901 3567 1939 Finanzen:

2746 1943 2880 1979 Konias;
2896 1941 3067 1980 Wirtschaft
3080 1942 3143 1973 und
3158 1941 3256 1980 Justiz
3273 1942 3398 1979 (prov.):
3416 1941 3568 1976 Bubulis;

2746 1981 3004 2020 Verkehrswesen:
3037 1981 3202 2018 Taularis;
3232 1981 3478 2018 Landwirtschaft
3509 1981 3569 2011 und

2747 2021 2897 2060 Fürsorge
2925 2021 3051 2059 (prov.):
3078 2020 3248 2053 Stamulis.

2805 2059 3037 2094 Erklärungen
3053 2060 3253 2095 Pangalos'.
3267 2060 3414 2096 Athen,
3426 2062 3469 2090 27.
3484 2061 3571 2095 Juni,

2749 2109 2791 2131 ag.
2815 2100 2880 2135 (Ag.
2902 2099 3009 2134 d'Ath.)
3054 2100 3181 2129 General
3203 2100 3359 2134 Pangalos
3385 2100 3438 2134 gab
3463 2100 3577 2129 Vertre¬

2749 2144 2811 2169 tern
2832 2140 2881 2169 der
2900 2139 2996 2174 Presse
3018 2139 3216 2173 Erklärungen
3237 2139 3283 2173 ab,
3303 2140 3334 2168 in
3355 2139 3446 2168 denen
3468 2146 3497 2167 er
3518 2139 3577 2173 sein

2749 2179 2910 2214 Erstaunen
2931 2178 3055 2207 darüber
3079 2177 3250 2211 ausdrückte,
3272 2177 3328 2212 daß
3349 2178 3404 2207 das
3427 2178 3576 2212 Vorgehen

2750 2218 2800 2247 der
2824 2217 2927 2247 Armee
2955 2223 3041 2251 gegen
3066 2217 3112 2246 die
3138 2217 3304 2251 Regierung
3331 2216 3578 2250 Michalakopulos

2750 2257 2799 2286 als
2817 2255 3018 2286 revolutionär
3033 2255 3185 2290 bezeichnet
3204 2257 3307 2288 werde,
3324 2255 3462 2289 während
3481 2257 3513 2284 es
3531 2256 3578 2291 sich

2751 2295 2815 2330 doch
2835 2302 2892 2325 nur
2911 2301 2961 2324 um
2981 2295 3043 2324 eine
3062 2295 3183 2330 einfache
3202 2294 3343 2330 politische
3363 2294 3455 2330 Krisis
3475 2294 3579 2329 handle

2754 2334 2801 2371 (!).
2835 2334 2991 2369 Pangalos
3007 2333 3101 2368 führte
3118 2333 3197 2363 dann
3215 2334 3314 2363 weiter
3330 2335 3400 2363 aus:
3438 2333 3509 2366 „Die
3526 2334 3581 2363 Re¬

2752 2374 2872 2408 gierung
2902 2373 3044 2408 entsprach
3076 2373 3139 2403 dem
3170 2373 3356 2407 allgemeinen
3390 2372 3499 2407 Gefühl
3529 2372 3581 2402 des

2753 2413 2858 2443 Volkes
2875 2412 2935 2442 und
2952 2412 3002 2442 der
3016 2412 3119 2442 Armee
3137 2412 3322 2446 keineswegs.
3357 2411 3404 2441 So
3420 2412 3451 2447 ist
3469 2414 3501 2442 es
3518 2411 3582 2441 dem

2753 2451 2851 2486 Heer
2876 2451 2951 2482 denn
2980 2451 3046 2482 auch
3073 2451 3224 2485 gelungen,
3250 2450 3334 2485 durch
3360 2451 3422 2480 eine
3450 2450 3583 2485 Kundge¬

2752 2491 2831 2525 bung
2855 2491 2904 2520 der
2927 2490 3139 2524 Mißbilligung
3160 2490 3216 2519 das
3240 2489 3377 2520 Kabinett
3399 2496 3449 2524 zur
3473 2490 3583 2524 Demis¬

2752 2529 2811 2564 sion
2832 2536 2864 2564 zu
2885 2529 3023 2563 zwingen.
3059 2530 3118 2558 Der
3137 2529 3289 2564 Präsident
3308 2529 3358 2558 der
3374 2528 3515 2563 Republik
3533 2528 3583 2563 hat

2753 2569 2799 2597 die
2825 2569 2904 2603 Krise
2927 2568 3017 2603 gelöst.
3062 2568 3163 2598 Weder
3185 2567 3224 2603 ich
3246 2567 3312 2602 noch
3335 2567 3451 2602 jemand
3475 2568 3583 2597 anders

2754 2607 2803 2642 hat
2825 2606 2891 2642 nach
2912 2607 2962 2637 der
2983 2607 3066 2638 Rolle
3089 2608 3170 2637 eines
3192 2607 3428 2636 revolutionären
3451 2606 3583 2640 Führers

2756 2647 2823 2676 oder
2848 2647 2929 2676 eines
2956 2646 3105 2676 Diktators
3134 2646 3257 2681 gestrebt.
3303 2645 3377 2675 Dies
3402 2646 3478 2675 wird
3505 2645 3582 2680 schon

2756 2684 2839 2719 durch
2854 2686 2900 2715 die
2916 2684 3046 2719 Tatsache
3063 2685 3211 2720 bewiesen,
3228 2685 3284 2720 daß
3300 2686 3349 2714 der
3366 2685 3519 2720 Präsident
3535 2685 3584 2714 der

2757 2724 2898 2759 Republik
2914 2724 2980 2758 nach
2996 2724 3045 2753 der
3061 2724 3219 2760 Demission
3236 2725 3288 2754 des
3307 2724 3460 2754 Kabinetts
3478 2724 3585 2757 Micha¬

2758 2763 2908 2798 lakopulos
2926 2763 2979 2793 den
2999 2762 3111 2798 Führer
3128 2763 3178 2793 der
3194 2763 3318 2798 stärksten
3336 2763 3515 2797 Linkspartei
3532 2763 3585 2792 mit

2756 2803 2806 2831 der
2827 2802 2958 2836 Bildung
2981 2802 3033 2832 des
3054 2809 3147 2831 neuen
3169 2802 3323 2832 Kabinetts
3343 2801 3507 2837 beauftragt
3528 2801 3585 2836 hat.

2757 2841 3053 2876 Papanastasiu
3074 2841 3171 2876 mußte
3192 2841 3284 2876 jedoch
3305 2844 3404 2875 wegen
3424 2842 3587 2875 parlamen¬

2756 2881 2887 2914 tarischer
2910 2880 3030 2910 Gründe
3071 2881 3122 2915 auf
3140 2881 3184 2910 die
3206 2880 3338 2915 Bildung
3356 2880 3408 2909 des
3432 2880 3586 2910 Kabinetts

2756 2919 2917 2954 verzichten.
2953 2919 3075 2954 Hierauf
3090 2920 3190 2949 wurde
3210 2920 3247 2952 ich
3267 2920 3313 2949 als
3333 2919 3406 2954 Chef
3424 2919 3475 2949 der
3493 2920 3588 2954 zweit¬

2758 2959 2881 2994 stärksten
2899 2958 3079 2993 Linkspartei
3095 2962 3162 2988 vom
3179 2959 3367 2994 Präsidenten
3384 2959 3440 2988 mit
3457 2959 3507 2988 der
3523 2959 3589 2989 Bil¬

2759 2998 2837 3031 dung
2861 2998 2914 3027 des
2943 2998 3097 3027 Kabinetts
3122 2998 3294 3032 beauftragt.
3336 2998 3383 3032 In
3411 2998 3461 3027 der
3485 2997 3590 3027 Ueber¬

2761 3042 2898 3071 zeugung,
2920 3036 2977 3071 daß
2995 3038 3053 3067 mir
3073 3038 3118 3066 die
3138 3037 3284 3071 Mehrheit
3305 3038 3355 3066 der
3377 3037 3512 3067 Kammer
3532 3037 3588 3065 das

2761 3076 2925 3106 Vertrauen
2950 3076 3133 3110 aussprechen
3157 3076 3260 3109 werde,
3282 3076 3353 3111 habe
3376 3076 3416 3110 ich
3438 3076 3492 3105 den
3517 3075 3590 3109 Auf¬

2761 3118 2825 3149 trag
2845 3121 3060 3148 angenommen.
3080 3116 3164 3145 Mein
3183 3116 3360 3149 Programm
3377 3115 3479 3150 besteht
3496 3115 3591 3147 darin,

2762 3155 2802 3183 im
2829 3154 2949 3187 Innern
2972 3155 3017 3184 die
3042 3154 3126 3183 Ruhe
3150 3155 3211 3183 und
3234 3155 3379 3189 Ordnung
3421 3154 3504 3188 durch
3544 3154 3590 3183 die

2762 3193 2926 3229 Beachtung
2954 3194 3004 3222 der
3029 3194 3136 3228 Gesetze
3162 3194 3270 3223 wieder
3293 3193 3482 3228 herzustellen.
3529 3193 3592 3227 Für

2763 3232 2832 3266 mich
2856 3232 2917 3267 gibt
2939 3234 2972 3261 es
2994 3233 3087 3262 weder
3109 3233 3297 3267 Venizelisten
3320 3232 3387 3267 noch
3410 3232 3593 3267 Antivenize¬

2764 3272 2852 3307 listen,
2880 3271 2974 3301 weder
3004 3271 3215 3306 Republikaner
3243 3271 3310 3306 noch
3339 3271 3514 3307 Royalisten,
3546 3272 3593 3305 für

2764 3311 2833 3345 mich
2848 3311 2909 3345 gibt
2926 3313 2958 3339 es
2973 3318 3030 3340 nur
3047 3311 3113 3343 noch
3130 3310 3284 3345 griechische
3300 3311 3438 3344 Bürger."
3474 3310 3594 3344 Panga¬

2764 3350 2813 3379 los
2839 3349 2926 3385 schloß
2950 3350 3024 3385 seine
3048 3350 3280 3385 Ausführungen
3303 3350 3357 3379 mit
3383 3350 3432 3379 der
3459 3350 3594 3385 Versiche¬

2765 3396 2848 3423 rung,
2873 3389 2929 3423 daß
2953 3396 2982 3418 er
3005 3388 3053 3424 sich
3078 3392 3135 3418 aus
3179 3389 3227 3418 der
3269 3388 3377 3422 Politik
3402 3388 3592 3424 zurückziehen

2765 3429 2868 3461 werde,
2894 3428 2922 3462 so
2949 3428 3017 3458 bald
3044 3428 3173 3463 zwischen
3203 3429 3257 3457 den
3283 3427 3490 3462 verschiedenen
3518 3428 3595 3462 Par¬

2766 3468 2840 3497 teien
2866 3466 3057 3502 Versöhnung
3081 3467 3252 3501 eingetreten
3277 3466 3336 3496 und
3361 3467 3423 3496 eine
3447 3467 3595 3500 kriegs¬

2767 3507 2935 3540 tüchtige
2960 3506 3097 3536 Armee
3122 3506 3272 3541 geschaffen
3296 3506 3414 3535 worden
3438 3506 3484 3540 sei.

2817 3547 2919 3579 Athen,
2939 3546 2981 3575 27.
3001 3545 3091 3580 Juni.
3120 3549 3159 3581 pt.
3191 3546 3246 3576 Die
3270 3546 3474 3581 Bevölkerung,
3496 3546 3593 3580 beson¬

2766 3587 2833 3615 ders
2857 3586 2902 3616 die
2924 3585 2954 3614 in
2975 3585 3077 3620 Athen,
3098 3585 3146 3621 hat
3167 3586 3214 3622 sich
3231 3587 3285 3615 mit
3304 3586 3368 3615 dem
3392 3585 3594 3622 Staatsstreich

2767 3625 2955 3661 abgefunden.
3015 3625 3178 3661 Flugzeuge
3203 3626 3294 3660 haben
3321 3633 3369 3654 am
3393 3626 3594 3660 Donnerstag¬

2767 3666 2858 3695 abend
2876 3665 2946 3695 über
2964 3666 3057 3697 Athen
3078 3665 3237 3700 Flugzettel
3259 3666 3448 3701 abgeworfen,
3467 3666 3511 3694 die
3531 3665 3593 3694 eine

2767 3705 2984 3739 Proklamation
3009 3705 3174 3740 Pangalos'
3202 3713 3239 3734 an
3264 3706 3319 3735 das
3344 3705 3498 3740 griechische
3523 3705 3596 3735 Volk

2769 3745 2893 3780 enthielt.
2924 3745 3019 3775 Darin
3042 3745 3116 3775 wird
3140 3745 3247 3777 erklärt,
3273 3744 3329 3777 daß
3350 3745 3394 3774 die
3416 3744 3593 3774 Revolution

2770 3785 2810 3814 im
2827 3790 2934 3821 ganzen
2953 3785 3049 3815 Lande
3069 3785 3169 3820 gesiegt
3186 3785 3266 3820 habe.
3293 3785 3337 3815 Es
3356 3785 3469 3814 werden
3490 3785 3595 3820 strenge

2770 3824 2968 3860 Maßnahmen
3000 3831 3085 3860 gegen
3117 3824 3195 3859 jeden
3228 3824 3527 3859 Oppositionsversuch
3555 3831 3598 3853 er¬

2773 3864 2885 3900 griffen.
2925 3865 2981 3894 Die
3016 3864 3286 3899 Regimeänderung
3317 3865 3350 3899 ist
3380 3863 3506 3899 friedlich
3534 3867 3597 3892 ver¬

2770 3905 2876 3940 laufen.
2913 3904 2958 3934 Es
2983 3904 3032 3939 hat
3055 3911 3111 3934 nur
3135 3905 3202 3940 zwei
3230 3905 3301 3934 Tote
3326 3904 3385 3933 und
3409 3904 3500 3938 einige
3525 3904 3597 3933 Ver¬

2770 3944 2843 3980 letzte
2863 3944 2993 3980 gegeben.

209 4070 384 4115 Wiener
403 4068 613 4121 Hygiene-
630 4071 720 4113 und
739 4068 982 4122 Haushalt-

448 4128 744 4179 Ausstellung.

242 4231 329 4260 G.-W.
348 4229 405 4260 Am
423 4230 465 4260 28.
482 4229 568 4265 April
585 4230 683 4260 wurde
701 4230 746 4262 die
764 4230 947 4267 Ausstellung
969 4237 1009 4260 er¬

190 4269 280 4306 öffnet
301 4270 360 4300 und
382 4269 457 4306 sollte
479 4270 527 4298 bis
550 4272 624 4304 zum
624 4272 676 4304 30.
697 4270 777 4305 Juni
799 4270 916 4300 dauern.
949 4269 1008 4300 Der

189 4309 291 4344 Erfolg
313 4313 375 4340 war
393 4316 454 4339 nun
475 4309 569 4339 derart
591 4309 670 4344 groß,
690 4309 779 4339 wider
799 4309 870 4339 alles
890 4310 1009 4339 Erwar¬

189 4352 244 4383 ten,
273 4348 328 4382 daß
356 4348 400 4378 die
429 4348 550 4382 Leitung
578 4348 622 4378 die
650 4348 834 4383 Ausstellung
864 4348 911 4376 bis
943 4355 1006 4383 zum

191 4389 230 4418 12.
254 4386 325 4421 Juli
347 4387 586 4421 verlängert
608 4386 665 4421 hat.

240 4427 352 4463 Vorerst
370 4427 400 4461 ist
420 4433 453 4462 zu
470 4427 562 4462 sagen,
579 4426 634 4461 daß
650 4426 695 4456 die
712 4433 798 4462 ganze
814 4427 1007 4464 Ausstellung,

189 4466 234 4494 die
260 4465 404 4500 eigentlich
428 4468 484 4495 aus
509 4466 568 4495 drei
597 4468 761 4500 getrennten
788 4466 1009 4502 Ausstellungen

189 4503 288 4540 besteht
313 4521 348 4527 —
374 4504 542 4540 „Hygiene",
569 4505 643 4538 „Der
669 4504 807 4540 Mensch",
834 4506 909 4539 „Der
937 4512 1008 4535 neue

188 4542 351 4579 Haushalt"
398 4561 432 4566 —
479 4543 688 4580 ausgezeichnet
734 4544 903 4574 vorbereitet
955 4545 1013 4575 und

188 4581 383 4618 durchgeführt
430 4583 468 4618 ist.
514 4584 558 4613 Es
605 4583 680 4618 hatte
725 4582 769 4611 die
816 4582 921 4619 Absicht
970 4584 1014 4612 be¬

188 4620 310 4657 standen,
348 4622 408 4650 eine
447 4622 631 4658 Ausstellung
671 4622 718 4656 für
755 4621 882 4656 Hygiene
920 4621 1014 4657 durch¬

192 4658 340 4695 zuführen,
370 4666 421 4694 zur
453 4660 545 4694 selben
577 4660 641 4694 Zeit
674 4660 768 4695 hatten
802 4659 846 4689 die
882 4660 1011 4695 Frauen¬

193 4698 424 4734 organisationen
447 4699 492 4728 die
512 4699 627 4734 Absicht,
649 4700 710 4729 eine
730 4698 914 4734 Ausstellung
937 4699 1011 4731 „Der

191 4744 260 4770 neue
277 4737 439 4773 Haushalt"
456 4744 489 4772 zu
507 4738 722 4773 unternehmen,
736 4739 788 4767 mit
804 4739 853 4767 der
869 4738 1010 4773 Tendenz,

191 4779 240 4807 der
276 4777 423 4811 geplagten
464 4776 689 4813 österreichischen
726 4777 815 4812 Frau,
850 4777 894 4806 die
930 4777 1010 4811 ihren

188 4816 335 4850 Haushalt
361 4816 427 4849 nach
455 4817 527 4846 alter
556 4816 692 4851 Methode
719 4817 807 4852 führt,
842 4823 874 4851 zu
911 4816 1015 4851 zeigen,

191 4855 246 4885 wie
274 4855 310 4891 sie
341 4855 390 4890 auf
417 4854 540 4889 leichtere
567 4855 622 4884 Art
649 4855 708 4890 ihre
739 4856 852 4891 schwere
879 4855 1010 4891 Aufgabe

192 4894 275 4929 fertig
293 4894 414 4926 bringen
432 4893 539 4923 könnte.
566 4893 613 4923 Da
633 4895 701 4928 zwei
722 4895 941 4931 Ausstellungen
962 4895 1011 4930 auf

192 4932 299 4962 einmal
317 4933 388 4968 nicht
404 4933 449 4964 die
465 4933 646 4966 notwendige
662 4933 827 4963 Erlaubnis
846 4935 895 4964 der
911 4933 1012 4967 Regie¬

193 4978 267 5006 rung
292 4971 453 5002 bekommen
476 4972 582 5007 hätten,
604 4971 697 5006 haben
720 4972 765 5002 die
791 4974 860 5007 zwei
886 4973 1013 5008 Organi¬

194 5011 322 5046 sationen
344 5011 393 5046 sich
415 5012 563 5046 vereinigt,
587 5012 652 5040 was
675 5010 828 5046 jedenfalls
850 5016 917 5042 vom
938 5012 1015 5042 beid¬

195 5050 310 5085 seitigen
338 5050 523 5087 Standpunkt
551 5053 607 5080 aus
633 5057 689 5080 nur
716 5053 773 5081 von
801 5052 914 5082 Vorteil
944 5056 1014 5082 war.

194 5089 321 5125 Hygiene
341 5089 401 5119 und
419 5089 566 5125 Haushalt
583 5090 642 5125 sind
659 5089 689 5124 ja
707 5089 737 5119 in
755 5090 784 5124 so
801 5090 894 5121 vielen
914 5091 1014 5124 Fällen

194 5130 274 5159 kaum
299 5135 332 5163 zu
358 5132 477 5159 trennen
502 5130 561 5159 und
586 5129 693 5163 greifen
720 5128 786 5163 auch
808 5129 877 5164 hier,
901 5130 1015 5165 obschon

194 5169 239 5199 die
259 5167 480 5203 Ausstellungen
502 5174 573 5203 ganz
595 5170 724 5202 getrennt
745 5167 814 5204 sind,
833 5168 950 5204 vielfach
973 5170 1016 5199 in¬

195 5207 331 5237 einander
354 5206 432 5236 über.
462 5207 517 5237 Die
539 5207 759 5243 Ausstellungen
783 5207 843 5243 sind
868 5207 1015 5243 installiert

195 5247 235 5276 im
252 5253 344 5276 neuen
363 5245 550 5282 Messepalast,
569 5246 632 5276 dem
651 5246 785 5282 früheren
805 5246 854 5281 kgl.
876 5247 1015 5283 Marstall.

195 5285 249 5315 Die
274 5284 516 5321 Gebäulichkeiten
541 5285 601 5321 sind
625 5285 787 5321 weitläufig
811 5285 864 5315 mit
889 5285 1015 5322 verschie¬

195 5324 286 5354 denen
306 5323 408 5360 Höfen,
427 5324 472 5355 die
495 5324 525 5354 in
546 5324 592 5354 die
611 5325 796 5362 Ausstellung
815 5324 868 5355 mit
890 5324 1016 5361 einbezo-

197 5369 247 5399 gen
273 5362 402 5394 wurden.

1101 4033 1177 4070 Ihre
1194 4034 1350 4064 Redaktion
1369 4033 1423 4067 gab
1440 4034 1498 4063 mir
1515 4034 1570 4063 den
1587 4034 1677 4068 Wink,
1694 4033 1762 4069 nach
1777 4041 1869 4063 neuen

1051 4073 1207 4109 Methoden
1231 4072 1449 4108 auszuschauen,
1466 4073 1521 4102 mit
1542 4073 1631 4103 denen
1651 4079 1718 4103 man
1741 4073 1808 4108 auch
1826 4073 1869 4102 bei

1052 4117 1111 4143 uns
1140 4113 1193 4142 den
1225 4112 1372 4147 Haushalt
1400 4112 1593 4148 vereinfachen
1624 4112 1730 4142 könnte.
1772 4113 1871 4142 Leider

1051 4151 1120 4187 muß
1148 4151 1186 4187 ich
1209 4150 1341 4188 gestehen,
1365 4151 1419 4185 daß
1445 4151 1484 4186 ich
1507 4152 1572 4186 trotz
1599 4151 1872 4188 leidenschaftlichem

1052 4190 1163 4225 Suchen
1179 4191 1240 4226 sehr
1255 4191 1349 4224 wenig
1366 4190 1508 4225 gefunden
1524 4190 1604 4225 habe,
1620 4193 1685 4219 was
1701 4191 1757 4221 wir
1777 4191 1806 4221 in
1824 4191 1871 4219 der

1052 4230 1178 4265 Schweiz
1202 4229 1274 4264 nicht
1296 4230 1384 4264 längst
1409 4228 1487 4264 schon
1510 4230 1611 4265 ebenso
1634 4233 1683 4263 gut
1707 4230 1773 4259 oder
1795 4231 1872 4265 meist

1051 4269 1136 4306 besser
1150 4269 1251 4304 haben.
1275 4269 1412 4304 Einzelne
1428 4268 1515 4298 kleine
1532 4269 1805 4304 Errungenschaften
1824 4269 1872 4303 sah

1053 4309 1091 4342 ich
1107 4308 1275 4342 allerdings,
1293 4308 1336 4336 die
1355 4307 1447 4342 später
1464 4307 1627 4343 besprochen
1646 4309 1759 4339 werden
1777 4309 1872 4343 sollen.

1102 4347 1192 4377 Einer
1206 4348 1256 4377 der
1269 4347 1514 4383 sehenswertesten
1529 4347 1610 4378 Teile
1625 4347 1673 4378 der
1688 4347 1873 4382 Ausstellung

1052 4387 1081 4422 ist
1096 4386 1140 4415 die
1158 4386 1462 4422 Separatausstellung
1480 4387 1529 4416 der
1545 4386 1873 4422 österreichischen

1054 4425 1578 4460 Frauenorganisationen.
1631 4425 1676 4455 Es
1716 4426 1776 4461 sind
1819 4426 1873 4455 das

1053 4464 1192 4500 politische
1213 4465 1272 4494 und
1294 4464 1422 4498 religiöse
1445 4464 1607 4497 Verbände,
1629 4464 1695 4494 auch
1716 4464 1808 4500 solche,
1829 4465 1873 4494 die

1052 4504 1099 4540 sich
1122 4506 1178 4533 aus
1201 4503 1333 4539 früheren
1358 4502 1702 4539 Kriegshilfsverbänden
1725 4504 1873 4534 entwickelt

1054 4544 1154 4578 haben.
1185 4543 1243 4572 Der
1268 4543 1492 4576 Grundgedanke
1517 4543 1548 4579 ist
1571 4543 1629 4574 der,
1649 4544 1697 4571 der
1719 4542 1808 4578 Frau,
1829 4543 1873 4571 die

1054 4582 1124 4616 nicht
1144 4581 1290 4615 eigentlich
1306 4581 1515 4616 erwerbsfähig
1537 4582 1575 4616 ist,
1595 4589 1628 4616 zu
1647 4581 1750 4618 helfen,
1767 4582 1875 4615 wenig¬

1053 4623 1127 4657 stens
1147 4622 1192 4650 ein
1214 4621 1377 4650 Minimum
1398 4627 1432 4655 zu
1451 4621 1613 4651 verdienen.
1643 4622 1687 4651 Es
1707 4621 1793 4656 sollen
1814 4621 1874 4656 sehr

1054 4661 1125 4691 viele
1145 4660 1408 4691 Generalswitwen
1430 4660 1480 4696 auf
1501 4660 1573 4696 diese
1594 4660 1683 4695 Weise
1703 4662 1795 4690 etwas
1814 4663 1874 4690 ver¬

1054 4700 1166 4735 dienen,
1191 4699 1279 4729 leider
1305 4698 1376 4733 nicht
1401 4698 1462 4734 sehr
1487 4699 1558 4735 viel;
1596 4702 1679 4728 wenn
1706 4699 1767 4728 eine
1794 4699 1873 4731 Frau

1054 4740 1142 4769 neben
1177 4738 1256 4772 ihren
1288 4738 1650 4773 Haushaltsbesorgungen
1682 4739 1736 4767 den
1767 4744 1874 4774 ganzen

1054 4778 1116 4812 Tag
1142 4777 1269 4810 arbeitet,
1293 4778 1394 4807 kommt
1418 4777 1452 4813 sie
1481 4777 1642 4813 bestenfalls
1671 4777 1709 4806 im
1736 4777 1799 4812 Tag
1825 4778 1875 4813 auf

1054 4819 1148 4852 30,000
1169 4817 1294 4852 Kronen,
1314 4817 1369 4846 das
1390 4816 1450 4852 sind
1471 4820 1545 4847 etwa
1565 4818 1582 4846 2
1603 4816 1652 4852 Fr.
1672 4818 1713 4846 20.
1743 4817 1808 4847 Und
1831 4817 1874 4846 die

1055 4856 1167 4892 meisten
1183 4856 1335 4886 verdienen
1352 4855 1423 4890 nicht
1439 4856 1547 4886 einmal
1565 4857 1594 4891 so
1611 4856 1675 4885 viel.
1700 4856 1744 4885 Es
1761 4856 1874 4886 werden

1055 4896 1091 4925 da
1109 4895 1303 4925 wundervolle
1323 4894 1490 4925 Stickereien
1510 4896 1644 4931 verkauft,
1663 4895 1876 4929 Wollarbeiten,

1057 4934 1172 4969 Spitzen
1196 4934 1266 4970 usw.
1300 4934 1418 4968 Manche
1445 4934 1526 4969 Frau
1551 4935 1581 4970 ist
1609 4933 1692 4968 durch
1714 4934 1876 4969 körperliche

1056 4972 1213 5007 Gebrechen
1237 4973 1309 5008 nicht
1334 4974 1478 5009 imstande,
1505 4975 1598 5004 etwas
1625 4974 1747 5003 anderes
1773 4980 1807 5008 zu
1833 4981 1878 5003 ar¬

1057 5012 1158 5041 beiten.
1201 5012 1256 5042 Die
1289 5013 1533 5048 Organisationen
1565 5012 1687 5045 möchten
1722 5019 1805 5046 gerne
1839 5012 1878 5043 im

1057 5051 1194 5081 Ausland
1216 5051 1554 5087 Wanderausstellungen
1577 5052 1771 5085 arrangieren,
1793 5052 1879 5086 fürcht¬

1058 5095 1104 5122 ten
1131 5090 1197 5119 aber
1224 5090 1305 5119 einen
1333 5090 1502 5126 Mißerfolg,
1528 5091 1581 5120 den
1607 5091 1641 5126 sie
1670 5091 1749 5121 kaum
1779 5094 1878 5125 tragen

1058 5130 1185 5160 könnten.

1110 5167 1166 5204 Im
1187 5168 1306 5203 gleichen
1326 5168 1403 5200 Saal
1422 5169 1481 5205 sind
1503 5168 1724 5206 Ausstellungen
1746 5170 1793 5199 der
1816 5169 1880 5205 frei¬

1059 5207 1185 5243 willigen
1238 5207 1338 5238 Arbeit
1396 5208 1441 5244 für
1497 5208 1879 5244 Handfertigkeits¬

1060 5246 1278 5282 unterricht
1313 5247 1378 5277 der
1418 5247 1576 5278 Kinder.
1620 5247 1667 5278 Da
1702 5248 1799 5278 lernen
1836 5247 1879 5277 die

1060 5286 1168 5318 Kinder
1195 5289 1251 5316 aus
1274 5285 1495 5323 bescheidenstem
1522 5287 1663 5318 Material
1689 5286 1733 5316 die
1757 5286 1880 5322 hübsche¬

1061 5327 1115 5362 sten
1139 5325 1248 5361 Sachen
1276 5326 1444 5361 anfertigen.
1479 5326 1533 5357 Sie
1557 5326 1669 5361 machen
1696 5325 1743 5361 sich
1767 5325 1881 5357 Bilder¬

1061 5363 1165 5402 bücher,
1195 5364 1239 5395 die
1271 5364 1407 5401 größeren
1440 5365 1479 5402 oft
1511 5371 1581 5402 ganz
1612 5364 1779 5402 künstlerisch
1813 5366 1881 5396 aus¬

1913 4034 2042 4069 gemalte.
2075 4033 2141 4064 Aus
2166 4034 2276 4063 Karton
2304 4034 2419 4063 werden
2444 4033 2666 4069 Puppenstuben
2694 4041 2735 4063 er¬

1910 4073 1989 4108 stellt,
2005 4079 2091 4107 ganze
2108 4072 2307 4108 Landschaften
2323 4073 2377 4102 mit
2394 4073 2543 4107 Häuschen
2560 4073 2736 4108 geschnitten,

1914 4113 2021 4142 bemalt
2050 4113 2111 4142 und
2140 4112 2251 4145 geklebt.
2289 4112 2406 4141 Allerlei
2437 4112 2522 4142 kleine
2554 4112 2735 4147 Spielsachen

1914 4152 2025 4187 machen
2048 4151 2092 4180 die
2117 4151 2224 4181 Kinder
2246 4151 2294 4186 sich
2318 4151 2396 4187 selbst
2418 4151 2478 4180 und
2502 4151 2594 4187 haben
2617 4152 2661 4181 bei
2687 4153 2736 4183 der

1913 4191 2108 4227 Anfertigung
2131 4190 2263 4224 sicherlich
2288 4191 2376 4224 soviel
2404 4190 2515 4224 Freude
2538 4191 2594 4219 wie
2620 4190 2737 4226 nachher

1915 4237 1962 4260 am
1983 4230 2103 4266 fertigen
2123 4228 2230 4263 Objekt.
2257 4230 2301 4259 Es
2323 4230 2353 4265 ist
2374 4230 2437 4259 dies
2457 4229 2598 4264 durchaus
2618 4230 2737 4265 erziehe¬

1912 4269 1978 4304 risch
1998 4270 2115 4305 gedacht.
2147 4269 2191 4299 Es
2213 4269 2288 4299 wird
2309 4269 2376 4303 auch
2395 4269 2448 4299 den
2470 4269 2672 4304 Erwachsenen
2697 4275 2741 4304 ge¬

1915 4309 1995 4343 zeigt,
2011 4308 2065 4337 wie
2081 4314 2149 4337 man
2164 4307 2218 4336 mit
2234 4308 2287 4337 den
2304 4307 2537 4343 allereinfachsten
2553 4308 2673 4337 Mitteln
2690 4308 2738 4343 sich

1916 4347 2097 4381 notwendige
2120 4350 2187 4376 oder
2207 4347 2367 4381 erfreuliche
2389 4347 2483 4380 Dinge
2506 4347 2647 4382 herstellen
2671 4348 2738 4378 oder

1915 4387 1999 4417 durch
2016 4386 2101 4415 kleine
2121 4386 2294 4420 Kunstgriffe
2312 4385 2361 4422 sich
2380 4386 2487 4419 Aerger
2507 4386 2637 4421 ersparen
2657 4387 2738 4416 kann.

1916 4426 1964 4455 So
1983 4425 2044 4460 läßt
2064 4425 2112 4460 sich
2130 4431 2151 4459 z.
2171 4425 2208 4455 B.
2230 4428 2286 4454 aus
2309 4426 2377 4458 zwei
2400 4425 2576 4459 Sägeböcken
2598 4426 2645 4455 ein
2666 4432 2738 4460 ganz

1917 4467 2002 4499 gutes
2028 4463 2257 4499 Kinderbettchen
2282 4464 2406 4498 machen:
2445 4464 2489 4492 die
2515 4464 2598 4493 Böcke
2623 4466 2738 4494 werden

1921 4505 1992 4532 oben
2027 4505 2086 4532 und
2117 4505 2205 4533 unten
2236 4503 2319 4538 durch
2351 4502 2531 4538 Querleisten
2563 4505 2739 4536 verbunden,

1916 4547 2001 4573 wenn
2020 4542 2138 4576 möglich
2153 4542 2267 4577 bemalt,
2284 4542 2361 4571 dann
2380 4542 2467 4573 macht
2484 4549 2552 4572 man
2570 4545 2626 4572 aus
2644 4543 2740 4572 Drilch

1918 4582 2001 4612 einen
2027 4581 2145 4615 Einsatz,
2171 4581 2219 4610 der
2246 4581 2293 4610 bis
2324 4588 2374 4614 zur
2402 4582 2554 4616 Kreuzung
2580 4583 2628 4611 der
2656 4582 2738 4612 Böcke

1917 4620 2142 4654 herunterreicht,
2157 4628 2193 4650 an
2209 4621 2261 4649 den
2279 4620 2484 4655 Schmalseiten
2501 4623 2615 4650 werden
2632 4621 2739 4651 Drilch¬

1919 4660 1983 4691 teile
2012 4659 2162 4694 angenäht.
2201 4659 2248 4690 So
2278 4660 2335 4693 legt
2365 4666 2433 4688 man
2462 4661 2540 4689 dann
2572 4667 2627 4689 nur
2657 4660 2739 4689 einen

1919 4699 2071 4734 Spreusack
2092 4699 2146 4731 ein,
2166 4701 2224 4728 und
2246 4700 2300 4729 das
2322 4699 2467 4729 Babybett
2487 4699 2517 4734 ist
2538 4699 2630 4733 fertig.
2662 4700 2740 4730 Oder

1920 4745 1987 4768 man
2014 4738 2081 4774 stellt
2106 4738 2173 4773 zwei
2200 4737 2366 4772 Korbstühle
2392 4739 2563 4773 zusammen,
2587 4740 2665 4768 dann
2693 4738 2740 4771 hat

1921 4784 1987 4807 man
2013 4776 2078 4807 auch
2104 4778 2149 4807 ein
2177 4776 2351 4807 Kinderbett.
2387 4777 2451 4806 Das
2476 4778 2505 4811 ist
2532 4777 2639 4810 speziell
2664 4778 2740 4812 prak¬

1921 4816 1990 4850 tisch,
2018 4820 2101 4846 wenn
2132 4816 2335 4849 Kinderbesuch
2367 4817 2467 4846 kommt
2497 4817 2555 4845 und
2584 4823 2650 4846 man
2683 4816 2740 4845 kein

1920 4854 2051 4890 Bettchen
2086 4855 2215 4888 vorrätig
2251 4855 2307 4888 hat.
2350 4855 2408 4885 Ein
2444 4861 2527 4889 enger
2566 4855 2740 4890 Papierkorb

1920 4895 1999 4925 dient
2027 4901 2075 4929 zur
2106 4894 2269 4928 Aufnahme
2298 4895 2346 4923 der
2376 4894 2475 4928 Besen,
2507 4894 2550 4923 die
2585 4894 2741 4927 umgekehrt

1920 4934 2005 4965 darin
2029 4933 2181 4969 aufgestellt
2205 4936 2332 4968 werden;
2366 4941 2402 4963 an
2425 4935 2472 4962 der
2496 4933 2665 4968 Außenseite
2689 4934 2740 4962 des

1919 4974 2032 5003 Korbes
2045 4974 2159 5001 werden
2176 4972 2269 5005 Haken
2284 4972 2458 5006 angebracht,
2473 4980 2510 5002 an
2524 4972 2614 5003 denen
2630 4972 2742 5003 Staub¬

1923 5012 2021 5045 tücher,
2050 5010 2235 5047 Putzlappen,
2264 5011 2385 5048 Bürsten
2414 5011 2588 5046 aufgehängt
2614 5012 2742 5046 werden;

1922 5052 1977 5081 das
1995 5051 2091 5084 Ganze
2111 5050 2222 5081 braucht
2241 5051 2289 5086 fast
2309 5050 2402 5081 keinen
2420 5051 2507 5085 Platz.
2534 5049 2741 5086 Schranktüren

1922 5091 2034 5121 werden
2066 5090 2104 5119 im
2130 5089 2249 5123 Innern
2279 5093 2451 5123 ausgenutzt,
2481 5090 2574 5119 indem
2601 5096 2668 5119 man
2697 5090 2742 5119 ein

1922 5133 1992 5165 paar
2025 5128 2190 5162 Schrauben
2222 5129 2357 5163 anbringt
2390 5135 2450 5163 zum
2480 5128 2653 5164 Aufhängen
2686 5132 2742 5158 von

1924 5167 2082 5204 Schirmen,
2108 5167 2233 5203 Stöcken,
2255 5167 2434 5204 Handtasche,
2457 5167 2586 5203 Bürsten,
2613 5168 2744 5198 Krawat¬

1924 5211 1977 5238 ten.
2006 5207 2134 5242 Bequem
2155 5208 2184 5242 ist
2206 5208 2271 5243 auch
2290 5208 2335 5238 ein
2355 5208 2456 5237 kleiner
2477 5207 2596 5242 Spiegel
2617 5208 2677 5237 und
2698 5207 2743 5237 ein

1925 5246 2056 5281 schmales
2086 5246 2213 5283 Kästchen
2245 5247 2291 5280 für
2320 5245 2506 5281 Handschuhe.
2542 5245 2597 5280 Im
2624 5246 2743 5281 Innern

1923 5287 1971 5316 der
1995 5277 2260 5320 Küchenschranktür
2280 5285 2369 5320 hängt
2387 5292 2454 5315 man
2474 5285 2563 5320 Säge,
2586 5285 2743 5315 Klammer¬

1924 5325 2026 5358 beutel,
2053 5324 2229 5360 Waschbrett.
2256 5325 2332 5358 Beil,
2359 5324 2565 5359 Möbelklopfer
2592 5324 2650 5359 auf.
2685 5324 2743 5355 Ein

1926 5362 2154 5402 Wäschetrockner
2181 5364 2225 5402 für
2249 5363 2333 5395 kleine
2361 5363 2465 5400 Sachen
2491 5363 2536 5400 für
2558 5363 2610 5394 den
2635 5363 2745 5395 Balkon

2775 4034 2852 4064 wird
2877 4036 2933 4065 aus
2960 4034 3051 4064 einem
3078 4034 3249 4069 rechteckigen
3274 4033 3406 4067 Rahmen
3431 4036 3487 4063 aus
3514 4034 3599 4069 Holz¬

2776 4074 2871 4110 leisten
2892 4073 3065 4108 gezimmert,
3083 4073 3131 4103 der
3149 4073 3281 4107 Rahmen
3299 4073 3374 4101 wird
3394 4073 3447 4102 mit
3467 4073 3598 4108 Drähten

2779 4113 2845 4142 oder
2873 4112 3022 4147 Schnüren
3049 4113 3186 4148 bespannt
3212 4113 3271 4141 und
3299 4119 3335 4141 an
3363 4112 3441 4141 einer
3471 4112 3601 4147 Schmal¬

2778 4153 2866 4182 wand
2894 4153 2945 4181 des
2970 4152 3236 4185 Balkongeländers
3262 4151 3393 4187 befestigt.
3431 4151 3517 4181 Beim
3545 4152 3601 4182 Ge¬

2779 4191 2881 4226 brauch
2902 4191 2967 4225 hebt
2988 4197 3055 4220 man
3078 4191 3137 4225 ihn,
3156 4191 3224 4225 stellt
3245 4191 3327 4220 einen
3350 4189 3430 4220 Stock
3454 4190 3601 4225 darunter,

2780 4233 2841 4260 und
2868 4237 2936 4260 man
2963 4231 3033 4260 kann
3060 4229 3182 4265 ziemlich
3207 4230 3263 4258 viel
3290 4229 3399 4264 Wäsche
3428 4229 3602 4265 aufhängen,

2780 4270 2824 4299 die
2847 4269 2914 4304 nach
2937 4270 3030 4304 außen
3051 4269 3121 4303 nicht
3140 4269 3253 4304 sichtbar
3277 4269 3315 4304 ist.
3349 4268 3412 4303 Für
3433 4270 3486 4298 den
3510 4270 3602 4299 Kran¬

2779 4309 2963 4343 kengebrauch
2979 4308 3092 4338 werden
3112 4308 3286 4342 zerkleinerte
3303 4307 3440 4343 Eisstücke
3461 4309 3491 4338 in
3510 4308 3603 4342 Säge¬

2780 4349 2854 4382 mehl
2876 4348 2966 4383 gelegt
2986 4348 3047 4377 und
3067 4346 3163 4376 halten
3183 4348 3232 4382 sich
3253 4348 3283 4381 so
3303 4347 3388 4381 lange
3410 4347 3495 4383 frisch.
3528 4348 3602 4377 Eine

2782 4386 2901 4422 einfache
2923 4386 3110 4421 Fruchtpresse
3128 4386 3217 4420 macht
3236 4392 3305 4416 man
3328 4389 3384 4416 aus
3407 4386 3499 4416 einem
3520 4386 3603 4415 Stück

2781 4417 2893 4461 leichten
2921 4425 3047 4460 Stoffes,
3071 4426 3125 4454 das
3149 4431 3218 4454 man
3244 4432 3310 4459 zum
3335 4426 3404 4456 Sack
3429 4426 3603 4460 zusammen¬

2782 4465 2864 4499 näht;
2900 4464 2958 4499 sind
2988 4465 3032 4493 die
3060 4463 3176 4497 Früchte
3204 4465 3244 4493 im
3273 4465 3350 4500 Sack,
3376 4465 3406 4499 so
3434 4465 3504 4500 zieht
3533 4471 3602 4494 man

2782 4504 2905 4534 darüber
2948 4503 3029 4532 einen
3070 4503 3146 4533 alten
3187 4503 3430 4538 Serviettenring,
3471 4504 3518 4533 der
3559 4504 3603 4533 die

2784 4542 2899 4577 Früchte
2925 4542 2983 4577 sehr
3005 4545 3055 4576 gut
3078 4542 3225 4577 auspreßt.
3258 4542 3334 4576 Zum
3358 4543 3531 4578 Einspritzen
3556 4543 3603 4572 der

2784 4582 2892 4615 Wäsche
2924 4582 3025 4610 nimmt
3054 4588 3122 4611 man
3153 4582 3198 4612 ein
3229 4582 3334 4611 kleines
3365 4582 3605 4616 Konservenglas,

2784 4621 2847 4655 füllt
2866 4623 2898 4650 es
2916 4623 2967 4649 mit
2986 4620 3106 4656 Wasser;
3135 4621 3184 4651 der
3202 4622 3284 4650 weite
3304 4622 3374 4651 Kork
3394 4621 3469 4650 wird
3489 4622 3606 4657 vielfach

2784 4659 2973 4693 durchlöcherl,
3008 4660 3036 4692 so
3068 4660 3169 4689 kommt
3200 4660 3256 4689 das
3287 4660 3393 4696 Wasser
3428 4660 3456 4689 in
3489 4661 3605 4690 kleinem

2784 4699 2889 4732 Strahl
2911 4698 3028 4732 heraus,
3050 4702 3135 4728 wenn
3158 4700 3213 4729 das
3238 4700 3315 4729 Glas
3339 4700 3497 4734 umgekehrt
3522 4700 3605 4729 wird.

2785 4729 2877 4769 Durch
2898 4737 2980 4767 einen
3002 4738 3224 4773 Wassertropfen
3249 4739 3298 4773 auf
3321 4738 3365 4768 die
3389 4738 3530 4773 Kehrseite
3554 4740 3606 4767 des

2785 4777 2931 4811 gestärkten
2967 4778 3100 4810 Kragens
3136 4777 3211 4807 wird
3245 4779 3299 4806 das
3334 4777 3519 4813 Durchstecken
3554 4778 3606 4806 des

2785 4816 2914 4850 Knopfes
2933 4816 3093 4851 erleichtert,
3110 4820 3175 4846 was
3193 4817 3325 4851 manchen
3344 4818 3492 4851 geplagten
3510 4817 3606 4847 Mann

2786 4855 2881 4890 freuen
2907 4854 3010 4890 dürfte.
3044 4855 3177 4890 Länglich
3204 4856 3352 4890 gewickelte
3379 4856 3492 4886 Knäuel
3517 4856 3606 4886 rollen

2788 4893 2863 4929 nicht.
2906 4894 2952 4923 An
2981 4894 3058 4924 einer
3087 4895 3259 4930 Waschzeine
3288 4895 3387 4931 sollten
3417 4896 3518 4925 immer
3547 4895 3607 4924 vier

2786 4932 2887 4966 Henkel
2910 4932 2977 4967 sein,
2999 4940 3035 4963 an
3056 4933 3108 4963 den
3131 4934 3301 4968 Breitseiten
3325 4934 3393 4969 zwei
3417 4935 3472 4963 wie
3496 4942 3531 4964 an
3554 4935 3606 4963 den

2788 4971 3000 5006 Schmalseiten.

2842 5010 2899 5042 Der
2923 5011 3173 5041 Caritasverband
3196 5011 3317 5042 betreibt
3344 5013 3403 5042 drei
3428 5013 3609 5047 Beratungs¬

2789 5050 2878 5085 stellen
2917 5050 2963 5085 für
3001 5051 3170 5086 schwangere
3199 5051 3324 5086 Frauen,
3357 5053 3392 5082 12
3417 5052 3610 5082 Mütterbera¬

2791 5090 2982 5126 tungsstellen,
3009 5090 3054 5120 ein
3083 5089 3165 5124 Heim
3193 5090 3239 5125 für
3266 5091 3497 5126 psychopathische
3524 5091 3611 5120 Mäd¬

2789 5128 2859 5162 chen,
2891 5132 2938 5157 wo
2972 5128 3052 5163 solche
3089 5129 3169 5159 einen
3204 5130 3295 5164 Beruf
3330 5131 3458 5160 erlernen
3494 5131 3610 5164 können,

2795 5168 3063 5203 Säuglingskrippe,
3086 5167 3183 5201 Heime
3208 5169 3253 5202 für
3276 5176 3354 5198 arme
3376 5169 3611 5202 Arbeiterkinder,

2793 5207 3010 5242 Kindergarten,
3031 5207 3126 5242 Horte.
3159 5207 3216 5237 Der
3239 5208 3377 5238 Verband
3396 5208 3444 5243 hat
3465 5208 3530 5242 auch
3550 5208 3611 5238 eine

2794 5246 2954 5282 freiwillige
2984 5246 3214 5281 Krankenpflege,
3241 5248 3301 5282 gibt
3331 5255 3368 5277 an
3395 5253 3471 5277 arme
3499 5248 3613 5277 Mütter

2793 5286 2840 5315 als
2880 5284 3020 5321 Leihgabe
3059 5285 3425 5323 Erstlingsausstattungen
3464 5286 3508 5316 ab.
3557 5287 3612 5316 Die

2794 5324 3008 5360 Krankenkassen
3026 5324 3120 5359 zeigen
3137 5324 3270 5361 drastisch,
3286 5325 3340 5356 wie
3357 5332 3425 5355 man
3442 5325 3525 5361 durch
3541 5325 3614 5356 Ver¬

2793 5363 2855 5400 zicht
2874 5363 2924 5401 auf
2939 5363 3078 5403 weniges,
3095 5370 3115 5400 z.
3132 5363 3168 5395 B.
3185 5365 3236 5402 auf
3252 5364 3352 5401 täglich
3366 5364 3427 5396 drei
3447 5364 3612 5401 Zigaretten

3835 3740 3840 3772 i
