2120 2362
101 193 221 271 Nr.
303 189 417 270 87.

32 368 517 490 Zürcher

113 560 427 620 Mitwoch,

1351 145 1702 230 1783.

1295 322 1772 439 Zeitung

1335 526 1414 574 den
1454 513 1523 571 29.
1551 510 1748 564 Weinm.

289 799 650 848 Frankreich.

78 853 184 899 Paris
198 870 219 898 ,
234 850 296 882 den
318 857 363 879 12.
382 844 506 881 Oktob.
558 840 602 876 Es
621 836 715 876 heißt,
725 842 756 874 zu
771 831 892 869 Toulon

42 895 123 931 seyen
142 902 169 928 9.
187 889 305 927 Schiffe
320 889 379 919 und
396 890 422 916 6.
449 884 607 922 Fregatten
627 874 824 914 ausgerüstet,
849 873 893 902 de¬

42 941 94 965 ren
108 933 314 968 Bestimmung
329 926 397 958 eben
416 924 443 958 so
457 922 551 958 wenig
569 937 576 954 ,
600 920 646 950 als
661 919 710 948 der
729 916 828 950 Manie
844 911 894 942 des

43 969 281 1009 Befehlshabers
302 968 372 1002 noch
392 971 441 1001 zur
460 963 529 1002 Zeit
549 959 671 992 bekannt
690 954 734 991 ist.
778 950 895 987 Gleich¬

45 1014 125 1048 wohl
150 1011 222 1043 wird
239 1026 246 1043 ,
270 1009 334 1039 dem
353 1004 539 1041 Vermuthen
555 999 626 1035 nach
645 1014 652 1032 ,
676 996 725 1027 der
741 993 820 1032 Herr
837 996 894 1022 von

46 1052 176 1087 Vaaras
191 1052 224 1082 de
246 1048 306 1083 St.
331 1047 459 1080 Laurent
477 1041 565 1075 dieses
586 1035 777 1073 Geschwader
795 1027 897 1063 anfüh¬

48 1100 101 1124 ren
116 1110 123 1127 ,
148 1097 200 1121 um
225 1087 354 1124 somehr,
377 1086 415 1115 da
430 1080 553 1115 derselbe
573 1079 648 1112 nicht
660 1077 744 1106 unter
759 1072 804 1102 die
821 1066 900 1106 Zahl

49 1132 101 1164 der
125 1130 245 1163 Richter
261 1125 322 1161 bey
323 1125 394 1159 dem
406 1129 439 1159 zu
455 1119 587 1154 l'Orient
603 1115 770 1154 gehaltenen
782 1108 902 1145 Kriegs¬

52 1171 177 1210 gerichte
199 1163 339 1204 begriffen
357 1161 399 1197 ist.

183 1190 779 1243 Großbrittannien.

97 1248 274 1285 London,
297 1244 358 1275 den
384 1249 428 1270 11.
453 1235 578 1272 Oktob.
621 1231 683 1267 Die
705 1229 735 1260 in
756 1221 907 1260 laufender

56 1290 168 1326 Woche
208 1285 264 1315 aus
293 1280 448 1316 Ostindien
479 1271 682 1311 eingetroffene
712 1261 908 1302 Compagnie¬

60 1329 153 1366 schiffe
179 1325 300 1361 bringen
324 1328 381 1353 von
401 1321 437 1349 da
464 1316 602 1352 Berichte
628 1310 707 1343 mit,
740 1305 841 1339 welche
861 1300 907 1331 die

60 1368 168 1403 bereits
188 1363 290 1399 vorher
311 1361 477 1396 erhaltenen
504 1352 636 1389 sowohl,
672 1349 720 1379 als
746 1341 907 1380 diejenigen

61 1417 120 1442 von
141 1404 280 1442 Bengala
300 1397 477 1437 bestätigen,
500 1395 560 1425 und
581 1392 626 1423 die
648 1387 803 1423 Umstände
824 1379 908 1418 besser

64 1444 279 1481 auseinander
302 1441 390 1476 legen.
436 1436 499 1471 Sie
516 1434 646 1465 melden,
669 1427 725 1462 daß
749 1428 795 1455 der
807 1421 912 1461 Friede

65 1490 124 1521 mit
146 1486 199 1517 den
218 1483 377 1516 Marallen
395 1475 529 1513 ratificirt
544 1473 596 1508 ssy.
640 1469 713 1503 Das
728 1462 910 1500 Kriegsheer,

66 1525 188 1562 welches
209 1520 280 1558 sonst
301 1520 389 1552 wider
407 1514 544 1549 dieselben
561 1509 717 1549 gebraucht
741 1505 860 1537 wurde,
883 1497 914 1532 ist

68 1572 157 1600 unter
172 1565 225 1596 den
241 1560 384 1596 Befehlen
397 1557 447 1587 des
461 1550 610 1589 Generals
627 1545 796 1582 Matthews
815 1543 844 1572 in
859 1538 916 1571 das

71 1605 178 1641 Gebiet
200 1603 251 1634 des
281 1595 490 1639 Hyders-Aly
516 1592 693 1630 gedrungen.
747 1583 848 1618 Gleich
868 1586 919 1610 an¬

71 1646 163 1683 fangs
183 1644 234 1678 hat
257 1638 379 1676 dasselbe
399 1636 460 1667 eine
476 1640 533 1664 von
555 1633 612 1662 den
634 1629 759 1662 Armeen
786 1621 919 1657 besagten

77 1682 277 1726 Hyders-Aly
301 1676 359 1712 auf
383 1675 439 1707 das
468 1674 575 1712 Haupt
599 1666 786 1708 geschlagen,
816 1661 922 1695 Onore

77 1727 139 1758 und
162 1718 346 1757 Mangalore
357 1718 443 1747 unter
455 1715 527 1748 seine
538 1705 760 1746 Botmäßigkeit
777 1701 923 1741 gebracht,

77 1765 139 1797 und
163 1761 243 1794 einen
268 1758 378 1797 Schatz
392 1761 449 1787 von
464 1749 643 1786 10,000,000
661 1748 757 1778 davon
776 1746 924 1780 getragen.

78 1802 167 1840 Diese
180 1797 398 1837 Veränderung
412 1793 537 1828 bewegte
547 1792 600 1822 den
612 1783 822 1824 rechtmäßigen
838 1779 925 1814 durch

81 1840 266 1884 Hyder-Aly
291 1834 457 1874 abgesetzten
481 1826 653 1865 Kronerben
675 1833 741 1863 zum
771 1818 928 1857 Aufruhr,

84 1887 135 1920 so,
172 1879 228 1915 daß
255 1875 376 1910 derselbe
409 1871 484 1908 1300
510 1867 661 1907 Englische
683 1863 855 1900 Gefangene
873 1865 929 1890 von

83 1926 134 1956 der
154 1921 278 1957 Schaar
293 1918 344 1947 des
361 1911 503 1948 Obersten
517 1909 623 1944 Bailly
637 1903 763 1939 losließ,
794 1900 851 1933 mit
866 1897 932 1929 wel¬

86 1966 155 1999 chen
175 1968 203 1992 er
225 1957 508 1993 Seringapatnam,
530 1949 575 1981 die
599 1942 779 1986 Hauptstadt
800 1940 851 1970 des
872 1938 935 1976 Hy¬

88 2002 271 2036 ders-Aly,
286 1995 433 2029 eroberte,
454 1986 585 2024 worauf
586 1981 783 2025 Tipoo-Saib
793 1977 935 2015 Carnatic

89 2040 227 2075 räumte,
267 2037 326 2068 und
358 2035 408 2069 sich
429 2032 499 2066 nach
524 2027 652 2064 Missora
667 2020 825 2062 zurückzog.
868 2017 936 2052 Bey

92 2081 200 2120 seinem
224 2079 325 2115 Abzug
354 2074 402 2105 bot
427 2079 455 2103 er
484 2071 533 2102 der
561 2065 731 2105 Englischen
756 2055 939 2096 Compagnie

92 2121 143 2161 für
162 2125 216 2154 den
237 2117 360 2158 Frieden
381 2118 540 2152 4,000,000
560 2107 612 2148 Pf.
633 2104 736 2143 Sterl.
740 2103 793 2143 an
793 2105 813 2137 ;
832 2100 939 2134 allein,

937 780 1057 817 dieselbe
1074 777 1184 814 fodcrte
1199 778 1370 809 8,000,000,
1393 764 1453 798 und
1468 759 1634 795 verlangten
1648 749 1784 786 überdies

939 822 1027 858 noch,
1048 818 1104 855 daß
1122 809 1338 852 Tipoo-Saib
1356 807 1400 839 die
1413 799 1615 839 dreyjährigen
1629 789 1785 829 Einkünfte

941 870 998 896 von
1019 857 1162 895 Carnatic
1182 855 1241 886 und
1254 853 1307 882 alle
1319 840 1578 883 Kriegsunkosten,
1602 833 1677 868 nebst
1694 833 1788 863 einem

941 900 1100 940 jährlichen
1123 896 1236 931 Tribut
1253 898 1308 922 von
1339 898 1384 924 15.
1403 880 1519 921 Laques
1538 877 1699 916 Pagoden,
1722 869 1790 902 wel¬

943 943 1006 977 ches
1024 939 1092 971 über
1111 938 1173 968 eine
1192 932 1275 970 halbe
1293 928 1416 963 Million
1433 921 1486 959 Pf.
1499 920 1598 955 Sterl.
1613 911 1789 946 ausmacht,

946 981 1076 1017 bezahlen
1095 977 1183 1012 sollte.
1206 988 1244 995 —
1267 968 1400 1005 Kürzlich
1424 968 1523 996 waren
1548 959 1599 993 bey
1627 951 1705 992 Hofe
1732 955 1791 981 ver¬

946 1021 1084 1058 schiedene
1102 1014 1294 1052 Conferenzen
1321 1006 1389 1040 über
1412 1004 1458 1034 die
1481 995 1678 1035 Ostindischen
1697 991 1793 1026 Ange¬

946 1058 1134 1099 legenheiten.
1176 1052 1249 1088 Das
1272 1044 1477 1082 Ministerium
1500 1039 1575 1072 wird
1599 1036 1654 1067 mit
1675 1029 1795 1069 ehestem

948 1101 994 1131 ein
1016 1092 1208 1131 Wachtschiff
1226 1090 1281 1121 mit
1304 1084 1530 1121 Verhaltungen
1555 1074 1604 1109 für
1632 1073 1678 1104 die
1706 1070 1798 1105 Gou¬

951 1136 1090 1170 verneurs
1118 1134 1177 1163 und
1203 1126 1462 1165 Commandanten
1477 1119 1526 1150 des
1542 1113 1659 1150 Königs
1678 1108 1796 1146 sowohl,

953 1177 1001 1208 als
1018 1178 1068 1205 der
1082 1168 1267 1208 Compagnie
1280 1167 1310 1197 in
1329 1163 1412 1197 Asien
1433 1158 1523 1193 dahin
1538 1151 1711 1190 abschicken,
1733 1148 1801 1180 wel¬

953 1219 999 1251 che
1018 1213 1068 1251 sich
1087 1211 1144 1247 auf
1162 1211 1222 1244 die,
1254 1207 1284 1238 in
1299 1203 1409 1240 Befolg
1433 1200 1484 1231 des
1508 1187 1799 1231 Definitivtractats,

954 1257 1008 1287 den
1031 1250 1194 1291 Franzosen
1223 1240 1487 1284 einzuräumenden
1508 1234 1629 1274 Plätze,
1666 1230 1725 1261 und
1748 1224 1806 1259 auf

953 1296 999 1327 die
1022 1292 1223 1328 Verwaltung
1246 1288 1294 1318 der
1315 1280 1485 1319 Englischen
1506 1274 1691 1313 Besitzungen
1709 1268 1738 1300 in
1759 1265 1805 1298 be¬

955 1336 1064 1373 sagten,
1093 1328 1245 1365 Welttheil
1272 1323 1409 1362 beziehen.

994 1372 1205 1412 Fortsetzung
1220 1369 1274 1399 der
1291 1361 1415 1403 letzthin
1437 1351 1700 1394 abgebrochenen
1717 1346 1806 1386 Frie¬

956 1404 1196 1447 dens-Artickel
1224 1404 1373 1445 zwischen
1401 1392 1592 1438 Frankreich
1621 1391 1689 1424 und
1712 1389 1805 1425 Eng¬

957 1454 1049 1486 land.
1106 1450 1155 1485 14)
1177 1445 1359 1483 Pondichery
1372 1441 1420 1476 soll
1442 1435 1510 1469 eben
1531 1434 1560 1470 so
1572 1430 1725 1471 geräumt,
1745 1430 1806 1457 und

960 1501 999 1525 an
1020 1488 1189 1529 Frankreich
1219 1484 1395 1521 abgetretten
1423 1477 1557 1510 werden,
1579 1472 1608 1508 so
1630 1469 1703 1503 auch
1720 1464 1809 1501 Kari¬

961 1533 1026 1566 kal,
1051 1532 1111 1562 und
1124 1528 1168 1560 die
1187 1523 1324 1562 Distrikte
1343 1527 1399 1552 von
1411 1516 1588 1553 Valamour
1602 1510 1662 1542 und
1678 1507 1810 1543 Bahour

963 1573 1078 1606 werden
1098 1576 1163 1607 zum
1186 1564 1327 1601 Gebiethe
1348 1567 1403 1591 von
1427 1554 1611 1592 Pondichery
1634 1548 1809 1586 geschlagen.

962 1616 1020 1646 15)
1040 1607 1210 1649 Frankreich
1226 1604 1293 1636 tritt
1308 1604 1336 1635 in
1355 1601 1407 1631 den
1426 1595 1515 1636 Besitz
1535 1600 1592 1624 von
1608 1588 1729 1624 Mahe,
1751 1586 1812 1616 und

966 1652 1109 1684 bekommt
1137 1648 1210 1683 seine
1233 1642 1373 1682 Faktoren
1410 1645 1441 1676 zu
1465 1635 1590 1670 Surate
1614 1647 1620 1663 ,
1656 1628 1727 1664 auch
1757 1625 1812 1657 das

966 1688 1229 1732 Handlungsrecht
1247 1687 1277 1716 in
1293 1679 1397 1716 diesem
1414 1674 1503 1712 Theil
1518 1680 1575 1705 von
1591 1669 1715 1710 Indien.
1761 1664 1812 1697 16)

968 1733 1031 1767 Wo
1053 1727 1209 1763 innerhalb
1232 1735 1259 1761 4.
1281 1722 1433 1756 Monaten
1455 1715 1501 1746 die
1516 1711 1657 1749 respektiv.
1676 1705 1813 1741 Alliirten

970 1774 1018 1804 der
1029 1767 1283 1802 kontrahierenden
1299 1758 1444 1795 Mächten
1458 1754 1561 1790 diesem
1579 1743 1815 1791 Friedensschluß

973 1813 1048 1848 nicht
1067 1810 1211 1845 beytreten
1231 1821 1239 1839 ,
1263 1804 1328 1834 oder
1342 1799 1449 1830 andere
1468 1788 1696 1830 Verkommnisse
1714 1784 1815 1822 treffen

973 1855 1087 1888 sollten,
1116 1848 1142 1882 so
1159 1843 1252 1883 haben
1269 1843 1303 1880 sie
1320 1847 1376 1873 von
1395 1834 1541 1870 denselben
1557 1828 1650 1864 keinen
1665 1823 1817 1863 Beystand

975 1901 1006 1930 zu
1030 1891 1183 1923 erwarten.
1242 1884 1293 1920 17)
1314 1881 1383 1917 Der
1405 1874 1503 1911 König
1524 1880 1579 1905 von
1604 1866 1820 1906 Großbrittan¬

977 1932 1041 1964 nien
1060 1938 1111 1962 um
1130 1927 1218 1961 seiner
1237 1919 1382 1957 Majestät
1396 1918 1460 1949 dem
1483 1911 1579 1950 König
1594 1911 1625 1942 in
1646 1904 1820 1947 Frankreich

978 1979 1038 2004 eine
1061 1969 1160 2005 Probe
1186 1966 1273 2001 seiner
1289 1954 1497 2001 Freundschaft
1512 1960 1543 1990 zu
1559 1950 1664 1990 geben,
1687 1946 1747 1978 und
1763 1944 1821 1975 die¬

980 2012 1024 2048 sen
1047 2010 1172 2049 Frieden
1209 1999 1398 2039 dauerhafter
1420 2003 1451 2034 zu
1481 1992 1597 2027 machen
1619 2007 1629 2025 ,
1657 1988 1763 2023 willigt
1789 1984 1821 2015 in

978 2052 1197 2086 Annullierung
1218 2046 1287 2076 aller
1311 2034 1435 2075 Artickel
1441 2034 1465 2069 so
1477 2033 1519 2066 im
1537 2032 1683 2068 Utrechter
1700 2026 1822 2064 Frieden

981 2099 1039 2129 vou
1054 2099 1143 2134 1713.
1158 2094 1202 2122 im
1217 2081 1348 2123 Betreffe
1352 2080 1421 2116 von
1427 2072 1616 2116 Dünkirchen
1634 2066 1823 2107 ausgemacht
