3787 5551
121 213 941 606 Neue
1005 179 3627 675 Zürcher-Zeitung

448 725 946 760 Abonnementspreise.

874 769 886 789 3
898 766 994 789 Monate.
1008 767 1021 786 6
1035 765 1129 787 Monate.
1152 766 1161 786 1
1177 764 1241 786 Jahr.

138 805 227 834 Zürich
240 807 307 830 (wenn
319 806 353 828 die
366 805 458 833 Zeitung
471 805 563 833 abgeholt
576 800 656 830 wird)
656 800 868 830 .....
868 800 906 830 Fr.
933 802 992 822 5.—
1006 798 1045 826 Fr.
1059 800 1128 820 10.—
1139 796 1174 824 Fr.
1183 800 1255 818 20.—

139 839 246 866 Schweiz
260 839 383 867 (Bestellung
396 840 451 861 beim
464 838 589 866 Postbureau
602 838 638 859 des
650 836 782 864 Wohnortes)
802 842 809 858 .
834 842 844 860 .
879 850 888 860 „
931 835 991 856 6.—
1021 848 1030 857 „
1060 835 1127 853 12.—
1158 845 1167 855 „
1182 831 1256 852 24.—

265 873 344 896 (direkte
353 872 471 900 Bestellung
483 872 526 894 und
536 871 606 899 Bezug
619 873 681 894 unter
692 869 852 896 Privatadresse)
879 884 888 895 „
928 867 990 890 6.75
1018 881 1028 891 „
1057 864 1132 888 13.50
1158 879 1167 889 „
1181 864 1257 885 27.—

141 906 319 934 Frankreich,
319 906 421 934 Italien
435 906 484 928 und
484 906 516 928 die
526 905 610 932 übrigen
620 904 710 927 Staaten
710 904 752 927 des
762 903 848 926 Welt¬

234 940 392 967 postvereins
404 940 531 968 (Bestellung
545 939 575 961 bei
587 939 623 961 der
636 938 765 966 Expedition)
800 952 807 960 .
834 951 841 958 .
878 951 888 962 „
917 936 990 957 10.—
1019 948 1029 959 „
1057 933 1128 954 20.—
1157 947 1166 955 „
1181 933 1257 952 40.—

141 974 335 999 Deutschland
351 974 499 998 (Abonnement
512 973 544 995 bei
558 973 594 994 den
607 973 700 999 dortigen
713 971 863 998 Postbureaux)
914 969 948 994 für
963 969 976 990 3
989 967 1079 989 Monate
1122 964 1182 987 Mark
1197 965 1257 985 6.25

142 1007 312 1034 Oesterreich
327 1007 452 1035 (Bestellung
465 1007 494 1029 bei
506 1008 546 1029 den
558 1007 652 1033 dortigen
665 1004 810 1032 Postbureaux)
836 1018 844 1025 .
911 1002 946 1028 für
960 1004 972 1024 3
984 1001 1073 1023 Monate
1095 999 1117 1024 kl.
1127 999 1145 1020 d.
1154 998 1187 1019 W.
1196 998 1258 1019 4.36

237 1041 283 1068 Für
295 1042 368 1063 andre
381 1041 460 1063 Länder
472 1041 513 1067 sind
527 1040 668 1067 Bestellungen
681 1043 708 1059 an
721 1038 752 1059 die
765 1036 884 1062 Expedition
897 1036 921 1057 in
935 1034 1008 1061 Zürich
1025 1033 1162 1059 einzusenden.

1480 782 1962 855 Achtundfünfzigster
1998 780 2270 851 Jahrgang.

1607 928 1866 1020 Erstes
1866 928 2129 1020 Blatt.

2820 707 3278 745 Insertionsgebühr.

2492 763 2535 789 Für
2552 764 2583 785 die
2602 762 2687 788 Schweiz
2700 762 2726 782 20
2740 761 2787 787 Rp.,
2808 760 2841 786 für
2859 763 2897 782 das
2915 761 3013 783 Ausland
3031 761 3058 782 25
3070 760 3117 783 Cts.
3136 760 3181 782 oder
3197 760 3224 781 20
3236 758 3337 785 Pfennige
3349 761 3384 784 per
3398 758 3533 786 sechsspaltige
3546 758 3608 785 Zeile.

2492 824 2586 850 Inserate
2600 825 2643 846 sind
2657 824 2786 850 einzusenden
2803 828 2831 846 an
2849 823 3016 851 Haasenstein
3034 823 3054 845 &
3070 823 3165 850 Vogler
3182 823 3207 845 in
3222 821 3305 850 Zürich,
3320 821 3392 848 Basel,
3407 820 3471 848 Genf,
3494 821 3610 848 Stuttgart,

2845 857 2966 884 Frankfurt,
2980 857 3061 882 Berlin,
3073 858 3181 885 Hamburg
3193 862 3220 879 rc.
3232 863 3258 879 rc.

2802 920 2886 944 Bureau
2899 921 2932 944 der
2946 920 3068 944 Redaktion:
3085 920 3216 948 Brunngasse
3228 921 3266 944 Nr.
3278 921 3311 943 2.

2495 986 2576 1013 Täglich
2589 983 2711 1012 zweimalige
2726 983 2822 1011 Ausgabe
2834 984 2868 1006 der
2881 984 2982 1012 Zeitung.
2996 995 3022 1000 —
3035 984 3096 1009 Preis
3109 985 3145 1006 der
3161 984 3261 1011 einzelnen
3277 983 3402 1006 Nummern
3420 982 3506 1009 einfache
3524 982 3550 1004 10
3563 980 3611 1007 Rp.,

2837 1020 2873 1041 mit
2886 1020 2973 1046 Beilage
2987 1020 3012 1040 15
3024 1019 3071 1044 Rp.,
3086 1020 3176 1042 doppelte
3189 1020 3216 1040 20
3227 1019 3267 1042 Rp.

126 1121 441 1194 Zürich,

1434 1106 1830 1179 Donnerstag,
1864 1106 1922 1167 9.
1960 1103 2100 1166 Mai
2134 1104 2294 1166 1878.

3406 1106 3494 1161 Nr.
3528 1095 3634 1158 214

283 1295 828 1360 Tagesbericht

442 1400 506 1427 vom
531 1395 562 1425 8.
584 1392 665 1426 Mai.

202 1472 269 1507 Das
299 1470 500 1512 englische
534 1468 702 1509 Parlament
723 1466 758 1506 ist
780 1474 827 1499 am
850 1465 976 1505 Montag

128 1517 228 1550 wieder
240 1516 514 1556 zusammengetreten
526 1513 584 1545 und
596 1513 684 1552 findet
694 1512 721 1550 so
733 1509 853 1551 ziemlich
865 1509 974 1548 dieselbe

132 1561 268 1601 politische
276 1560 428 1594 Situation
441 1564 500 1597 vor,
523 1557 618 1597 welche
631 1557 683 1589 das
695 1556 770 1589 Land
783 1554 973 1595 beunruhigte,

133 1606 180 1638 als
203 1609 232 1638 es
254 1605 298 1637 die
308 1604 479 1644 Osterferien
489 1604 594 1636 antrat.
619 1600 738 1641 Freilich
748 1600 797 1640 hat
821 1604 851 1632 es
874 1608 975 1639 augen¬

132 1649 246 1688 blicklich
269 1649 370 1681 wieder
391 1649 444 1680 den
466 1647 607 1687 Anschein,
644 1646 690 1679 als
711 1645 790 1684 sollte
813 1644 872 1677 eine
893 1644 975 1683 fried¬

133 1695 199 1735 liche
221 1695 385 1734 Strömung
407 1693 453 1725 die
474 1691 627 1732 Oberhand
651 1690 803 1732 gewinnen,
839 1688 925 1721 allein
948 1693 976 1720 es

134 1740 203 1780 fehlt
235 1738 301 1779 noch
333 1747 370 1772 an
402 1738 538 1778 positiven
561 1735 804 1776 Anhaltspunkten
837 1734 885 1774 für
919 1733 977 1765 eine

136 1784 259 1825 günstige
266 1783 447 1825 Auffassung.
464 1783 527 1815 Alle
535 1780 842 1821 Friedenshoffnungen
854 1778 977 1819 gründen

135 1829 184 1870 sich
207 1829 350 1869 vorläufig
383 1827 450 1867 noch
476 1827 526 1868 auf
559 1826 642 1865 bloße
665 1825 844 1864 Symptome.
889 1823 978 1861 Für's

138 1875 201 1914 erste
223 1873 369 1913 betrachtet
390 1882 460 1905 man
482 1876 510 1904 es
534 1872 580 1903 als
594 1871 639 1903 ein
651 1869 767 1910 Zeichen
781 1866 978 1908 versöhnlicher

136 1919 318 1958 Stimmung,
351 1917 406 1956 daß
428 1917 472 1949 die
491 1915 622 1956 Königin
644 1914 774 1948 Viktoria
796 1914 859 1945 dem
880 1912 978 1951 Kaiser

138 1971 194 1997 von
217 1962 354 2002 Rußland
384 1971 418 2001 zu
441 1962 526 2002 dessen
551 1960 724 1999 Geburtstag
747 1967 794 1991 am
818 1959 870 1990 29.
893 1955 978 1996 April

139 2010 169 2041 in
192 2007 251 2048 sehr
284 2006 426 2048 herzlicher
449 2007 538 2046 Weise
561 2005 645 2038 Glück
677 2003 810 2043 wünschte
843 2002 900 2034 und
923 2000 978 2041 daß

138 2055 185 2086 der
195 2053 256 2093 Zar
279 2052 380 2091 darauf
402 2051 538 2091 ebenfalls
560 2050 618 2090 sehr
641 2048 790 2090 freundlich
806 2048 978 2080 antwortete.

139 2098 235 2138 Schon
258 2098 338 2137 Tags
361 2095 461 2136 vorher
482 2096 557 2136 hatte
578 2094 638 2135 sich,
673 2093 724 2126 wie
746 2092 877 2133 gemeldet
898 2091 978 2129 wird,

140 2144 239 2183 Kaiser
273 2141 428 2180 Alexander
466 2140 503 2173 im
539 2139 654 2179 Großen
687 2136 885 2176 Ministerrath
924 2137 981 2168 ent¬

140 2187 274 2228 schlossen,
298 2186 347 2227 sich
370 2195 402 2225 zu
427 2185 559 2226 größeren
570 2182 814 2224 Zugeständnissen
831 2181 877 2213 als
889 2180 981 2221 bisher

141 2232 225 2265 bereit
259 2241 294 2271 zu
329 2231 451 2263 erklären
481 2229 541 2262 und
574 2229 654 2260 einen
685 2228 776 2267 letzten
798 2225 916 2265 Versuch
949 2233 983 2265 zu

141 2276 262 2317 machen,
287 2277 338 2308 den
360 2275 448 2316 Krieg
470 2275 522 2307 mit
548 2273 678 2314 England
700 2270 892 2311 abzuwenden.
916 2270 982 2303 Das

142 2320 292 2362 bezügliche
321 2319 444 2360 russische
466 2317 641 2359 Schriftstück
673 2316 724 2357 soll
746 2316 777 2348 in
800 2315 913 2349 London
937 2323 983 2346 am

145 2370 175 2399 1.
209 2366 279 2399 Mai
310 2365 372 2398 und
403 2364 436 2397 in
469 2364 555 2397 Wien
576 2364 635 2395 iam
671 2364 700 2394 2.
731 2361 800 2393 Mai
833 2359 984 2400 übergeben

144 2411 255 2444 worden
278 2410 343 2449 sein.
378 2410 418 2442 Es
442 2409 516 2449 fragt
539 2407 586 2448 sich
610 2407 686 2444 aber,
711 2405 744 2438 ob
768 2404 904 2445 Rußland
929 2409 984 2436 von

144 2459 195 2489 den
217 2455 359 2494 maßlosen
382 2454 589 2493 Forderungen,
620 2452 665 2484 die
687 2455 715 2483 es
737 2450 807 2490 ohne
829 2449 984 2489 Vorwissen

145 2502 203 2534 und
237 2500 439 2539 Zustimmung
462 2499 590 2536 Europas
624 2497 657 2529 in
690 2495 749 2527 dem
772 2495 895 2534 Vertrag
929 2498 984 2526 von

146 2547 215 2579 San
229 2545 353 2584 Stefano
375 2548 433 2575 von
455 2543 501 2575 der
525 2540 732 2582 ohnmächtigen
742 2539 845 2571 Türkei
867 2538 983 2578 erpreßt,

148 2598 237 2631 genug
271 2588 422 2629 Nachlaßen
456 2587 525 2625 will,
560 2586 614 2626 daß
638 2586 762 2623 Europa,
797 2583 985 2623 insbesondere

148 2634 287 2676 England,
322 2632 371 2673 sich
400 2632 490 2664 damit
512 2631 652 2672 zufrieden
683 2628 765 2670 geben
797 2629 878 2661 kann.
921 2627 986 2660 Wie

147 2680 294 2716 verlautet,
316 2678 368 2718 hat
384 2677 514 2717 England
537 2676 588 2716 auf
608 2675 678 2714 diese
699 2674 823 2713 neuesten
845 2672 985 2712 russischen

149 2724 341 2765 Eröffnungen
375 2722 441 2762 noch
464 2721 535 2761 nicht
569 2720 756 2760 geantwortet.
802 2717 859 2751 Ein
880 2716 987 2756 zweites

148 2769 307 2809 Symptom
346 2767 418 2800 einer
457 2765 641 2806 friedlicheren
664 2764 834 2802 Strömung,
880 2761 989 2801 worauf

148 2812 353 2854 augenblicklich
390 2820 461 2851 ganz
495 2809 640 2848 besonders
677 2816 745 2839 neue
782 2805 988 2845 Friedenshoff¬

150 2866 264 2898 nungen
297 2856 383 2897 gesetzt
404 2855 521 2892 werden,
555 2853 590 2893 ist
623 2853 667 2884 die
686 2852 766 2889 Reise
787 2850 990 2890 Schuwaloff's

150 2902 216 2942 nach
240 2901 291 2933 St.
315 2898 495 2940 Petersburg.
538 2896 675 2937 Möglich,
699 2896 753 2934 daß
775 2895 817 2927 die
839 2894 988 2934 Berufung

151 2948 198 2979 des
220 2945 361 2984 russischen
383 2942 570 2983 Botschafters
598 2941 631 2974 in
653 2940 767 2974 London
788 2938 856 2978 nach
878 2939 989 2978 Peters¬

153 2991 224 3031 burg
247 2990 321 3022 einer
344 2986 649 3028 entgegenkommenden
671 2985 842 3024 Stimmung
864 2983 910 3015 der
931 2983 991 3021 rus¬

151 3035 246 3076 sischen
258 3034 416 3074 Regierung
439 3032 495 3064 und
510 3030 615 3071 speziell
630 3030 677 3063 des
688 3030 782 3069 Zaren
793 3027 991 3068 zuzuschreiben

153 3081 187 3119 ist
209 3079 267 3112 und
290 3078 344 3117 daß
367 3076 550 3117 Schuwaloff,
574 3075 661 3115 dessen
683 3074 836 3115 gemäßigte
858 3072 991 3111 politische

154 3124 282 3163 Tendenz
302 3123 427 3159 bekannt,
452 3131 500 3153 um
523 3118 709 3152 derentwillen
733 3128 761 3150 er
783 3116 849 3157 auch
872 3117 901 3149 in
917 3117 991 3157 Eng¬

154 3169 222 3202 land
256 3168 331 3208 wohl
364 3166 509 3207 angesehen
531 3165 574 3204 ist,
607 3165 658 3204 für
687 3164 737 3195 den
770 3162 874 3202 rechten
895 3162 993 3193 Mann

155 3214 283 3255 gehalten
303 3212 384 3249 wird,
407 3217 488 3243 wenn
510 3208 669 3249 überhaupt
689 3207 754 3247 noch
777 3206 902 3247 möglich,
936 3206 993 3238 eine

156 3258 381 3299 Verständigung
403 3254 594 3295 anzubahnen.

221 3302 366 3342 Vielleicht
396 3300 432 3340 ist
464 3298 530 3340 auch
563 3299 605 3331 die
638 3296 781 3336 Nachricht
813 3295 861 3328 der
886 3295 994 3336 „Daily

156 3350 260 3381 News"
297 3347 354 3379 und
388 3345 436 3377 des
470 3342 668 3382 „Standard",
702 3341 756 3381 daß
789 3341 835 3373 der
870 3340 995 3380 englische

156 3392 288 3426 Admiral
317 3389 437 3430 Hornby
472 3390 521 3429 auf
555 3386 731 3426 Donnerstag
763 3386 794 3418 in
824 3385 896 3426 Port
919 3384 995 3417 Said

157 3438 285 3470 erwartet
304 3435 376 3467 wird
395 3434 457 3466 und
478 3432 533 3473 daß
556 3432 598 3464 die
620 3431 751 3470 indischen
774 3431 910 3468 Truppen
934 3429 996 3461 dort

157 3483 214 3515 und
238 3481 269 3513 in
291 3481 368 3520 Suez
390 3478 562 3519 ausgeschifft
583 3477 691 3509 werden
713 3474 808 3514 sollen,
832 3474 885 3506 mit
906 3482 994 3506 neuen

157 3525 317 3566 Aussichten
351 3524 400 3561 auf
436 3523 492 3555 eine
513 3521 739 3562 Verständigung
769 3518 892 3559 zwischen
914 3517 996 3558 Ruß¬

157 3571 224 3604 land
248 3571 306 3603 und
319 3568 451 3610 England
472 3568 511 3600 im
524 3564 779 3606 Zusammenhang.
804 3563 897 3603 (Diese
908 3562 996 3603 Nach¬

160 3616 227 3657 richt
249 3615 296 3647 der
323 3614 479 3655 genannten
495 3610 644 3651 englischen
658 3610 772 3643 Blätter
792 3608 844 3648 hat
864 3607 998 3647 übrigens

157 3661 222 3701 noch
260 3660 331 3692 keine
368 3657 475 3691 weitere
496 3655 681 3696 Bestättgung
717 3653 877 3694 gefunden.)
933 3650 996 3684 Alle

159 3706 331 3746 Symptome
362 3702 435 3735 einer
457 3700 642 3741 friedlicheren
664 3699 844 3738 Stimmung,
875 3696 998 3736 insoweit

158 3752 194 3790 sie
214 3748 332 3788 wirklich
354 3746 514 3787 vorhanden
535 3745 603 3785 sind,
627 3744 738 3784 dürften
761 3743 812 3782 auf
826 3742 869 3775 die
883 3740 998 3781 endliche

160 3793 330 3832 Erkenntniß
360 3792 405 3824 der
427 3789 568 3830 russischen
589 3789 750 3829 Regierung
772 3786 998 3827 zurückzuführen

159 3840 224 3878 sein,
260 3837 314 3877 daß
336 3838 372 3878 sie
394 3836 481 3875 außer
502 3834 614 3868 Stande
649 3833 690 3873 ist,
724 3833 776 3864 den
797 3833 920 3871 Vertrag
943 3836 999 3863 von

162 3885 229 3918 San
252 3883 375 3923 Stefano
398 3881 512 3919 Europa
544 3877 694 3919 gegenüber
716 3876 917 3917 nöthigenfalls
947 3874 1000 3908 mit

160 3928 374 3970 Waffengewalt
407 3925 512 3966 geltend
547 3932 579 3963 zu
612 3921 733 3962 machen.
785 3921 842 3954 Die
875 3919 1000 3960 mißliche

161 3972 339 4012 ökonomische
360 3970 418 4004 und
442 3967 614 4007 militärische
638 3967 717 4006 Lage,
749 3966 782 3998 in
811 3964 921 4005 welcher
951 3963 999 4004 sich

160 4017 297 4058 Rußland
319 4015 466 4056 unstreitig
487 4011 672 4054 gegenwärtig
693 4010 819 4050 befindet,
851 4009 884 4049 ist
912 4008 1000 4049 jeden¬

1018 1230 1087 1271 falls
1112 1229 1168 1263 eine
1190 1229 1287 1270 bessere
1310 1227 1450 1262 Garantie
1473 1228 1521 1266 für
1542 1227 1612 1267 seine
1634 1225 1858 1267 Nachgiebigkeit,

1019 1276 1066 1308 als
1097 1275 1166 1315 seine
1195 1273 1398 1313 Friedensliebe
1433 1273 1490 1306 und
1513 1271 1750 1312 Versöhnlichkeit.
1796 1268 1860 1303 Mit

1020 1320 1103 1360 Recht
1136 1319 1245 1359 schließt
1276 1318 1319 1351 die
1358 1318 1464 1355 „Köln.
1497 1318 1583 1359 Ztg."
1621 1315 1701 1356 ihren
1733 1315 1860 1357 heutigen

1021 1364 1206 1407 Spitzeartikel
1251 1363 1324 1401 „Die
1357 1362 1548 1403 Aussichten",
1582 1361 1709 1400 nachdem
1742 1361 1776 1401 sie
1810 1361 1860 1393 den

1021 1409 1209 1450 geschwächten
1232 1407 1357 1448 Zustand
1381 1408 1428 1440 der
1451 1407 1589 1447 russischen
1612 1406 1712 1438 Armee
1742 1406 1793 1444 auf
1816 1405 1861 1437 der

1020 1453 1269 1495 Balkanhalbinsel
1279 1452 1486 1493 nachgewiesen,
1505 1452 1559 1484 mit
1570 1451 1726 1492 folgendem
1736 1450 1860 1491 Passus:

1026 1501 1131 1537 „Unter
1164 1499 1252 1538 diesen
1285 1497 1455 1537 Umständen
1491 1497 1606 1529 würden
1645 1495 1686 1527 die
1722 1495 1862 1535 russischen

1024 1544 1203 1583 Streitkräfte
1229 1543 1277 1583 auf
1299 1542 1345 1574 der
1356 1540 1604 1582 Balkanhalbinsel
1616 1540 1697 1580 durch
1720 1541 1770 1571 den
1783 1540 1862 1580 plötz¬

1021 1589 1108 1629 lichen
1132 1587 1278 1627 Ausbruch
1302 1587 1375 1619 eines
1399 1587 1516 1627 Krieges
1551 1586 1580 1618 in
1616 1584 1660 1616 ein
1692 1584 1779 1625 höchst
1809 1594 1862 1616 un¬

1024 1634 1163 1675 günstiges
1185 1632 1357 1673 Verhältniß
1390 1641 1425 1671 zu
1459 1631 1537 1671 ihren
1569 1630 1697 1670 Gegnern
1733 1629 1864 1670 gedrängt

1023 1679 1139 1716 werden,
1173 1677 1217 1709 die
1250 1675 1463 1717 wahrscheinlich
1498 1679 1554 1707 aus
1581 1673 1692 1715 frischen
1717 1673 1873 1714 englischen

1023 1724 1159 1763 Truppen
1181 1722 1240 1754 und
1264 1721 1337 1755 einer
1359 1720 1573 1762 reorganisirten
1596 1719 1742 1759 türkischen
1765 1719 1864 1750 Armee

1023 1768 1144 1808 bestehen
1164 1768 1288 1800 würden.
1334 1765 1523 1804 Andererseits
1545 1764 1610 1797 aber
1636 1766 1711 1796 wäre
1743 1763 1787 1795 die
1821 1771 1864 1803 ge-

1024 1813 1138 1853 sammte
1170 1811 1345 1850 militärische
1367 1809 1475 1851 Macht,
1511 1809 1579 1842 über
1612 1808 1707 1849 welche
1729 1807 1865 1847 Rußland

1025 1856 1147 1898 nördlich
1169 1862 1227 1889 von
1250 1857 1294 1888 der
1318 1856 1426 1889 Donau
1450 1854 1581 1894 verfügen
1604 1854 1683 1889 kann,
1719 1852 1864 1892 schwerlich

1025 1902 1067 1934 im
1088 1901 1210 1938 Stande,
1233 1899 1397 1942 Oesterreich
1420 1898 1611 1939 nachhaltigen
1633 1897 1811 1937 Widerstand
1832 1906 1866 1936 zu

1026 1947 1129 1986 leisten.
1174 1947 1269 1979 Wenn
1303 1954 1364 1977 nun
1399 1944 1466 1983 auch
1498 1942 1664 1984 Oesterreich
1701 1943 1771 1975 keine
1810 1943 1866 1974 ent¬

1026 1992 1154 2032 schiedene
1175 1991 1267 2029 Front
1290 1998 1372 2030 gegen
1395 1988 1532 2028 Rußland
1556 1996 1716 2029 genommen
1746 1986 1804 2026 hat,
1840 1987 1866 2025 so

1027 2037 1089 2076 darf
1111 2035 1249 2075 Rußland
1272 2034 1334 2073 doch
1356 2034 1398 2066 die
1422 2033 1599 2074 Möglichkeit
1629 2032 1703 2064 eines
1732 2031 1866 2071 schärfern

1027 2082 1271 2122 Entgegentretens
1294 2078 1366 2119 nicht
1388 2077 1476 2118 außer
1496 2078 1648 2118 Rechnung
1680 2077 1775 2117 lassen,
1811 2076 1868 2107 und

1028 2128 1097 2158 kann
1109 2125 1166 2165 sich,
1179 2125 1216 2157 da
1229 2123 1357 2165 England
1369 2123 1428 2155 und
1443 2121 1606 2162 Oesterreich
1618 2122 1723 2154 vereint
1735 2121 1803 2161 stark
1826 2129 1868 2160 ge¬

1028 2180 1086 2211 nug
1097 2170 1164 2211 sind,
1177 2169 1237 2210 ihre
1248 2168 1381 2210 gerechten
1393 2167 1590 2208 Forderungen
1602 2166 1804 2206 durchzusetzen,
1822 2165 1866 2197 der

1028 2215 1242 2255 Ueberzeugung
1263 2215 1343 2246 kaum
1365 2211 1552 2252 verschließen,
1576 2211 1632 2249 daß
1654 2210 1712 2250 ihm
1724 2210 1795 2242 keine
1806 2214 1867 2241 ver¬

1029 2260 1156 2301 nünftige
1166 2259 1257 2299 Wahl
1277 2257 1372 2295 bleibt,
1397 2258 1445 2290 als
1467 2257 1509 2288 die
1531 2257 1577 2288 der
1597 2255 1794 2295 Entscheidung
1818 2255 1869 2294 auf

1031 2303 1262 2344 diplomatischem
1284 2303 1377 2341 Felde.
1423 2302 1487 2334 Und
1517 2301 1548 2333 in
1579 2300 1661 2338 dieser
1683 2299 1871 2339 Zwangslage

1031 2348 1182 2390 Rußlands
1217 2348 1304 2389 liegen
1339 2347 1379 2379 die
1402 2346 1562 2385 Aussichten
1585 2345 1637 2385 auf
1658 2344 1699 2376 die
1721 2344 1871 2384 Wahrung

1032 2395 1078 2427 des
1103 2393 1289 2432 europäischen
1312 2392 1475 2431 Friedens."

1097 2441 1144 2479 In
1166 2440 1214 2472 der
1237 2439 1477 2479 Montagssitzung
1499 2437 1546 2469 des
1568 2436 1752 2477 Parlaments
1785 2435 1873 2475 fragte

1034 2486 1078 2517 der
1101 2484 1212 2525 Führer
1235 2485 1279 2516 der
1301 2483 1486 2523 Opposition,
1511 2482 1581 2514 Lord
1604 2480 1794 2520 Hartington,
1824 2479 1873 2511 den

1033 2529 1243 2571 Schatzkanzler,
1265 2534 1351 2561 wann
1373 2537 1402 2559 er
1425 2527 1485 2559 dem
1499 2527 1592 2565 Hause
1614 2525 1672 2557 eine
1686 2523 1875 2564 Mittheilung

1034 2574 1101 2607 über
1123 2574 1164 2607 die
1185 2571 1448 2613 britisch-russischen
1470 2569 1736 2610 Unterhandlungen
1765 2568 1875 2608 machen

1034 2621 1133 2657 könne,
1168 2617 1203 2650 ob
1233 2616 1378 2657 Hoffnung
1412 2616 1463 2655 auf
1494 2615 1591 2655 frühes
1613 2613 1875 2653 Zustandekommen

1036 2665 1110 2696 eines
1124 2663 1288 2703 Kongresses
1309 2662 1345 2693 da
1366 2661 1403 2700 sei
1426 2660 1483 2693 und
1505 2658 1629 2700 weshalb
1653 2659 1695 2690 die
1710 2657 1877 2698 Absendung

1036 2707 1162 2748 indischer
1184 2708 1319 2746 Truppen
1341 2705 1407 2745 nach
1431 2704 1530 2738 Malta
1561 2704 1611 2744 erst
1642 2713 1688 2735 am
1711 2704 1788 2742 Tage
1811 2702 1876 2742 nach

1037 2752 1146 2793 Schluß
1168 2752 1217 2783 des
1239 2751 1436 2792 Parlamentes
1469 2748 1584 2781 bekannt
1607 2747 1726 2788 gemacht
1755 2747 1875 2779 worden.

1037 2799 1095 2831 Der
1119 2795 1319 2837 Schatzkanzler
1341 2795 1397 2827 Sir
1420 2794 1551 2833 Stafford
1572 2792 1722 2832 Northcote
1754 2793 1877 2823 antwor¬

1037 2844 1088 2874 tete
1120 2840 1232 2881 hierauf
1262 2840 1304 2872 im
1324 2837 1522 2878 Wesentlichen
1544 2836 1716 2876 Folgendes:
1750 2835 1877 2875 Lebhafte

1038 2885 1302 2926 Unterhandlungen
1324 2889 1417 2915 waren
1440 2882 1496 2914 und
1511 2882 1569 2921 sind
1584 2881 1624 2913 im
1642 2880 1739 2920 Gange
1754 2879 1877 2919 zwischen

1039 2929 1166 2971 England
1197 2929 1255 2961 und
1283 2928 1437 2968 Rußland;
1473 2926 1530 2958 eine
1563 2925 1726 2965 Diskussion
1760 2923 1878 2956 darüber

1038 2977 1112 3007 wäre
1142 2973 1326 3014 gegenwärttg
1358 2973 1419 3004 dem
1442 2970 1671 3009 Staatsinteresse
1702 2968 1877 3009 nachtheilig.

1039 3020 1094 3053 Die
1108 3018 1374 3058 Unterhandlungen
1390 3016 1501 3055 betreffs
1517 3016 1562 3047 der
1573 3014 1709 3054 Unruhen
1724 3014 1756 3046 in
1767 3013 1878 3053 Thessa¬

1040 3064 1096 3096 lien
1118 3063 1185 3103 seien
1209 3064 1269 3094 dem
1291 3061 1428 3100 Abschluß
1450 3060 1535 3100 nahe,
1561 3069 1588 3091 er
1612 3058 1785 3099 (Northcote)
1809 3058 1879 3098 hoffe

1041 3109 1090 3148 auf
1111 3107 1221 3147 baldige
1243 3106 1435 3148 Pazifikation.
1462 3105 1517 3138 Die
1539 3104 1716 3143 Entsendung
1738 3102 1785 3135 der
1807 3102 1879 3134 indi¬

1042 3153 1113 3193 schen
1136 3153 1270 3191 Truppen
1304 3151 1339 3189 sei
1361 3150 1453 3190 längst
1484 3148 1641 3189 beschlossen
1674 3148 1789 3188 gewesen
1823 3147 1879 3179 und

1043 3199 1099 3230 eine
1122 3196 1264 3237 vorherige
1285 3195 1491 3235 Ankündigung
1514 3192 1649 3232 derselben
1674 3193 1721 3224 als
1743 3192 1880 3232 unnöthig

1044 3242 1154 3282 erachtet
1175 3241 1294 3273 worden.
1327 3239 1395 3272 Eine
1418 3237 1537 3273 Debatte
1559 3237 1677 3269 darüber
1699 3236 1831 3275 bettachte
1854 3246 1881 3268 er

1043 3297 1089 3320 am
1110 3285 1338 3327 zweckmäßigsten
1360 3282 1499 3324 anläßlich
1514 3283 1561 3314 der
1574 3281 1754 3321 betreffenden
1769 3281 1881 3313 Kredit¬

1043 3332 1164 3372 vorlage.

1107 3380 1161 3417 Im
1185 3379 1330 3418 Fortgang
1351 3376 1397 3408 der
1420 3374 1538 3415 Sitzung
1560 3373 1660 3415 griffen
1675 3374 1798 3411 Fawcett
1824 3373 1880 3405 und

1044 3422 1187 3463 Campbell
1225 3422 1266 3454 die
1287 3420 1484 3459 Verwendung
1520 3418 1648 3458 indischer
1684 3419 1821 3455 Truppen
1850 3417 1880 3450 in

1044 3470 1158 3508 Europa
1180 3476 1220 3499 an
1242 3466 1298 3499 und
1321 3464 1448 3505 sprachen
1470 3464 1587 3504 Zweifel
1616 3472 1655 3495 an
1677 3463 1722 3494 der
1745 3462 1882 3502 Weisheit

1045 3513 1117 3545 eines
1140 3512 1238 3552 solches
1260 3510 1398 3550 Schrittes
1421 3512 1489 3549 aus;
1514 3508 1579 3548 auch
1603 3507 1681 3547 berge
1703 3506 1819 3546 derselbe
1841 3506 1882 3539 die

1045 3557 1150 3598 Gefahr
1187 3556 1234 3588 der
1270 3555 1467 3593 Verwendung
1504 3552 1656 3592 derartiger
1693 3553 1829 3589 Truppen
1852 3551 1882 3583 in

1044 3601 1174 3643 England
1197 3602 1229 3633 in
1250 3599 1309 3640 sich.
1354 3599 1483 3638 Harcout
1514 3597 1622 3637 bestritt
1656 3596 1702 3628 der
1722 3596 1883 3636 Regierung

1045 3647 1096 3679 das
1119 3646 1211 3684 Recht,
1248 3645 1313 3683 diese
1336 3645 1470 3683 Truppen
1509 3642 1577 3681 ohne
1614 3641 1815 3681 Zustimmung
1837 3640 1883 3672 des

1045 3692 1229 3732 Parlaments
1251 3699 1283 3729 zu
1307 3689 1477 3721 verwenden.
1521 3685 1672 3726 Northcote
1708 3684 1884 3725 vertheidigte

1045 3736 1087 3768 die
1108 3735 1269 3775 Maßregel,
1307 3733 1403 3773 welche
1439 3729 1643 3771 unzweifelhaft
1678 3729 1737 3770 sehr
1765 3729 1883 3769 wichttg,

1045 3780 1110 3813 aber
1133 3779 1222 3819 nichts
1244 3778 1321 3819 mehr
1343 3778 1400 3810 und
1425 3775 1511 3816 nichts
1533 3775 1653 3815 weniger
1685 3774 1804 3810 bedeute,
1839 3774 1885 3806 als

1046 3826 1096 3858 den
1118 3823 1263 3864 Beschluß,
1287 3823 1329 3854 die
1337 3821 1515 3857 Streitkräfte
1538 3824 1591 3852 aus
1615 3820 1674 3851 dem
1687 3819 1764 3851 einen
1773 3818 1885 3858 Reichs¬

1047 3870 1126 3910 theile
1148 3868 1214 3909 nach
1238 3868 1297 3900 dem
1320 3867 1439 3899 anderen
1461 3864 1641 3905 Reichstheile
1677 3873 1710 3903 zu
1751 3863 1884 3903 versetzen.

1047 3915 1120 3948 Dem
1141 3913 1324 3954 Parlamente
1345 3911 1415 3952 stehe
1436 3908 1631 3950 diesbezüglich
1667 3907 1783 3948 dasselbe
1804 3907 1887 3948 Recht

1047 3969 1089 3999 zu,
1114 3959 1164 3991 wie
1186 3957 1231 3990 bei
1252 3956 1327 3989 allen
1358 3954 1500 3995 britischen
1522 3953 1729 3992 Streitkräften,
1767 3951 1886 3992 nämlich

1049 4004 1089 4036 die
1125 4003 1319 4042 Bekämpfung
1355 4001 1402 4033 des
1440 3998 1619 4038 betreffenden
1657 3997 1779 4030 Kredits.
1833 3996 1887 4029 Die

1903 1216 2054 1257 Maßregel
2075 1216 2110 1255 sei
2132 1215 2352 1255 konstitutionell.
2399 1214 2455 1247 Die
2478 1213 2673 1253 Verwendung
2699 1213 2743 1245 in¬

1904 1261 2002 1301 discher
2025 1261 2159 1299 Truppen
2182 1261 2213 1293 in
2235 1259 2364 1300 England
2401 1259 2439 1297 sei
2472 1258 2552 1298 durch
2576 1258 2661 1299 Gesetz
2683 1264 2744 1290 ver¬

1902 1306 2022 1346 hindert.
2067 1306 2107 1338 Er
2127 1305 2204 1345 halte
2226 1314 2261 1337 an
2283 1305 2369 1343 seiner
2391 1310 2444 1335 vor
2475 1304 2526 1336 den
2541 1303 2643 1342 Ferien
2664 1302 2745 1343 abge¬

1904 1351 2022 1392 gebenen
2045 1350 2202 1391 Erklärung
2213 1349 2257 1381 der
2273 1348 2547 1390 Regierungspolitik
2560 1348 2746 1380 unverändert

1903 1396 1960 1435 fest.
2008 1396 2047 1428 Es
2069 1394 2104 1434 sei
2127 1394 2183 1427 kein
2207 1393 2306 1427 Grund
2339 1402 2374 1434 zu
2413 1393 2540 1434 erhöhter
2576 1391 2744 1432 Besorgniß.

1904 1441 1962 1474 Die
1984 1439 2090 1481 Politik
2110 1439 2158 1471 der
2180 1439 2338 1479 Regierung
2374 1438 2442 1478 ziele
2478 1437 2529 1477 auf
2565 1437 2609 1469 die
2630 1436 2745 1477 Herbei¬

1906 1484 2032 1526 führung
2056 1484 2128 1516 einer
2150 1483 2304 1525 friedlichen
2327 1483 2385 1516 und
2408 1482 2623 1522 befriedigenden
2639 1482 2746 1521 Lösung

1906 1530 1952 1562 der
1975 1528 2182 1568 orientalischen
2205 1529 2304 1569 Frage.
2352 1528 2391 1560 Er
2418 1527 2588 1567 wiederhole,
2627 1526 2680 1565 daß
2719 1535 2747 1558 er

1905 1575 1998 1607 keinen
2022 1573 2123 1607 Grund
2145 1573 2211 1615 sehe,
2235 1582 2268 1612 zu
2291 1571 2421 1614 glauben,
2455 1571 2511 1611 daß
2547 1571 2603 1612 jetzt
2629 1570 2747 1611 weniger

1906 1618 2187 1660 Wahrscheinlichkeit
2211 1617 2283 1650 einer
2304 1617 2408 1658 solchen
2431 1617 2538 1656 Lösung
2567 1616 2677 1657 bestehe,
2702 1615 2748 1647 als

1906 1669 2004 1704 zuvor.
2049 1663 2129 1702 Diese
2150 1662 2297 1703 Hoffnung
2319 1663 2417 1695 könnte
2439 1660 2526 1701 jedoch
2538 1659 2671 1701 getäuscht
2679 1665 2748 1692 wer-

1907 1709 1957 1741 den
1996 1708 2054 1741 und
2090 1708 2172 1748 daher
2209 1707 2277 1747 seien
2299 1705 2602 1746 Vorsichtsmaßregeln
2639 1704 2746 1745 nöthig¬

1907 1754 1972 1785 Aus
1994 1753 2076 1793 dieser
2098 1753 2231 1785 Antwort
2250 1752 2298 1784 des
2320 1751 2473 1791 Ministers
2496 1750 2602 1790 erhellt,
2626 1749 2682 1789 daß
2705 1750 2747 1781 die

1909 1798 2037 1839 englische
2058 1798 2216 1838 Regierung
2238 1796 2302 1837 noch
2325 1797 2425 1830 immer
2447 1797 2497 1836 auf
2520 1796 2572 1827 das
2589 1794 2748 1836 Nachgeben

1908 1842 2064 1882 Rußlands
2086 1842 2198 1882 rechnet.

1973 1892 2034 1925 Der
2055 1890 2215 1931 deutsche
2235 1890 2384 1930 Reichstag
2416 1889 2464 1927 hat
2487 1889 2589 1930 gestern
2611 1888 2642 1921 in
2664 1888 2749 1926 Fort¬

1908 1937 2011 1978 setzung
2034 1936 2079 1968 der
2100 1934 2265 1976 Berathung
2299 1935 2345 1966 der
2369 1933 2599 1974 Gesetzesvorlage
2621 1941 2671 1973 zur
2694 1932 2749 1965 Ge¬

1909 1980 2133 2021 werbeordnung,
2168 1980 2218 2012 den
2240 1978 2381 2019 Abschnitt
2414 1978 2482 2010 über
2515 1978 2567 2010 das
2589 1977 2750 2017 Lehrlings¬

1909 2025 2069 2065 verhältniß
2100 2024 2198 2065 gemäß
2230 2024 2280 2056 den
2313 2022 2677 2063 Kommissionsbeschlüssen
2709 2031 2750 2053 er¬

1908 2071 2005 2111 ledigt.

1975 2110 2023 2148 In
2045 2109 2090 2141 der
2112 2107 2372 2148 italienischen
2391 2106 2686 2146 Deputirtenkammer
2686 2106 2750 2146 kam

1910 2164 1957 2187 am
1981 2154 2117 2193 Samstag
2153 2153 2196 2185 die
2223 2151 2447 2191 Interpellation
2469 2151 2627 2184 Nicotera's
2659 2156 2750 2191 wegen

1911 2200 1959 2231 des
1981 2197 2230 2238 republikanischen
2262 2197 2428 2237 Kongresses
2460 2205 2511 2236 zur
2532 2195 2749 2236 Verhandlung.

1911 2245 1971 2277 Der
1987 2242 2141 2283 vormalige
2162 2241 2364 2281 Republikaner
2375 2241 2506 2274 Nicotera
2527 2240 2604 2281 fühlt
2626 2239 2673 2280 sich
2684 2240 2753 2271 dank

1912 2289 1958 2320 der
1982 2286 2139 2327 polittschen
2162 2286 2397 2325 Metamorphose,
2422 2286 2464 2318 die
2486 2295 2514 2318 er
2536 2285 2644 2324 seitdem
2656 2284 2750 2324 durch¬

1912 2333 2042 2373 gemacht,
2076 2331 2197 2372 berufen,
2231 2332 2278 2371 für
2299 2329 2508 2371 Beschränkung
2546 2330 2592 2361 der
2624 2329 2753 2368 konstitu¬

1912 2378 2045 2410 tionellen
2066 2377 2230 2417 Freiheiten,
2253 2375 2444 2415 insbesondere
2465 2375 2514 2407 des
2535 2375 2670 2407 Vereins-
2694 2374 2753 2406 und

1913 2420 2247 2461 Versammlungsrechtes
2281 2430 2314 2460 zu
2337 2419 2488 2459 plaidiren.
2533 2418 2608 2459 Ihm
2631 2420 2753 2451 antwor¬

1915 2469 1988 2499 teten
2010 2467 2053 2499 die
2075 2466 2210 2506 Minister
2232 2465 2351 2502 Cairoli,
2363 2463 2528 2503 Zanardelli
2539 2464 2597 2495 und
2613 2463 2751 2503 Conforti,

1913 2511 2010 2551 welche
2031 2509 2227 2550 nacheinander
2258 2509 2302 2541 die
2333 2508 2574 2547 Unantastbarkeit
2610 2509 2658 2541 des
2679 2508 2754 2540 Ver¬

1914 2554 2191 2596 sammlungsrechtes
2221 2553 2349 2594 energisch
2384 2553 2590 2593 vertheidigten.
2636 2551 2691 2586 Sie
2714 2561 2755 2583 er¬

1915 2601 2020 2633 klärten
2043 2600 2093 2632 den
2115 2599 2246 2640 Kongreß
2269 2599 2315 2638 für
2339 2597 2545 2638 ungefährlich;
2581 2597 2623 2629 die
2634 2597 2754 2630 Staats¬

1915 2646 2038 2677 anwälte
2059 2644 2128 2683 seien
2149 2643 2330 2684 unabhängig
2367 2648 2425 2675 von
2446 2643 2492 2674 der
2514 2642 2694 2682 Regierung;
2727 2645 2756 2673 es

1916 2690 1986 2730 liege
2008 2690 2078 2722 keine
2100 2688 2365 2730 Gesetzesverletzung
2388 2694 2447 2725 vor,
2472 2686 2556 2727 daher
2578 2687 2662 2719 könne
2684 2685 2755 2717 keine

1916 2735 2094 2775 Verfolgung
2137 2733 2312 2773 stattfinden;
2360 2732 2413 2764 das
2449 2729 2757 2772 Freiheitsbewußtsein

1916 2779 2048 2817 Italiens
2070 2780 2195 2818 vertrage
2215 2776 2271 2816 jede
2293 2775 2610 2816 Meinungsäußerung.
2648 2774 2757 2807 Cairoli

1916 2824 2061 2863 verlangte
2082 2822 2128 2854 ein
2149 2822 2434 2857 Vertrauensvotum,
2446 2821 2587 2857 Nicotera,
2610 2819 2680 2859 seine
2691 2818 2759 2851 Nie¬

1918 2868 2029 2908 derlage
2051 2865 2259 2907 voraussehend,
2297 2865 2367 2905 hielt
2400 2864 2502 2905 darauf
2535 2865 2584 2904 für
2617 2863 2756 2904 gerathen,

1917 2913 1989 2952 seine
2011 2911 2232 2950 Interpellation
2253 2910 2341 2950 fallen
2363 2919 2398 2949 zu
2420 2910 2515 2949 lassen.

1988 2962 2057 2994 Eine
2068 2959 2287 3001 Privatdepesche
2308 2960 2355 2992 der
2382 2960 2476 2999 „Frkf.
2492 2958 2577 2998 Ztg."
2604 2960 2659 2990 aus
2673 2957 2760 2995 Rom,

1923 3009 1952 3038 7.
1969 3006 2048 3043 Mai,
2071 3006 2187 3038 meldet:
2211 3006 2269 3038 Der
2285 3004 2405 3044 Exjesuit
2428 3003 2512 3036 Curci
2533 3002 2678 3042 widerrief.
2703 3002 2762 3035 Der

1927 3051 2139 3091 „Osservatore"
2173 3049 2268 3089 bringt
2290 3050 2340 3081 den
2363 3048 2511 3088 Reuebrief
2532 3056 2571 3079 an
2592 3048 2643 3083 den
2665 3047 2761 3086 Papst.

1920 3096 2005 3129 Curci
2025 3095 2170 3127 anerkennt
2192 3093 2341 3134 unbedingt
2363 3093 2406 3125 die
2427 3091 2634 3133 Kirchenlehre,
2658 3090 2763 3130 speziell

1920 3141 1964 3172 die
1987 3140 2068 3179 Lehre
2102 3144 2157 3171 von
2191 3138 2236 3171 der
2268 3137 2502 3178 Nothwendigkeit
2533 3136 2580 3168 der
2612 3134 2764 3174 weltlichen

1921 3184 2077 3224 Herrschaft
2099 3184 2146 3215 des
2169 3183 2294 3224 Papstes,
2318 3182 2371 3214 wie
2393 3182 2435 3213 die
2449 3180 2593 3220 Encyclica
2608 3181 2660 3213 Leo
2671 3178 2761 3211 XIII.

1921 3230 1955 3269 sie
1978 3229 2115 3268 darlegte,
2151 3227 2242 3265 ebenso
2277 3227 2317 3259 die
2340 3225 2544 3266 Unfehlbarkeit
2574 3225 2621 3256 des
2643 3224 2762 3265 Papstes

1921 3274 1968 3306 als
1992 3274 2040 3306 des
2062 3272 2183 3313 einzigen
2205 3271 2329 3312 Richters
2351 3271 2383 3303 in
2404 3269 2560 3311 kirchlichen
2581 3269 2706 3310 Dingen.

2180 3392 2506 3443 Schweiz.

1991 3451 2201 3490 Bundesstadt,
2225 3451 2253 3481 8.
2278 3449 2357 3482 Mai.
2388 3449 2448 3481 Der
2470 3446 2698 3487 Militärattaché
2719 3445 2764 3478 bei

1924 3496 1970 3527 der
1993 3495 2108 3536 hiesigen
2131 3493 2265 3534 deutschen
2289 3493 2500 3533 Gesandtschaft,
2524 3492 2712 3532 Hauptmann
2735 3496 2763 3523 v.

1923 3541 2094 3576 Wänker,
2118 3539 2151 3578 ist
2175 3538 2291 3579 plötzlich
2314 3537 2463 3579 gestorben.

1997 3581 2110 3623 Zürich.
2155 3582 2211 3619 In
2233 3581 2380 3621 eigener
2401 3579 2523 3620 Sache.
2570 3578 2630 3612 Der
2657 3577 2772 3615 „Wein¬

1931 3627 2048 3659 länder"
2073 3626 2200 3665 schreibt:
2238 3625 2319 3662 „Wie
2353 3634 2422 3657 man
2444 3624 2614 3660 vernimmt,
2649 3622 2701 3662 soll
2723 3622 2769 3653 der

1929 3671 1980 3712 erst
2013 3671 2061 3711 seit
2084 3670 2191 3711 einigen
2213 3671 2352 3703 Monaten
2376 3669 2515 3709 engagirte
2536 3668 2671 3700 Redaktor
2694 3666 2773 3698 Abt

1929 3721 1986 3748 von
2020 3717 2066 3748 der
2093 3715 2148 3752 „N.
2172 3716 2209 3755 Z.
2231 3715 2291 3754 Z."
2316 3714 2419 3747 bereits
2452 3714 2505 3746 mit
2527 3713 2607 3751 Frau
2630 3712 2661 3744 in
2683 3711 2772 3751 Paris

1930 3760 2113 3800 domiziliren,
2137 3769 2187 3792 um
2206 3764 2259 3791 von
2275 3759 2337 3791 dort
2353 3762 2408 3791 aus
2423 3758 2476 3790 mit
2490 3755 2771 3795 Weltausstellungs¬

1930 3804 2205 3845 Schwindelartikeln
2228 3804 2269 3836 die
2284 3803 2408 3844 Schweiz
2431 3803 2488 3835 und
2507 3801 2611 3842 speziell
2627 3801 2677 3833 den
2693 3801 2772 3833 Kan¬

1930 3851 1980 3881 ton
2004 3848 2106 3889 Zürich
2129 3858 2162 3888 zu
2186 3848 2391 3889 unterhalten."
2440 3847 2529 3885 Jener
2551 3846 2695 3882 Redaktor,
2727 3845 2774 3876 der

1931 3895 2012 3926 kaum
2035 3893 2135 3925 darum
2156 3893 2277 3926 beneidet
2297 3892 2406 3925 werden
2427 3892 2506 3929 wird,
2529 3897 2611 3923 wenn
2627 3900 2656 3922 er
2669 3889 2720 3929 sich
2735 3906 2770 3911 —

1932 3937 2072 3979 natürlich
2106 3938 2156 3978 auf
2189 3937 2258 3978 seine
2293 3938 2403 3977 eigenen
2426 3937 2527 3975 Kosten
2557 3952 2590 3957 —
2619 3937 2688 3966 etwa
2722 3933 2774 3965 das

1933 3983 2105 4023 Vergnügen
2140 3985 2247 4023 gönnen
2271 3982 2369 4021 sollte,
2402 3980 2445 4012 die
2466 3979 2727 4019 Weltausstellung
2741 3987 2775 4017 zu

2787 1207 2922 1247 besuchen,
2946 1205 3036 1246 macht
3058 1205 3176 1244 andurch
3200 1209 3254 1238 von
3277 1205 3362 1244 seiner
3385 1203 3630 1244 Redaktionsstube

2789 1253 2820 1285 in
2833 1251 2935 1292 Zürich
2959 1254 3014 1283 aus
3037 1251 3087 1283 den
3102 1249 3393 1290 wahrheitsliebenden
3409 1249 3626 1288 „Weinländer"

2790 1297 2839 1337 auf
2860 1297 2903 1329 die
2923 1297 2995 1338 letzte
3010 1294 3369 1335 Abonnementseinladung
3391 1294 3438 1327 der
3453 1294 3510 1331 „N.
3522 1294 3560 1333 Z.
3571 1293 3628 1333 Z."

2792 1342 2890 1382 (vergl.
2913 1351 2936 1382 z.
2959 1341 2999 1374 B.
3016 1342 3071 1374 N».
3091 1342 3166 1379 147)
3192 1339 3379 1379 aufmerksam,
3404 1338 3489 1371 allwo
3513 1339 3630 1379 gedruckt

2790 1395 2823 1427 zu
2845 1387 2915 1425 lesen
2937 1385 3020 1425 steht:
3049 1386 3107 1423 „Es
3130 1385 3163 1424 ist
3184 1384 3323 1424 Vorsorge
3346 1384 3487 1425 getroffen,
3511 1383 3567 1423 daß
3590 1383 3631 1415 die

2790 1431 2903 1472 Pariser
2916 1430 3168 1470 Weltausstellung
3191 1429 3223 1462 in
3244 1429 3356 1468 unserm
3369 1429 3469 1462 Blatte
3492 1428 3552 1461 eine
3574 1427 3630 1460 ein¬

2792 1475 2907 1517 gehende
2928 1474 3119 1515 Behandlung
3152 1474 3255 1515 findet;
3291 1473 3363 1514 nicht
3397 1482 3453 1507 nur
3475 1472 3548 1505 wird
3572 1472 3629 1505 eine

2791 1520 2902 1561 Anzahl
2929 1519 3141 1560 schweizerische
3162 1519 3353 1558 Fachmänner
3375 1522 3432 1551 uns
3455 1517 3568 1557 Bericht
3591 1526 3632 1549 er¬

2792 1565 2888 1605 statten
2911 1564 2980 1597 über
3003 1564 3054 1596 den
3068 1563 3164 1597 Stand
3188 1562 3233 1595 der
3254 1563 3303 1603 für
3318 1563 3360 1595 die
3374 1562 3497 1603 Schweiz
3513 1562 3634 1603 wichtig¬

2792 1610 2848 1650 sten
2868 1608 3123 1649 Industriezweige,
3156 1608 3271 1646 sondern
3304 1611 3334 1639 es
3354 1607 3404 1647 hat
3426 1607 3475 1647 sich
3499 1607 3565 1646 auch
3587 1607 3635 1638 der

2798 1655 3040 1695 „Spaziergänger
3062 1658 3118 1686 von
3141 1653 3275 1691 Neapel",
3300 1652 3375 1692 Herr
3396 1652 3446 1685 W.
3461 1652 3566 1691 Wyl,
3589 1650 3633 1684 be¬

2793 1700 2844 1733 reit
2867 1700 2975 1736 erklärt,
3000 1699 3048 1738 für
3070 1701 3127 1730 uns
3149 1697 3215 1737 nach
3230 1696 3319 1738 Paris
3341 1705 3376 1736 zu
3399 1696 3482 1738 gehen
3505 1696 3563 1728 und
3579 1700 3634 1728 uns

2794 1749 2849 1777 von
2871 1744 2934 1776 dort
2956 1743 3070 1783 tägliche
3084 1742 3258 1781 Feuilletons
3280 1742 3439 1781 zukommen
3459 1750 3495 1781 zu
3516 1740 3630 1781 lassen."

2794 1789 2873 1828 Diese
2895 1787 3020 1828 Berichte
3053 1787 3162 1829 haben,
3198 1787 3249 1819 wie
3283 1786 3432 1818 wiederum
3462 1785 3581 1826 gedruckt
3602 1794 3635 1825 zu

2794 1834 2864 1872 lesen
2898 1833 2984 1874 steht,
3020 1832 3051 1864 in
3084 1832 3140 1865 No.
3164 1832 3227 1863 213
3261 1831 3307 1863 der
3335 1831 3391 1868 „N.
3413 1830 3450 1871 Z.
3472 1831 3530 1870 Z."
3557 1829 3635 1871 ihren

2794 1879 2910 1919 Anfang
2933 1886 3105 1918 genommen.

2982 1921 3048 1954 Das
3069 1920 3213 1953 kantonale
3234 1918 3349 1952 liberale
3363 1918 3476 1952 Komite
3491 1918 3550 1959 hat,
3575 1918 3634 1950 dem

2797 1966 2854 2007 ihm
2877 1973 2933 1999 von
2957 1966 3003 1997 der
3018 1964 3287 2004 Vorversammlung
3310 1969 3375 1996 vom
3397 1964 3489 2004 letzten
3504 1964 3640 2003 Sonntag

2798 2011 2938 2051 ertheilten
2953 2011 3090 2051 Auftrage
3105 2009 3192 2049 Folge
3206 2007 3325 2049 leistend,
3343 2009 3445 2049 gestern
3462 2006 3636 2047 (Mittwoch)

2797 2056 2863 2096 nach
2898 2054 3074 2095 einläßlicher
3095 2054 3261 2094 Berathung
3295 2053 3347 2085 den
3379 2052 3515 2093 siebenten
3541 2052 3640 2093 Regie¬

2798 2099 3159 2141 rungsraths-Kandidaten
3193 2097 3357 2138 bezeichnet,
3392 2097 3504 2137 welcher
3526 2097 3577 2137 auf
3598 2096 3640 2128 die

2798 2144 2914 2178 liberale
2933 2144 3082 2184 Wahlliste
3116 2143 3327 2183 aufgenommen
3349 2141 3457 2174 werden
3479 2141 3549 2181 soll,
3584 2141 3640 2173 und

2798 2196 2872 2231 zwar
2903 2190 2938 2230 ist
2980 2187 3146 2229 einstimmig
3178 2187 3221 2219 die
3251 2187 3434 2220 Kandidatur
3465 2186 3515 2219 des
3546 2186 3640 2226 Herrn

2800 2235 2971 2269 Direktor
2994 2233 3091 2272 Frick
3113 2232 3158 2265 im
3180 2231 3364 2272 Strickhof
3386 2230 3540 2271 aufgestellt
3561 2237 3633 2264 wor¬

2801 2279 2860 2317 den,
2883 2278 2994 2319 welcher
3016 2276 3182 2316 bekanntlich
3205 2275 3270 2316 auch
3293 2276 3344 2316 auf
3359 2276 3405 2308 der
3421 2275 3639 2315 demokratischen

2801 2324 2868 2364 Liste
2889 2323 3013 2364 figurirt.
3044 2321 3183 2361 Demnach
3206 2321 3275 2353 wird
3298 2330 3359 2353 nun
3374 2321 3417 2353 die
3431 2319 3547 2353 liberale
3562 2320 3639 2354 Vor¬

2800 2369 2964 2409 schlagsliste
2998 2367 3138 2407 enthalten
3159 2366 3202 2398 die
3221 2367 3333 2398 Namen
3354 2366 3402 2397 der
3423 2365 3531 2404 Herren
3552 2365 3638 2405 Her¬

2801 2413 2970 2452 tenstein,
3005 2411 3219 2451 Zollinger,
3253 2410 3390 2450 Hafter
3413 2409 3563 2450 (bisherige
3586 2410 3640 2441 Re-

2802 2456 3035 2499 gierungsräthe),
3058 2455 3271 2495 Bundesrichter
3293 2454 3350 2487 Dr.
3366 2453 3493 2491 Dubs,
3517 2454 3642 2494 Bezirks¬

2801 2502 2864 2543 rath
2887 2501 3083 2542 Eschmann
3105 2499 3138 2532 in
3158 2499 3362 2539 Richtersweil,
3397 2497 3640 2539 Regierungsrath

2802 2547 2953 2581 Walder
2975 2545 3033 2578 und
3055 2545 3183 2579 Direktor
3205 2543 3298 2583 Frick
3319 2544 3360 2575 im
3382 2543 3530 2584 Strickhof.

2878 2610 2913 2615 —
2963 2592 2979 2609 *
3002 2591 3067 2624 Den
3088 2590 3116 2630 h.
3133 2589 3379 2630 Regierungsrath,
3403 2589 3471 2628 resp.
3488 2589 3539 2621 den
3553 2589 3645 2629 Herrn

2803 2636 3012 2677 Justizdirektor
3044 2636 3075 2667 in
3096 2635 3199 2674 Zürich
3233 2633 3353 2674 ersuchen
3386 2633 3439 2666 wir
3472 2634 3565 2666 anmit
3596 2642 3646 2665 um

2805 2682 2925 2723 geneigte
2940 2680 3082 2719 Auskunft
3103 2678 3171 2712 über
3194 2679 3244 2711 den
3258 2679 3356 2712 Stand
3379 2679 3426 2710 der
3440 2677 3646 2718 Untersuchung

2806 2735 2886 2767 gegen
2916 2727 2967 2758 den
2998 2724 3113 2765 frühern
3142 2722 3460 2763 Statthalteradjunkten
3483 2723 3646 2763 Hafner,

2805 2770 2851 2803 der
2871 2769 2928 2811 jetzt
2950 2770 2983 2802 in
3005 2766 3370 2809 Regierungsrathswahlen
3397 2767 3535 2806 „macht".
3559 2767 3648 2799 Mitte

2805 2815 2925 2854 Januar
2957 2814 3041 2853 dieses
3072 2812 3182 2853 Jahres
3213 2812 3263 2853 hat
3296 2812 3348 2843 das
3380 2810 3559 2851 Obergericht
3591 2811 3649 2842 und

2807 2859 2901 2900 früher
2930 2858 3007 2899 schon
3037 2858 3080 2889 die
3102 2858 3193 2899 Presse
3223 2857 3263 2889 die
3286 2856 3649 2897 Amtspflichtverlehungen

2806 2903 2881 2944 jenes
2896 2903 3052 2943 Adjunkten
3066 2903 3127 2934 dem
3138 2901 3376 2942 Regierungsrath
3393 2900 3547 2940 denunzirt.
3571 2900 3651 2934 Seit¬

2806 2949 2856 2990 her
2878 2948 2972 2989 erfuhr
3006 2956 3074 2979 man
3107 2951 3161 2979 aus
3195 2947 3244 2978 den
3267 2945 3404 2985 offiziösen
3428 2945 3650 2985 Mittheilungen

2810 2993 2876 3025 über
2899 2993 2943 3025 die
2958 2989 3441 3032 Regierungsrathsverhandlungen
3463 2999 3521 3021 nur
3542 2990 3570 3028 so
3585 2989 3649 3026 viel,

2808 3038 2863 3077 daß
2884 3038 2951 3077 diese
2971 3036 3097 3076 Behörde
3120 3035 3160 3067 die
3183 3035 3290 3074 Affaire
3311 3035 3396 3075 zuerst
3419 3043 3455 3067 an
3479 3034 3536 3066 eine
3559 3033 3651 3072 beson¬

2812 3083 2871 3114 dere
2893 3081 3079 3121 Kommission
3102 3084 3156 3113 aus
3178 3079 3250 3120 ihrer
3273 3080 3361 3112 Mitte
3382 3088 3433 3119 zur
3445 3078 3652 3118 Berichterstat¬

2810 3129 2881 3167 tung
2903 3127 2983 3163 wies,
3017 3126 3063 3157 als
3097 3124 3132 3156 ob
3166 3128 3195 3156 es
3223 3123 3272 3164 sich
3294 3133 3345 3156 um
3367 3124 3426 3155 eine
3446 3122 3653 3162 Staatsaffaire

2812 3172 2896 3211 ersten
2919 3171 3034 3210 Ranges
3057 3170 3114 3202 und
3137 3169 3208 3208 nicht
3229 3177 3278 3200 um
3303 3168 3361 3200 eine
3385 3167 3516 3200 ordinäre
3536 3166 3651 3208 Pflicht¬

2810 3215 3006 3256 vergessenheit,
3030 3213 3183 3254 allerdings
3195 3211 3313 3254 gröbster
3329 3213 3393 3250 Art,
3426 3212 3500 3244 eines
3516 3212 3652 3245 Beamten

2811 3260 2947 3300 handelte,
2970 3259 3014 3291 die
3034 3258 3220 3299 sofortige
3240 3257 3385 3297 Ahndung
3407 3257 3562 3296 erforderte,
3596 3256 3654 3288 und

2814 3305 2869 3343 daß
2891 3305 2968 3337 dann
2991 3308 3046 3336 aus
3068 3304 3128 3335 dem
3150 3303 3259 3343 Antrag
3281 3301 3355 3341 jener
3369 3302 3555 3341 Kommission
3579 3301 3655 3340 (oder

2815 3349 2948 3389 vielmehr
2971 3357 3081 3388 gegen
3103 3347 3182 3387 ihren
3205 3347 3327 3386 Antrag)
3358 3347 3402 3378 ein
3431 3346 3567 3385 Beschluß
3595 3345 3655 3384 her¬

2814 3394 2942 3434 vorging,
2966 3395 3092 3432 vermöge
3108 3392 3193 3432 dessen
3220 3391 3262 3424 ein
3277 3389 3654 3430 Untersuchungskommissär

2814 3439 2901 3478 ohne
2915 3439 2959 3470 die
2973 3437 3086 3470 Gewalt
3101 3436 3174 3469 eines
3188 3436 3314 3475 Richters
3329 3435 3392 3467 oder
3406 3434 3651 3468 Staatsanwaltes

2815 3483 2855 3515 ad
2875 3483 2935 3515 hoc
2957 3483 3076 3514 ernannt
3098 3481 3200 3519 wurde,
3223 3480 3269 3513 der
3292 3480 3335 3511 die
3356 3479 3538 3512 Stänkereien
3560 3480 3655 3511 unter¬

2818 3527 2911 3567 suchen
2933 3526 3020 3567 sollte.
3065 3527 3158 3559 Wenn
3189 3534 3256 3557 man
3287 3523 3468 3564 geflissentlich
3492 3524 3534 3556 die
3555 3524 3656 3556 Unter¬

2817 3572 2935 3612 suchung
2945 3571 3132 3611 verschleppen
3153 3569 3254 3606 wollte,
3270 3573 3333 3601 was
3354 3567 3494 3607 natürlich
3515 3567 3590 3609 nicht
3610 3568 3656 3600 der

2817 3616 2883 3655 Fall
2905 3617 2955 3656 ist,
2990 3616 3017 3655 so
3048 3616 3143 3647 konnte
3171 3613 3325 3653 allerdings
3348 3613 3394 3645 der
3417 3612 3656 3653 Regierungsrath

2815 3661 2887 3701 nicht
2898 3661 2999 3693 anders
3015 3660 3159 3700 Vorgehen,
3176 3659 3223 3691 als
3234 3658 3285 3697 auf
3296 3658 3382 3696 diesen
3393 3659 3552 3697 Umwegen.
3576 3657 3657 3690 Seit¬

2817 3706 2865 3746 her
2887 3706 2946 3746 sind
2969 3705 3036 3744 auch
3058 3703 3173 3743 wirklich
3196 3703 3252 3735 vier
3268 3702 3390 3735 Monate
3412 3702 3564 3742 verflossen,
3588 3701 3657 3741 ohne

2818 3750 2872 3789 daß
2903 3750 2972 3782 über
3005 3749 3057 3781 den
3078 3748 3175 3782 Stand
3209 3748 3253 3779 der
3275 3745 3481 3786 Untersuchung
3510 3750 3565 3779 aus
3595 3746 3658 3785 offi¬

2819 3795 2913 3834 ziellen
2936 3794 3000 3826 oder
3021 3793 3157 3834 offiziösen
3179 3792 3291 3832 Kreisen
3319 3791 3362 3823 ein
3385 3790 3658 3830 Sterbenswörtchen

2818 3839 2985 3875 verlautete,
3020 3838 3107 3870 weder
3140 3837 3181 3868 die
3204 3835 3341 3876 Bezirks-,
3373 3834 3438 3875 noch
3461 3835 3503 3867 die
3525 3835 3658 3875 Schwur¬

2820 3883 3037 3924 gerichtskanzlei
3057 3882 3129 3922 weiß
3150 3881 3292 3921 Auskunft
3319 3890 3353 3920 zu
3376 3879 3458 3920 geben
3488 3880 3546 3911 und
3568 3880 3602 3911 da
3624 3879 3660 3918 ist

2818 3928 2906 3968 gewiß
2928 3928 2971 3960 die
2993 3928 3083 3967 Frage
3114 3925 3238 3963 erlaubt,
3272 3925 3324 3957 wie
3358 3925 3399 3956 die
3422 3923 3516 3964 Dinge
3549 3923 3659 3964 stehen?

2818 3973 2886 4012 Daß
2920 3973 2971 4005 das
2995 3972 3066 4005 Volk
3098 3970 3141 4003 die
3172 3969 3323 4009 skandalöse
3345 3968 3558 4009 Angelegenheit
3588 3967 3659 4008 nicht

438 4221 605 4272 Feuilleton
632 4219 728 4264 1878.

279 4345 615 4384 Spaziergänge
643 4344 690 4374 in
717 4342 892 4379 Neapel.
983 4340 1006 4369 4

486 4400 564 4433 (Neue
582 4396 682 4434 Folge.)

459 4452 516 4482 Von
547 4451 589 4481 W.
620 4450 715 4487 Wyl.

551 4503 707 4539 Neapel,
726 4503 769 4532 17.
786 4502 866 4538 April
883 4503 961 4531 1878.

219 4556 293 4593 Falls
311 4557 361 4586 Sie
386 4556 425 4585 die
452 4555 545 4584 kleinen
562 4551 775 4588 Musikausgaben
798 4552 841 4579 des
860 4550 1008 4579 Mailänder

165 4597 264 4632 Hauses
283 4597 421 4632 Sonzogno
440 4595 502 4629 nicht
522 4595 619 4627 kennen,
647 4593 673 4627 so
701 4591 791 4626 möchte
815 4589 851 4626 ich
870 4590 899 4625 sie
917 4590 1008 4625 Ihnen

166 4637 259 4671 bestens
287 4636 427 4672 empfohlen
454 4634 543 4670 haben.
577 4631 728 4669 Hoffentlich
751 4632 859 4659 kommen
876 4629 926 4658 Sie
944 4628 1008 4665 nicht

166 4676 212 4711 auf
228 4676 267 4704 die
278 4676 351 4710 Idee,
369 4675 419 4709 daß
437 4675 473 4710 ich
489 4674 534 4710 für
551 4673 611 4708 diese
618 4672 734 4702 Reclame
753 4670 793 4700 ein
809 4669 916 4705 hundert
926 4669 1009 4704 Fran¬

166 4717 207 4744 ken
233 4715 290 4743 oder
318 4715 370 4750 dgl.
388 4714 499 4749 erhalten
526 4712 606 4748 habe:
635 4712 676 4742 ein
693 4711 780 4740 Mann
806 4715 858 4739 von
875 4709 1010 4744 Charakter

165 4756 222 4790 thut
253 4754 279 4788 so
296 4756 375 4783 etwas
403 4754 445 4783 nie
474 4755 531 4783 oder
561 4762 610 4783 nur
641 4753 684 4788 für
705 4751 758 4787 sehr
783 4749 834 4780 viel
853 4749 924 4779 Geld.
960 4748 1009 4784 Ich

167 4793 285 4831 empfehle
301 4794 392 4828 Ihnen
410 4794 465 4828 also
481 4794 541 4829 diese
559 4795 633 4823 unter
661 4794 712 4822 dem
730 4791 800 4821 Titel
819 4788 878 4826 „La
897 4789 1010 4818 musica

168 4845 221 4873 per
238 4832 334 4863 tutti“
354 4832 530 4867 erscheinenden
547 4833 642 4863 kleinen
658 4832 740 4869 Hefte,
768 4833 831 4861 etwa
850 4830 885 4858 im
902 4830 1011 4865 Format

168 4878 209 4906 des
229 4872 304 4910 „Pro
323 4870 453 4902 Nihilo“.
487 4873 537 4902 Sie
556 4873 607 4906 sind
627 4871 734 4906 wirklich
752 4879 806 4908 pro
824 4868 928 4901 nihilo,
947 4870 1011 4898 denn

167 4916 231 4952 jedes
249 4915 318 4948 kostet
336 4920 385 4942 nur
403 4911 457 4940 eine
474 4912 620 4947 italienische
629 4912 697 4941 Lira.
715 4911 765 4940 Sie
782 4910 835 4946 sind
854 4910 942 4938 korrekt
959 4909 1012 4938 und

167 4956 220 4992 sehr
237 4952 361 4990 handlich,
378 4951 507 4986 besonders
526 4950 569 4985 für
586 4951 711 4985 Reisende.

219 4994 270 5031 Ich
296 4992 360 5028 weiß
386 4996 455 5027 zwar
480 4989 555 5026 nicht,
580 4990 613 5019 ob
638 4991 688 5020 Sie
717 4990 760 5025 für
786 4989 902 5025 klassische
929 4989 1014 5024 Musik

169 5036 322 5071 schwärmen.
358 5032 401 5067 Ist
420 5030 475 5065 dieß
492 5029 556 5065 nicht
574 5029 616 5058 der
634 5030 703 5064 Fall,
721 5030 789 5058 dann
807 5031 872 5059 kann
889 5032 915 5058 es
922 5029 1013 5065 Ihnen

167 5076 221 5111 sehr
240 5072 398 5111 gleichgültig
417 5071 476 5106 sein,
493 5069 543 5104 daß
553 5069 600 5098 Sie
619 5069 658 5098 die
672 5068 863 5104 „Zaaberflöte"
883 5069 925 5104 für
943 5070 1014 5099 einen

170 5117 285 5153 Franken
302 5114 388 5148 kaufen
404 5114 515 5146 können;
533 5113 559 5138 es
576 5110 662 5138 würde
671 5109 720 5139 Sie
731 5109 796 5145 nicht
808 5110 901 5139 einmal
910 5110 1014 5146 rühren,

170 5163 242 5185 wenn
262 5164 321 5184 man
338 5153 428 5190 Ihnen
453 5152 523 5187 sagen
545 5149 639 5182 würde,
666 5147 714 5182 daß
732 5149 782 5178 Sie
808 5149 848 5178 die
873 5150 1015 5185 eleganteste

172 5193 388 5231 Taschenausgabe
406 5199 457 5221 von
475 5191 600 5226 Mozart's
619 5189 697 5225 letzter
713 5188 784 5223 Oper
801 5188 846 5224 für
862 5190 920 5224 zwei
939 5190 1015 5219 Sous

172 5236 252 5270 haben
270 5237 371 5265 können.
389 5233 446 5262 Mit
464 5232 503 5261 der
512 5228 760 5264 Musikschwärmerei
778 5228 807 5261 ist
825 5230 853 5256 es
869 5228 921 5257 eine
934 5229 1016 5264 eigene

173 5275 270 5311 Sache:
287 5281 350 5305 wem
367 5273 472 5309 Mozart
487 5270 554 5307 nicht
569 5278 627 5305 zum
645 5266 870 5302 Lebensbedürfniß
886 5267 1016 5302 geworden

172 5315 211 5349 ist,
238 5315 279 5345 der
296 5316 364 5345 lernt
381 5313 426 5349 ihn
444 5312 484 5342 nie
501 5313 589 5341 kennen
616 5309 670 5338 und
693 5309 757 5337 kann
775 5307 820 5343 ihn
839 5307 947 5336 alleweil
964 5309 1016 5337 ent¬

174 5355 271 5390 behren.
306 5356 369 5385 Wer
386 5354 440 5389 ihm
458 5353 515 5382 aber
542 5350 636 5380 einmal
663 5348 704 5378 bis
730 5347 776 5383 auf
801 5348 848 5377 den
865 5346 956 5376 Grund
973 5347 1016 5375 der

174 5396 253 5430 edlen,
262 5395 445 5431 harmonischen
456 5393 528 5423 Seele
546 5391 639 5428 gesehn,
657 5391 697 5420 der
714 5389 779 5418 kann
796 5386 862 5424 nicht
878 5386 947 5423 mehr
964 5391 1016 5416 von

1049 4105 1099 4140 ihm
1118 4105 1194 4139 lassen
1213 4105 1264 4133 und
1281 4102 1350 4138 kauft
1368 4111 1393 4131 er
1403 4101 1447 4137 sich
1460 4101 1511 4130 eine
1523 4099 1713 4135 „Zauberflöte"
1725 4099 1768 4135 für
1780 4098 1890 4134 zwanzig

1049 4146 1132 4179 Sous,
1149 4145 1174 4179 so
1191 4144 1267 4180 besitzt
1284 4149 1311 4172 er
1328 4151 1363 4171 an
1380 4141 1423 4177 ihr
1442 4141 1511 4169 einen
1521 4140 1614 4176 Schatz,
1634 4139 1675 4168 der
1693 4138 1746 4173 ihm
1765 4147 1799 4167 an
1812 4138 1889 4166 einem

1050 4185 1117 4220 Tage
1136 4183 1203 4218 mehr
1222 4182 1316 4218 Freude
1333 4181 1420 4216 macht,
1440 4180 1481 4208 als
1498 4180 1565 4209 einer
1577 4178 1718 4214 Prinzessin
1736 4177 1789 4213 ihre
1799 4178 1890 4212 Perlen

1050 4225 1100 4254 und
1117 4224 1271 4253 Diamanten
1288 4222 1336 4251 das
1354 4230 1430 4257 ganze
1447 4221 1521 4255 lange
1537 4218 1611 4254 Jahr
1628 4218 1756 4254 hindurch.

1101 4264 1150 4300 Ich
1167 4264 1236 4299 hätte
1261 4270 1316 4292 nun
1341 4260 1467 4297 eigentlich
1484 4260 1550 4295 Lust,
1574 4258 1664 4293 Ihnen
1682 4258 1754 4294 durch
1772 4258 1814 4287 ein
1832 4258 1891 4293 sechs

1051 4306 1107 4334 oder
1134 4304 1185 4339 acht
1204 4303 1359 4339 Feuilletons
1385 4307 1436 4330 von
1464 4300 1506 4328 der
1524 4299 1687 4335 Zauberflöte
1713 4307 1744 4334 zu
1771 4298 1891 4333 erzählen,

1052 4346 1109 4374 aber
1127 4344 1175 4373 mir
1194 4343 1257 4378 fehlt
1273 4341 1311 4371 die
1320 4342 1435 4376 Courage
1453 4340 1523 4375 dazu,
1542 4340 1605 4368 denn
1623 4339 1658 4373 ich
1670 4339 1732 4374 habe
1749 4338 1811 4373 mich
1823 4338 1892 4372 heute

1053 4394 1085 4414 an
1104 4386 1148 4414 den
1165 4381 1326 4419 Schreibtisch
1344 4381 1430 4417 gesetzt,
1446 4388 1490 4408 um
1506 4379 1595 4414 Ihnen
1614 4378 1693 4407 meine
1710 4386 1752 4406 am
1771 4379 1797 4406 6.
1815 4377 1892 4412 April

1053 4424 1199 4459 vollbrachte
1215 4438 1248 4443 —
1258 4421 1480 4457 Vesuvbesteigung
1497 4427 1528 4455 zu
1546 4418 1670 4454 schildern.
1697 4418 1765 4447 Aber
1783 4416 1830 4446 wie
1848 4417 1893 4445 das

1053 4465 1120 4500 schon
1138 4464 1162 4499 so
1180 4464 1277 4497 kommt,
1296 4462 1321 4497 so
1338 4461 1398 4496 fand
1417 4459 1452 4496 ich
1470 4459 1540 4494 heute
1549 4459 1675 4493 Morgens
1693 4458 1739 4492 auf
1749 4457 1802 4485 dem
1813 4456 1892 4492 Tische

1053 4505 1090 4534 die
1107 4503 1269 4540 Zauberflöte
1284 4500 1477 4537 aufgeschlagen,
1503 4499 1531 4528 in
1557 4499 1599 4527 der
1624 4497 1660 4532 ich
1682 4498 1774 4532 gestern
1792 4496 1893 4524 Abends

1054 4544 1182 4580 geblättert
1200 4543 1275 4577 hatte.
1302 4541 1358 4569 Und
1375 4541 1408 4569 da
1427 4539 1524 4574 begann
1542 4538 1576 4573 ich
1594 4542 1659 4566 denn
1675 4536 1763 4566 wieder
1781 4544 1812 4571 zu
1830 4535 1893 4564 blät¬

1054 4588 1116 4619 tern,
1134 4584 1174 4613 bis
1193 4583 1243 4612 mir
1261 4582 1298 4611 die
1316 4582 1434 4616 goldenen
1445 4580 1589 4609 Tonwellen
1608 4578 1668 4607 über
1685 4578 1738 4606 dem
1756 4575 1838 4611 Kopfe
1854 4584 1893 4611 zu¬

1054 4624 1278 4662 sammenschlugen.
1297 4621 1417 4656 Dießmal
1435 4620 1558 4650 verweilte
1576 4618 1610 4655 ich
1628 4618 1675 4647 mit
1693 4616 1824 4652 speziellem
1834 4616 1894 4645 Ent¬

1053 4667 1134 4703 zücken
1150 4664 1190 4693 bei
1208 4664 1250 4692 der
1260 4662 1349 4697 Partie
1365 4662 1409 4690 des
1418 4660 1554 4696 Papageno
1572 4659 1607 4688 im
1617 4659 1710 4694 Finale
1726 4658 1769 4687 des
1777 4658 1804 4685 2.
1812 4657 1895 4686 Aktes.

1056 4707 1112 4737 Wie
1119 4714 1144 4735 er
1148 4704 1279 4739 vergebens
1285 4702 1361 4738 seiner
1367 4701 1505 4736 Papagena
1510 4699 1572 4734 ruft,
1579 4698 1626 4728 wie
1634 4707 1658 4727 er
1663 4698 1706 4733 sich
1715 4698 1783 4726 dann
1790 4697 1895 4731 aufhän¬

1055 4756 1100 4783 gen
1112 4745 1165 4776 will
1183 4744 1236 4773 und
1253 4743 1299 4772 wie
1308 4751 1333 4771 er
1342 4741 1386 4777 sich
1397 4742 1465 4770 dann
1473 4740 1520 4768 mit
1529 4740 1615 4774 seinem
1627 4738 1757 4773 Täubchen
1766 4737 1817 4772 sein
1829 4737 1895 4770 künf¬

1055 4788 1119 4823 tiges
1128 4785 1203 4816 Glück
1221 4783 1332 4813 ausmalt
1351 4797 1384 4802 —
1403 4784 1431 4810 es
1449 4780 1478 4814 ist
1495 4778 1695 4815 unbeschreiblich
1713 4777 1766 4813 süß,
1785 4776 1895 4812 kindlich,

1055 4825 1199 4862 hinreißend
1217 4822 1382 4859 humoristisch
1401 4837 1435 4841 —
1452 4824 1480 4850 es
1496 4821 1527 4855 ist
1545 4820 1578 4855 so,
1596 4818 1646 4852 daß
1663 4827 1723 4848 man
1740 4818 1785 4853 sich
1797 4826 1896 4846 namen¬

1055 4868 1098 4896 los
1114 4865 1230 4898 blamirt,
1256 4870 1327 4892 wenn
1354 4870 1414 4891 man
1440 4863 1465 4890 es
1491 4860 1612 4895 definiren
1631 4859 1692 4887 will.
1728 4858 1785 4888 Und
1803 4858 1849 4886 das
1867 4857 1896 4890 ist

1056 4907 1103 4936 mit
1121 4905 1241 4940 derselben
1251 4903 1327 4939 Feder
1344 4900 1500 4937 geschrieben,
1518 4899 1602 4935 welche
1614 4899 1656 4933 „O
1664 4899 1723 4933 Isis
1732 4898 1784 4928 und
1794 4896 1892 4932 Osiris"

1057 4945 1199 4983 geschrieben
1211 4947 1218 4974 !
1253 4943 1309 4973 Und
1327 4943 1358 4971 da
1375 4942 1448 4971 reden
1465 4941 1503 4969 die
1519 4940 1593 4970 Leute
1610 4944 1661 4968 von
1678 4937 1881 4974 Zukunftsmusik
1889 4938 1896 4965 !

1057 4987 1106 5017 Die
1123 4984 1273 5020 Menschheit
1300 4982 1385 5018 gleicht
1401 4980 1458 5017 doch
1475 4980 1593 5015 wahrlich
1611 4979 1665 5007 dem
1682 4978 1774 5014 reichen
1791 4977 1897 5010 Araber,

1058 5028 1099 5058 der
1117 5027 1144 5056 in
1161 5026 1204 5054 der
1222 5024 1307 5059 Wüste
1324 5023 1400 5052 neben
1419 5020 1498 5056 seinen
1516 5020 1631 5056 Schätzen
1648 5019 1788 5052 verdursten
1806 5017 1896 5051 mußte.

1058 5067 1112 5102 Auf
1117 5066 1154 5096 die
1159 5065 1258 5100 Gefahr
1266 5063 1319 5100 hin,
1329 5062 1376 5096 daß
1384 5061 1445 5096 mich
1454 5060 1549 5095 manche
1555 5058 1647 5088 meiner
1653 5058 1718 5093 Leser
1727 5059 1769 5094 für
1775 5057 1843 5087 einen
1849 5057 1897 5086 ein¬

1058 5108 1155 5143 seitigen
1167 5106 1296 5139 Pedanten
1308 5104 1425 5135 erklären,
1437 5101 1491 5131 will
1502 5100 1536 5136 ich
1550 5102 1575 5129 es
1592 5098 1633 5128 bei
1650 5099 1723 5133 dieser
1741 5097 1898 5133 Gelegenheit

1059 5147 1106 5183 frei
1124 5146 1297 5181 heraussagen,
1316 5143 1364 5178 daß
1383 5141 1444 5177 mich
1462 5141 1508 5170 das
1516 5139 1687 5175 wahnsinnige
1696 5137 1830 5172 Gebahren
1848 5136 1899 5166 und

1059 5188 1097 5216 die
1114 5186 1294 5222 Prätensionen
1311 5184 1352 5212 der
1370 5181 1553 5218 Wagnerianer
1571 5179 1618 5208 mit
1637 5179 1692 5208 Ekel
1710 5177 1823 5213 erfüllen.
1850 5175 1899 5212 Ich

1060 5227 1125 5262 finde
1150 5226 1181 5260 sie
1207 5225 1253 5254 mit
1280 5222 1358 5258 ihrem
1384 5220 1550 5257 unfehlbaren
1567 5218 1721 5253 Musikpapst
1744 5217 1795 5247 viel
1813 5217 1899 5250 lächer¬

1060 5267 1140 5301 licher,
1166 5266 1211 5294 als
1237 5264 1274 5294 die
1290 5263 1407 5298 Jesuiten
1435 5261 1481 5290 mit
1509 5260 1586 5295 ihrem
1605 5258 1751 5294 infalliblen
1768 5256 1837 5291 Pius
1853 5255 1899 5283 IX.

1059 5306 1109 5341 Ich
1127 5305 1178 5341 sehe
1196 5305 1250 5340 hier
1266 5312 1330 5340 ganz
1346 5303 1429 5332 davon
1448 5301 1488 5335 ab,
1515 5300 1564 5334 daß
1591 5299 1626 5334 ich
1652 5299 1694 5333 für
1711 5297 1790 5326 meine
1808 5296 1901 5331 Person

1060 5347 1088 5376 in
1106 5347 1151 5375 den
1169 5344 1356 5380 Wagner'schen
1374 5342 1473 5378 Sachen
1494 5349 1541 5376 gar
1558 5340 1621 5369 keine
1639 5339 1722 5372 Musik
1748 5337 1824 5372 finde,
1849 5336 1900 5366 und

1061 5385 1110 5420 daß
1138 5384 1171 5420 ich
1199 5384 1243 5419 für
1268 5384 1316 5413 alle
1341 5383 1404 5417 seine
1423 5380 1612 5416 lümmelhaften
1631 5378 1721 5408 Götter
1738 5377 1789 5414 und
1807 5376 1901 5412 Helden

1935 4082 1987 4117 ihm
2014 4082 2077 4119 nicht
2105 4082 2199 4111 einmal
2225 4081 2269 4110 den
2287 4082 2459 4115 Monostatos,
2487 4080 2536 4110 viel
2555 4079 2661 4114 weniger
2678 4078 2774 4106 meinen

1935 4123 2071 4158 Papageno
2089 4122 2153 4157 gebe,
2180 4122 2241 4151 denn
2268 4121 2295 4150 in
2312 4121 2397 4155 Jenen
2424 4120 2490 4155 finde
2508 4119 2542 4154 ich
2561 4119 2640 4154 nichts
2658 4118 2700 4147 als
2718 4117 2774 4152 auf¬

1935 4163 2059 4198 geblasene
2077 4161 2169 4196 Größe,
2188 4161 2215 4190 in
2232 4161 2308 4196 diesen
2327 4159 2386 4189 aber
2404 4161 2450 4188 das
2468 4159 2630 4189 wunderbare
2639 4158 2716 4188 Leben
2733 4158 2774 4186 der

1935 4202 2064 4238 komischen
2080 4201 2194 4236 Figuren
2218 4200 2253 4229 im
2272 4199 2354 4236 „Don
2372 4197 2514 4233 Quixote“
2534 4213 2567 4219 —
2584 4199 2620 4234 ich
2645 4198 2700 4227 rede
2724 4206 2776 4226 nur

1936 4248 1987 4271 von
2005 4244 2057 4271 dem
2074 4242 2206 4276 Auftreten
2223 4240 2296 4275 dieser
2314 4240 2493 4275 musikalischen
2511 4239 2603 4268 Marat
2621 4239 2672 4268 und
2682 4238 2775 4267 Robes¬

1936 4282 2024 4317 pierre,
2051 4281 2090 4310 die
2108 4281 2149 4310 bis
2168 4290 2202 4310 an
2219 4280 2256 4309 die
2274 4280 2351 4309 Kniee
2369 4279 2405 4308 im
2424 4279 2503 4308 Blute
2520 4279 2583 4308 aller
2601 4279 2668 4308 derer
2685 4280 2776 4312 waten,

1936 4322 2022 4358 welche
2039 4321 2081 4351 bis
2098 4327 2144 4350 vor
2162 4320 2272 4355 wenigen
2288 4320 2391 4355 Jahren
2418 4319 2456 4348 die
2478 4321 2534 4355 gute
2553 4319 2636 4354 Musik
2654 4318 2776 4352 repräsen¬

1937 4362 1984 4391 tirt
2002 4362 2096 4398 hatten.
2114 4361 2166 4390 Wo
2184 4360 2230 4396 seid
2248 4360 2296 4395 ihr,
2323 4360 2365 4395 ihr
2382 4359 2482 4395 schönen
2499 4359 2596 4395 Zeiten,
2622 4359 2654 4388 da
2671 4358 2777 4393 Beschei¬

1937 4402 2034 4437 denheit
2052 4401 2088 4430 die
2105 4401 2207 4436 schönste
2224 4400 2310 4435 Zierde
2338 4401 2380 4429 des
2398 4400 2475 4435 echten
2493 4398 2634 4433 Künstlers,
2661 4399 2713 4427 und
2732 4399 2778 4427 das

1937 4442 2076 4478 beständige
2094 4440 2212 4470 Attribut
2230 4439 2366 4475 wirklichen
2384 4439 2538 4474 Verdienstes
2556 4440 2632 4468 war?

1990 4483 2046 4512 Und
2064 4481 2141 4510 damit
2156 4480 2247 4510 basta.
2264 4480 2314 4517 Ich
2328 4479 2392 4515 habe
2407 4480 2456 4509 mir
2465 4479 2524 4515 Lust
2533 4479 2638 4515 gemacht
2648 4479 2699 4508 und
2708 4477 2778 4507 dabei

1937 4523 1994 4552 will
2002 4523 2036 4558 ich
2047 4525 2071 4552 es
2080 4522 2148 4557 heute
2158 4521 2285 4551 bewenden
2293 4521 2379 4556 lassen.
2388 4520 2453 4557 Jetzt
2462 4520 2516 4549 will
2525 4519 2559 4554 ich
2564 4519 2653 4555 Ihnen
2662 4527 2712 4548 nur
2720 4518 2779 4554 noch

1937 4564 2019 4598 sagen,
2029 4562 2075 4592 wie
2084 4562 2118 4598 ich
2127 4562 2198 4597 heute
2210 4561 2333 4596 eigentlich
2342 4560 2409 4589 mein
2418 4560 2546 4596 Briefchen
2559 4560 2678 4595 beginnen
2687 4559 2778 4587 wollte.

1936 4603 1986 4638 Ich
2000 4602 2078 4638 dachte
2087 4602 2134 4630 mit
2143 4602 2219 4631 einem
2224 4601 2342 4636 Hymnus
2352 4600 2398 4635 auf
2406 4600 2444 4629 die
2449 4601 2591 4630 Ouvertüre
2600 4600 2641 4628 der
2654 4598 2779 4634 „Zauber¬

1938 4643 2011 4677 flöte"
2032 4651 2063 4677 zu
2080 4642 2201 4677 beginnen
2227 4641 2277 4669 und
2304 4641 2374 4669 dann
2390 4639 2570 4675 auszuführen,
2586 4638 2636 4673 daß
2653 4638 2684 4673 sie
2701 4637 2781 4673 nichts

1938 4683 2041 4712 anderes
2048 4682 2165 4715 vorstelle,
2176 4682 2218 4711 als
2225 4695 2257 4700 —
2267 4684 2321 4709 was
2331 4680 2440 4716 glauben
2449 4680 2498 4709 Sie
2506 4679 2575 4714 wohl
2581 4678 2601 4708 ?
2601 4678 2637 4708 —
2637 4678 2681 4708 als
2686 4678 2782 4712 Neapel

1939 4722 1986 4751 mit
2005 4722 2057 4751 dem
2073 4721 2165 4756 Vesuv.
2201 4720 2335 4756 Versuchen
2353 4720 2403 4749 Sie
2422 4722 2455 4752 es,
2483 4719 2534 4748 und
2552 4718 2601 4747 Sie
2619 4718 2715 4748 werden
2732 4718 2782 4746 mir

1939 4763 2014 4798 Recht
2032 4761 2112 4798 geben.
2131 4762 2189 4790 Das
2206 4761 2306 4796 Allegro
2324 4761 2366 4789 der
2384 4760 2455 4795 Fuge
2474 4759 2504 4793 ist
2521 4766 2585 4794 ganz
2602 4759 2654 4788 und
2672 4766 2718 4793 gar
2736 4757 2782 4786 wie

1940 4803 1988 4831 das
2014 4801 2122 4831 Treiben
2150 4801 2179 4830 in
2205 4800 2245 4829 der
2272 4800 2419 4835 Golfstadt,
2448 4799 2560 4834 dasselbe
2595 4798 2783 4833 unaufhörliche

1939 4843 2093 4878 Schwirren,
2111 4841 2247 4876 Schwellen
2266 4841 2317 4869 und
2335 4840 2482 4875 Schwelgen
2501 4839 2528 4869 in
2547 4840 2649 4874 tausend
2666 4839 2782 4873 Formen,

1940 4883 1993 4912 eine
2011 4882 2174 4917 Judenschule
2192 4881 2247 4911 oder
2265 4881 2303 4909 ein
2321 4880 2456 4915 polnischer
2470 4880 2591 4915 Landtag,
2609 4880 2675 4908 einer
2692 4878 2782 4913 Legion

1940 4929 1990 4952 von
2008 4922 2231 4957 liebenswürdigen
2247 4921 2396 4955 Kobolden;
2425 4919 2482 4957 jetzt,
2497 4920 2596 4955 tauchen
2615 4920 2645 4953 sie
2662 4917 2715 4953 auf,
2732 4916 2783 4953 jetzt

1941 4962 2118 4998 verschwinden
2134 4962 2176 4995 sie,
2192 4961 2240 4997 jetzt
2257 4960 2327 4996 siehst
2345 4960 2380 4990 du
2396 4960 2430 4995 sie
2446 4960 2476 4989 in
2492 4959 2571 4989 einem
2587 4957 2697 4990 Knäuel,
2714 4957 2783 4985 dann

1941 5003 2069 5037 zerstieben
2086 5002 2117 5036 sie
2134 5001 2194 5036 nach
2212 5001 2277 5029 allen
2289 5000 2451 5036 Richtungen,
2470 5000 2516 5029 das
2532 4998 2662 5034 zwitschert
2680 4996 2726 5025 wie
2744 4996 2783 5024 ein

1941 5042 2008 5071 Volk
2026 5041 2186 5076 Schwalben,
2213 5040 2279 5070 dann
2296 5039 2396 5076 schwebt
2424 5042 2449 5068 es
2468 5040 2495 5069 in
2513 5039 2557 5067 den
2575 5029 2662 5072 Lüften
2679 5035 2725 5064 wie
2743 5035 2783 5064 ein

1942 5082 2012 5116 Chor
2030 5081 2115 5116 seliger
2133 5080 2220 5116 Engel,
2238 5079 2287 5117 jetzt
2304 5079 2406 5115 leuchtet
2433 5083 2458 5108 es
2476 5078 2522 5108 wie
2539 5078 2590 5106 eine
2608 5076 2688 5111 schöne
2705 5075 2783 5104 Land¬

1942 5121 2018 5156 schaft
2043 5120 2080 5151 im
2107 5121 2236 5156 Frühling
2265 5120 2316 5149 und
2343 5119 2413 5149 dann
2438 5115 2537 5154 huschen
2564 5116 2652 5145 wieder
2669 5115 2785 5144 Wolken¬

1943 5161 2048 5195 schatten
2076 5160 2183 5189 darüber
2200 5159 2251 5196 hin.
2287 5160 2330 5188 Da
2357 5158 2387 5192 ist
2414 5158 2466 5186 eine
2483 5156 2573 5189 Stelle,
2599 5157 2654 5191 zart
2680 5155 2727 5184 wie
2745 5155 2786 5184 ein

1943 5200 2059 5236 Veilchen
2085 5200 2137 5229 und
2154 5200 2211 5229 dort
2236 5198 2317 5234 taucht
2335 5200 2362 5226 es
2379 5196 2443 5226 breit
2470 5195 2520 5225 und
2538 5201 2654 5230 purpurn
2672 5194 2726 5229 auf,
2744 5194 2787 5224 ein

1943 5244 2035 5276 ganzes
2052 5240 2151 5275 Persien
2170 5246 2220 5269 von
2232 5239 2319 5273 Rosen.
2355 5237 2412 5267 Und
2430 5237 2492 5265 alles
2510 5235 2557 5264 das
2569 5236 2660 5271 drängt
2676 5234 2721 5270 sich
2734 5236 2787 5265 und

1945 5281 2000 5317 jagt
2026 5280 2078 5317 sich,
2106 5280 2153 5310 wie
2171 5281 2208 5309 die
2225 5278 2358 5314 Ereignisse
2385 5277 2451 5306 eines
2478 5275 2569 5312 seligen
2587 5276 2721 5309 Traumes,
2746 5276 2788 5305 der

1945 5322 2024 5350 weder
2040 5320 2098 5356 Zeit
2115 5319 2175 5355 noch
2193 5318 2277 5348 Raum
2294 5318 2373 5350 kennt,
2399 5317 2450 5345 und
2467 5316 2556 5345 mitten
2574 5315 2645 5351 durch
2662 5314 2726 5351 zieht
2743 5315 2788 5350 sich

1945 5360 1974 5390 in
1992 5360 2078 5396 holder
2096 5360 2228 5394 Windung
2246 5358 2286 5387 der
2304 5356 2408 5390 Toledo,
2435 5356 2501 5391 nein,
2526 5355 2574 5384 das
2591 5355 2696 5391 Thema.
2731 5356 2788 5384 Und

2820 4071 2879 4099 über
2896 4071 2950 4099 dem
2967 4069 3066 4104 seligen,
3083 4068 3234 4103 berauschten
3250 4067 3302 4096 und
3324 4065 3514 4101 berauschenden
3531 4065 3660 4101 Gedränge

2820 4112 2876 4146 ragt
2895 4109 3027 4144 anmuthig
3046 4110 3117 4143 ernst,
3145 4106 3290 4142 priesterlich
3308 4106 3424 4141 feierlich,
3450 4105 3570 4140 königlich
3588 4104 3663 4140 gebie¬

2821 4150 2876 4179 tend
2894 4150 2935 4179 der
2953 4149 3036 4183 Vesuv
3064 4162 3096 4168 —
3115 4147 3180 4182 nein,
3207 4147 3247 4176 der
3264 4146 3370 4181 Anfang
3397 4146 3438 4175 der
3455 4145 3590 4179 Sinfonia,
3616 4144 3664 4174 wie

2821 4190 2887 4219 mein
2914 4189 3006 4219 kleines
3031 4188 3102 4224 Buch
3129 4187 3166 4216 die
3192 4187 3336 4216 Ouvertüre
3361 4187 3447 4215 nennt.
3483 4185 3540 4213 Wie
3558 4183 3665 4219 erhaben

2822 4230 2899 4265 stehen
2916 4229 2977 4264 diese
2995 4227 3107 4257 Es-dur
3133 4227 3236 4255 Akkorde
3262 4226 3303 4260 da,
3327 4234 3390 4261 ganz
3417 4225 3462 4254 wie
3481 4225 3522 4253 der
3549 4224 3587 4253 die
3605 4224 3665 4260 früh

2822 4270 2872 4299 und
2898 4269 2954 4304 spät
2989 4267 3121 4302 brausende
3141 4267 3223 4295 Stadt
3240 4265 3418 4302 beherrschende
3449 4263 3591 4299 Lavakegel,
3609 4266 3663 4293 und

2822 4310 2868 4338 wie
2885 4308 2955 4344 reich,
2982 4307 3057 4343 gleich
3075 4307 3121 4336 den
3139 4306 3225 4335 Linien
3246 4313 3289 4334 am
3307 4304 3429 4334 Gewände
3445 4304 3488 4332 der
3506 4303 3597 4333 Venus
3615 4309 3665 4333 von

2823 4349 2904 4382 Milo,
2922 4349 3012 4384 steigen
3028 4347 3067 4376 die
3082 4346 3174 4376 Linien
3192 4346 3234 4375 des
3249 4345 3346 4380 Berges
3365 4358 3397 4363 —
3414 4342 3482 4377 nein,
3501 4343 3540 4372 die
3558 4344 3667 4379 nächsten

2824 4390 2899 4425 zwölf
2911 4388 3018 4417 Akkorde
3029 4396 3074 4423 zur
3087 4387 3157 4422 Fuge
3175 4401 3208 4405 —
3226 4386 3291 4418 nein,
3308 4392 3338 4418 zu
3350 4383 3391 4412 der
3402 4383 3512 4418 österlich
3531 4383 3668 4419 geschmück¬

2824 4431 2865 4458 ten
2882 4427 3008 4464 Neapolis
3023 4427 3109 4463 herab.

2871 4473 2920 4502 Sie
2938 4472 3034 4502 werden
3052 4472 3133 4507 sagen,
3159 4468 3207 4503 daß
3224 4468 3256 4503 ich
3280 4467 3320 4496 ein
3337 4461 3409 4496 Narr
3427 4467 3467 4502 sei,
3494 4467 3562 4497 mein
3580 4467 3663 4503 Fräu¬

2819 4513 2870 4543 lein
2888 4514 2941 4543 und
2960 4513 2993 4542 da
3011 4513 3074 4541 kann
3091 4510 3126 4546 ich
3142 4509 3230 4544 Ihnen
3253 4516 3304 4537 nur
3321 4507 3396 4542 Recht
3416 4507 3499 4543 geben.
3535 4508 3615 4544 Heute
3632 4508 3664 4542 ist

2819 4554 2898 4588 Jeder
2915 4554 2956 4583 ein
2968 4553 3047 4586 Narr,
3064 4552 3105 4580 der
3122 4549 3164 4584 sich
3182 4549 3229 4577 mit
3245 4547 3374 4583 religiöser
3386 4547 3521 4583 Innigkeit
3539 4548 3568 4577 in
3585 4550 3663 4577 etwas

2821 4594 2930 4628 anderes,
2950 4592 2992 4621 als
3010 4592 3037 4620 in
3049 4588 3267 4625 Eisenbahnaktien
3286 4587 3394 4623 vertieft.
3431 4588 3499 4617 Aber
3517 4593 3588 4617 wenn
3606 4587 3665 4622 Sie,

2821 4634 2867 4663 wie
2885 4633 2921 4669 ich
2939 4635 2964 4662 es
2983 4640 3023 4660 am
3041 4632 3066 4659 6.
3078 4629 3155 4664 April
3172 4628 3272 4664 gethan,
3290 4633 3342 4657 von
3354 4628 3450 4662 Rosina
3471 4631 3521 4657 aus
3539 4629 3584 4657 den
3595 4629 3665 4657 alten

2823 4673 2960 4710 Feuerberg
2979 4670 3166 4705 emporgeritten
3184 4671 3277 4702 wären,
3297 4668 3322 4703 so
3340 4669 3443 4697 würden
3462 4668 3513 4697 Sie
3530 4668 3580 4697 mir
3592 4667 3666 4703 Recht

2823 4714 2931 4750 gegeben,
2959 4709 3174 4745 beziehungsweise
3192 4709 3279 4745 Ihren
3302 4708 3527 4737 vielbewunderten
3544 4708 3666 4743 Verstand

2823 4755 2864 4789 für
2889 4752 2967 4787 einige
2992 4750 3112 4779 Stunden
3139 4758 3173 4778 an
3200 4750 3244 4779 den
3262 4749 3346 4784 Nagel
3369 4748 3475 4785 gehängt
3493 4748 3582 4783 haben.
3617 4749 3666 4778 Sie

2823 4793 2905 4827 wissen
2931 4791 2973 4827 ja:
3000 4788 3038 4818 de
3064 4788 3209 4826 gustibus
3235 4798 3262 4819 u.
3279 4789 3299 4824 s.
3316 4794 3349 4818 w.
3385 4788 3491 4822 Manche
3517 4788 3599 4823 suchen
3624 4788 3668 4824 ihr

2823 4832 2897 4861 Glück
2915 4831 2943 4860 in
2962 4829 3004 4858 der
3022 4828 3154 4865 Weisheit,
3173 4829 3269 4858 Andere
3288 4828 3323 4857 im
3335 4828 3441 4863 Opium,
3459 4827 3494 4862 ich
3513 4828 3576 4863 suche
3593 4830 3619 4856 es
3630 4827 3668 4856 im

2823 4872 2897 4906 süßen
2915 4869 3059 4905 Wahnsinn
3086 4870 3129 4899 des
3146 4869 3298 4905 Frühlings.
3333 4869 3370 4898 Es
3398 4872 3452 4897 war
3476 4868 3598 4903 Mittags,
3624 4868 3669 4897 als

2823 4911 2856 4945 ich
2874 4910 2971 4940 meinen
2990 4910 3050 4939 Ritt
3066 4910 3174 4946 begann,
3192 4910 3243 4939 und
3262 4908 3297 4944 ich
3314 4908 3383 4943 hatte
3400 4907 3458 4942 noch
3477 4907 3524 4936 das
3542 4906 3669 4942 Gebrause

2823 4952 2864 4980 der
2881 4950 3012 4986 Golfstadt
3039 4951 3068 4980 in
3085 4951 3133 4980 den
3147 4949 3244 4985 Ohren,
3270 4949 3318 4977 das
3334 4948 3459 4981 Gebrause
3483 4947 3525 4975 der
3541 4946 3671 4981 heitersten

2823 4991 2875 5020 und
2894 4991 3059 5027 glücklichsten
3086 4991 3129 5020 der
3145 4990 3247 5019 Städte.
3283 4988 3342 5017 Wie
3359 4988 3405 5021 soll
3423 4986 3456 5021 ich
3476 4995 3527 5016 nur
3545 4988 3591 5016 den
3608 4987 3670 5017 Ein¬

2823 5031 2890 5060 druck
2909 5031 2938 5060 in
2950 5031 3041 5061 Worte
3059 5031 3144 5066 fassen,
3160 5030 3205 5058 den
3223 5028 3256 5064 ich
3269 5027 3314 5061 auf
3330 5026 3420 5062 halber
3430 5026 3504 5062 Höhe
3522 5027 3564 5056 des
3576 5027 3671 5063 Berges

2824 5070 2914 5106 hatte?
2950 5071 2994 5101 Da
3012 5072 3099 5105 unten,
3118 5069 3183 5103 weit,
3209 5068 3243 5097 im
3262 5067 3354 5096 blauen
3373 5067 3469 5102 Dunste
3487 5066 3526 5096 die
3543 5067 3603 5100 einst
3620 5073 3671 5097 von

2825 5110 2953 5147 Griechen,
2971 5111 3091 5144 Römern,
3110 5108 3247 5145 Franzosen
3265 5107 3319 5137 und
3335 5107 3469 5143 Spaniern
3492 5106 3607 5142 umsteite
3623 5107 3671 5136 Si¬

2826 5161 2891 5186 rene,
2909 5153 2951 5182 der
2969 5160 3013 5187 zur
3025 5151 3106 5180 Stadt
3124 5148 3274 5183 versteinerte
3286 5146 3402 5184 Gesang;
3420 5147 3453 5183 ich
3466 5147 3536 5182 selbst
3554 5147 3582 5176 in
3593 5146 3671 5176 einem

2828 5193 2941 5227 Wirrsal
2968 5197 3017 5220 von
3036 5188 3157 5225 Blüthen,
3185 5189 3236 5217 dem
3260 5187 3389 5223 Schmucke
3417 5188 3457 5217 der
3484 5186 3601 5216 Mandel-
3618 5188 3672 5217 und

2827 5232 3030 5268 Pfirsichbäume,
3057 5229 3121 5264 jeder
3138 5228 3226 5264 Zweig
3252 5227 3294 5257 ein
3319 5227 3523 5263 Triumphbogen
3549 5226 3592 5262 für
3610 5227 3672 5264 Lenz

2829 5273 2873 5301 den
2890 5270 3027 5307 Herrscher,
3053 5269 3104 5304 jede
3119 5268 3218 5303 Blüthe
3241 5269 3281 5298 ein
3298 5268 3424 5301 Paradies
3440 5267 3484 5302 für
3502 5266 3543 5295 ein
3559 5265 3674 5303 fleißiges

2828 5312 2959 5347 Bienchen,
2977 5310 3026 5346 jede
3037 5310 3122 5339 Krone
3134 5309 3173 5338 ein
3185 5309 3274 5343 Palast
3286 5308 3329 5344 für
3341 5308 3381 5337 ein
3393 5306 3534 5344 gefiedertes
3546 5307 3673 5344 Pärchen;

2829 5352 2889 5381 über
2906 5352 2957 5381 mir
2975 5350 3013 5380 die
3030 5350 3167 5383 erkalteten,
3195 5348 3410 5384 schwarzbraunen
3436 5347 3604 5382 Feuerströme
3622 5348 3675 5378 und
