<?xml version="1.0" encoding="UTF-8" standalone="yes"?>
<PcGts xmlns="http://schema.primaresearch.org/PAGE/gts/pagecontent/2013-07-15" xmlns:xsi="http://www.w3.org/2001/XMLSchema-instance" xsi:schemaLocation="http://schema.primaresearch.org/PAGE/gts/pagecontent/2013-07-15 http://schema.primaresearch.org/PAGE/gts/pagecontent/2013-07-15/pagecontent.xsd">
    <Metadata>
        <Creator>prov=University of Rostock/Institute of Mathematics/CITlab/Gundram Leifert/gundram.leifert@uni-rostock.de:name=NZZ Gold Standard M1(htr_id=7963)::::v=?1.0.2
prov=University of Rostock/Institute of Mathematics/CITlab/Tobias Gruening/tobias.gruening@uni-rostock.de:name=de.uros.citlab.module.baseline2polygon.B2PSeamMultiOriented:v=?1.0.1
</Creator>
        <Created>2017-12-08T13:20:37.787+01:00</Created>
        <LastChange>2019-01-11T18:43:43.616+01:00</LastChange>
        <Comments>
                Measurement unit: pixel
                PrimaryLanguage: German
                Language: GermanStandard
                Producer: ABBYY FineReader Engine 11</Comments>
<!--         _TranskribusMetadata docId="49765" pageId="3966044" pageNr="123" tsid="6903133" status="GT" userId="10620" imgUrl="https://dbis-thure.uibk.ac.at/f/Get?id=SYOLGPGAVCNJPEKBOSDTEBAY&amp;fileType=view" xmlUrl="https://dbis-thure.uibk.ac.at/f/Get?id=WFMSCHUOTKWAULAFVLFNRRJM" imageId="2208124"/_ -->
    </Metadata>
    <Page imageFilename="nzz_19090430_0_0_a1_p1_1.tif" imageWidth="3839" imageHeight="5551">
        <PrintSpace>
            <Coords points="1113,-76 4952,-76 4952,5475 1113,5475"/>
        </PrintSpace>
        <ReadingOrder>
            <OrderedGroup id="ro_1547415862143" caption="Regions reading order">
                <RegionRefIndexed index="0" regionRef="r_1_1"/>
                <RegionRefIndexed index="1" regionRef="r_2_1"/>
                <RegionRefIndexed index="2" regionRef="r_3_1"/>
                <RegionRefIndexed index="3" regionRef="r_4_1"/>
                <RegionRefIndexed index="4" regionRef="r_4_2"/>
                <RegionRefIndexed index="5" regionRef="r_4_3"/>
                <RegionRefIndexed index="6" regionRef="r_4_4"/>
                <RegionRefIndexed index="7" regionRef="r_4_5"/>
                <RegionRefIndexed index="8" regionRef="r_5_1"/>
                <RegionRefIndexed index="9" regionRef="r_5_2"/>
                <RegionRefIndexed index="10" regionRef="r_9_1"/>
                <RegionRefIndexed index="11" regionRef="r_9_2"/>
                <RegionRefIndexed index="12" regionRef="r_9_3"/>
                <RegionRefIndexed index="13" regionRef="r_9_4"/>
                <RegionRefIndexed index="14" regionRef="r_10_1"/>
                <RegionRefIndexed index="15" regionRef="r_11_1"/>
                <RegionRefIndexed index="16" regionRef="r_11_2"/>
                <RegionRefIndexed index="17" regionRef="r_11_3"/>
                <RegionRefIndexed index="18" regionRef="r_11_4"/>
                <RegionRefIndexed index="19" regionRef="r_11_5"/>
                <RegionRefIndexed index="20" regionRef="r_12_1"/>
                <RegionRefIndexed index="21" regionRef="r_12_2"/>
                <RegionRefIndexed index="22" regionRef="r_12_3"/>
                <RegionRefIndexed index="23" regionRef="r_12_4"/>
                <RegionRefIndexed index="24" regionRef="r_12_5"/>
                <RegionRefIndexed index="25" regionRef="r_12_6"/>
                <RegionRefIndexed index="26" regionRef="r_12_7"/>
                <RegionRefIndexed index="27" regionRef="r_12_8"/>
                <RegionRefIndexed index="28" regionRef="r_12_9"/>
                <RegionRefIndexed index="29" regionRef="r_12_10"/>
                <RegionRefIndexed index="30" regionRef="r_12_11"/>
                <RegionRefIndexed index="31" regionRef="r_12_12"/>
                <RegionRefIndexed index="32" regionRef="r_12_13"/>
                <RegionRefIndexed index="33" regionRef="r_12_14"/>
                <RegionRefIndexed index="34" regionRef="r_13_1"/>
                <RegionRefIndexed index="35" regionRef="r_13_2"/>
                <RegionRefIndexed index="36" regionRef="r_13_3"/>
                <RegionRefIndexed index="37" regionRef="r_13_4"/>
                <RegionRefIndexed index="38" regionRef="r_13_5"/>
                <RegionRefIndexed index="39" regionRef="r_13_6"/>
                <RegionRefIndexed index="40" regionRef="r_13_7"/>
                <RegionRefIndexed index="41" regionRef="r_13_8"/>
                <RegionRefIndexed index="42" regionRef="r_13_9"/>
                <RegionRefIndexed index="43" regionRef="r_13_10"/>
                <RegionRefIndexed index="44" regionRef="r_13_11"/>
                <RegionRefIndexed index="45" regionRef="r_14_1"/>
                <RegionRefIndexed index="46" regionRef="r_14_2"/>
                <RegionRefIndexed index="47" regionRef="r_15_1"/>
                <RegionRefIndexed index="48" regionRef="r_15_2"/>
                <RegionRefIndexed index="49" regionRef="r_15_3"/>
                <RegionRefIndexed index="50" regionRef="r_16_1"/>
                <RegionRefIndexed index="51" regionRef="r_16_2"/>
                <RegionRefIndexed index="52" regionRef="r_17_1"/>
                <RegionRefIndexed index="53" regionRef="r_17_2"/>
                <RegionRefIndexed index="54" regionRef="r_17_3"/>
                <RegionRefIndexed index="55" regionRef="r_17_4"/>
            </OrderedGroup>
        </ReadingOrder>
        <TextRegion type="paragraph" id="r_1_1" custom="readingOrder {index:0;}">
            <Coords points="219,142 1203,142 1203,217 219,217"/>
            <TextLine id="tl_1" primaryLanguage="German" custom="readingOrder {index:0;}">
                <Coords points="1200,138 220,145 220,213 1200,206"/>
                <Baseline points="219,212 1199,207"/>
                <TextEquiv>
                    <Unicode>Nr. 119 Drittes Abendblatt.</Unicode>
                </TextEquiv>
            </TextLine>
            <TextEquiv>
                <Unicode>Nr. 119 Drittes Abendblatt.</Unicode>
            </TextEquiv>
        </TextRegion>
        <TextRegion type="paragraph" id="r_2_1" custom="readingOrder {index:1;}">
            <Coords points="1577,144 2437,144 2437,229 1577,229"/>
            <TextLine id="tl_2" primaryLanguage="German" custom="readingOrder {index:0;}">
                <Coords points="2433,144 1577,147 1577,218 2433,215"/>
                <Baseline points="1575,214 2432,213"/>
                <TextEquiv>
                    <Unicode>Der Zürcher Zeitung 130. Jahrgang.</Unicode>
                </TextEquiv>
                <TextStyle fontFamily="Times New Roman" fontSize="13.0" bold="true"/>
            </TextLine>
            <TextEquiv>
                <Unicode>Der Zürcher Zeitung 130. Jahrgang.</Unicode>
            </TextEquiv>
        </TextRegion>
        <TextRegion type="paragraph" id="r_3_1" custom="readingOrder {index:2;}">
            <Coords points="2863,140 3773,140 3773,223 2863,223"/>
            <TextLine id="tl_3" primaryLanguage="German" custom="readingOrder {index:0;}">
                <Coords points="3769,136 2861,136 2864,210 3772,210"/>
                <Baseline points="2863,206 3771,213"/>
                <TextEquiv>
                    <Unicode>Freitag, 30. April 1909.</Unicode>
                </TextEquiv>
                <TextStyle fontFamily="Times New Roman" fontSize="13.0" bold="true"/>
            </TextLine>
            <TextEquiv>
                <Unicode>Freitag, 30. April 1909.</Unicode>
            </TextEquiv>
        </TextRegion>
        <TextRegion type="paragraph" id="r_4_1" custom="readingOrder {index:3;}">
            <Coords points="235,271 3790,271 3790,772 235,772"/>
            <TextLine id="tl_4" primaryLanguage="German" custom="readingOrder {index:0;}">
                <Coords points="3795,278 242,278 236,710 3789,710"/>
                <Baseline points="236,683 3789,683"/>
                <TextEquiv>
                    <Unicode>Neue Zürcher Zeitung</Unicode>
                </TextEquiv>
                <TextStyle fontFamily="Times New Roman" fontSize="79.0" bold="true"/>
            </TextLine>
            <TextEquiv>
                <Unicode>Neue Zürcher Zeitung</Unicode>
            </TextEquiv>
        </TextRegion>
        <TextRegion type="paragraph" id="r_4_2" custom="readingOrder {index:4;}">
            <Coords points="304,759 1193,759 1193,801 304,801"/>
            <TextLine id="tl_5" primaryLanguage="German" custom="readingOrder {index:0;}">
                <Coords points="1192,771 305,771 305,798 1192,798"/>
                <Baseline points="305,798 1192,798"/>
                <TextEquiv>
                    <Unicode>Abonnementspreise. 3 Monate 6 Monate 12 Monate</Unicode>
                </TextEquiv>
                <TextStyle fontFamily="Times New Roman" fontSize="7.5"/>
            </TextLine>
            <TextEquiv>
                <Unicode>Abonnementspreise. 3 Monate 6 Monate 12 Monate</Unicode>
            </TextEquiv>
        </TextRegion>
        <TextRegion type="paragraph" id="r_4_3" custom="readingOrder {index:5;}">
            <Coords points="232,800 1180,792 1180,828 232,836"/>
            <TextLine id="tl_6" primaryLanguage="German" custom="readingOrder {index:0;}">
                <Coords points="1172,799 233,803 233,830 1172,826"/>
                <Baseline points="232,831 1171,827"/>
                <TextEquiv>
                    <Unicode>Zürich wenn die Zeitung abgeholt wird . Fr. 5.50 10. — 20. —</Unicode>
                </TextEquiv>
                <TextStyle fontFamily="Times New Roman" fontSize="4.5"/>
            </TextLine>
            <TextEquiv>
                <Unicode>Zürich wenn die Zeitung abgeholt wird . Fr. 5.50 10. — 20. —</Unicode>
            </TextEquiv>
        </TextRegion>
        <TextRegion type="paragraph" id="r_4_4" custom="readingOrder {index:6;}">
            <Coords points="267,830 1187,828 1181,860 261,862"/>
            <TextLine id="line_1544000305444_211" custom="readingOrder {index:0;}">
                <Coords points="1174,835 267,831 267,850 1174,854"/>
                <Baseline points="264,856 1171,860"/>
                <TextEquiv>
                    <Unicode>do. ins Haus gebracht . . . . . „ 6.30 12.— 24.—</Unicode>
                </TextEquiv>
            </TextLine>
            <TextEquiv>
                <Unicode>do. ins Haus gebracht . . . . . „ 6.30 12.— 24.—</Unicode>
            </TextEquiv>
        </TextRegion>
        <TextRegion type="paragraph" id="r_4_5" custom="readingOrder {index:7;}">
            <Coords points="236,853 1172,853 1172,886 236,886"/>
            <TextLine id="line_1544000311222_212" custom="readingOrder {index:0;}">
                <Coords points="1172,859 236,861 236,880 1172,878"/>
                <Baseline points="236,883 1172,881"/>
                <TextEquiv>
                    <Unicode>Schweiz Bestellung beim Postbureau . . „ 6.50 12.50 25. —</Unicode>
                </TextEquiv>
            </TextLine>
            <TextEquiv>
                <Unicode>Schweiz Bestellung beim Postbureau . . „ 6.50 12.50 25. —</Unicode>
            </TextEquiv>
        </TextRegion>
        <TextRegion type="paragraph" id="r_5_1" custom="readingOrder {index:8;}">
            <Coords points="283,878 1175,876 1173,909 284,909"/>
            <TextLine id="line_1544000316817_213" custom="readingOrder {index:0;}">
                <Coords points="1169,884 283,882 283,902 1169,904"/>
                <Baseline points="283,906 1169,908"/>
                <TextEquiv>
                    <Unicode>do. mit Bezug unter Privatadresse . „ 8. — 15. — 30. —</Unicode>
                </TextEquiv>
            </TextLine>
            <TextEquiv>
                <Unicode>do. mit Bezug unter Privatadresse . „ 8. — 15. — 30. —</Unicode>
            </TextEquiv>
        </TextRegion>
        <TextRegion type="paragraph" id="r_5_2" custom="readingOrder {index:9;}">
            <Coords points="232,905 892,905 892,964 232,964"/>
            <TextLine id="tl_10" primaryLanguage="German" custom="readingOrder {index:0;}">
                <Coords points="891,914 233,914 233,941 891,941"/>
                <Baseline points="234,938 892,938"/>
                <TextEquiv>
                    <Unicode>Deutschland Bestellung beim Postamt . Mk. 6.—</Unicode>
                </TextEquiv>
                <TextStyle fontFamily="Times New Roman" fontSize="4.5"/>
            </TextLine>
            <TextLine id="tl_11" primaryLanguage="German" custom="readingOrder {index:1;}">
                <Coords points="891,942 233,942 233,961 891,961"/>
                <Baseline points="234,963 892,963"/>
                <TextEquiv>
                    <Unicode>Oesterreich do. . Kr. 11.37</Unicode>
                </TextEquiv>
                <TextStyle fontFamily="Times New Roman" fontSize="4.5"/>
            </TextLine>
            <TextEquiv>
                <Unicode>Deutschland Bestellung beim Postamt . Mk. 6.—
Oesterreich do. . Kr. 11.37</Unicode>
            </TextEquiv>
        </TextRegion>
        <TextRegion type="paragraph" id="r_9_1" custom="readingOrder {index:10;}">
            <Coords points="230,962 1167,958 1171,987 234,991"/>
            <TextLine id="line_1544000248507_209" custom="readingOrder {index:0;}">
                <Coords points="1159,966 234,966 234,985 1159,985"/>
                <Baseline points="233,990 1158,990"/>
                <TextEquiv>
                    <Unicode>Italien do. Fr. 8.10 15.50 30.85</Unicode>
                </TextEquiv>
            </TextLine>
            <TextEquiv>
                <Unicode>Italien do. Fr. 8.10 15.50 30.85</Unicode>
            </TextEquiv>
        </TextRegion>
        <TextRegion type="paragraph" id="r_9_2" custom="readingOrder {index:11;}">
            <Coords points="232,989 1176,983 1167,1013 231,1013"/>
            <TextLine id="line_1544000271528_210" custom="readingOrder {index:0;}">
                <Coords points="1159,992 242,989 242,1008 1159,1011"/>
                <Baseline points="234,1014 1151,1017"/>
                <TextEquiv>
                    <Unicode>Russland do. . Rbl. 3.06 6.12 12.24</Unicode>
                </TextEquiv>
            </TextLine>
            <TextEquiv>
                <Unicode>Russland do. . Rbl. 3.06 6.12 12.24</Unicode>
            </TextEquiv>
        </TextRegion>
        <TextRegion type="paragraph" id="r_9_3" custom="readingOrder {index:12;}">
            <Coords points="254,1012 1168,1012 1168,1045 254,1045"/>
            <TextLine id="line_1544000079692_204" primaryLanguage="German" custom="readingOrder {index:0;}">
                <Coords points="1167,1018 254,1021 254,1041 1167,1038"/>
                <Baseline points="239,1043 1152,1040"/>
                <TextEquiv>
                    <Unicode>Uebrige Staaten des Weltpostvereins Fr. 12.50 24.— 48.—</Unicode>
                </TextEquiv>
                <TextStyle fontFamily="Times New Roman" fontSize="4.5"/>
            </TextLine>
            <TextEquiv>
                <Unicode>Uebrige Staaten des Weltpostvereins Fr. 12.50 24.— 48.—</Unicode>
            </TextEquiv>
        </TextRegion>
        <TextRegion type="paragraph" id="r_9_4" custom="readingOrder {index:13;}">
            <Coords points="429,1043 1013,1042 1013,1091 429,1092"/>
            <TextLine id="line_1544000093442_206" primaryLanguage="German" custom="readingOrder {index:0;}">
                <Coords points="1007,1053 430,1053 430,1081 1007,1081"/>
                <Baseline points="432,1080 1009,1080"/>
                <TextEquiv>
                    <Unicode>Redaktionsbureau: Goethestraße 10. </Unicode>
                </TextEquiv>
            </TextLine>
            <TextEquiv>
                <Unicode>Redaktionsbureau: Goethestraße 10. </Unicode>
            </TextEquiv>
        </TextRegion>
        <TextRegion type="paragraph" id="r_10_1" custom="readingOrder {index:14;}">
            <Coords points="1330,833 2661,833 2661,1007 1330,1007"/>
            <TextLine id="tl_19" primaryLanguage="German" custom="readingOrder {index:0;}">
                <Coords points="2657,833 1328,833 1331,988 2660,988"/>
                <Baseline points="1330,974 2659,974"/>
                <TextEquiv>
                    <Unicode>und schweizerisches Handelsblatt.</Unicode>
                </TextEquiv>
                <TextStyle fontFamily="Times New Roman" fontSize="31.0"/>
            </TextLine>
            <TextEquiv>
                <Unicode>und schweizerisches Handelsblatt.</Unicode>
            </TextEquiv>
        </TextRegion>
        <TextRegion type="paragraph" id="r_11_1" custom="readingOrder {index:15;}">
            <Coords points="3138,799 3507,799 3507,840 3138,840"/>
            <TextLine id="line_1543999677153_187" custom="readingOrder {index:0;}">
                <Coords points="3489,810 3146,807 3146,833 3489,836"/>
                <Baseline points="3143,834 3503,837"/>
                <TextEquiv>
                    <Unicode>Insertionspreise:</Unicode>
                </TextEquiv>
            </TextLine>
            <TextEquiv>
                <Unicode>Insertionspreise:</Unicode>
            </TextEquiv>
        </TextRegion>
        <TextRegion type="paragraph" id="r_11_2" custom="readingOrder {index:16;}">
            <Coords points="3019,841 3618,841 3618,909 3019,909"/>
            <TextLine id="tl_21" primaryLanguage="German" custom="readingOrder {index:0;}">
                <Coords points="3618,850 3020,848 3020,878 3618,880"/>
                <Baseline points="3020,869 3618,871"/>
                <TextEquiv>
                    <Unicode>Per einspaltige Petitzeile oder deren Raum 25 Rp.,</Unicode>
                </TextEquiv>
                <TextStyle fontFamily="Times New Roman" fontSize="4.5"/>
            </TextLine>
            <TextLine id="tl_22" primaryLanguage="German" custom="readingOrder {index:1;}">
                <Coords points="3615,881 3019,881 3019,905 3615,905"/>
                <Baseline points="3019,903 3615,903"/>
                <TextEquiv>
                    <Unicode>für Anzeigen ausländischen Ursprungs 40 Rp.,</Unicode>
                </TextEquiv>
                <TextStyle fontFamily="Times New Roman" fontSize="4.5"/>
            </TextLine>
            <TextEquiv>
                <Unicode>Per einspaltige Petitzeile oder deren Raum 25 Rp.,
für Anzeigen ausländischen Ursprungs 40 Rp.,</Unicode>
            </TextEquiv>
        </TextRegion>
        <TextRegion type="paragraph" id="r_11_3" custom="readingOrder {index:17;}">
            <Coords points="3151,905 3493,905 3493,939 3151,939"/>
            <TextLine id="line_1543999711592_188" custom="readingOrder {index:0;}">
                <Coords points="3486,912 3151,913 3151,933 3486,932"/>
                <Baseline points="3151,932 3486,931"/>
                <TextEquiv>
                    <Unicode>Reklamen Fr. 1 — per Zeile.</Unicode>
                </TextEquiv>
            </TextLine>
            <TextEquiv>
                <Unicode>Reklamen Fr. 1 — per Zeile.</Unicode>
            </TextEquiv>
        </TextRegion>
        <TextRegion type="paragraph" id="r_11_4" custom="readingOrder {index:18;}">
            <Coords points="3124,944 3526,944 3526,976 3124,976"/>
            <TextLine id="line_1543999717671_189" custom="readingOrder {index:0;}">
                <Coords points="3509,953 3135,949 3135,968 3509,972"/>
                <Baseline points="3134,970 3521,975"/>
                <TextEquiv>
                    <Unicode>Alleinige Inseraten-Annahme:</Unicode>
                </TextEquiv>
            </TextLine>
            <TextEquiv>
                <Unicode>Alleinige Inseraten-Annahme:</Unicode>
            </TextEquiv>
        </TextRegion>
        <TextRegion type="paragraph" id="r_11_5" custom="readingOrder {index:19;}">
            <Coords points="2870,979 3761,979 3761,1090 2870,1090"/>
            <TextLine id="line_1543999863707_195" primaryLanguage="German" custom="readingOrder {index:0;}">
                <Coords points="3484,990 3168,987 3168,1019 3484,1022"/>
                <Baseline points="3169,1011 3485,1014"/>
                <TextEquiv>
                    <Unicode>Rudolf Mosse</Unicode>
                </TextEquiv>
            </TextLine>
            <TextLine id="line_1543999813663_192" primaryLanguage="German" custom="readingOrder {index:1;}">
                <Coords points="3752,1023 2876,1014 2876,1043 3752,1052"/>
                <Baseline points="2876,1039 3759,1048"/>
                <TextEquiv>
                    <Unicode>Annoncen-Expedition für alle schweizerischen und ausländischen Zeitungen</Unicode>
                </TextEquiv>
                <TextStyle fontFamily="Times New Roman" fontSize="4.5"/>
            </TextLine>
            <TextLine id="line_1543999884836_196" primaryLanguage="German" custom="readingOrder {index:2;}">
                <Coords points="3539,1053 3079,1053 3079,1077 3539,1077"/>
                <Baseline points="3079,1076 3539,1076"/>
                <TextEquiv>
                    <Unicode>5 Theaterstr. Zürich Goethestr. 10</Unicode>
                </TextEquiv>
            </TextLine>
            <TextEquiv>
                <Unicode>Rudolf Mosse
Annoncen-Expedition für alle schweizerischen und ausländischen Zeitungen
5 Theaterstr. Zürich Goethestr. 10</Unicode>
            </TextEquiv>
        </TextRegion>
        <TextRegion type="paragraph" id="r_12_1" custom="readingOrder {index:20;}">
            <Coords points="376,1145 947,1145 947,1202 376,1202"/>
            <TextLine id="tl_28" primaryLanguage="German" custom="readingOrder {index:0;}">
                <Coords points="946,1160 377,1160 377,1196 946,1196"/>
                <Baseline points="377,1193 946,1193"/>
                <TextEquiv>
                    <Unicode>Der Bürgerkrieg in Kleinasien.</Unicode>
                </TextEquiv>
                <TextStyle fontFamily="Times New Roman" fontSize="10.0" bold="true"/>
            </TextLine>
            <TextEquiv>
                <Unicode>Der Bürgerkrieg in Kleinasien.</Unicode>
            </TextEquiv>
        </TextRegion>
        <TextRegion type="paragraph" id="r_12_2" custom="readingOrder {index:21;}">
            <Coords points="648,1218 672,1218 672,1247 648,1247"/>
            <TextLine id="tl_29" primaryLanguage="German" custom="readingOrder {index:0;}">
                <Coords points="671,1227 649,1227 649,1248 671,1248"/>
                <Baseline points="649,1248 671,1248"/>
                <TextEquiv>
                    <Unicode>I.</Unicode>
                </TextEquiv>
                <TextStyle fontFamily="Times New Roman" fontSize="6.5"/>
            </TextLine>
            <TextEquiv>
                <Unicode>I.</Unicode>
            </TextEquiv>
        </TextRegion>
        <TextRegion type="paragraph" id="r_12_3" custom="readingOrder {index:22;}">
            <Coords points="291,1259 1011,1259 1011,1299 291,1299"/>
            <TextLine id="tl_30" primaryLanguage="German" custom="readingOrder {index:0;}">
                <Coords points="1010,1269 292,1269 292,1294 1010,1294"/>
                <Baseline points="292,1292 1010,1292"/>
                <TextEquiv>
                    <Unicode>Ein Schweizer in Mersina schreibt uns:</Unicode>
                </TextEquiv>
            </TextLine>
            <TextEquiv>
                <Unicode>Ein Schweizer in Mersina schreibt uns:</Unicode>
            </TextEquiv>
        </TextRegion>
        <TextRegion type="paragraph" id="r_12_4" custom="readingOrder {index:23;}">
            <Coords points="241,1298 1091,1298 1091,1499 241,1499"/>
            <TextLine id="tl_31" primaryLanguage="German" custom="readingOrder {index:0;}">
                <Coords points="1089,1309 292,1309 292,1344 1089,1344"/>
                <Baseline points="292,1332 1089,1332"/>
                <TextEquiv>
                    <Unicode>Hier leben wir wieder auf Kriegsfuß, die Türken</Unicode>
                </TextEquiv>
                <TextStyle fontFamily="Times New Roman" fontSize="6.5"/>
            </TextLine>
            <TextLine id="tl_32" primaryLanguage="German" custom="readingOrder {index:1;}">
                <Coords points="1089,1344 243,1344 243,1384 1089,1384"/>
                <Baseline points="243,1372 1089,1372"/>
                <TextEquiv>
                    <Unicode>(Mohammedaner) und Armenier liegen sich in den</Unicode>
                </TextEquiv>
                <TextStyle fontFamily="Times New Roman" fontSize="6.5"/>
            </TextLine>
            <TextLine id="tl_33" primaryLanguage="German" custom="readingOrder {index:2;}">
                <Coords points="1090,1384 242,1384 242,1424 1090,1424"/>
                <Baseline points="242,1412 1090,1412"/>
                <TextEquiv>
                    <Unicode>Haaren, und zwar derart, daß die Toten in Adana</Unicode>
                </TextEquiv>
                <TextStyle fontFamily="Times New Roman" fontSize="6.5"/>
            </TextLine>
            <TextLine id="tl_34" primaryLanguage="German" custom="readingOrder {index:3;}">
                <Coords points="1090,1424 242,1424 242,1463 1090,1463"/>
                <Baseline points="242,1452 1090,1452"/>
                <TextEquiv>
                    <Unicode>nicht nach Hunderten, sondern nach Tausenden ge¬</Unicode>
                </TextEquiv>
                <TextStyle fontFamily="Times New Roman" fontSize="6.5"/>
            </TextLine>
            <TextLine id="tl_35" primaryLanguage="German" custom="readingOrder {index:4;}">
                <Coords points="464,1464 242,1464 242,1493 464,1493"/>
                <Baseline points="242,1491 464,1491"/>
                <TextEquiv>
                    <Unicode>zählt werden.</Unicode>
                </TextEquiv>
                <TextStyle fontFamily="Times New Roman" fontSize="6.5"/>
            </TextLine>
            <TextEquiv>
                <Unicode>Hier leben wir wieder auf Kriegsfuß, die Türken
(Mohammedaner) und Armenier liegen sich in den
Haaren, und zwar derart, daß die Toten in Adana
nicht nach Hunderten, sondern nach Tausenden ge¬
zählt werden.</Unicode>
            </TextEquiv>
        </TextRegion>
        <TextRegion type="paragraph" id="r_12_5" custom="readingOrder {index:24;}">
            <Coords points="244,1499 1098,1499 1098,1942 244,1942"/>
            <TextLine id="tl_36" primaryLanguage="German" custom="readingOrder {index:0;}">
                <Coords points="1093,1509 298,1509 298,1544 1093,1544"/>
                <Baseline points="298,1532 1093,1532"/>
                <TextEquiv>
                    <Unicode>Mittwoch 14. April saß ich abends in meiner</Unicode>
                </TextEquiv>
                <TextStyle fontFamily="Times New Roman" fontSize="6.5"/>
            </TextLine>
            <TextLine id="tl_37" primaryLanguage="German" custom="readingOrder {index:1;}">
                <Coords points="1094,1545 245,1545 245,1585 1094,1585"/>
                <Baseline points="245,1573 1094,1573"/>
                <TextEquiv>
                    <Unicode>Wohnung zu Mersina mit zwei Landsleuten, welche</Unicode>
                </TextEquiv>
                <TextStyle fontFamily="Times New Roman" fontSize="6.5"/>
            </TextLine>
            <TextLine id="tl_38" primaryLanguage="German" custom="readingOrder {index:2;}">
                <Coords points="1094,1586 246,1586 246,1626 1094,1626"/>
                <Baseline points="246,1614 1094,1614"/>
                <TextEquiv>
                    <Unicode>aus dem Innern des Landes kamen und die Pferde</Unicode>
                </TextEquiv>
                <TextStyle fontFamily="Times New Roman" fontSize="6.5"/>
            </TextLine>
            <TextLine id="tl_39" primaryLanguage="German" custom="readingOrder {index:3;}">
                <Coords points="1093,1626 247,1626 247,1666 1093,1666"/>
                <Baseline points="247,1654 1093,1654"/>
                <TextEquiv>
                    <Unicode>bei mir eingestellt hatten, zu Tische, als zu vorge¬</Unicode>
                </TextEquiv>
                <TextStyle fontFamily="Times New Roman" fontSize="6.5"/>
            </TextLine>
            <TextLine id="tl_40" primaryLanguage="German" custom="readingOrder {index:4;}">
                <Coords points="1094,1666 246,1666 246,1706 1094,1706"/>
                <Baseline points="246,1694 1094,1694"/>
                <TextEquiv>
                    <Unicode>rückter Stunde an das Hofportal gepocht wurde. Es</Unicode>
                </TextEquiv>
                <TextStyle fontFamily="Times New Roman" fontSize="6.5"/>
            </TextLine>
            <TextLine id="tl_41" primaryLanguage="German" custom="readingOrder {index:5;}">
                <Coords points="1094,1706 247,1706 247,1745 1094,1745"/>
                <Baseline points="247,1734 1094,1734"/>
                <TextEquiv>
                    <Unicode>erschien der amerikanische Konsul, von seinem Ka¬</Unicode>
                </TextEquiv>
                <TextStyle fontFamily="Times New Roman" fontSize="6.5"/>
            </TextLine>
            <TextLine id="tl_42" primaryLanguage="German" custom="readingOrder {index:6;}">
                <Coords points="1095,1746 248,1746 248,1785 1095,1785"/>
                <Baseline points="248,1773 1095,1773"/>
                <TextEquiv>
                    <Unicode>wassen begleitet, welcher uns die unerfreuliche Mit¬</Unicode>
                </TextEquiv>
                <TextStyle fontFamily="Times New Roman" fontSize="6.5"/>
            </TextLine>
            <TextLine id="tl_43" primaryLanguage="German" custom="readingOrder {index:7;}">
                <Coords points="1095,1785 248,1785 248,1825 1095,1825"/>
                <Baseline points="248,1813 1095,1813"/>
                <TextEquiv>
                    <Unicode>teilung machte, daß in dem 67 Kilometer entfernten</Unicode>
                </TextEquiv>
                <TextStyle fontFamily="Times New Roman" fontSize="6.5"/>
            </TextLine>
            <TextLine id="tl_44" primaryLanguage="German" custom="readingOrder {index:8;}">
                <Coords points="1096,1825 248,1825 248,1865 1096,1865"/>
                <Baseline points="248,1853 1096,1853"/>
                <TextEquiv>
                    <Unicode>Adana seit dem Morgen ein Straßenkampf zwischen</Unicode>
                </TextEquiv>
                <TextStyle fontFamily="Times New Roman" fontSize="6.5"/>
            </TextLine>
            <TextLine id="tl_45" primaryLanguage="German" custom="readingOrder {index:9;}">
                <Coords points="1097,1866 250,1866 250,1906 1097,1906"/>
                <Baseline points="250,1894 1097,1894"/>
                <TextEquiv>
                    <Unicode>den Mohammedanern und den Armeniern wüte und</Unicode>
                </TextEquiv>
                <TextStyle fontFamily="Times New Roman" fontSize="6.5"/>
            </TextLine>
            <TextLine id="tl_46" primaryLanguage="German" custom="readingOrder {index:10;}">
                <Coords points="1097,1906 251,1906 251,1936 1097,1936"/>
                <Baseline points="251,1934 1097,1934"/>
                <TextEquiv>
                    <Unicode>daß die Zahl der Toten schon in die Hunderte gehe.</Unicode>
                </TextEquiv>
                <TextStyle fontFamily="Times New Roman" fontSize="6.5"/>
            </TextLine>
            <TextEquiv>
                <Unicode>Mittwoch 14. April saß ich abends in meiner
Wohnung zu Mersina mit zwei Landsleuten, welche
aus dem Innern des Landes kamen und die Pferde
bei mir eingestellt hatten, zu Tische, als zu vorge¬
rückter Stunde an das Hofportal gepocht wurde. Es
erschien der amerikanische Konsul, von seinem Ka¬
wassen begleitet, welcher uns die unerfreuliche Mit¬
teilung machte, daß in dem 67 Kilometer entfernten
Adana seit dem Morgen ein Straßenkampf zwischen
den Mohammedanern und den Armeniern wüte und
daß die Zahl der Toten schon in die Hunderte gehe.</Unicode>
            </TextEquiv>
        </TextRegion>
        <TextRegion type="paragraph" id="r_12_6" custom="readingOrder {index:25;}">
            <Coords points="250,1939 1099,1939 1099,2100 250,2100"/>
            <TextLine id="tl_47" primaryLanguage="German" custom="readingOrder {index:0;}">
                <Coords points="1097,1950 302,1950 302,1986 1097,1986"/>
                <Baseline points="302,1974 1097,1974"/>
                <TextEquiv>
                    <Unicode>Der Konsul verlangte die Pferde meines Freun¬</Unicode>
                </TextEquiv>
                <TextStyle fontFamily="Times New Roman" fontSize="6.5"/>
            </TextLine>
            <TextLine id="tl_48" primaryLanguage="German" custom="readingOrder {index:1;}">
                <Coords points="1098,1986 251,1986 251,2026 1098,2026"/>
                <Baseline points="251,2014 1098,2014"/>
                <TextEquiv>
                    <Unicode>des, um seinen im Gebirge, in der Nähe von Tarsus</Unicode>
                </TextEquiv>
                <TextStyle fontFamily="Times New Roman" fontSize="6.5"/>
            </TextLine>
            <TextLine id="tl_49" primaryLanguage="German" custom="readingOrder {index:2;}">
                <Coords points="1097,2026 252,2026 252,2065 1097,2065"/>
                <Baseline points="252,2054 1097,2054"/>
                <TextEquiv>
                    <Unicode>und Adana weilenden Bruder von der ihm drohenden</Unicode>
                </TextEquiv>
                <TextStyle fontFamily="Times New Roman" fontSize="6.5"/>
            </TextLine>
            <TextLine id="tl_50" primaryLanguage="German" custom="readingOrder {index:3;}">
                <Coords points="1025,2066 252,2066 252,2095 1025,2095"/>
                <Baseline points="252,2093 1025,2093"/>
                <TextEquiv>
                    <Unicode>Gefahr durch Eilboten unterrichten zu können.</Unicode>
                </TextEquiv>
                <TextStyle fontFamily="Times New Roman" fontSize="6.5"/>
            </TextLine>
            <TextEquiv>
                <Unicode>Der Konsul verlangte die Pferde meines Freun¬
des, um seinen im Gebirge, in der Nähe von Tarsus
und Adana weilenden Bruder von der ihm drohenden
Gefahr durch Eilboten unterrichten zu können.</Unicode>
            </TextEquiv>
        </TextRegion>
        <TextRegion type="paragraph" id="r_12_7" custom="readingOrder {index:26;}">
            <Coords points="251,2099 1102,2099 1102,2301 251,2301"/>
            <TextLine id="tl_51" primaryLanguage="German" custom="readingOrder {index:0;}">
                <Coords points="1100,2110 304,2110 304,2145 1100,2145"/>
                <Baseline points="304,2133 1100,2133"/>
                <TextEquiv>
                    <Unicode>In Mersina, wo vom Augenblicke des Eintreffens</Unicode>
                </TextEquiv>
                <TextStyle fontFamily="Times New Roman" fontSize="6.5"/>
            </TextLine>
            <TextLine id="tl_52" primaryLanguage="German" custom="readingOrder {index:1;}">
                <Coords points="1101,2145 252,2145 252,2185 1101,2185"/>
                <Baseline points="252,2173 1101,2173"/>
                <TextEquiv>
                    <Unicode>der Nachrichten an die größte Panik herrschte, war</Unicode>
                </TextEquiv>
                <TextStyle fontFamily="Times New Roman" fontSize="6.5"/>
            </TextLine>
            <TextLine id="tl_53" primaryLanguage="German" custom="readingOrder {index:2;}">
                <Coords points="1100,2186 252,2186 252,2226 1100,2226"/>
                <Baseline points="252,2214 1100,2214"/>
                <TextEquiv>
                    <Unicode>an die Requisition von Pferden nicht zu denken,</Unicode>
                </TextEquiv>
                <TextStyle fontFamily="Times New Roman" fontSize="6.5"/>
            </TextLine>
            <TextLine id="tl_54" primaryLanguage="German" custom="readingOrder {index:3;}">
                <Coords points="1099,2226 254,2226 254,2265 1099,2265"/>
                <Baseline points="254,2254 1099,2254"/>
                <TextEquiv>
                    <Unicode>und um solche sich käuflich zu erwerben, mußte man</Unicode>
                </TextEquiv>
                <TextStyle fontFamily="Times New Roman" fontSize="6.5"/>
            </TextLine>
            <TextLine id="tl_55" primaryLanguage="German" custom="readingOrder {index:4;}">
                <Coords points="897,2266 253,2266 253,2295 897,2295"/>
                <Baseline points="253,2293 897,2293"/>
                <TextEquiv>
                    <Unicode>den drei- und vierfachen Preis bezahlen.</Unicode>
                </TextEquiv>
                <TextStyle fontFamily="Times New Roman" fontSize="6.5"/>
            </TextLine>
            <TextEquiv>
                <Unicode>In Mersina, wo vom Augenblicke des Eintreffens
der Nachrichten an die größte Panik herrschte, war
an die Requisition von Pferden nicht zu denken,
und um solche sich käuflich zu erwerben, mußte man
den drei- und vierfachen Preis bezahlen.</Unicode>
            </TextEquiv>
        </TextRegion>
        <TextRegion type="paragraph" id="r_12_8" custom="readingOrder {index:27;}">
            <Coords points="251,2299 1104,2299 1104,2492 251,2492"/>
            <TextLine id="tl_56" primaryLanguage="German" custom="readingOrder {index:0;}">
                <Coords points="1100,2310 305,2310 305,2345 1100,2345"/>
                <Baseline points="305,2334 1100,2334"/>
                <TextEquiv>
                    <Unicode>Dasselbe war der Fall für die Waffen; Revolver,</Unicode>
                </TextEquiv>
                <TextStyle fontFamily="Times New Roman" fontSize="6.5"/>
            </TextLine>
            <TextLine id="tl_57" primaryLanguage="German" custom="readingOrder {index:1;}">
                <Coords points="1101,2346 252,2346 252,2385 1101,2385"/>
                <Baseline points="252,2373 1101,2373"/>
                <TextEquiv>
                    <Unicode>die unter gewöhnlichen Verhältnissen zwanzig bis</Unicode>
                </TextEquiv>
                <TextStyle fontFamily="Times New Roman" fontSize="6.5"/>
            </TextLine>
            <TextLine id="tl_58" primaryLanguage="German" custom="readingOrder {index:2;}">
                <Coords points="1103,2385 253,2385 253,2425 1103,2425"/>
                <Baseline points="253,2413 1103,2413"/>
                <TextEquiv>
                    <Unicode>fünfundzwanzig Franken kosten, brachten die Händler</Unicode>
                </TextEquiv>
                <TextStyle fontFamily="Times New Roman" fontSize="6.5"/>
            </TextLine>
            <TextLine id="tl_59" primaryLanguage="German" custom="readingOrder {index:3;}">
                <Coords points="1103,2425 253,2425 253,2464 1103,2464"/>
                <Baseline points="253,2453 1103,2453"/>
                <TextEquiv>
                    <Unicode>mit Leichtigkeit zu achtzig und neunzig Franken an</Unicode>
                </TextEquiv>
                <TextStyle fontFamily="Times New Roman" fontSize="6.5"/>
            </TextLine>
            <TextLine id="tl_60" primaryLanguage="German" custom="readingOrder {index:4;}">
                <Coords points="434,2465 252,2465 252,2491 434,2491"/>
                <Baseline points="252,2491 434,2491"/>
                <TextEquiv>
                    <Unicode>den Mann.</Unicode>
                </TextEquiv>
                <TextStyle fontFamily="Times New Roman" fontSize="6.5"/>
            </TextLine>
            <TextEquiv>
                <Unicode>Dasselbe war der Fall für die Waffen; Revolver,
die unter gewöhnlichen Verhältnissen zwanzig bis
fünfundzwanzig Franken kosten, brachten die Händler
mit Leichtigkeit zu achtzig und neunzig Franken an
den Mann.</Unicode>
            </TextEquiv>
        </TextRegion>
        <TextRegion type="paragraph" id="r_12_9" custom="readingOrder {index:28;}">
            <Coords points="251,2499 1104,2499 1104,2657 251,2657"/>
            <TextLine id="tl_61" primaryLanguage="German" custom="readingOrder {index:0;}">
                <Coords points="1103,2509 308,2509 308,2544 1103,2544"/>
                <Baseline points="308,2532 1103,2532"/>
                <TextEquiv>
                    <Unicode>Um 11 Uhr nachts ritt der aus Kawassen und</Unicode>
                </TextEquiv>
                <TextStyle fontFamily="Times New Roman" fontSize="6.5"/>
            </TextLine>
            <TextLine id="tl_62" primaryLanguage="German" custom="readingOrder {index:1;}">
                <Coords points="1103,2544 253,2544 253,2584 1103,2584"/>
                <Baseline points="253,2572 1103,2572"/>
                <TextEquiv>
                    <Unicode>Gendarmen bestehende Zug ab, während wir mit</Unicode>
                </TextEquiv>
                <TextStyle fontFamily="Times New Roman" fontSize="6.5"/>
            </TextLine>
            <TextLine id="tl_63" primaryLanguage="German" custom="readingOrder {index:2;}">
                <Coords points="1102,2584 252,2584 252,2623 1102,2623"/>
                <Baseline points="252,2612 1102,2612"/>
                <TextEquiv>
                    <Unicode>einer gewissen Unruhe die Dinge, die da kommen</Unicode>
                </TextEquiv>
                <TextStyle fontFamily="Times New Roman" fontSize="6.5"/>
            </TextLine>
            <TextLine id="tl_64" primaryLanguage="German" custom="readingOrder {index:3;}">
                <Coords points="561,2624 252,2624 252,2652 561,2652"/>
                <Baseline points="252,2650 561,2650"/>
                <TextEquiv>
                    <Unicode>sollten, erwarteten.</Unicode>
                </TextEquiv>
                <TextStyle fontFamily="Times New Roman" fontSize="6.5"/>
            </TextLine>
            <TextEquiv>
                <Unicode>Um 11 Uhr nachts ritt der aus Kawassen und
Gendarmen bestehende Zug ab, während wir mit
einer gewissen Unruhe die Dinge, die da kommen
sollten, erwarteten.</Unicode>
            </TextEquiv>
        </TextRegion>
        <TextRegion type="paragraph" id="r_12_10" custom="readingOrder {index:29;}">
            <Coords points="250,2658 1111,2658 1111,3252 250,3252"/>
            <TextLine id="tl_65" primaryLanguage="German" custom="readingOrder {index:0;}">
                <Coords points="1103,2669 304,2669 304,2703 1103,2703"/>
                <Baseline points="304,2692 1103,2692"/>
                <TextEquiv>
                    <Unicode>Die Nacht verlief in Mersina ruhig, während am</Unicode>
                </TextEquiv>
                <TextStyle fontFamily="Times New Roman" fontSize="6.5"/>
            </TextLine>
            <TextLine id="tl_66" primaryLanguage="German" custom="readingOrder {index:1;}">
                <Coords points="1103,2704 252,2704 252,2740 1103,2740"/>
                <Baseline points="252,2729 1103,2729"/>
                <TextEquiv>
                    <Unicode>folgenden Tage (Donnerstag) die von Adana kom¬</Unicode>
                </TextEquiv>
            </TextLine>
            <TextLine id="tl_67" primaryLanguage="German" custom="readingOrder {index:2;}">
                <Coords points="1104,2741 251,2741 251,2778 1104,2778"/>
                <Baseline points="251,2767 1104,2767"/>
                <TextEquiv>
                    <Unicode>menden Nachrichten stets schlimmere Färbung an¬</Unicode>
                </TextEquiv>
                <TextStyle fontFamily="Times New Roman" fontSize="6.5"/>
            </TextLine>
            <TextLine id="tl_68" primaryLanguage="German" custom="readingOrder {index:3;}">
                <Coords points="1104,2779 252,2779 252,2818 1104,2818"/>
                <Baseline points="252,2806 1104,2806"/>
                <TextEquiv>
                    <Unicode>nahmen. Die von Adana in Mersina eintreffenden</Unicode>
                </TextEquiv>
                <TextStyle fontFamily="Times New Roman" fontSize="6.5"/>
            </TextLine>
            <TextLine id="tl_69" primaryLanguage="German" custom="readingOrder {index:4;}">
                <Coords points="1105,2818 253,2818 253,2858 1105,2858"/>
                <Baseline points="253,2846 1105,2846"/>
                <TextEquiv>
                    <Unicode>Europäer sprachen von wahren Metzeleien. Die Ar¬</Unicode>
                </TextEquiv>
                <TextStyle fontFamily="Times New Roman" fontSize="6.5"/>
            </TextLine>
            <TextLine id="tl_70" primaryLanguage="German" custom="readingOrder {index:5;}">
                <Coords points="1106,2858 253,2858 253,2898 1106,2898"/>
                <Baseline points="253,2886 1106,2886"/>
                <TextEquiv>
                    <Unicode>menier, welche die ihnen drohende Gefahr voraus¬</Unicode>
                </TextEquiv>
                <TextStyle fontFamily="Times New Roman" fontSize="6.5"/>
            </TextLine>
            <TextLine id="tl_71" primaryLanguage="German" custom="readingOrder {index:6;}">
                <Coords points="1106,2898 254,2898 254,2938 1106,2938"/>
                <Baseline points="254,2926 1106,2926"/>
                <TextEquiv>
                    <Unicode>geahnt, hatten sich mit Waffen, Munition und Dy¬</Unicode>
                </TextEquiv>
                <TextStyle fontFamily="Times New Roman" fontSize="6.5"/>
            </TextLine>
            <TextLine id="tl_72" primaryLanguage="German" custom="readingOrder {index:7;}">
                <Coords points="1106,2938 254,2938 254,2977 1106,2977"/>
                <Baseline points="254,2966 1106,2966"/>
                <TextEquiv>
                    <Unicode>namitbomben versehen. Sie waren entschlossen, ihre</Unicode>
                </TextEquiv>
                <TextStyle fontFamily="Times New Roman" fontSize="6.5"/>
            </TextLine>
            <TextLine id="tl_73" primaryLanguage="German" custom="readingOrder {index:8;}">
                <Coords points="1106,2978 254,2978 254,3017 1106,3017"/>
                <Baseline points="254,3005 1106,3005"/>
                <TextEquiv>
                    <Unicode>Haut teuer zu verkaufen. Ein in Mersina wohnender</Unicode>
                </TextEquiv>
                <TextStyle fontFamily="Times New Roman" fontSize="6.5"/>
            </TextLine>
            <TextLine id="tl_74" primaryLanguage="German" custom="readingOrder {index:9;}">
                <Coords points="1107,3017 254,3017 254,3057 1107,3057"/>
                <Baseline points="254,3045 1107,3045"/>
                <TextEquiv>
                    <Unicode>Deutscher, der am Mittwoch morgen aus dem Innern</Unicode>
                </TextEquiv>
                <TextStyle fontFamily="Times New Roman" fontSize="6.5"/>
            </TextLine>
            <TextLine id="tl_75" primaryLanguage="German" custom="readingOrder {index:10;}">
                <Coords points="1108,3057 256,3057 256,3097 1108,3097"/>
                <Baseline points="256,3085 1108,3085"/>
                <TextEquiv>
                    <Unicode>kommend in Adana eintraf, wurde gleich von einer</Unicode>
                </TextEquiv>
                <TextStyle fontFamily="Times New Roman" fontSize="6.5"/>
            </TextLine>
            <TextLine id="tl_76" primaryLanguage="German" custom="readingOrder {index:11;}">
                <Coords points="1109,3097 256,3097 256,3137 1109,3137"/>
                <Baseline points="256,3125 1109,3125"/>
                <TextEquiv>
                    <Unicode>Horde Türken umringt, und nur auf seine Ver¬</Unicode>
                </TextEquiv>
                <TextStyle fontFamily="Times New Roman" fontSize="6.5"/>
            </TextLine>
            <TextLine id="tl_77" primaryLanguage="German" custom="readingOrder {index:12;}">
                <Coords points="1110,3137 258,3137 258,3177 1110,3177"/>
                <Baseline points="258,3165 1110,3165"/>
                <TextEquiv>
                    <Unicode>sicherungen und Ausweise hin, daß er ein Ausländer</Unicode>
                </TextEquiv>
                <TextStyle fontFamily="Times New Roman" fontSize="6.5"/>
            </TextLine>
            <TextLine id="tl_78" primaryLanguage="German" custom="readingOrder {index:13;}">
                <Coords points="1109,3177 259,3177 259,3217 1109,3217"/>
                <Baseline points="259,3205 1109,3205"/>
                <TextEquiv>
                    <Unicode>sei, schenkte man ihm das Leben und begnügte sich</Unicode>
                </TextEquiv>
                <TextStyle fontFamily="Times New Roman" fontSize="6.5"/>
            </TextLine>
            <TextLine id="tl_79" primaryLanguage="German" custom="readingOrder {index:14;}">
                <Coords points="540,3218 260,3218 260,3248 540,3248"/>
                <Baseline points="260,3246 540,3246"/>
                <TextEquiv>
                    <Unicode>mit seiner Habe.</Unicode>
                </TextEquiv>
                <TextStyle fontFamily="Times New Roman" fontSize="6.5"/>
            </TextLine>
            <TextEquiv>
                <Unicode>Die Nacht verlief in Mersina ruhig, während am
folgenden Tage (Donnerstag) die von Adana kom¬
menden Nachrichten stets schlimmere Färbung an¬
nahmen. Die von Adana in Mersina eintreffenden
Europäer sprachen von wahren Metzeleien. Die Ar¬
menier, welche die ihnen drohende Gefahr voraus¬
geahnt, hatten sich mit Waffen, Munition und Dy¬
namitbomben versehen. Sie waren entschlossen, ihre
Haut teuer zu verkaufen. Ein in Mersina wohnender
Deutscher, der am Mittwoch morgen aus dem Innern
kommend in Adana eintraf, wurde gleich von einer
Horde Türken umringt, und nur auf seine Ver¬
sicherungen und Ausweise hin, daß er ein Ausländer
sei, schenkte man ihm das Leben und begnügte sich
mit seiner Habe.</Unicode>
            </TextEquiv>
        </TextRegion>
        <TextRegion type="paragraph" id="r_12_11" custom="readingOrder {index:30;}">
            <Coords points="259,3253 1116,3253 1116,3891 259,3891"/>
            <TextLine id="tl_80" primaryLanguage="German" custom="readingOrder {index:0;}">
                <Coords points="1109,3263 314,3263 314,3297 1109,3297"/>
                <Baseline points="314,3285 1109,3285"/>
                <TextEquiv>
                    <Unicode>Wie oben bereits gesagt, waren die streitenden</Unicode>
                </TextEquiv>
                <TextStyle fontFamily="Times New Roman" fontSize="6.5"/>
            </TextLine>
            <TextLine id="tl_81" primaryLanguage="German" custom="readingOrder {index:1;}">
                <Coords points="1109,3297 260,3297 260,3337 1109,3337"/>
                <Baseline points="260,3325 1109,3325"/>
                <TextEquiv>
                    <Unicode>Parteien schon lange auf den Ausbruch des glim¬</Unicode>
                </TextEquiv>
                <TextStyle fontFamily="Times New Roman" fontSize="6.5"/>
            </TextLine>
            <TextLine id="tl_82" primaryLanguage="German" custom="readingOrder {index:2;}">
                <Coords points="1109,3337 261,3337 261,3377 1109,3377"/>
                <Baseline points="261,3365 1109,3365"/>
                <TextEquiv>
                    <Unicode>menden Feuers vorbereitet. Seit der Erklärung der</Unicode>
                </TextEquiv>
                <TextStyle fontFamily="Times New Roman" fontSize="6.5"/>
            </TextLine>
            <TextLine id="tl_83" primaryLanguage="German" custom="readingOrder {index:3;}">
                <Coords points="1109,3377 261,3377 261,3417 1109,3417"/>
                <Baseline points="261,3405 1109,3405"/>
                <TextEquiv>
                    <Unicode>Verfassung, die sämtlichen türkischen Untertanen,</Unicode>
                </TextEquiv>
                <TextStyle fontFamily="Times New Roman" fontSize="6.5"/>
            </TextLine>
            <TextLine id="tl_84" primaryLanguage="German" custom="readingOrder {index:4;}">
                <Coords points="1109,3417 262,3417 262,3456 1109,3456"/>
                <Baseline points="262,3445 1109,3445"/>
                <TextEquiv>
                    <Unicode>welchen Glaubens sie sein mögen, gleiche Rechte und</Unicode>
                </TextEquiv>
                <TextStyle fontFamily="Times New Roman" fontSize="6.5"/>
            </TextLine>
            <TextLine id="tl_85" primaryLanguage="German" custom="readingOrder {index:5;}">
                <Coords points="1109,3457 262,3457 262,3496 1109,3496"/>
                <Baseline points="262,3484 1109,3484"/>
                <TextEquiv>
                    <Unicode>Pflichten einräumt, suchten die Nichtmohammedaner</Unicode>
                </TextEquiv>
                <TextStyle fontFamily="Times New Roman" fontSize="6.5"/>
            </TextLine>
            <TextLine id="tl_86" primaryLanguage="German" custom="readingOrder {index:6;}">
                <Coords points="1109,3497 264,3497 264,3537 1109,3537"/>
                <Baseline points="264,3525 1109,3525"/>
                <TextEquiv>
                    <Unicode>und im besondern die Armenier ihren Freiheits- und</Unicode>
                </TextEquiv>
                <TextStyle fontFamily="Times New Roman" fontSize="6.5"/>
            </TextLine>
            <TextLine id="tl_87" primaryLanguage="German" custom="readingOrder {index:7;}">
                <Coords points="1110,3537 264,3537 264,3577 1110,3577"/>
                <Baseline points="264,3565 1110,3565"/>
                <TextEquiv>
                    <Unicode>Selbständigkeitsgefühlen etwas zu starken Lauf zu</Unicode>
                </TextEquiv>
                <TextStyle fontFamily="Times New Roman" fontSize="6.5"/>
            </TextLine>
            <TextLine id="tl_88" primaryLanguage="German" custom="readingOrder {index:8;}">
                <Coords points="1111,3577 265,3577 265,3617 1111,3617"/>
                <Baseline points="265,3605 1111,3605"/>
                <TextEquiv>
                    <Unicode>lassen, während anderseits die Mohammedaner mit</Unicode>
                </TextEquiv>
                <TextStyle fontFamily="Times New Roman" fontSize="6.5"/>
            </TextLine>
            <TextLine id="tl_89" primaryLanguage="German" custom="readingOrder {index:9;}">
                <Coords points="1110,3617 265,3617 265,3657 1110,3657"/>
                <Baseline points="265,3645 1110,3645"/>
                <TextEquiv>
                    <Unicode>schwerem Herzen auf ihre bisherigen Vorrechte ver¬</Unicode>
                </TextEquiv>
                <TextStyle fontFamily="Times New Roman" fontSize="6.5"/>
            </TextLine>
            <TextLine id="tl_90" primaryLanguage="German" custom="readingOrder {index:10;}">
                <Coords points="1112,3657 264,3657 264,3697 1112,3697"/>
                <Baseline points="264,3685 1112,3685"/>
                <TextEquiv>
                    <Unicode>zichteten. Diese Zwistigkeiten, die sich schon in der</Unicode>
                </TextEquiv>
                <TextStyle fontFamily="Times New Roman" fontSize="6.5"/>
            </TextLine>
            <TextLine id="tl_91" primaryLanguage="German" custom="readingOrder {index:11;}">
                <Coords points="1114,3697 264,3697 264,3737 1114,3737"/>
                <Baseline points="264,3725 1114,3725"/>
                <TextEquiv>
                    <Unicode>Kammer zeigten, machten sich um so mehr in der</Unicode>
                </TextEquiv>
                <TextStyle fontFamily="Times New Roman" fontSize="6.5"/>
            </TextLine>
            <TextLine id="tl_92" primaryLanguage="German" custom="readingOrder {index:12;}">
                <Coords points="1115,3737 265,3737 265,3776 1115,3776"/>
                <Baseline points="265,3765 1115,3765"/>
                <TextEquiv>
                    <Unicode>Bevölkerung geltend, und ein Anlaß, welcher vor</Unicode>
                </TextEquiv>
                <TextStyle fontFamily="Times New Roman" fontSize="6.5"/>
            </TextLine>
            <TextLine id="tl_93" primaryLanguage="German" custom="readingOrder {index:13;}">
                <Coords points="1114,3777 265,3777 265,3816 1114,3816"/>
                <Baseline points="265,3804 1114,3804"/>
                <TextEquiv>
                    <Unicode>Gericht seine Erledigung hätte finden sollen, ge¬</Unicode>
                </TextEquiv>
                <TextStyle fontFamily="Times New Roman" fontSize="6.5"/>
            </TextLine>
            <TextLine id="tl_94" primaryLanguage="German" custom="readingOrder {index:14;}">
                <Coords points="1114,3817 265,3817 265,3856 1114,3856"/>
                <Baseline points="265,3845 1114,3845"/>
                <TextEquiv>
                    <Unicode>nügte, um einen entsetzlichen Bürgerkrieg heraufzu¬</Unicode>
                </TextEquiv>
                <TextStyle fontFamily="Times New Roman" fontSize="6.5"/>
            </TextLine>
            <TextLine id="tl_95" primaryLanguage="German" custom="readingOrder {index:15;}">
                <Coords points="442,3857 266,3857 266,3886 442,3886"/>
                <Baseline points="266,3884 442,3884"/>
                <TextEquiv>
                    <Unicode>beschwören.</Unicode>
                </TextEquiv>
                <TextStyle fontFamily="Times New Roman" fontSize="6.5"/>
            </TextLine>
            <TextEquiv>
                <Unicode>Wie oben bereits gesagt, waren die streitenden
Parteien schon lange auf den Ausbruch des glim¬
menden Feuers vorbereitet. Seit der Erklärung der
Verfassung, die sämtlichen türkischen Untertanen,
welchen Glaubens sie sein mögen, gleiche Rechte und
Pflichten einräumt, suchten die Nichtmohammedaner
und im besondern die Armenier ihren Freiheits- und
Selbständigkeitsgefühlen etwas zu starken Lauf zu
lassen, während anderseits die Mohammedaner mit
schwerem Herzen auf ihre bisherigen Vorrechte ver¬
zichteten. Diese Zwistigkeiten, die sich schon in der
Kammer zeigten, machten sich um so mehr in der
Bevölkerung geltend, und ein Anlaß, welcher vor
Gericht seine Erledigung hätte finden sollen, ge¬
nügte, um einen entsetzlichen Bürgerkrieg heraufzu¬
beschwören.</Unicode>
            </TextEquiv>
        </TextRegion>
        <TextRegion type="paragraph" id="r_12_12" custom="readingOrder {index:31;}">
            <Coords points="263,3891 1118,3891 1118,4733 263,4733"/>
            <TextLine id="tl_96" primaryLanguage="German" custom="readingOrder {index:0;}">
                <Coords points="1114,3902 320,3902 320,3937 1114,3937"/>
                <Baseline points="320,3925 1114,3925"/>
                <TextEquiv>
                    <Unicode>Ein junger Armenier wurde von einigen Türken</Unicode>
                </TextEquiv>
                <TextStyle fontFamily="Times New Roman" fontSize="6.5"/>
            </TextLine>
            <TextLine id="tl_97" primaryLanguage="German" custom="readingOrder {index:1;}">
                <Coords points="1115,3938 264,3938 264,3977 1115,3977"/>
                <Baseline points="264,3966 1115,3966"/>
                <TextEquiv>
                    <Unicode>zu unnatürlichen, unsittlichen Handlungen aufgefor¬</Unicode>
                </TextEquiv>
                <TextStyle fontFamily="Times New Roman" fontSize="6.5"/>
            </TextLine>
            <TextLine id="tl_98" primaryLanguage="German" custom="readingOrder {index:2;}">
                <Coords points="1114,3978 266,3978 266,4016 1114,4016"/>
                <Baseline points="266,4004 1114,4004"/>
                <TextEquiv>
                    <Unicode>dert. Auf seine Weigerung schlugen sie den jungen</Unicode>
                </TextEquiv>
                <TextStyle fontFamily="Times New Roman" fontSize="6.5"/>
            </TextLine>
            <TextLine id="tl_99" primaryLanguage="German" custom="readingOrder {index:3;}">
                <Coords points="1114,4016 266,4016 266,4056 1114,4056"/>
                <Baseline points="266,4044 1114,4044"/>
                <TextEquiv>
                    <Unicode>Mann, der seinerseits kurzen Prozeß machte, indem</Unicode>
                </TextEquiv>
                <TextStyle fontFamily="Times New Roman" fontSize="6.5"/>
            </TextLine>
            <TextLine id="tl_100" primaryLanguage="German" custom="readingOrder {index:4;}">
                <Coords points="1114,4056 266,4056 266,4096 1114,4096"/>
                <Baseline points="266,4084 1114,4084"/>
                <TextEquiv>
                    <Unicode>er zwei Türken über den Haufen schoß und den drit¬</Unicode>
                </TextEquiv>
                <TextStyle fontFamily="Times New Roman" fontSize="6.5"/>
            </TextLine>
            <TextLine id="tl_101" primaryLanguage="German" custom="readingOrder {index:5;}">
                <Coords points="1114,4097 266,4097 266,4137 1114,4137"/>
                <Baseline points="266,4125 1114,4125"/>
                <TextEquiv>
                    <Unicode>ten schwer verwundete und hierauf entfloh. Die</Unicode>
                </TextEquiv>
                <TextStyle fontFamily="Times New Roman" fontSize="6.5"/>
            </TextLine>
            <TextLine id="tl_102" primaryLanguage="German" custom="readingOrder {index:6;}">
                <Coords points="1114,4137 265,4137 265,4177 1114,4177"/>
                <Baseline points="265,4165 1114,4165"/>
                <TextEquiv>
                    <Unicode>Türken forderten nun von den Armeniern die Aus¬</Unicode>
                </TextEquiv>
                <TextStyle fontFamily="Times New Roman" fontSize="6.5"/>
            </TextLine>
            <TextLine id="tl_103" primaryLanguage="German" custom="readingOrder {index:7;}">
                <Coords points="1115,4177 266,4177 266,4217 1115,4217"/>
                <Baseline points="266,4205 1115,4205"/>
                <TextEquiv>
                    <Unicode>lieferung ihres Glaubensgenossen; diese verweigerten</Unicode>
                </TextEquiv>
                <TextStyle fontFamily="Times New Roman" fontSize="6.5"/>
            </TextLine>
            <TextLine id="tl_104" primaryLanguage="German" custom="readingOrder {index:8;}">
                <Coords points="1115,4217 267,4217 267,4257 1115,4257"/>
                <Baseline points="267,4245 1115,4245"/>
                <TextEquiv>
                    <Unicode>sie mit der Begründung, daß der junge Mann zum</Unicode>
                </TextEquiv>
                <TextStyle fontFamily="Times New Roman" fontSize="6.5"/>
            </TextLine>
            <TextLine id="tl_105" primaryLanguage="German" custom="readingOrder {index:9;}">
                <Coords points="1116,4257 265,4257 265,4297 1116,4297"/>
                <Baseline points="265,4285 1116,4285"/>
                <TextEquiv>
                    <Unicode>Schutze seines Lebens und seiner Ehre gezwungen</Unicode>
                </TextEquiv>
                <TextStyle fontFamily="Times New Roman" fontSize="6.5"/>
            </TextLine>
            <TextLine id="tl_106" primaryLanguage="German" custom="readingOrder {index:10;}">
                <Coords points="1116,4297 265,4297 265,4337 1116,4337"/>
                <Baseline points="265,4325 1116,4325"/>
                <TextEquiv>
                    <Unicode>gewesen wäre, von der Waffe Gebrauch zu machen.</Unicode>
                </TextEquiv>
                <TextStyle fontFamily="Times New Roman" fontSize="6.5"/>
            </TextLine>
            <TextLine id="tl_107" primaryLanguage="German" custom="readingOrder {index:11;}">
                <Coords points="1115,4337 265,4337 265,4377 1115,4377"/>
                <Baseline points="265,4365 1115,4365"/>
                <TextEquiv>
                    <Unicode>Nun ging die Metzelei los. Die von Mersina kom¬</Unicode>
                </TextEquiv>
                <TextStyle fontFamily="Times New Roman" fontSize="6.5"/>
            </TextLine>
            <TextLine id="tl_108" primaryLanguage="German" custom="readingOrder {index:12;}">
                <Coords points="1116,4377 266,4377 266,4417 1116,4417"/>
                <Baseline points="266,4405 1116,4405"/>
                <TextEquiv>
                    <Unicode>menden Eisenbahnzüge wurden vor Adana ange¬</Unicode>
                </TextEquiv>
                <TextStyle fontFamily="Times New Roman" fontSize="6.5"/>
            </TextLine>
            <TextLine id="tl_109" primaryLanguage="German" custom="readingOrder {index:13;}">
                <Coords points="1117,4418 264,4418 264,4457 1117,4457"/>
                <Baseline points="264,4446 1117,4446"/>
                <TextEquiv>
                    <Unicode>halten, die Telegraphendrähte durchschnitten, damit</Unicode>
                </TextEquiv>
                <TextStyle fontFamily="Times New Roman" fontSize="6.5"/>
            </TextLine>
            <TextLine id="tl_110" primaryLanguage="German" custom="readingOrder {index:14;}">
                <Coords points="1116,4458 265,4458 265,4497 1116,4497"/>
                <Baseline points="265,4485 1116,4485"/>
                <TextEquiv>
                    <Unicode>die Schlächterei ungestört ihren Verlauf nehmen</Unicode>
                </TextEquiv>
                <TextStyle fontFamily="Times New Roman" fontSize="6.5"/>
            </TextLine>
            <TextLine id="tl_111" primaryLanguage="German" custom="readingOrder {index:15;}">
                <Coords points="1115,4497 266,4497 266,4537 1115,4537"/>
                <Baseline points="266,4525 1115,4525"/>
                <TextEquiv>
                    <Unicode>könnte. Wenn die Türken als Fatalisten mit Todes¬</Unicode>
                </TextEquiv>
                <TextStyle fontFamily="Times New Roman" fontSize="6.5"/>
            </TextLine>
            <TextLine id="tl_112" primaryLanguage="German" custom="readingOrder {index:16;}">
                <Coords points="1116,4537 265,4537 265,4577 1116,4577"/>
                <Baseline points="265,4565 1116,4565"/>
                <TextEquiv>
                    <Unicode>verachtung drauflos gingen, so blieben ihnen die Ar¬</Unicode>
                </TextEquiv>
                <TextStyle fontFamily="Times New Roman" fontSize="6.5"/>
            </TextLine>
            <TextLine id="tl_113" primaryLanguage="German" custom="readingOrder {index:17;}">
                <Coords points="1116,4577 265,4577 265,4617 1116,4617"/>
                <Baseline points="265,4605 1116,4605"/>
                <TextEquiv>
                    <Unicode>menier nichts schuldig, die um ihr alles, um Gut und</Unicode>
                </TextEquiv>
                <TextStyle fontFamily="Times New Roman" fontSize="6.5"/>
            </TextLine>
            <TextLine id="tl_114" primaryLanguage="German" custom="readingOrder {index:18;}">
                <Coords points="1116,4617 264,4617 264,4657 1116,4657"/>
                <Baseline points="264,4645 1116,4645"/>
                <TextEquiv>
                    <Unicode>Blut kämpften; und in der Tat zeigt die ungefähre</Unicode>
                </TextEquiv>
                <TextStyle fontFamily="Times New Roman" fontSize="6.5"/>
            </TextLine>
            <TextLine id="tl_115" primaryLanguage="German" custom="readingOrder {index:19;}">
                <Coords points="1117,4658 264,4658 264,4697 1117,4697"/>
                <Baseline points="264,4686 1117,4686"/>
                <TextEquiv>
                    <Unicode>Schätzung heute, daß in dem viertägigen Gemetzel</Unicode>
                </TextEquiv>
                <TextStyle fontFamily="Times New Roman" fontSize="6.5"/>
            </TextLine>
            <TextLine id="tl_116" primaryLanguage="German" custom="readingOrder {index:20;}">
                <Coords points="915,4698 264,4698 264,4727 915,4727"/>
                <Baseline points="264,4725 915,4725"/>
                <TextEquiv>
                    <Unicode>mehr Türken als Armenier gefallen sind.</Unicode>
                </TextEquiv>
                <TextStyle fontFamily="Times New Roman" fontSize="6.5"/>
            </TextLine>
            <TextEquiv>
                <Unicode>Ein junger Armenier wurde von einigen Türken
zu unnatürlichen, unsittlichen Handlungen aufgefor¬
dert. Auf seine Weigerung schlugen sie den jungen
Mann, der seinerseits kurzen Prozeß machte, indem
er zwei Türken über den Haufen schoß und den drit¬
ten schwer verwundete und hierauf entfloh. Die
Türken forderten nun von den Armeniern die Aus¬
lieferung ihres Glaubensgenossen; diese verweigerten
sie mit der Begründung, daß der junge Mann zum
Schutze seines Lebens und seiner Ehre gezwungen
gewesen wäre, von der Waffe Gebrauch zu machen.
Nun ging die Metzelei los. Die von Mersina kom¬
menden Eisenbahnzüge wurden vor Adana ange¬
halten, die Telegraphendrähte durchschnitten, damit
die Schlächterei ungestört ihren Verlauf nehmen
könnte. Wenn die Türken als Fatalisten mit Todes¬
verachtung drauflos gingen, so blieben ihnen die Ar¬
menier nichts schuldig, die um ihr alles, um Gut und
Blut kämpften; und in der Tat zeigt die ungefähre
Schätzung heute, daß in dem viertägigen Gemetzel
mehr Türken als Armenier gefallen sind.</Unicode>
            </TextEquiv>
        </TextRegion>
        <TextRegion type="paragraph" id="r_12_13" custom="readingOrder {index:32;}">
            <Coords points="259,4732 1120,4732 1120,5095 259,5095"/>
            <TextLine id="tl_117" primaryLanguage="German" custom="readingOrder {index:0;}">
                <Coords points="1117,4742 318,4742 318,4777 1117,4777"/>
                <Baseline points="318,4765 1117,4765"/>
                <TextEquiv>
                    <Unicode>In Mersina war indessen alles ruhig, indem sich</Unicode>
                </TextEquiv>
                <TextStyle fontFamily="Times New Roman" fontSize="6.5"/>
            </TextLine>
            <TextLine id="tl_118" primaryLanguage="German" custom="readingOrder {index:1;}">
                <Coords points="1119,4777 264,4777 264,4817 1119,4817"/>
                <Baseline points="264,4805 1119,4805"/>
                <TextEquiv>
                    <Unicode>jedermann sagte, daß nichts zu gefährden sei, so</Unicode>
                </TextEquiv>
                <TextStyle fontFamily="Times New Roman" fontSize="6.5"/>
            </TextLine>
            <TextLine id="tl_119" primaryLanguage="German" custom="readingOrder {index:2;}">
                <Coords points="1116,4818 264,4818 264,4857 1116,4857"/>
                <Baseline points="264,4846 1116,4846"/>
                <TextEquiv>
                    <Unicode>lange sich das zwischen Adana und Mersina liegende</Unicode>
                </TextEquiv>
                <TextStyle fontFamily="Times New Roman" fontSize="6.5"/>
            </TextLine>
            <TextLine id="tl_120" primaryLanguage="German" custom="readingOrder {index:3;}">
                <Coords points="1116,4858 262,4858 262,4897 1116,4897"/>
                <Baseline points="262,4885 1116,4885"/>
                <TextEquiv>
                    <Unicode>Tarsus ruhig verhalte. Um so größer war die Panik</Unicode>
                </TextEquiv>
                <TextStyle fontFamily="Times New Roman" fontSize="6.5"/>
            </TextLine>
            <TextLine id="tl_121" primaryLanguage="German" custom="readingOrder {index:4;}">
                <Coords points="1115,4898 262,4898 262,4938 1115,4938"/>
                <Baseline points="262,4926 1115,4926"/>
                <TextEquiv>
                    <Unicode>am Freitag morgen in Mersina, als der Bericht ein¬</Unicode>
                </TextEquiv>
                <TextStyle fontFamily="Times New Roman" fontSize="6.5"/>
            </TextLine>
            <TextLine id="tl_122" primaryLanguage="German" custom="readingOrder {index:5;}">
                <Coords points="1116,4938 261,4938 261,4978 1116,4978"/>
                <Baseline points="261,4966 1116,4966"/>
                <TextEquiv>
                    <Unicode>ging, daß der von Mersina nach Adana gehende Zug</Unicode>
                </TextEquiv>
                <TextStyle fontFamily="Times New Roman" fontSize="6.5"/>
            </TextLine>
            <TextLine id="tl_123" primaryLanguage="German" custom="readingOrder {index:6;}">
                <Coords points="1116,4978 261,4978 261,5018 1116,5018"/>
                <Baseline points="261,5006 1116,5006"/>
                <TextEquiv>
                    <Unicode>vor Tarsus anhalten mußte, da im Bahnhofe dieser</Unicode>
                </TextEquiv>
                <TextStyle fontFamily="Times New Roman" fontSize="6.5"/>
            </TextLine>
            <TextLine id="tl_124" primaryLanguage="German" custom="readingOrder {index:7;}">
                <Coords points="1115,5019 262,5019 262,5059 1115,5059"/>
                <Baseline points="262,5047 1115,5047"/>
                <TextEquiv>
                    <Unicode>letztern Stadt bereits türkische und armenische Lei¬</Unicode>
                </TextEquiv>
                <TextStyle fontFamily="Times New Roman" fontSize="6.5"/>
            </TextLine>
            <TextLine id="tl_125" primaryLanguage="German" custom="readingOrder {index:8;}">
                <Coords points="1115,5059 260,5059 260,5089 1115,5089"/>
                <Baseline points="260,5087 1115,5087"/>
                <TextEquiv>
                    <Unicode>chen vom Ausbruch der dortigen Schlächterei zeugten.</Unicode>
                </TextEquiv>
                <TextStyle fontFamily="Times New Roman" fontSize="6.5"/>
            </TextLine>
            <TextEquiv>
                <Unicode>In Mersina war indessen alles ruhig, indem sich
jedermann sagte, daß nichts zu gefährden sei, so
lange sich das zwischen Adana und Mersina liegende
Tarsus ruhig verhalte. Um so größer war die Panik
am Freitag morgen in Mersina, als der Bericht ein¬
ging, daß der von Mersina nach Adana gehende Zug
vor Tarsus anhalten mußte, da im Bahnhofe dieser
letztern Stadt bereits türkische und armenische Lei¬
chen vom Ausbruch der dortigen Schlächterei zeugten.</Unicode>
            </TextEquiv>
        </TextRegion>
        <TextRegion type="paragraph" id="r_12_14" custom="readingOrder {index:33;}">
            <Coords points="253,5094 1116,5094 1116,5338 253,5338"/>
            <TextLine id="tl_126" primaryLanguage="German" custom="readingOrder {index:0;}">
                <Coords points="1115,5104 315,5104 315,5139 1115,5139"/>
                <Baseline points="315,5127 1115,5127"/>
                <TextEquiv>
                    <Unicode>Wie mit einem Schlage herrschte in Mersina eine</Unicode>
                </TextEquiv>
                <TextStyle fontFamily="Times New Roman" fontSize="6.5"/>
            </TextLine>
            <TextLine id="tl_127" primaryLanguage="German" custom="readingOrder {index:1;}">
                <Coords points="1113,5139 261,5139 261,5179 1113,5179"/>
                <Baseline points="261,5167 1113,5167"/>
                <TextEquiv>
                    <Unicode>unbeschreibliche Bestürzung. Wie in einer Stadt, die</Unicode>
                </TextEquiv>
                <TextStyle fontFamily="Times New Roman" fontSize="6.5"/>
            </TextLine>
            <TextLine id="tl_128" primaryLanguage="German" custom="readingOrder {index:2;}">
                <Coords points="1114,5179 259,5179 259,5219 1114,5219"/>
                <Baseline points="259,5207 1114,5207"/>
                <TextEquiv>
                    <Unicode>sich, durch den Feind überrascht, plötzlich belagert</Unicode>
                </TextEquiv>
                <TextStyle fontFamily="Times New Roman" fontSize="6.5"/>
            </TextLine>
            <TextLine id="tl_129" primaryLanguage="German" custom="readingOrder {index:3;}">
                <Coords points="1112,5220 258,5220 258,5260 1112,5260"/>
                <Baseline points="258,5248 1112,5248"/>
                <TextEquiv>
                    <Unicode>sieht, so suchte nun jeder in der ihm geeignetest er¬</Unicode>
                </TextEquiv>
                <TextStyle fontFamily="Times New Roman" fontSize="6.5"/>
            </TextLine>
            <TextLine id="tl_130" primaryLanguage="German" custom="readingOrder {index:4;}">
                <Coords points="1113,5260 258,5260 258,5300 1113,5300"/>
                <Baseline points="258,5288 1113,5288"/>
                <TextEquiv>
                    <Unicode>scheinenden Weise sein Heil. Die vom Innern des</Unicode>
                </TextEquiv>
                <TextStyle fontFamily="Times New Roman" fontSize="6.5"/>
            </TextLine>
            <TextLine id="tl_131" primaryLanguage="German" custom="readingOrder {index:5;}">
                <Coords points="1115,5300 254,5300 254,5331 1115,5331"/>
                <Baseline points="254,5328 1115,5328"/>
                <TextEquiv>
                    <Unicode>Landes hereinströmenden Ausländer begaben sich zu</Unicode>
                </TextEquiv>
                <TextStyle fontFamily="Times New Roman" fontSize="6.5"/>
            </TextLine>
            <TextEquiv>
                <Unicode>Wie mit einem Schlage herrschte in Mersina eine
unbeschreibliche Bestürzung. Wie in einer Stadt, die
sich, durch den Feind überrascht, plötzlich belagert
sieht, so suchte nun jeder in der ihm geeignetest er¬
scheinenden Weise sein Heil. Die vom Innern des
Landes hereinströmenden Ausländer begaben sich zu</Unicode>
            </TextEquiv>
        </TextRegion>
        <TextRegion type="paragraph" id="r_13_1" custom="readingOrder {index:34;}">
            <Coords points="1134,1124 2000,1124 2000,1770 1134,1770"/>
            <TextLine id="tl_132" primaryLanguage="German" custom="readingOrder {index:0;}">
                <Coords points="1988,1136 1136,1136 1136,1174 1988,1174"/>
                <Baseline points="1137,1157 1988,1162"/>
                <TextEquiv>
                    <Unicode>ihren Konsuln, welche, um der sich stets steigernden</Unicode>
                </TextEquiv>
                <TextStyle fontFamily="Times New Roman" fontSize="6.5"/>
            </TextLine>
            <TextLine id="tl_133" primaryLanguage="German" custom="readingOrder {index:1;}">
                <Coords points="1989,1175 1135,1175 1135,1215 1989,1215"/>
                <Baseline points="1132,1199 1989,1203"/>
                <TextEquiv>
                    <Unicode>Panik etwas zu steuern, die Flüchtlinge ersuchten,</Unicode>
                </TextEquiv>
                <TextStyle fontFamily="Times New Roman" fontSize="6.5"/>
            </TextLine>
            <TextLine id="tl_134" primaryLanguage="German" custom="readingOrder {index:2;}">
                <Coords points="1991,1215 1136,1215 1136,1255 1991,1255"/>
                <Baseline points="1134,1237 1991,1243"/>
                <TextEquiv>
                    <Unicode>von ihrem Vorhaben, sich sofort auf die vor Mersina</Unicode>
                </TextEquiv>
                <TextStyle fontFamily="Times New Roman" fontSize="6.5"/>
            </TextLine>
            <TextLine id="tl_135" primaryLanguage="German" custom="readingOrder {index:3;}">
                <Coords points="1991,1255 1136,1255 1136,1295 1991,1295"/>
                <Baseline points="1136,1279 1991,1283"/>
                <TextEquiv>
                    <Unicode>ankernden Schiffe zu begeben, vorderhand abzustehen.</Unicode>
                </TextEquiv>
                <TextStyle fontFamily="Times New Roman" fontSize="6.5"/>
            </TextLine>
            <TextLine id="tl_136" primaryLanguage="German" custom="readingOrder {index:4;}">
                <Coords points="1992,1295 1136,1295 1136,1335 1992,1335"/>
                <Baseline points="1140,1319 1992,1323"/>
                <TextEquiv>
                    <Unicode>Die am Meer gelegenen deutschen, italienischen,</Unicode>
                </TextEquiv>
                <TextStyle fontFamily="Times New Roman" fontSize="6.5"/>
            </TextLine>
            <TextLine id="tl_137" primaryLanguage="German" custom="readingOrder {index:5;}">
                <Coords points="1992,1335 1139,1335 1139,1375 1992,1375"/>
                <Baseline points="1141,1360 1992,1363"/>
                <TextEquiv>
                    <Unicode>russischen und spanischen Konsulate hatten zur Be¬</Unicode>
                </TextEquiv>
                <TextStyle fontFamily="Times New Roman" fontSize="6.5"/>
            </TextLine>
            <TextLine id="tl_138" primaryLanguage="German" custom="readingOrder {index:6;}">
                <Coords points="1993,1376 1139,1376 1139,1415 1993,1415"/>
                <Baseline points="1140,1401 1993,1404"/>
                <TextEquiv>
                    <Unicode>ruhigung ihrer Schutzbefohlenen Boote in Bereit¬</Unicode>
                </TextEquiv>
                <TextStyle fontFamily="Times New Roman" fontSize="6.5"/>
            </TextLine>
            <TextLine id="tl_139" primaryLanguage="German" custom="readingOrder {index:7;}">
                <Coords points="1995,1416 1139,1416 1139,1455 1995,1455"/>
                <Baseline points="1142,1441 1995,1443"/>
                <TextEquiv>
                    <Unicode>schaft zur eventuellen augenblicklichen Aufnahme der</Unicode>
                </TextEquiv>
                <TextStyle fontFamily="Times New Roman" fontSize="6.5"/>
            </TextLine>
            <TextLine id="tl_140" primaryLanguage="German" custom="readingOrder {index:8;}">
                <Coords points="1995,1456 1140,1456 1140,1495 1995,1495"/>
                <Baseline points="1140,1482 1995,1482"/>
                <TextEquiv>
                    <Unicode>Flüchtigen. Die Verkaufsläden, Magazine usw. in</Unicode>
                </TextEquiv>
                <TextStyle fontFamily="Times New Roman" fontSize="6.5"/>
            </TextLine>
            <TextLine id="tl_141" primaryLanguage="German" custom="readingOrder {index:9;}">
                <Coords points="1996,1496 1140,1496 1140,1535 1996,1535"/>
                <Baseline points="1142,1520 1990,1518"/>
                <TextEquiv>
                    <Unicode>der Stadt wurden beim Eintreffen der Schreckens¬</Unicode>
                </TextEquiv>
                <TextStyle fontFamily="Times New Roman" fontSize="6.5"/>
            </TextLine>
            <TextLine id="tl_142" primaryLanguage="German" custom="readingOrder {index:10;}">
                <Coords points="1997,1536 1142,1536 1142,1576 1997,1576"/>
                <Baseline points="1141,1561 1994,1558"/>
                <TextEquiv>
                    <Unicode>nachricht sofort geschlossen mit Ausnahme der Bäcke¬</Unicode>
                </TextEquiv>
                <TextStyle fontFamily="Times New Roman" fontSize="6.5"/>
            </TextLine>
            <TextLine id="tl_143" primaryLanguage="German" custom="readingOrder {index:11;}">
                <Coords points="1998,1576 1143,1576 1143,1616 1998,1616"/>
                <Baseline points="1143,1602 1997,1598"/>
                <TextEquiv>
                    <Unicode>reien, die, von Einwohnern umringt und belagert,</Unicode>
                </TextEquiv>
                <TextStyle fontFamily="Times New Roman" fontSize="6.5"/>
            </TextLine>
            <TextLine id="tl_144" primaryLanguage="German" custom="readingOrder {index:12;}">
                <Coords points="1999,1616 1143,1616 1143,1656 1999,1656"/>
                <Baseline points="1143,1641 1996,1638"/>
                <TextEquiv>
                    <Unicode>verkauften und fortwährend drauflos bucken. Jeder¬</Unicode>
                </TextEquiv>
                <TextStyle fontFamily="Times New Roman" fontSize="6.5"/>
            </TextLine>
            <TextLine id="tl_145" primaryLanguage="German" custom="readingOrder {index:13;}">
                <Coords points="1999,1657 1144,1657 1144,1697 1999,1697"/>
                <Baseline points="1144,1683 1996,1679"/>
                <TextEquiv>
                    <Unicode>mann wollte sich verproviantieren, um nicht ge¬</Unicode>
                </TextEquiv>
                <TextStyle fontFamily="Times New Roman" fontSize="6.5"/>
            </TextLine>
            <TextLine id="tl_146" primaryLanguage="German" custom="readingOrder {index:14;}">
                <Coords points="1998,1697 1145,1697 1145,1737 1998,1737"/>
                <Baseline points="1146,1724 2000,1721"/>
                <TextEquiv>
                    <Unicode>zwungen zu sein, während des voraussichtlichen</Unicode>
                </TextEquiv>
                <TextStyle fontFamily="Times New Roman" fontSize="6.5"/>
            </TextLine>
            <TextLine id="tl_147" primaryLanguage="German" custom="readingOrder {index:15;}">
                <Coords points="1804,1737 1145,1737 1145,1766 1804,1766"/>
                <Baseline points="1147,1762 1803,1764"/>
                <TextEquiv>
                    <Unicode>Straßenkampfes sein Haus zu verlassen.</Unicode>
                </TextEquiv>
                <TextStyle fontFamily="Times New Roman" fontSize="6.5"/>
            </TextLine>
            <TextEquiv>
                <Unicode>ihren Konsuln, welche, um der sich stets steigernden
Panik etwas zu steuern, die Flüchtlinge ersuchten,
von ihrem Vorhaben, sich sofort auf die vor Mersina
ankernden Schiffe zu begeben, vorderhand abzustehen.
Die am Meer gelegenen deutschen, italienischen,
russischen und spanischen Konsulate hatten zur Be¬
ruhigung ihrer Schutzbefohlenen Boote in Bereit¬
schaft zur eventuellen augenblicklichen Aufnahme der
Flüchtigen. Die Verkaufsläden, Magazine usw. in
der Stadt wurden beim Eintreffen der Schreckens¬
nachricht sofort geschlossen mit Ausnahme der Bäcke¬
reien, die, von Einwohnern umringt und belagert,
verkauften und fortwährend drauflos bucken. Jeder¬
mann wollte sich verproviantieren, um nicht ge¬
zwungen zu sein, während des voraussichtlichen
Straßenkampfes sein Haus zu verlassen.</Unicode>
            </TextEquiv>
        </TextRegion>
        <TextRegion type="paragraph" id="r_13_2" custom="readingOrder {index:35;}">
            <Coords points="1146,1769 2001,1769 2001,2130 1146,2130"/>
            <TextLine id="tl_148" primaryLanguage="German" custom="readingOrder {index:0;}">
                <Coords points="1999,1781 1199,1781 1199,1817 1999,1817"/>
                <Baseline points="1202,1802 1998,1800"/>
                <TextEquiv>
                    <Unicode>Man brauchte nicht nervöser Natur zu sein, um</Unicode>
                </TextEquiv>
                <TextStyle fontFamily="Times New Roman" fontSize="6.5"/>
            </TextLine>
            <TextLine id="tl_149" primaryLanguage="German" custom="readingOrder {index:1;}">
                <Coords points="2000,1818 1147,1818 1147,1857 2000,1857"/>
                <Baseline points="1147,1843 1998,1839"/>
                <TextEquiv>
                    <Unicode>beim Anblick der sonst so ruhigen Stadt, in der bei</Unicode>
                </TextEquiv>
                <TextStyle fontFamily="Times New Roman" fontSize="6.5"/>
            </TextLine>
            <TextLine id="tl_150" primaryLanguage="German" custom="readingOrder {index:2;}">
                <Coords points="2000,1857 1147,1857 1147,1897 2000,1897"/>
                <Baseline points="1147,1885 1999,1881"/>
                <TextEquiv>
                    <Unicode>gewöhnlichen Zeiten Handel und Wandel so regel¬</Unicode>
                </TextEquiv>
                <TextStyle fontFamily="Times New Roman" fontSize="6.5"/>
            </TextLine>
            <TextLine id="tl_151" primaryLanguage="German" custom="readingOrder {index:3;}">
                <Coords points="2000,1897 1149,1897 1149,1937 2000,1937"/>
                <Baseline points="1149,1925 1997,1922"/>
                <TextEquiv>
                    <Unicode>mäßig und eintönig vor sich geht, aufgeregt zu wer¬</Unicode>
                </TextEquiv>
                <TextStyle fontFamily="Times New Roman" fontSize="6.5"/>
            </TextLine>
            <TextLine id="tl_152" primaryLanguage="German" custom="readingOrder {index:4;}">
                <Coords points="2000,1938 1148,1938 1148,1978 2000,1978"/>
                <Baseline points="1149,1963 1999,1962"/>
                <TextEquiv>
                    <Unicode>den. Bekannte und Verwandte huschten aneinander</Unicode>
                </TextEquiv>
                <TextStyle fontFamily="Times New Roman" fontSize="6.5"/>
            </TextLine>
            <TextLine id="tl_153" primaryLanguage="German" custom="readingOrder {index:5;}">
                <Coords points="1999,1978 1149,1978 1149,2018 1999,2018"/>
                <Baseline points="1149,2006 1999,2002"/>
                <TextEquiv>
                    <Unicode>vorüber, ohne daß sich der eine um den andern be¬</Unicode>
                </TextEquiv>
                <TextStyle fontFamily="Times New Roman" fontSize="6.5"/>
            </TextLine>
            <TextLine id="tl_154" primaryLanguage="German" custom="readingOrder {index:6;}">
                <Coords points="2000,2018 1149,2018 1149,2058 2000,2058"/>
                <Baseline points="1151,2044 1999,2041"/>
                <TextEquiv>
                    <Unicode>kümmerte, nur darauf trachtend, welches der beste</Unicode>
                </TextEquiv>
                <TextStyle fontFamily="Times New Roman" fontSize="6.5"/>
            </TextLine>
            <TextLine id="tl_155" primaryLanguage="German" custom="readingOrder {index:7;}">
                <Coords points="1999,2058 1150,2058 1150,2098 1999,2098"/>
                <Baseline points="1151,2083 1998,2083"/>
                <TextEquiv>
                    <Unicode>Weg sei, um sein liebes „Ich" vor der drohenden</Unicode>
                </TextEquiv>
                <TextStyle fontFamily="Times New Roman" fontSize="6.5"/>
            </TextLine>
            <TextLine id="tl_156" primaryLanguage="German" custom="readingOrder {index:8;}">
                <Coords points="1682,2098 1150,2098 1150,2127 1682,2127"/>
                <Baseline points="1150,2124 1683,2123"/>
                <TextEquiv>
                    <Unicode>Gefahr zu schützen und zu sichern.</Unicode>
                </TextEquiv>
                <TextStyle fontFamily="Times New Roman" fontSize="6.5"/>
            </TextLine>
            <TextEquiv>
                <Unicode>Man brauchte nicht nervöser Natur zu sein, um
beim Anblick der sonst so ruhigen Stadt, in der bei
gewöhnlichen Zeiten Handel und Wandel so regel¬
mäßig und eintönig vor sich geht, aufgeregt zu wer¬
den. Bekannte und Verwandte huschten aneinander
vorüber, ohne daß sich der eine um den andern be¬
kümmerte, nur darauf trachtend, welches der beste
Weg sei, um sein liebes „Ich" vor der drohenden
Gefahr zu schützen und zu sichern.</Unicode>
            </TextEquiv>
        </TextRegion>
        <TextRegion type="paragraph" id="r_13_3" custom="readingOrder {index:36;}">
            <Coords points="1150,2130 2008,2130 2008,2608 1150,2608"/>
            <TextLine id="tl_157" primaryLanguage="German" custom="readingOrder {index:0;}">
                <Coords points="2002,2141 1204,2141 1204,2178 2002,2178"/>
                <Baseline points="1205,2164 1999,2164"/>
                <TextEquiv>
                    <Unicode>Um 10 Uhr nachts, als die Geschichte zu bunt</Unicode>
                </TextEquiv>
                <TextStyle fontFamily="Times New Roman" fontSize="6.5"/>
            </TextLine>
            <TextLine id="tl_158" primaryLanguage="German" custom="readingOrder {index:1;}">
                <Coords points="2002,2178 1152,2178 1152,2218 2002,2218"/>
                <Baseline points="1151,2203 1999,2203"/>
                <TextEquiv>
                    <Unicode>wurde, als man wußte, daß das nur zwanzig Kilo¬</Unicode>
                </TextEquiv>
                <TextStyle fontFamily="Times New Roman" fontSize="6.5"/>
            </TextLine>
            <TextLine id="tl_159" primaryLanguage="German" custom="readingOrder {index:2;}">
                <Coords points="2004,2218 1151,2218 1151,2258 2004,2258"/>
                <Baseline points="1151,2244 2002,2244"/>
                <TextEquiv>
                    <Unicode>meter entfernte Tarsus ebenfalls in Flammen stehe,</Unicode>
                </TextEquiv>
                <TextStyle fontFamily="Times New Roman" fontSize="6.5"/>
            </TextLine>
            <TextLine id="tl_160" primaryLanguage="German" custom="readingOrder {index:3;}">
                <Coords points="2005,2258 1151,2258 1151,2298 2005,2298"/>
                <Baseline points="1149,2285 2004,2282"/>
                <TextEquiv>
                    <Unicode>da fing ich auch an, ernstlich an die Rettung meiner</Unicode>
                </TextEquiv>
                <TextStyle fontFamily="Times New Roman" fontSize="6.5"/>
            </TextLine>
            <TextLine id="tl_161" primaryLanguage="German" custom="readingOrder {index:4;}">
                <Coords points="2006,2298 1151,2298 1151,2338 2006,2338"/>
                <Baseline points="1151,2326 2004,2322"/>
                <TextEquiv>
                    <Unicode>Haut zu denken und begab mich auf das deutsche</Unicode>
                </TextEquiv>
                <TextStyle fontFamily="Times New Roman" fontSize="6.5"/>
            </TextLine>
            <TextLine id="tl_162" primaryLanguage="German" custom="readingOrder {index:5;}">
                <Coords points="2007,2338 1152,2338 1152,2377 2007,2377"/>
                <Baseline points="1150,2364 2008,2359"/>
                <TextEquiv>
                    <Unicode>Konsulat, unter dessen Schutz ich mich bei meiner</Unicode>
                </TextEquiv>
                <TextStyle fontFamily="Times New Roman" fontSize="6.5"/>
            </TextLine>
            <TextLine id="tl_163" primaryLanguage="German" custom="readingOrder {index:6;}">
                <Coords points="2007,2378 1152,2378 1152,2417 2007,2417"/>
                <Baseline points="1152,2405 2006,2401"/>
                <TextEquiv>
                    <Unicode>Ankunft in Mersina als Deutschschweizer gestellt</Unicode>
                </TextEquiv>
                <TextStyle fontFamily="Times New Roman" fontSize="6.5"/>
            </TextLine>
            <TextLine id="tl_164" primaryLanguage="German" custom="readingOrder {index:7;}">
                <Coords points="2006,2417 1153,2417 1153,2457 2006,2457"/>
                <Baseline points="1153,2445 2005,2441"/>
                <TextEquiv>
                    <Unicode>hatte. Die Räume des Konsulats waren überfüllt</Unicode>
                </TextEquiv>
                <TextStyle fontFamily="Times New Roman" fontSize="6.5"/>
            </TextLine>
            <TextLine id="tl_165" primaryLanguage="German" custom="readingOrder {index:8;}">
                <Coords points="2006,2458 1154,2458 1154,2497 2006,2497"/>
                <Baseline points="1154,2483 2005,2483"/>
                <TextEquiv>
                    <Unicode>und die Schreckensnachrichten, welche die aus Adana</Unicode>
                </TextEquiv>
                <TextStyle fontFamily="Times New Roman" fontSize="6.5"/>
            </TextLine>
            <TextLine id="tl_166" primaryLanguage="German" custom="readingOrder {index:9;}">
                <Coords points="2005,2498 1155,2498 1155,2537 2005,2537"/>
                <Baseline points="1155,2525 2004,2521"/>
                <TextEquiv>
                    <Unicode>und Tarsus Geflüchteten brachten, steigerten natür¬</Unicode>
                </TextEquiv>
                <TextStyle fontFamily="Times New Roman" fontSize="6.5"/>
            </TextLine>
            <TextLine id="tl_167" primaryLanguage="German" custom="readingOrder {index:10;}">
                <Coords points="2005,2538 1156,2538 1156,2578 2005,2578"/>
                <Baseline points="1156,2564 2004,2562"/>
                <TextEquiv>
                    <Unicode>lich die nervöse Spannung, die sich aller bemächtigt</Unicode>
                </TextEquiv>
                <TextStyle fontFamily="Times New Roman" fontSize="6.5"/>
            </TextLine>
            <TextLine id="tl_168" primaryLanguage="German" custom="readingOrder {index:11;}">
                <Coords points="1238,2578 1153,2578 1153,2606 1238,2606"/>
                <Baseline points="1153,2603 1238,2603"/>
                <TextEquiv>
                    <Unicode>hatte.</Unicode>
                </TextEquiv>
                <TextStyle fontFamily="Times New Roman" fontSize="6.5"/>
            </TextLine>
            <TextEquiv>
                <Unicode>Um 10 Uhr nachts, als die Geschichte zu bunt
wurde, als man wußte, daß das nur zwanzig Kilo¬
meter entfernte Tarsus ebenfalls in Flammen stehe,
da fing ich auch an, ernstlich an die Rettung meiner
Haut zu denken und begab mich auf das deutsche
Konsulat, unter dessen Schutz ich mich bei meiner
Ankunft in Mersina als Deutschschweizer gestellt
hatte. Die Räume des Konsulats waren überfüllt
und die Schreckensnachrichten, welche die aus Adana
und Tarsus Geflüchteten brachten, steigerten natür¬
lich die nervöse Spannung, die sich aller bemächtigt
hatte.</Unicode>
            </TextEquiv>
        </TextRegion>
        <TextRegion type="paragraph" id="r_13_4" custom="readingOrder {index:37;}">
            <Coords points="1153,2610 2012,2610 2012,3075 1153,3075"/>
            <TextLine id="tl_169" primaryLanguage="German" custom="readingOrder {index:0;}">
                <Coords points="2004,2621 1206,2621 1206,2658 2004,2658"/>
                <Baseline points="1206,2646 2004,2646"/>
                <TextEquiv>
                    <Unicode>Wenn auch durch die von den Konsuln getroffenen</Unicode>
                </TextEquiv>
                <TextStyle fontFamily="Times New Roman" fontSize="6.5"/>
            </TextLine>
            <TextLine id="tl_170" primaryLanguage="German" custom="readingOrder {index:1;}">
                <Coords points="2005,2658 1154,2658 1154,2697 2005,2697"/>
                <Baseline points="1152,2685 2000,2682"/>
                <TextEquiv>
                    <Unicode>Anordnungen für unser Leben keine direkte Gefahr</Unicode>
                </TextEquiv>
                <TextStyle fontFamily="Times New Roman" fontSize="6.5"/>
            </TextLine>
            <TextLine id="tl_171" primaryLanguage="German" custom="readingOrder {index:2;}">
                <Coords points="2007,2698 1154,2698 1154,2734 2007,2734"/>
                <Baseline points="1153,2720 2004,2718"/>
                <TextEquiv>
                    <Unicode>drohte, so waren es der Jammer von Männern und</Unicode>
                </TextEquiv>
                <TextStyle fontFamily="Times New Roman" fontSize="6.5"/>
            </TextLine>
            <TextLine id="tl_172" primaryLanguage="German" custom="readingOrder {index:3;}">
                <Coords points="2007,2735 1157,2735 1157,2771 2007,2771"/>
                <Baseline points="1157,2760 2005,2756"/>
                <TextEquiv>
                    <Unicode>Frauen, die schon seit drei Tagen ohne Nachrichten</Unicode>
                </TextEquiv>
                <TextStyle fontFamily="Times New Roman" fontSize="6.5"/>
            </TextLine>
            <TextLine id="tl_173" primaryLanguage="German" custom="readingOrder {index:4;}">
                <Coords points="2006,2772 1154,2772 1154,2811 2006,2811"/>
                <Baseline points="1155,2797 2005,2794"/>
                <TextEquiv>
                    <Unicode>von ihren in Adana und Tarsus wohnenden Ange¬</Unicode>
                </TextEquiv>
                <TextStyle fontFamily="Times New Roman" fontSize="6.5"/>
            </TextLine>
            <TextLine id="tl_174" primaryLanguage="German" custom="readingOrder {index:5;}">
                <Coords points="2006,2811 1155,2811 1155,2851 2006,2851"/>
                <Baseline points="1155,2839 2004,2834"/>
                <TextEquiv>
                    <Unicode>hörigen waren, die Unruhe der großen Geschäfts¬</Unicode>
                </TextEquiv>
                <TextStyle fontFamily="Times New Roman" fontSize="6.5"/>
            </TextLine>
            <TextLine id="tl_175" primaryLanguage="German" custom="readingOrder {index:6;}">
                <Coords points="2008,2851 1158,2851 1158,2890 2008,2890"/>
                <Baseline points="1159,2875 2007,2875"/>
                <TextEquiv>
                    <Unicode>leute, die sich in gänzlicher Ungewißheit über den</Unicode>
                </TextEquiv>
                <TextStyle fontFamily="Times New Roman" fontSize="6.5"/>
            </TextLine>
            <TextLine id="tl_176" primaryLanguage="German" custom="readingOrder {index:7;}">
                <Coords points="2009,2891 1157,2891 1157,2930 2009,2930"/>
                <Baseline points="1157,2918 2006,2915"/>
                <TextEquiv>
                    <Unicode>Stand ihres Eigentums befanden, Kinder, die in</Unicode>
                </TextEquiv>
                <TextStyle fontFamily="Times New Roman" fontSize="6.5"/>
            </TextLine>
            <TextLine id="tl_177" primaryLanguage="German" custom="readingOrder {index:8;}">
                <Coords points="2010,2930 1157,2930 1157,2970 2010,2970"/>
                <Baseline points="1157,2958 2010,2954"/>
                <TextEquiv>
                    <Unicode>voller Angst sich an ihre Eltern drängten; all das</Unicode>
                </TextEquiv>
                <TextStyle fontFamily="Times New Roman" fontSize="6.5"/>
            </TextLine>
            <TextLine id="tl_178" primaryLanguage="German" custom="readingOrder {index:9;}">
                <Coords points="2011,2971 1156,2971 1156,3010 2011,3010"/>
                <Baseline points="1156,2995 2010,2994"/>
                <TextEquiv>
                    <Unicode>übte selbstverständlich einen schweren Druck auf die</Unicode>
                </TextEquiv>
                <TextStyle fontFamily="Times New Roman" fontSize="6.5"/>
            </TextLine>
            <TextLine id="tl_179" primaryLanguage="German" custom="readingOrder {index:10;}">
                <Coords points="2011,3011 1156,3011 1156,3050 2011,3050"/>
                <Baseline points="1154,3037 2011,3033"/>
                <TextEquiv>
                    <Unicode>Stimmung der zusammengewürfelten Gesellschaft</Unicode>
                </TextEquiv>
                <TextStyle fontFamily="Times New Roman" fontSize="6.5"/>
            </TextLine>
            <TextLine id="tl_180" primaryLanguage="German" custom="readingOrder {index:11;}">
                <Coords points="1222,3050 1159,3050 1159,3078 1222,3078"/>
                <Baseline points="1159,3078 1222,3078"/>
                <TextEquiv>
                    <Unicode>aus.</Unicode>
                </TextEquiv>
                <TextStyle fontFamily="Times New Roman" fontSize="6.5"/>
            </TextLine>
            <TextEquiv>
                <Unicode>Wenn auch durch die von den Konsuln getroffenen
Anordnungen für unser Leben keine direkte Gefahr
drohte, so waren es der Jammer von Männern und
Frauen, die schon seit drei Tagen ohne Nachrichten
von ihren in Adana und Tarsus wohnenden Ange¬
hörigen waren, die Unruhe der großen Geschäfts¬
leute, die sich in gänzlicher Ungewißheit über den
Stand ihres Eigentums befanden, Kinder, die in
voller Angst sich an ihre Eltern drängten; all das
übte selbstverständlich einen schweren Druck auf die
Stimmung der zusammengewürfelten Gesellschaft
aus.</Unicode>
            </TextEquiv>
        </TextRegion>
        <TextRegion type="paragraph" id="r_13_5" custom="readingOrder {index:38;}">
            <Coords points="1159,3083 2013,3083 2013,3282 1159,3282"/>
            <TextLine id="tl_181" primaryLanguage="German" custom="readingOrder {index:0;}">
                <Coords points="2012,3094 1210,3094 1210,3131 2012,3131"/>
                <Baseline points="1210,3117 2012,3115"/>
                <TextEquiv>
                    <Unicode>Die vier obgenannten Konsulate befinden sich in</Unicode>
                </TextEquiv>
                <TextStyle fontFamily="Times New Roman" fontSize="6.5"/>
            </TextLine>
            <TextLine id="tl_182" primaryLanguage="German" custom="readingOrder {index:1;}">
                <Coords points="2012,3131 1162,3131 1162,3171 2012,3171"/>
                <Baseline points="1162,3156 2012,3157"/>
                <TextEquiv>
                    <Unicode>unmittelbarer Nähe und die zahlreichen, scharf be¬</Unicode>
                </TextEquiv>
                <TextStyle fontFamily="Times New Roman" fontSize="6.5"/>
            </TextLine>
            <TextLine id="tl_183" primaryLanguage="German" custom="readingOrder {index:2;}">
                <Coords points="2012,3171 1160,3171 1160,3211 2012,3211"/>
                <Baseline points="1159,3198 2008,3195"/>
                <TextEquiv>
                    <Unicode>waffneten Kawassen, die einberufenen patrouillieren¬</Unicode>
                </TextEquiv>
                <TextStyle fontFamily="Times New Roman" fontSize="6.5"/>
            </TextLine>
            <TextLine id="tl_184" primaryLanguage="German" custom="readingOrder {index:3;}">
                <Coords points="2012,3211 1160,3211 1160,3251 2012,3251"/>
                <Baseline points="1161,3236 2010,3236"/>
                <TextEquiv>
                    <Unicode>den Reserven boten genügende Sicherheit, um einst¬</Unicode>
                </TextEquiv>
                <TextStyle fontFamily="Times New Roman" fontSize="6.5"/>
            </TextLine>
            <TextLine id="tl_185" primaryLanguage="German" custom="readingOrder {index:4;}">
                <Coords points="2012,3251 1161,3251 1161,3280 2012,3280"/>
                <Baseline points="1161,3276 2011,3272"/>
                <TextEquiv>
                    <Unicode>weilen nicht um sein Leben besorgt sein zu müssen.</Unicode>
                </TextEquiv>
                <TextStyle fontFamily="Times New Roman" fontSize="6.5"/>
            </TextLine>
            <TextEquiv>
                <Unicode>Die vier obgenannten Konsulate befinden sich in
unmittelbarer Nähe und die zahlreichen, scharf be¬
waffneten Kawassen, die einberufenen patrouillieren¬
den Reserven boten genügende Sicherheit, um einst¬
weilen nicht um sein Leben besorgt sein zu müssen.</Unicode>
            </TextEquiv>
        </TextRegion>
        <TextRegion type="paragraph" id="r_13_6" custom="readingOrder {index:39;}">
            <Coords points="1158,3283 2015,3283 2015,3603 1158,3603"/>
            <TextLine id="tl_186" primaryLanguage="German" custom="readingOrder {index:0;}">
                <Coords points="2011,3294 1212,3294 1212,3330 2011,3330"/>
                <Baseline points="1212,3317 2013,3316"/>
                <TextEquiv>
                    <Unicode>Indessen trafen immer schlimmere Nachrichten</Unicode>
                </TextEquiv>
                <TextStyle fontFamily="Times New Roman" fontSize="6.5"/>
            </TextLine>
            <TextLine id="tl_187" primaryLanguage="German" custom="readingOrder {index:1;}">
                <Coords points="2011,3331 1159,3331 1159,3370 2011,3370"/>
                <Baseline points="1159,3358 2009,3354"/>
                <TextEquiv>
                    <Unicode>ein und als sich das Gerücht verbreitete, das sich</Unicode>
                </TextEquiv>
                <TextStyle fontFamily="Times New Roman" fontSize="6.5"/>
            </TextLine>
            <TextLine id="tl_188" primaryLanguage="German" custom="readingOrder {index:2;}">
                <Coords points="2010,3370 1160,3370 1160,3410 2010,3410"/>
                <Baseline points="1162,3396 2012,3393"/>
                <TextEquiv>
                    <Unicode>später dann auch bestätigte, daß die Bergbewohner</Unicode>
                </TextEquiv>
                <TextStyle fontFamily="Times New Roman" fontSize="6.5"/>
            </TextLine>
            <TextLine id="tl_189" primaryLanguage="German" custom="readingOrder {index:3;}">
                <Coords points="2011,3411 1159,3411 1159,3451 2011,3451"/>
                <Baseline points="1159,3438 2009,3433"/>
                <TextEquiv>
                    <Unicode>und die in der Umgebung Mersinas wohnenden Fel¬</Unicode>
                </TextEquiv>
                <TextStyle fontFamily="Times New Roman" fontSize="6.5"/>
            </TextLine>
            <TextLine id="tl_190" primaryLanguage="German" custom="readingOrder {index:4;}">
                <Coords points="2011,3451 1160,3451 1160,3491 2011,3491"/>
                <Baseline points="1159,3476 2009,3476"/>
                <TextEquiv>
                    <Unicode>lahs bewaffnet in die Stadt eingerückt seien, da</Unicode>
                </TextEquiv>
                <TextStyle fontFamily="Times New Roman" fontSize="6.5"/>
            </TextLine>
            <TextLine id="tl_191" primaryLanguage="German" custom="readingOrder {index:5;}">
                <Coords points="2013,3491 1160,3491 1160,3531 2013,3531"/>
                <Baseline points="1161,3516 2012,3514"/>
                <TextEquiv>
                    <Unicode>stieg die Beklemmung, die Furcht, ich möchte fast</Unicode>
                </TextEquiv>
                <TextStyle fontFamily="Times New Roman" fontSize="6.5"/>
            </TextLine>
            <TextLine id="tl_192" primaryLanguage="German" custom="readingOrder {index:6;}">
                <Coords points="2012,3531 1161,3531 1161,3571 2012,3571"/>
                <Baseline points="1163,3555 2010,3556"/>
                <TextEquiv>
                    <Unicode>sagen die Verzweiflung auf ihren Höhepunkt. Man</Unicode>
                </TextEquiv>
                <TextStyle fontFamily="Times New Roman" fontSize="6.5"/>
            </TextLine>
            <TextLine id="tl_193" primaryLanguage="German" custom="readingOrder {index:7;}">
                <Coords points="2014,3571 1160,3571 1160,3600 2014,3600"/>
                <Baseline points="1161,3598 2008,3594"/>
                <TextEquiv>
                    <Unicode>glaubte den Untergang der Stadt nunmehr besiegelt.</Unicode>
                </TextEquiv>
                <TextStyle fontFamily="Times New Roman" fontSize="6.5"/>
            </TextLine>
            <TextEquiv>
                <Unicode>Indessen trafen immer schlimmere Nachrichten
ein und als sich das Gerücht verbreitete, das sich
später dann auch bestätigte, daß die Bergbewohner
und die in der Umgebung Mersinas wohnenden Fel¬
lahs bewaffnet in die Stadt eingerückt seien, da
stieg die Beklemmung, die Furcht, ich möchte fast
sagen die Verzweiflung auf ihren Höhepunkt. Man
glaubte den Untergang der Stadt nunmehr besiegelt.</Unicode>
            </TextEquiv>
        </TextRegion>
        <TextRegion type="paragraph" id="r_13_7" custom="readingOrder {index:40;}">
            <Coords points="1160,3603 2017,3603 2017,3978 1160,3978"/>
            <TextLine id="tl_194" primaryLanguage="German" custom="readingOrder {index:0;}">
                <Coords points="2014,3614 1214,3614 1214,3651 2014,3651"/>
                <Baseline points="1215,3638 2012,3634"/>
                <TextEquiv>
                    <Unicode>In diesem kritischen Augenblicke verlangte ein</Unicode>
                </TextEquiv>
                <TextStyle fontFamily="Times New Roman" fontSize="6.5"/>
            </TextLine>
            <TextLine id="tl_195" primaryLanguage="German" custom="readingOrder {index:1;}">
                <Coords points="2014,3651 1161,3651 1161,3691 2014,3691"/>
                <Baseline points="1162,3676 2014,3679"/>
                <TextEquiv>
                    <Unicode>Prachtskerl von einem Türken unsern Konsul zu</Unicode>
                </TextEquiv>
                <TextStyle fontFamily="Times New Roman" fontSize="6.5"/>
            </TextLine>
            <TextLine id="tl_196" primaryLanguage="German" custom="readingOrder {index:2;}">
                <Coords points="2016,3691 1163,3691 1163,3731 2016,3731"/>
                <Baseline points="1163,3719 2012,3715"/>
                <TextEquiv>
                    <Unicode>sprechen. Was die beiden Männer verhandelten, ist</Unicode>
                </TextEquiv>
                <TextStyle fontFamily="Times New Roman" fontSize="6.5"/>
            </TextLine>
            <TextLine id="tl_197" primaryLanguage="German" custom="readingOrder {index:3;}">
                <Coords points="2015,3732 1164,3732 1164,3772 2015,3772"/>
                <Baseline points="1164,3759 2018,3756"/>
                <TextEquiv>
                    <Unicode>mir unbekannt; die Hauptsache war, daß eine Vier¬</Unicode>
                </TextEquiv>
                <TextStyle fontFamily="Times New Roman" fontSize="6.5"/>
            </TextLine>
            <TextLine id="tl_198" primaryLanguage="German" custom="readingOrder {index:4;}">
                <Coords points="2015,3772 1164,3772 1164,3812 2015,3812"/>
                <Baseline points="1163,3797 2012,3795"/>
                <TextEquiv>
                    <Unicode>telstunde später, als der Riese das Konsulat verlassen</Unicode>
                </TextEquiv>
                <TextStyle fontFamily="Times New Roman" fontSize="6.5"/>
            </TextLine>
            <TextLine id="tl_199" primaryLanguage="German" custom="readingOrder {index:5;}">
                <Coords points="2015,3812 1163,3812 1163,3852 2015,3852"/>
                <Baseline points="1164,3839 2014,3836"/>
                <TextEquiv>
                    <Unicode>hatte, uns der Konsul mit erleichtertem Herzen die</Unicode>
                </TextEquiv>
                <TextStyle fontFamily="Times New Roman" fontSize="6.5"/>
            </TextLine>
            <TextLine id="tl_200" primaryLanguage="German" custom="readingOrder {index:6;}">
                <Coords points="2014,3852 1165,3852 1165,3892 2014,3892"/>
                <Baseline points="1165,3878 2014,3875"/>
                <TextEquiv>
                    <Unicode>Mitteilung machte, daß die Bauern auf Befehl ihres</Unicode>
                </TextEquiv>
                <TextStyle fontFamily="Times New Roman" fontSize="6.5"/>
            </TextLine>
            <TextLine id="tl_201" primaryLanguage="German" custom="readingOrder {index:7;}">
                <Coords points="2013,3892 1164,3892 1164,3932 2013,3932"/>
                <Baseline points="1164,3917 2012,3918"/>
                <TextEquiv>
                    <Unicode>Anführers die Stadt sofort verlassen werden; und</Unicode>
                </TextEquiv>
                <TextStyle fontFamily="Times New Roman" fontSize="6.5"/>
            </TextLine>
            <TextLine id="tl_202" primaryLanguage="German" custom="readingOrder {index:8;}">
                <Coords points="1163,3916 1373,3913 1374,3963 1164,3966"/>
                <Baseline points="1164,3961 1374,3958"/>
                <TextEquiv>
                    <Unicode>so geschah es</Unicode>
                </TextEquiv>
                <TextStyle fontFamily="Times New Roman" fontSize="6.5"/>
            </TextLine>
            <TextEquiv>
                <Unicode>In diesem kritischen Augenblicke verlangte ein
Prachtskerl von einem Türken unsern Konsul zu
sprechen. Was die beiden Männer verhandelten, ist
mir unbekannt; die Hauptsache war, daß eine Vier¬
telstunde später, als der Riese das Konsulat verlassen
hatte, uns der Konsul mit erleichtertem Herzen die
Mitteilung machte, daß die Bauern auf Befehl ihres
Anführers die Stadt sofort verlassen werden; und
so geschah es</Unicode>
            </TextEquiv>
        </TextRegion>
        <TextRegion type="paragraph" id="r_13_8" custom="readingOrder {index:41;}">
            <Coords points="1405,3994 1780,3994 1780,4066 1405,4066"/>
            <TextLine id="tl_203" primaryLanguage="German" custom="readingOrder {index:0;}">
                <Coords points="1779,4013 1406,4013 1406,4059 1779,4059"/>
                <Baseline points="1406,4056 1779,4056"/>
                <TextEquiv>
                    <Unicode>Kantone.</Unicode>
                </TextEquiv>
                <TextStyle fontFamily="Times New Roman" fontSize="6.5"/>
            </TextLine>
            <TextEquiv>
                <Unicode>Kantone.</Unicode>
            </TextEquiv>
        </TextRegion>
        <TextRegion type="paragraph" id="r_13_9" custom="readingOrder {index:42;}">
            <Coords points="1494,4081 1699,4081 1699,4128 1494,4128"/>
            <TextLine id="tl_204" primaryLanguage="German" custom="readingOrder {index:0;}">
                <Coords points="1698,4095 1495,4095 1495,4126 1698,4126"/>
                <Baseline points="1495,4123 1698,4123"/>
                <TextEquiv>
                    <Unicode>Thurgau.</Unicode>
                </TextEquiv>
                <TextStyle fontFamily="Times New Roman" fontSize="8.0" bold="true"/>
            </TextLine>
            <TextEquiv>
                <Unicode>Thurgau.</Unicode>
            </TextEquiv>
        </TextRegion>
        <TextRegion type="paragraph" id="r_13_10" custom="readingOrder {index:43;}">
            <Coords points="1161,4132 2018,4132 2027,4758 1170,4758"/>
            <TextLine id="tl_205" primaryLanguage="German" custom="readingOrder {index:0;}">
                <Coords points="2013,4146 1230,4146 1230,4189 2013,4189"/>
                <Baseline points="1230,4177 2013,4177"/>
                <TextEquiv>
                    <Unicode>(+ Korr.) Der Große Rat ist seit einiger</Unicode>
                </TextEquiv>
                <TextStyle fontFamily="Times New Roman" fontSize="7.5" bold="true"/>
            </TextLine>
            <TextLine id="tl_206" primaryLanguage="German" custom="readingOrder {index:1;}">
                <Coords points="2014,4190 1162,4190 1162,4233 2014,4233"/>
                <Baseline points="1162,4220 2014,4220"/>
                <TextEquiv>
                    <Unicode>Zeit fleißig an der Arbeit. Er hat seit Neujahr</Unicode>
                </TextEquiv>
                <TextStyle fontFamily="Times New Roman" fontSize="7.5" bold="true"/>
            </TextLine>
            <TextLine id="tl_207" primaryLanguage="German" custom="readingOrder {index:2;}">
                <Coords points="2014,4234 1163,4234 1163,4277 2014,4277"/>
                <Baseline points="1163,4264 2014,4264"/>
                <TextEquiv>
                    <Unicode>in jedem Monat eine Sitzung abgehalten, was</Unicode>
                </TextEquiv>
                <TextStyle fontFamily="Times New Roman" fontSize="7.5" bold="true"/>
            </TextLine>
            <TextLine id="tl_208" primaryLanguage="German" custom="readingOrder {index:3;}">
                <Coords points="2015,4278 1164,4278 1164,4322 2015,4322"/>
                <Baseline points="1164,4309 2015,4309"/>
                <TextEquiv>
                    <Unicode>früher nie vorgekommen ist. Vielleicht bringt</Unicode>
                </TextEquiv>
                <TextStyle fontFamily="Times New Roman" fontSize="7.5" bold="true"/>
            </TextLine>
            <TextLine id="tl_209" primaryLanguage="German" custom="readingOrder {index:4;}">
                <Coords points="2013,4323 1163,4323 1163,4367 2013,4367"/>
                <Baseline points="1163,4354 2013,4354"/>
                <TextEquiv>
                    <Unicode>man es auf diese Art fertig, daß Staatsrech¬</Unicode>
                </TextEquiv>
                <TextStyle fontFamily="Times New Roman" fontSize="7.5" bold="true"/>
            </TextLine>
            <TextLine id="tl_210" primaryLanguage="German" custom="readingOrder {index:5;}">
                <Coords points="2016,4368 1163,4368 1163,4411 2016,4411"/>
                <Baseline points="1163,4398 2016,4398"/>
                <TextEquiv>
                    <Unicode>nung und Rechenschaftsbericht mit derjenigen</Unicode>
                </TextEquiv>
                <TextStyle fontFamily="Times New Roman" fontSize="7.5" bold="true"/>
            </TextLine>
            <TextLine id="tl_211" primaryLanguage="German" custom="readingOrder {index:6;}">
                <Coords points="2015,4412 1164,4412 1164,4456 2015,4456"/>
                <Baseline points="1164,4443 2015,4443"/>
                <TextEquiv>
                    <Unicode>Raschheit erledigt werden können, die ander¬</Unicode>
                </TextEquiv>
                <TextStyle fontFamily="Times New Roman" fontSize="7.5" bold="true"/>
            </TextLine>
            <TextLine id="tl_212" primaryLanguage="German" custom="readingOrder {index:7;}">
                <Coords points="2016,4457 1164,4457 1164,4501 2016,4501"/>
                <Baseline points="1164,4488 2016,4488"/>
                <TextEquiv>
                    <Unicode>wärts üblich ist. Denn es ist doch nicht ganz</Unicode>
                </TextEquiv>
                <TextStyle fontFamily="Times New Roman" fontSize="7.5" bold="true"/>
            </TextLine>
            <TextLine id="tl_213" primaryLanguage="German" custom="readingOrder {index:8;}">
                <Coords points="2017,4502 1164,4502 1164,4545 2017,4545"/>
                <Baseline points="1164,4532 2017,4532"/>
                <TextEquiv>
                    <Unicode>in der Ordnung, wenn der regierungsrätliche</Unicode>
                </TextEquiv>
                <TextStyle fontFamily="Times New Roman" fontSize="7.5" bold="true"/>
            </TextLine>
            <TextLine id="tl_214" primaryLanguage="German" custom="readingOrder {index:9;}">
                <Coords points="2017,4546 1164,4546 1164,4590 2017,4590"/>
                <Baseline points="1164,4577 2017,4577"/>
                <TextEquiv>
                    <Unicode>Geschäftsbericht für das Jahr 1907 und die</Unicode>
                </TextEquiv>
                <TextStyle fontFamily="Times New Roman" fontSize="7.5" bold="true"/>
            </TextLine>
            <TextLine id="tl_215" primaryLanguage="German" custom="readingOrder {index:10;}">
                <Coords points="2016,4591 1163,4591 1163,4635 2016,4635"/>
                <Baseline points="1163,4622 2016,4622"/>
                <TextEquiv>
                    <Unicode>Staatsrechnung für das Jahr 1906 (!) erst im</Unicode>
                </TextEquiv>
                <TextStyle fontFamily="Times New Roman" fontSize="7.5" bold="true"/>
            </TextLine>
            <TextLine id="tl_216" primaryLanguage="German" custom="readingOrder {index:11;}">
                <Coords points="2015,4636 1163,4636 1163,4679 2015,4679"/>
                <Baseline points="1163,4666 2015,4666"/>
                <TextEquiv>
                    <Unicode>April 1909 vom Großen Rat behandelt werden.</Unicode>
                </TextEquiv>
                <TextStyle fontFamily="Times New Roman" fontSize="7.5" bold="true"/>
            </TextLine>
            <TextLine id="tl_217" primaryLanguage="German" custom="readingOrder {index:12;}">
                <Coords points="2017,4680 1163,4680 1163,4725 2017,4725"/>
                <Baseline points="1163,4711 2017,4711"/>
                <TextEquiv>
                    <Unicode>Das waren nämlich die Haupttraktanden dieser</Unicode>
                </TextEquiv>
                <TextStyle fontFamily="Times New Roman" fontSize="7.5" bold="true"/>
            </TextLine>
            <TextLine id="line_1547162784807_142" custom="readingOrder {index:13;}">
                <Coords points="1166,4711 1408,4709 1408,4759 1166,4761"/>
                <Baseline points="1166,4756 1408,4754"/>
                <TextEquiv>
                    <Unicode>April-Sitzung.</Unicode>
                </TextEquiv>
            </TextLine>
            <TextEquiv>
                <Unicode>(+ Korr.) Der Große Rat ist seit einiger
Zeit fleißig an der Arbeit. Er hat seit Neujahr
in jedem Monat eine Sitzung abgehalten, was
früher nie vorgekommen ist. Vielleicht bringt
man es auf diese Art fertig, daß Staatsrech¬
nung und Rechenschaftsbericht mit derjenigen
Raschheit erledigt werden können, die ander¬
wärts üblich ist. Denn es ist doch nicht ganz
in der Ordnung, wenn der regierungsrätliche
Geschäftsbericht für das Jahr 1907 und die
Staatsrechnung für das Jahr 1906 (!) erst im
April 1909 vom Großen Rat behandelt werden.
Das waren nämlich die Haupttraktanden dieser
April-Sitzung.</Unicode>
            </TextEquiv>
        </TextRegion>
        <TextRegion type="paragraph" id="r_13_11" custom="readingOrder {index:44;}">
            <Coords points="1161,4761 2021,4761 2018,5342 1158,5342"/>
            <TextLine id="tl_218" primaryLanguage="German" custom="readingOrder {index:0;}">
                <Coords points="2017,4773 1193,4773 1193,4813 2017,4813"/>
                <Baseline points="1229,4795 2017,4797"/>
                <TextEquiv>
                    <Unicode>Die Beratung des regierungsrätlichen Ge¬</Unicode>
                </TextEquiv>
                <TextStyle fontFamily="Times New Roman" fontSize="7.5" bold="true"/>
            </TextLine>
            <TextLine id="tl_219" primaryLanguage="German" custom="readingOrder {index:1;}">
                <Coords points="2015,4814 1164,4814 1164,4858 2015,4858"/>
                <Baseline points="1163,4842 2014,4842"/>
                <TextEquiv>
                    <Unicode>schäftsberichtes ist sehr gründlich ausgefallen.</Unicode>
                </TextEquiv>
                <TextStyle fontFamily="Times New Roman" fontSize="7.5" bold="true"/>
            </TextLine>
            <TextLine id="tl_220" primaryLanguage="German" custom="readingOrder {index:2;}">
                <Coords points="2016,4859 1163,4859 1163,4902 2016,4902"/>
                <Baseline points="1163,4886 2016,4886"/>
                <TextEquiv>
                    <Unicode>Es hat an Postulaten, Anregungen und Wün¬</Unicode>
                </TextEquiv>
                <TextStyle fontFamily="Times New Roman" fontSize="7.5" bold="true"/>
            </TextLine>
            <TextLine id="tl_221" primaryLanguage="German" custom="readingOrder {index:3;}">
                <Coords points="2016,4903 1163,4903 1163,4947 2016,4947"/>
                <Baseline points="1163,4931 2016,4931"/>
                <TextEquiv>
                    <Unicode>schen nicht gefehlt, und jedes Departement fast</Unicode>
                </TextEquiv>
                <TextStyle fontFamily="Times New Roman" fontSize="7.5" bold="true"/>
            </TextLine>
            <TextLine id="tl_222" primaryLanguage="German" custom="readingOrder {index:4;}">
                <Coords points="2016,4948 1162,4948 1162,4991 2016,4991"/>
                <Baseline points="1161,4974 2015,4974"/>
                <TextEquiv>
                    <Unicode>ist eingeladen worden, „zu prüfen und Bericht</Unicode>
                </TextEquiv>
                <TextStyle fontFamily="Times New Roman" fontSize="7.5" bold="true"/>
            </TextLine>
            <TextLine id="tl_223" primaryLanguage="German" custom="readingOrder {index:5;}">
                <Coords points="2015,4992 1162,4992 1162,5036 2015,5036"/>
                <Baseline points="1161,5020 2014,5020"/>
                <TextEquiv>
                    <Unicode>zu erstatten". So soll untersucht werden, ob</Unicode>
                </TextEquiv>
                <TextStyle fontFamily="Times New Roman" fontSize="7.5" bold="true"/>
            </TextLine>
            <TextLine id="tl_224" primaryLanguage="German" custom="readingOrder {index:6;}">
                <Coords points="2016,5037 1162,5037 1162,5080 2016,5080"/>
                <Baseline points="1161,5064 2015,5064"/>
                <TextEquiv>
                    <Unicode>nicht der Staatsbeitrag für die Hagelversicherung</Unicode>
                </TextEquiv>
                <TextStyle fontFamily="Times New Roman" fontSize="7.5" bold="true"/>
            </TextLine>
            <TextLine id="tl_225" primaryLanguage="German" custom="readingOrder {index:7;}">
                <Coords points="2015,5081 1162,5081 1162,5125 2015,5125"/>
                <Baseline points="1163,5108 2016,5108"/>
                <TextEquiv>
                    <Unicode>der Reben von 25 auf 40 Prozent erhöht</Unicode>
                </TextEquiv>
                <TextStyle fontFamily="Times New Roman" fontSize="7.5" bold="true"/>
            </TextLine>
            <TextLine id="tl_226" primaryLanguage="German" custom="readingOrder {index:8;}">
                <Coords points="2015,5126 1161,5126 1161,5169 2015,5169"/>
                <Baseline points="1162,5154 2016,5154"/>
                <TextEquiv>
                    <Unicode>werden solle. Man hat ferner zuhanden des</Unicode>
                </TextEquiv>
                <TextStyle fontFamily="Times New Roman" fontSize="7.5" bold="true"/>
            </TextLine>
            <TextLine id="tl_227" primaryLanguage="German" custom="readingOrder {index:9;}">
                <Coords points="2015,5170 1162,5170 1162,5214 2015,5214"/>
                <Baseline points="1162,5197 2015,5197"/>
                <TextEquiv>
                    <Unicode>Bundesrates den Wunsch ausgedrückt, daß in</Unicode>
                </TextEquiv>
                <TextStyle fontFamily="Times New Roman" fontSize="7.5" bold="true"/>
            </TextLine>
            <TextLine id="tl_228" primaryLanguage="German" custom="readingOrder {index:10;}">
                <Coords points="2015,5215 1159,5215 1159,5259 2015,5259"/>
                <Baseline points="1159,5241 2015,5241"/>
                <TextEquiv>
                    <Unicode>Zukunft an den internationalen Verhältnissen</Unicode>
                </TextEquiv>
                <TextStyle fontFamily="Times New Roman" fontSize="7.5" bold="true"/>
            </TextLine>
            <TextLine id="tl_229" primaryLanguage="German" custom="readingOrder {index:11;}">
                <Coords points="2015,5260 1160,5260 1160,5303 2015,5303"/>
                <Baseline points="1160,5286 2015,5286"/>
                <TextEquiv>
                    <Unicode>am Bodensee nichts mehr geändert werde, ohne</Unicode>
                </TextEquiv>
                <TextStyle fontFamily="Times New Roman" fontSize="7.5" bold="true"/>
            </TextLine>
            <TextLine id="tl_230" primaryLanguage="German" custom="readingOrder {index:12;}">
                <Coords points="2014,5304 1160,5304 1160,5338 2014,5338"/>
                <Baseline points="1160,5331 2014,5331"/>
                <TextEquiv>
                    <Unicode>daß eine Konferenz der Bodenseeuferstaaten vor¬</Unicode>
                </TextEquiv>
                <TextStyle fontFamily="Times New Roman" fontSize="7.5" bold="true"/>
            </TextLine>
            <TextEquiv>
                <Unicode>Die Beratung des regierungsrätlichen Ge¬
schäftsberichtes ist sehr gründlich ausgefallen.
Es hat an Postulaten, Anregungen und Wün¬
schen nicht gefehlt, und jedes Departement fast
ist eingeladen worden, „zu prüfen und Bericht
zu erstatten". So soll untersucht werden, ob
nicht der Staatsbeitrag für die Hagelversicherung
der Reben von 25 auf 40 Prozent erhöht
werden solle. Man hat ferner zuhanden des
Bundesrates den Wunsch ausgedrückt, daß in
Zukunft an den internationalen Verhältnissen
am Bodensee nichts mehr geändert werde, ohne
daß eine Konferenz der Bodenseeuferstaaten vor¬</Unicode>
            </TextEquiv>
        </TextRegion>
        <TextRegion type="paragraph" id="r_14_1" custom="readingOrder {index:45;}">
            <Coords points="2030,1128 2907,1128 2907,2383 2030,2383"/>
            <TextLine id="tl_231" primaryLanguage="German" custom="readingOrder {index:0;}">
                <Coords points="2892,1143 2031,1143 2031,1188 2892,1188"/>
                <Baseline points="2031,1169 2892,1169"/>
                <TextEquiv>
                    <Unicode>her zu den beabsichtigten Aenderungen an</Unicode>
                </TextEquiv>
                <TextStyle fontFamily="Times New Roman" fontSize="7.5" bold="true"/>
            </TextLine>
            <TextLine id="tl_232" primaryLanguage="German" custom="readingOrder {index:1;}">
                <Coords points="2892,1189 2032,1189 2032,1233 2892,1233"/>
                <Baseline points="2033,1216 2893,1216"/>
                <TextEquiv>
                    <Unicode>Staatsverträgen habe Stellung nehmen können.</Unicode>
                </TextEquiv>
                <TextStyle fontFamily="Times New Roman" fontSize="7.5" bold="true"/>
            </TextLine>
            <TextLine id="tl_233" primaryLanguage="German" custom="readingOrder {index:2;}">
                <Coords points="2894,1234 2033,1234 2033,1277 2894,1277"/>
                <Baseline points="2033,1260 2894,1260"/>
                <TextEquiv>
                    <Unicode>Die Abschaffung der zollfreien Straßen in Kon¬</Unicode>
                </TextEquiv>
                <TextStyle fontFamily="Times New Roman" fontSize="7.5" bold="true"/>
            </TextLine>
            <TextLine id="tl_234" primaryLanguage="German" custom="readingOrder {index:3;}">
                <Coords points="2894,1278 2035,1278 2035,1322 2894,1322"/>
                <Baseline points="2036,1303 2895,1303"/>
                <TextEquiv>
                    <Unicode>stanz, die ohne Begrüßung der Interessenten</Unicode>
                </TextEquiv>
                <TextStyle fontFamily="Times New Roman" fontSize="7.5" bold="true"/>
            </TextLine>
            <TextLine id="tl_235" primaryLanguage="German" custom="readingOrder {index:4;}">
                <Coords points="2895,1323 2035,1323 2035,1367 2895,1367"/>
                <Baseline points="2035,1349 2895,1349"/>
                <TextEquiv>
                    <Unicode>von der eidgenössischen Zollverwaltung mit</Unicode>
                </TextEquiv>
                <TextStyle fontFamily="Times New Roman" fontSize="7.5" bold="true"/>
            </TextLine>
            <TextLine id="tl_236" primaryLanguage="German" custom="readingOrder {index:5;}">
                <Coords points="2894,1368 2037,1368 2037,1411 2894,1411"/>
                <Baseline points="2037,1393 2894,1393"/>
                <TextEquiv>
                    <Unicode>Baden abgemacht worden ist, hat an der Grenze</Unicode>
                </TextEquiv>
                <TextStyle fontFamily="Times New Roman" fontSize="7.5" bold="true"/>
            </TextLine>
            <TextLine id="tl_237" primaryLanguage="German" custom="readingOrder {index:6;}">
                <Coords points="2893,1412 2037,1412 2037,1456 2893,1456"/>
                <Baseline points="2037,1439 2893,1439"/>
                <TextEquiv>
                    <Unicode>viel böses Blut gemacht. Eine Anregung, es</Unicode>
                </TextEquiv>
                <TextStyle fontFamily="Times New Roman" fontSize="7.5" bold="true"/>
            </TextLine>
            <TextLine id="tl_238" primaryLanguage="German" custom="readingOrder {index:7;}">
                <Coords points="2891,1457 2038,1457 2038,1500 2891,1500"/>
                <Baseline points="2038,1482 2891,1482"/>
                <TextEquiv>
                    <Unicode>möchte durch eine Revision des Gemeindegesetzes</Unicode>
                </TextEquiv>
                <TextStyle fontFamily="Times New Roman" fontSize="7.5" bold="true"/>
            </TextLine>
            <TextLine id="tl_239" primaryLanguage="German" custom="readingOrder {index:8;}">
                <Coords points="2894,1501 2039,1501 2039,1545 2894,1545"/>
                <Baseline points="2041,1527 2896,1527"/>
                <TextEquiv>
                    <Unicode>die Einbürgerung erleichtert werden, ist vom</Unicode>
                </TextEquiv>
                <TextStyle fontFamily="Times New Roman" fontSize="7.5" bold="true"/>
            </TextLine>
            <TextLine id="tl_240" primaryLanguage="German" custom="readingOrder {index:9;}">
                <Coords points="2894,1546 2040,1546 2040,1589 2894,1589"/>
                <Baseline points="2039,1573 2893,1573"/>
                <TextEquiv>
                    <Unicode>Regierungsratstische aus abgelehnt worden. Man</Unicode>
                </TextEquiv>
                <TextStyle fontFamily="Times New Roman" fontSize="7.5" bold="true"/>
            </TextLine>
            <TextLine id="tl_241" primaryLanguage="German" custom="readingOrder {index:10;}">
                <Coords points="2894,1590 2040,1590 2040,1633 2894,1633"/>
                <Baseline points="2040,1616 2894,1616"/>
                <TextEquiv>
                    <Unicode>hat weiter einer baldigen Revision des Straf¬</Unicode>
                </TextEquiv>
                <TextStyle fontFamily="Times New Roman" fontSize="7.5" bold="true"/>
            </TextLine>
            <TextLine id="tl_242" primaryLanguage="German" custom="readingOrder {index:11;}">
                <Coords points="2896,1634 2041,1634 2041,1678 2896,1678"/>
                <Baseline points="2042,1661 2897,1661"/>
                <TextEquiv>
                    <Unicode>gesetzes das Wort gesprochen, eine Erweiterung</Unicode>
                </TextEquiv>
                <TextStyle fontFamily="Times New Roman" fontSize="7.5" bold="true"/>
            </TextLine>
            <TextLine id="tl_243" primaryLanguage="German" custom="readingOrder {index:12;}">
                <Coords points="2897,1679 2042,1679 2042,1723 2897,1723"/>
                <Baseline points="2043,1704 2898,1704"/>
                <TextEquiv>
                    <Unicode>der Männer-Irrenanstalt verlangt und die</Unicode>
                </TextEquiv>
                <TextStyle fontFamily="Times New Roman" fontSize="7.5" bold="true"/>
            </TextLine>
            <TextLine id="tl_244" primaryLanguage="German" custom="readingOrder {index:13;}">
                <Coords points="2898,1724 2042,1724 2042,1768 2898,1768"/>
                <Baseline points="2043,1750 2890,1747"/>
                <TextEquiv>
                    <Unicode>Herabsetzung der Krankentaxen im Kantons¬</Unicode>
                </TextEquiv>
                <TextStyle fontFamily="Times New Roman" fontSize="7.5" bold="true"/>
            </TextLine>
            <TextLine id="tl_245" primaryLanguage="German" custom="readingOrder {index:14;}">
                <Coords points="2900,1769 2041,1769 2041,1812 2900,1812"/>
                <Baseline points="2042,1794 2901,1794"/>
                <TextEquiv>
                    <Unicode>spital für die Mitglieder der Krankenkassen an¬</Unicode>
                </TextEquiv>
                <TextStyle fontFamily="Times New Roman" fontSize="7.5" bold="true"/>
            </TextLine>
            <TextLine id="tl_246" primaryLanguage="German" custom="readingOrder {index:15;}">
                <Coords points="2903,1813 2042,1813 2042,1857 2903,1857"/>
                <Baseline points="2042,1840 2897,1837"/>
                <TextEquiv>
                    <Unicode>geregt. Zu reden gab auch das neue Wirtschafts¬</Unicode>
                </TextEquiv>
                <TextStyle fontFamily="Times New Roman" fontSize="7.5" bold="true"/>
            </TextLine>
            <TextLine id="tl_247" primaryLanguage="German" custom="readingOrder {index:16;}">
                <Coords points="2903,1858 2043,1858 2043,1902 2903,1902"/>
                <Baseline points="2043,1885 2903,1885"/>
                <TextEquiv>
                    <Unicode>gesetz, bei dessen Durchführung man nach der</Unicode>
                </TextEquiv>
                <TextStyle fontFamily="Times New Roman" fontSize="7.5" bold="true"/>
            </TextLine>
            <TextLine id="tl_248" primaryLanguage="German" custom="readingOrder {index:17;}">
                <Coords points="2901,1903 2043,1903 2043,1947 2901,1947"/>
                <Baseline points="2044,1928 2902,1928"/>
                <TextEquiv>
                    <Unicode>Ansicht vieler Leute allzu rigoros zu Werke ge¬</Unicode>
                </TextEquiv>
                <TextStyle fontFamily="Times New Roman" fontSize="7.5" bold="true"/>
            </TextLine>
            <TextLine id="tl_249" primaryLanguage="German" custom="readingOrder {index:18;}">
                <Coords points="2901,1948 2043,1948 2043,1992 2901,1992"/>
                <Baseline points="2043,1975 2900,1972"/>
                <TextEquiv>
                    <Unicode>gangen ist. Es sind in der letzten Zeit, meistens</Unicode>
                </TextEquiv>
                <TextStyle fontFamily="Times New Roman" fontSize="7.5" bold="true"/>
            </TextLine>
            <TextLine id="tl_250" primaryLanguage="German" custom="readingOrder {index:19;}">
                <Coords points="2899,1993 2043,1993 2043,2037 2899,2037"/>
                <Baseline points="2043,2020 2899,2020"/>
                <TextEquiv>
                    <Unicode>aus sittenpolizeilichen Gründen, im Thurgau</Unicode>
                </TextEquiv>
                <TextStyle fontFamily="Times New Roman" fontSize="7.5" bold="true"/>
            </TextLine>
            <TextLine id="tl_251" primaryLanguage="German" custom="readingOrder {index:20;}">
                <Coords points="2901,2038 2043,2038 2043,2081 2901,2081"/>
                <Baseline points="2043,2068 2901,2068"/>
                <TextEquiv>
                    <Unicode>eine ganze Anzahl von Wirtschaften in be¬</Unicode>
                </TextEquiv>
                <TextStyle fontFamily="Times New Roman" fontSize="7.5" bold="true"/>
            </TextLine>
            <TextLine id="tl_252" primaryLanguage="German" custom="readingOrder {index:21;}">
                <Coords points="2900,2082 2043,2082 2043,2126 2900,2126"/>
                <Baseline points="2043,2110 2900,2110"/>
                <TextEquiv>
                    <Unicode>schleunigtem Verfahren geschlossen und dadurch</Unicode>
                </TextEquiv>
                <TextStyle fontFamily="Times New Roman" fontSize="7.5" bold="true"/>
            </TextLine>
            <TextLine id="tl_253" primaryLanguage="German" custom="readingOrder {index:22;}">
                <Coords points="2904,2127 2043,2127 2043,2170 2904,2170"/>
                <Baseline points="2043,2154 2904,2154"/>
                <TextEquiv>
                    <Unicode>unbeteiligte Besitzer oder Hypothekargläubiger</Unicode>
                </TextEquiv>
                <TextStyle fontFamily="Times New Roman" fontSize="7.5" bold="true"/>
            </TextLine>
            <TextLine id="tl_254" primaryLanguage="German" custom="readingOrder {index:23;}">
                <Coords points="2904,2171 2045,2171 2045,2214 2904,2214"/>
                <Baseline points="2045,2198 2904,2195"/>
                <TextEquiv>
                    <Unicode>schwer geschädigt worden. Man hat nun eine</Unicode>
                </TextEquiv>
                <TextStyle fontFamily="Times New Roman" fontSize="7.5" bold="true"/>
            </TextLine>
            <TextLine id="tl_255" primaryLanguage="German" custom="readingOrder {index:24;}">
                <Coords points="2905,2215 2047,2215 2047,2259 2905,2259"/>
                <Baseline points="2047,2242 2902,2238"/>
                <TextEquiv>
                    <Unicode>etwas sanftere Praxis zugesagt. Daß die Be¬</Unicode>
                </TextEquiv>
                <TextStyle fontFamily="Times New Roman" fontSize="7.5" bold="true"/>
            </TextLine>
            <TextLine id="tl_256" primaryLanguage="German" custom="readingOrder {index:25;}">
                <Coords points="2906,2260 2047,2260 2047,2303 2906,2303"/>
                <Baseline points="2048,2286 2904,2280"/>
                <TextEquiv>
                    <Unicode>handlung der Staatsrechnung für das Jahr</Unicode>
                </TextEquiv>
                <TextStyle fontFamily="Times New Roman" fontSize="7.5" bold="true"/>
            </TextLine>
            <TextLine id="tl_257" primaryLanguage="German" custom="readingOrder {index:26;}">
                <Coords points="2901,2304 2051,2304 2051,2348 2901,2348"/>
                <Baseline points="2052,2329 2902,2329"/>
                <TextEquiv>
                    <Unicode>1906 kein großes Interesse mehr gefunden</Unicode>
                </TextEquiv>
                <TextStyle fontFamily="Times New Roman" fontSize="7.5" bold="true"/>
            </TextLine>
            <TextLine id="tl_258" primaryLanguage="German" custom="readingOrder {index:27;}">
                <Coords points="2382,2349 2050,2349 2050,2380 2382,2380"/>
                <Baseline points="2050,2376 2382,2376"/>
                <TextEquiv>
                    <Unicode>hat, ist begreiflich.</Unicode>
                </TextEquiv>
                <TextStyle fontFamily="Times New Roman" fontSize="7.5" bold="true"/>
            </TextLine>
            <TextEquiv>
                <Unicode>her zu den beabsichtigten Aenderungen an
Staatsverträgen habe Stellung nehmen können.
Die Abschaffung der zollfreien Straßen in Kon¬
stanz, die ohne Begrüßung der Interessenten
von der eidgenössischen Zollverwaltung mit
Baden abgemacht worden ist, hat an der Grenze
viel böses Blut gemacht. Eine Anregung, es
möchte durch eine Revision des Gemeindegesetzes
die Einbürgerung erleichtert werden, ist vom
Regierungsratstische aus abgelehnt worden. Man
hat weiter einer baldigen Revision des Straf¬
gesetzes das Wort gesprochen, eine Erweiterung
der Männer-Irrenanstalt verlangt und die
Herabsetzung der Krankentaxen im Kantons¬
spital für die Mitglieder der Krankenkassen an¬
geregt. Zu reden gab auch das neue Wirtschafts¬
gesetz, bei dessen Durchführung man nach der
Ansicht vieler Leute allzu rigoros zu Werke ge¬
gangen ist. Es sind in der letzten Zeit, meistens
aus sittenpolizeilichen Gründen, im Thurgau
eine ganze Anzahl von Wirtschaften in be¬
schleunigtem Verfahren geschlossen und dadurch
unbeteiligte Besitzer oder Hypothekargläubiger
schwer geschädigt worden. Man hat nun eine
etwas sanftere Praxis zugesagt. Daß die Be¬
handlung der Staatsrechnung für das Jahr
1906 kein großes Interesse mehr gefunden
hat, ist begreiflich.</Unicode>
            </TextEquiv>
        </TextRegion>
        <TextRegion type="paragraph" id="r_14_2" custom="readingOrder {index:46;}">
            <Coords points="2046,2377 2917,2377 2917,3315 2046,3315"/>
            <TextLine id="tl_259" primaryLanguage="German" custom="readingOrder {index:0;}">
                <Coords points="2905,2392 2121,2392 2121,2438 2905,2438"/>
                <Baseline points="2121,2418 2905,2418"/>
                <TextEquiv>
                    <Unicode>Auch eine Interpellation ist in dieser April¬</Unicode>
                </TextEquiv>
                <TextStyle fontFamily="Times New Roman" fontSize="7.5" bold="true"/>
            </TextLine>
            <TextLine id="tl_260" primaryLanguage="German" custom="readingOrder {index:1;}">
                <Coords points="2908,2439 2049,2439 2049,2482 2908,2482"/>
                <Baseline points="2049,2469 2908,2469"/>
                <TextEquiv>
                    <Unicode>sitzung erledigt worden. Sie steht im Zu¬</Unicode>
                </TextEquiv>
                <TextStyle fontFamily="Times New Roman" fontSize="7.5" bold="true"/>
            </TextLine>
            <TextLine id="tl_261" primaryLanguage="German" custom="readingOrder {index:2;}">
                <Coords points="2908,2483 2049,2483 2049,2526 2908,2526"/>
                <Baseline points="2049,2513 2908,2513"/>
                <TextEquiv>
                    <Unicode>sammenhang mit der Erweiterung des Artillerie¬</Unicode>
                </TextEquiv>
                <TextStyle fontFamily="Times New Roman" fontSize="7.5" bold="true"/>
            </TextLine>
            <TextLine id="tl_262" primaryLanguage="German" custom="readingOrder {index:3;}">
                <Coords points="2909,2527 2049,2527 2049,2570 2909,2570"/>
                <Baseline points="2049,2557 2909,2557"/>
                <TextEquiv>
                    <Unicode>schießplatzes Frauenfeld. Durch diese Erweite¬</Unicode>
                </TextEquiv>
                <TextStyle fontFamily="Times New Roman" fontSize="7.5" bold="true"/>
            </TextLine>
            <TextLine id="tl_263" primaryLanguage="German" custom="readingOrder {index:4;}">
                <Coords points="2909,2571 2048,2571 2048,2615 2909,2615"/>
                <Baseline points="2048,2602 2909,2602"/>
                <TextEquiv>
                    <Unicode>rung wird nämlich die Staatsstraße Frauen¬</Unicode>
                </TextEquiv>
                <TextStyle fontFamily="Times New Roman" fontSize="7.5" bold="true"/>
            </TextLine>
            <TextLine id="tl_264" primaryLanguage="German" custom="readingOrder {index:5;}">
                <Coords points="2908,2616 2047,2616 2047,2659 2908,2659"/>
                <Baseline points="2047,2646 2908,2646"/>
                <TextEquiv>
                    <Unicode>feld-Stammheim in das Waffenplatzareal</Unicode>
                </TextEquiv>
                <TextStyle fontFamily="Times New Roman" fontSize="7.5" bold="true"/>
            </TextLine>
            <TextLine id="tl_265" primaryLanguage="German" custom="readingOrder {index:6;}">
                <Coords points="2907,2660 2048,2660 2048,2702 2907,2702"/>
                <Baseline points="2048,2690 2907,2690"/>
                <TextEquiv>
                    <Unicode>einbezogen und die Straße wird während der</Unicode>
                </TextEquiv>
                <TextStyle fontFamily="Times New Roman" fontSize="7.5" bold="true"/>
            </TextLine>
            <TextLine id="tl_266" primaryLanguage="German" custom="readingOrder {index:7;}">
                <Coords points="2912,2703 2051,2703 2051,2744 2912,2744"/>
                <Baseline points="2051,2732 2912,2732"/>
                <TextEquiv>
                    <Unicode>Schießübungen auf größere Distanzen von den</Unicode>
                </TextEquiv>
                <TextStyle fontFamily="Times New Roman" fontSize="7.5" bold="true"/>
            </TextLine>
            <TextLine id="tl_267" primaryLanguage="German" custom="readingOrder {index:8;}">
                <Coords points="2908,2745 2049,2745 2049,2786 2908,2786"/>
                <Baseline points="2049,2773 2908,2773"/>
                <TextEquiv>
                    <Unicode>Batterien überschossen werden, so daß sie ab¬</Unicode>
                </TextEquiv>
                <TextStyle fontFamily="Times New Roman" fontSize="7.5" bold="true"/>
            </TextLine>
            <TextLine id="tl_268" primaryLanguage="German" custom="readingOrder {index:9;}">
                <Coords points="2899,2787 2049,2787 2049,2831 2899,2831"/>
                <Baseline points="2049,2818 2899,2818"/>
                <TextEquiv>
                    <Unicode>gesperrt werden muß. Man hat nun angefragt,</Unicode>
                </TextEquiv>
                <TextStyle fontFamily="Times New Roman" fontSize="7.5" bold="true"/>
            </TextLine>
            <TextLine id="tl_269" primaryLanguage="German" custom="readingOrder {index:10;}">
                <Coords points="2910,2832 2050,2832 2050,2876 2910,2876"/>
                <Baseline points="2050,2863 2910,2863"/>
                <TextEquiv>
                    <Unicode>wie es sich mit dem Verkehr über diese viel¬</Unicode>
                </TextEquiv>
                <TextStyle fontFamily="Times New Roman" fontSize="7.5" bold="true"/>
            </TextLine>
            <TextLine id="tl_270" primaryLanguage="German" custom="readingOrder {index:11;}">
                <Coords points="2912,2877 2051,2877 2051,2920 2912,2920"/>
                <Baseline points="2051,2907 2912,2907"/>
                <TextEquiv>
                    <Unicode>befahrene Straße zukünftig verhalte. Der Vor¬</Unicode>
                </TextEquiv>
                <TextStyle fontFamily="Times New Roman" fontSize="7.5" bold="true"/>
            </TextLine>
            <TextLine id="tl_271" primaryLanguage="German" custom="readingOrder {index:12;}">
                <Coords points="2915,2921 2053,2921 2053,2964 2915,2964"/>
                <Baseline points="2053,2951 2915,2951"/>
                <TextEquiv>
                    <Unicode>steher des Militärdepartements hat die Aus¬</Unicode>
                </TextEquiv>
                <TextStyle fontFamily="Times New Roman" fontSize="7.5" bold="true"/>
            </TextLine>
            <TextLine id="tl_272" primaryLanguage="German" custom="readingOrder {index:13;}">
                <Coords points="2914,2965 2055,2965 2055,3008 2914,3008"/>
                <Baseline points="2055,2992 2914,2992"/>
                <TextEquiv>
                    <Unicode>kunft erteilt, daß die Geschichte nicht so</Unicode>
                </TextEquiv>
                <TextStyle fontFamily="Times New Roman" fontSize="7.5" bold="true"/>
            </TextLine>
            <TextLine id="tl_273" primaryLanguage="German" custom="readingOrder {index:14;}">
                <Coords points="2915,3009 2054,3009 2054,3053 2915,3053"/>
                <Baseline points="2054,3040 2915,3040"/>
                <TextEquiv>
                    <Unicode>schlimm sei und daß für die wenigen Vor¬</Unicode>
                </TextEquiv>
                <TextStyle fontFamily="Times New Roman" fontSize="7.5" bold="true"/>
            </TextLine>
            <TextLine id="tl_274" primaryLanguage="German" custom="readingOrder {index:15;}">
                <Coords points="2909,3054 2055,3054 2055,3097 2909,3097"/>
                <Baseline points="2055,3080 2909,3080"/>
                <TextEquiv>
                    <Unicode>mittage, an denen die Straße abgesperrt sei,</Unicode>
                </TextEquiv>
                <TextStyle fontFamily="Times New Roman" fontSize="7.5" bold="true"/>
            </TextLine>
            <TextLine id="tl_275" primaryLanguage="German" custom="readingOrder {index:16;}">
                <Coords points="2916,3098 2055,3098 2055,3141 2916,3141"/>
                <Baseline points="2055,3123 2916,3123"/>
                <TextEquiv>
                    <Unicode>der Verkehr auf eine neue Notstraße hinter</Unicode>
                </TextEquiv>
                <TextStyle fontFamily="Times New Roman" fontSize="7.5" bold="true"/>
            </TextLine>
            <TextLine id="tl_276" primaryLanguage="German" custom="readingOrder {index:17;}">
                <Coords points="2904,3142 2056,3142 2056,3186 2904,3186"/>
                <Baseline points="2056,3170 2904,3170"/>
                <TextEquiv>
                    <Unicode>den Feuerstellungen herum verwiesen werde.</Unicode>
                </TextEquiv>
                <TextStyle fontFamily="Times New Roman" fontSize="7.5" bold="true"/>
            </TextLine>
            <TextLine id="tl_277" primaryLanguage="German" custom="readingOrder {index:18;}">
                <Coords points="2906,3187 2056,3187 2056,3230 2906,3230"/>
                <Baseline points="2057,3214 2907,3214"/>
                <TextEquiv>
                    <Unicode>Die Kosten für den Bau dieser Straße tragen</Unicode>
                </TextEquiv>
                <TextStyle fontFamily="Times New Roman" fontSize="7.5" bold="true"/>
            </TextLine>
            <TextLine id="tl_278" primaryLanguage="German" custom="readingOrder {index:19;}">
                <Coords points="2913,3231 2056,3231 2056,3275 2913,3275"/>
                <Baseline points="2056,3256 2913,3256"/>
                <TextEquiv>
                    <Unicode>der Staat und die Gemeinde Frauenfeld ge¬</Unicode>
                </TextEquiv>
                <TextStyle fontFamily="Times New Roman" fontSize="7.5" bold="true"/>
            </TextLine>
            <TextLine id="line_1544003299178_217" primaryLanguage="German" custom="readingOrder {index:20;}">
                <Coords points="2227,3276 2056,3276 2056,3309 2227,3309"/>
                <Baseline points="2056,3302 2227,3302"/>
                <TextEquiv>
                    <Unicode>meinsam. </Unicode>
                </TextEquiv>
                <TextStyle fontFamily="Times New Roman" fontSize="7.5" bold="true"/>
            </TextLine>
            <TextEquiv>
                <Unicode>Auch eine Interpellation ist in dieser April¬
sitzung erledigt worden. Sie steht im Zu¬
sammenhang mit der Erweiterung des Artillerie¬
schießplatzes Frauenfeld. Durch diese Erweite¬
rung wird nämlich die Staatsstraße Frauen¬
feld-Stammheim in das Waffenplatzareal
einbezogen und die Straße wird während der
Schießübungen auf größere Distanzen von den
Batterien überschossen werden, so daß sie ab¬
gesperrt werden muß. Man hat nun angefragt,
wie es sich mit dem Verkehr über diese viel¬
befahrene Straße zukünftig verhalte. Der Vor¬
steher des Militärdepartements hat die Aus¬
kunft erteilt, daß die Geschichte nicht so
schlimm sei und daß für die wenigen Vor¬
mittage, an denen die Straße abgesperrt sei,
der Verkehr auf eine neue Notstraße hinter
den Feuerstellungen herum verwiesen werde.
Die Kosten für den Bau dieser Straße tragen
der Staat und die Gemeinde Frauenfeld ge¬
meinsam. </Unicode>
            </TextEquiv>
        </TextRegion>
        <TextRegion type="paragraph" id="r_15_1" custom="readingOrder {index:47;}">
            <Coords points="2053,3336 2918,3336 2918,3395 2053,3395"/>
            <TextLine id="tl_280" primaryLanguage="German" custom="readingOrder {index:0;}">
                <Coords points="2917,3353 2054,3353 2054,3391 2917,3391"/>
                <Baseline points="2054,3385 2917,3385"/>
                <TextEquiv>
                    <Unicode>Die Katastrophe eines italienischen Unterseebootes.</Unicode>
                </TextEquiv>
                <TextStyle fontFamily="Times New Roman" fontSize="10.0" bold="true"/>
            </TextLine>
            <TextEquiv>
                <Unicode>Die Katastrophe eines italienischen Unterseebootes.</Unicode>
            </TextEquiv>
        </TextRegion>
        <TextRegion type="paragraph" id="r_15_2" custom="readingOrder {index:48;}">
            <Coords points="2535,3403 2882,3403 2882,3444 2535,3444"/>
            <TextLine id="line_1547163984610_298" custom="readingOrder {index:0;}">
                <Coords points="2537,3392 2881,3393 2881,3443 2537,3442"/>
                <Baseline points="2537,3437 2881,3438"/>
                <TextEquiv>
                    <Unicode>St. Rom, 28. April</Unicode>
                </TextEquiv>
            </TextLine>
            <TextEquiv>
                <Unicode>St. Rom, 28. April</Unicode>
            </TextEquiv>
        </TextRegion>
        <TextRegion type="paragraph" id="r_15_3" custom="readingOrder {index:49;}">
            <Coords points="2055,3446 2928,3446 2928,5341 2055,5341"/>
            <TextLine id="tl_282" primaryLanguage="German" custom="readingOrder {index:0;}">
                <Coords points="2921,3453 2114,3453 2117,3485 2924,3485"/>
                <Baseline points="2115,3480 2921,3485"/>
                <TextEquiv>
                    <Unicode>Italien ist abermals von einer Katastrophe heim¬</Unicode>
                </TextEquiv>
                <TextStyle fontFamily="Times New Roman" fontSize="6.5"/>
            </TextLine>
            <TextLine id="tl_283" primaryLanguage="German" custom="readingOrder {index:1;}">
                <Coords points="2919,3491 2055,3491 2058,3524 2922,3524"/>
                <Baseline points="2057,3526 2921,3526"/>
                <TextEquiv>
                    <Unicode>gesucht worden, die zwar nicht mit dem Grauen des</Unicode>
                </TextEquiv>
                <TextStyle fontFamily="Times New Roman" fontSize="6.5"/>
            </TextLine>
            <TextLine id="tl_284" primaryLanguage="German" custom="readingOrder {index:2;}">
                <Coords points="2921,3530 2058,3530 2057,3563 2920,3563"/>
                <Baseline points="2056,3565 2919,3565"/>
                <TextEquiv>
                    <Unicode>Erdbebens an der Meerenge von Messina verglichen</Unicode>
                </TextEquiv>
                <TextStyle fontFamily="Times New Roman" fontSize="6.5"/>
            </TextLine>
            <TextLine id="tl_285" primaryLanguage="German" custom="readingOrder {index:3;}">
                <Coords points="2918,3580 2057,3580 2057,3619 2918,3619"/>
                <Baseline points="2057,3607 2918,3607"/>
                <TextEquiv>
                    <Unicode>werden kann, aber doch auch von der Art ist, die von</Unicode>
                </TextEquiv>
                <TextStyle fontFamily="Times New Roman" fontSize="6.5"/>
            </TextLine>
            <TextLine id="tl_286" primaryLanguage="German" custom="readingOrder {index:4;}">
                <Coords points="2918,3620 2058,3620 2058,3660 2918,3660"/>
                <Baseline points="2058,3649 2918,3649"/>
                <TextEquiv>
                    <Unicode>der Bevölkerung als ein nationales Unglück empfunden</Unicode>
                </TextEquiv>
                <TextStyle fontFamily="Times New Roman" fontSize="6.5"/>
            </TextLine>
            <TextLine id="tl_287" primaryLanguage="German" custom="readingOrder {index:5;}">
                <Coords points="2917,3661 2059,3661 2059,3699 2917,3699"/>
                <Baseline points="2059,3687 2917,3687"/>
                <TextEquiv>
                    <Unicode>wird. Während die Notabilitäten Neapels und ihre</Unicode>
                </TextEquiv>
                <TextStyle fontFamily="Times New Roman" fontSize="6.5"/>
            </TextLine>
            <TextLine id="tl_288" primaryLanguage="German" custom="readingOrder {index:6;}">
                <Coords points="2917,3700 2059,3700 2059,3740 2917,3740"/>
                <Baseline points="2059,3728 2917,3728"/>
                <TextEquiv>
                    <Unicode>Damen sich anschickten, im schönsten Frühlingsabend</Unicode>
                </TextEquiv>
                <TextStyle fontFamily="Times New Roman" fontSize="6.5"/>
            </TextLine>
            <TextLine id="tl_289" primaryLanguage="German" custom="readingOrder {index:7;}">
                <Coords points="2920,3729 2060,3729 2059,3767 2919,3767"/>
                <Baseline points="2060,3766 2920,3766"/>
                <TextEquiv>
                    <Unicode>auf dem neuen Kriegsschiff „Napoli" die Fahnenweihe</Unicode>
                </TextEquiv>
                <TextStyle fontFamily="Times New Roman" fontSize="6.5"/>
            </TextLine>
            <TextLine id="tl_290" primaryLanguage="German" custom="readingOrder {index:8;}">
                <Coords points="2919,3770 2059,3770 2056,3805 2916,3805"/>
                <Baseline points="2060,3803 2920,3803"/>
                <TextEquiv>
                    <Unicode>durch einen Ball zu krönen, explodiert plötzlich das</Unicode>
                </TextEquiv>
                <TextStyle fontFamily="Times New Roman" fontSize="6.5"/>
            </TextLine>
            <TextLine id="tl_291" primaryLanguage="German" custom="readingOrder {index:9;}">
                <Coords points="2924,3811 2061,3811 2059,3844 2922,3844"/>
                <Baseline points="2061,3843 2924,3843"/>
                <TextEquiv>
                    <Unicode>erst vor wenigen Monaten von Stapel gelassene Unter¬</Unicode>
                </TextEquiv>
                <TextStyle fontFamily="Times New Roman" fontSize="6.5"/>
            </TextLine>
            <TextLine id="tl_292" primaryLanguage="German" custom="readingOrder {index:10;}">
                <Coords points="2922,3854 2060,3854 2063,3886 2925,3886"/>
                <Baseline points="2062,3881 2924,3881"/>
                <TextEquiv>
                    <Unicode>seeboot „Foca" . Nach der einen Lesart soll durch</Unicode>
                </TextEquiv>
                <TextStyle fontFamily="Times New Roman" fontSize="6.5"/>
            </TextLine>
            <TextLine id="tl_293" primaryLanguage="German" custom="readingOrder {index:11;}">
                <Coords points="2925,3891 2059,3891 2060,3929 2926,3929"/>
                <Baseline points="2060,3924 2926,3924"/>
                <TextEquiv>
                    <Unicode>elektrische Einflüsse das aus einem der beiden Benzin¬</Unicode>
                </TextEquiv>
                <TextStyle fontFamily="Times New Roman" fontSize="6.5"/>
            </TextLine>
            <TextLine id="tl_294" primaryLanguage="German" custom="readingOrder {index:12;}">
                <Coords points="2923,3932 2058,3932 2058,3968 2923,3968"/>
                <Baseline points="2058,3965 2923,3965"/>
                <TextEquiv>
                    <Unicode>becken ausströmende Gas zur Entzündung gelangt</Unicode>
                </TextEquiv>
                <TextStyle fontFamily="Times New Roman" fontSize="6.5"/>
            </TextLine>
            <TextLine id="tl_295" primaryLanguage="German" custom="readingOrder {index:13;}">
                <Coords points="2923,3971 2058,3971 2058,4008 2923,4008"/>
                <Baseline points="2058,4006 2923,4006"/>
                <TextEquiv>
                    <Unicode>sein; nach einer andern wäre die Explosion auf die</Unicode>
                </TextEquiv>
                <TextStyle fontFamily="Times New Roman" fontSize="6.5"/>
            </TextLine>
            <TextLine id="tl_296" primaryLanguage="German" custom="readingOrder {index:14;}">
                <Coords points="2924,4012 2059,4012 2061,4047 2926,4047"/>
                <Baseline points="2058,4045 2923,4045"/>
                <TextEquiv>
                    <Unicode>unvorsichtige Handhabung einer Zigarre oder eines</Unicode>
                </TextEquiv>
                <TextStyle fontFamily="Times New Roman" fontSize="6.5"/>
            </TextLine>
            <TextLine id="tl_297" primaryLanguage="German" custom="readingOrder {index:15;}">
                <Coords points="2924,4053 2059,4053 2064,4087 2929,4087"/>
                <Baseline points="2060,4085 2925,4085"/>
                <TextEquiv>
                    <Unicode>Zündhölzchens zurückzuführen, obwohl das Rauchen</Unicode>
                </TextEquiv>
                <TextStyle fontFamily="Times New Roman" fontSize="6.5"/>
            </TextLine>
            <TextLine id="tl_298" primaryLanguage="German" custom="readingOrder {index:16;}">
                <Coords points="2924,4092 2059,4092 2058,4126 2923,4126"/>
                <Baseline points="2060,4124 2925,4124"/>
                <TextEquiv>
                    <Unicode>auf dem Unterseebot strengstens verboten ist. Etwas</Unicode>
                </TextEquiv>
                <TextStyle fontFamily="Times New Roman" fontSize="6.5"/>
            </TextLine>
            <TextLine id="tl_299" primaryLanguage="German" custom="readingOrder {index:17;}">
                <Coords points="2926,4134 2060,4134 2063,4165 2929,4165"/>
                <Baseline points="2060,4163 2926,4163"/>
                <TextEquiv>
                    <Unicode>Bestimmtes wird man über die Ursache der Katastrophe</Unicode>
                </TextEquiv>
                <TextStyle fontFamily="Times New Roman" fontSize="6.5"/>
            </TextLine>
            <TextLine id="tl_300" primaryLanguage="German" custom="readingOrder {index:18;}">
                <Coords points="2924,4173 2059,4173 2059,4207 2924,4207"/>
                <Baseline points="2061,4204 2926,4204"/>
                <TextEquiv>
                    <Unicode>wohl nie erfahren, da die Zeugen ihr fast alle zum</Unicode>
                </TextEquiv>
                <TextStyle fontFamily="Times New Roman" fontSize="6.5"/>
            </TextLine>
            <TextLine id="tl_301" primaryLanguage="German" custom="readingOrder {index:19;}">
                <Coords points="2922,4213 2060,4213 2061,4246 2923,4246"/>
                <Baseline points="2059,4246 2921,4246"/>
                <TextEquiv>
                    <Unicode>Opfer gefallen sind. Bis jetzt zählt man dreizehn</Unicode>
                </TextEquiv>
                <TextStyle fontFamily="Times New Roman" fontSize="6.5"/>
            </TextLine>
            <TextLine id="tl_302" primaryLanguage="German" custom="readingOrder {index:20;}">
                <Coords points="2925,4252 2060,4252 2063,4281 2928,4281"/>
                <Baseline points="2060,4282 2925,4282"/>
                <TextEquiv>
                    <Unicode>Tote und einige Schwerverwundete. Unverletzt blieben</Unicode>
                </TextEquiv>
                <TextStyle fontFamily="Times New Roman" fontSize="6.5"/>
            </TextLine>
            <TextLine id="tl_303" primaryLanguage="German" custom="readingOrder {index:21;}">
                <Coords points="2928,4290 2063,4290 2064,4325 2929,4325"/>
                <Baseline points="2060,4324 2925,4324"/>
                <TextEquiv>
                    <Unicode>nur fünf Mann der Besatzung, darunter der Komman¬</Unicode>
                </TextEquiv>
                <TextStyle fontFamily="Times New Roman" fontSize="6.5"/>
            </TextLine>
            <TextLine id="tl_304" primaryLanguage="German" custom="readingOrder {index:22;}">
                <Coords points="2929,4333 2061,4333 2061,4369 2929,4369"/>
                <Baseline points="2060,4363 2928,4363"/>
                <TextEquiv>
                    <Unicode>dant Leutnant z. S. Giovannini und der Genie¬</Unicode>
                </TextEquiv>
                <TextStyle fontFamily="Times New Roman" fontSize="6.5"/>
            </TextLine>
            <TextLine id="tl_305" primaryLanguage="German" custom="readingOrder {index:23;}">
                <Coords points="2930,4373 2065,4373 2067,4409 2932,4409"/>
                <Baseline points="2064,4405 2929,4405"/>
                <TextEquiv>
                    <Unicode>hauptmann Bernardi, die sämtliche zur Zeit der Explo¬</Unicode>
                </TextEquiv>
                <TextStyle fontFamily="Times New Roman" fontSize="6.5"/>
            </TextLine>
            <TextLine id="tl_306" primaryLanguage="German" custom="readingOrder {index:24;}">
                <Coords points="2928,4416 2064,4416 2067,4447 2931,4447"/>
                <Baseline points="2065,4445 2929,4445"/>
                <TextEquiv>
                    <Unicode>sion abwesend waren. Der Kommandant war, nach¬</Unicode>
                </TextEquiv>
                <TextStyle fontFamily="Times New Roman" fontSize="6.5"/>
            </TextLine>
            <TextLine id="tl_307" primaryLanguage="German" custom="readingOrder {index:25;}">
                <Coords points="2925,4451 2063,4451 2064,4488 2926,4488"/>
                <Baseline points="2064,4485 2926,4485"/>
                <TextEquiv>
                    <Unicode>dem er die Füllung der beiden Benzinbecken, die bis</Unicode>
                </TextEquiv>
                <TextStyle fontFamily="Times New Roman" fontSize="6.5"/>
            </TextLine>
            <TextLine id="tl_308" primaryLanguage="German" custom="readingOrder {index:26;}">
                <Coords points="2925,4493 2065,4493 2066,4528 2926,4528"/>
                <Baseline points="2062,4524 2922,4524"/>
                <TextEquiv>
                    <Unicode>sechs Uhr abends dauerte, überwacht hatte, an Land</Unicode>
                </TextEquiv>
                <TextStyle fontFamily="Times New Roman" fontSize="6.5"/>
            </TextLine>
            <TextLine id="tl_309" primaryLanguage="German" custom="readingOrder {index:27;}">
                <Coords points="2924,4534 2063,4534 2062,4568 2923,4568"/>
                <Baseline points="2063,4566 2924,4566"/>
                <TextEquiv>
                    <Unicode>gegangen, um einen Kameraden, Sohn des Admirals</Unicode>
                </TextEquiv>
                <TextStyle fontFamily="Times New Roman" fontSize="6.5"/>
            </TextLine>
            <TextLine id="tl_310" primaryLanguage="German" custom="readingOrder {index:28;}">
                <Coords points="2923,4574 2064,4574 2064,4608 2923,4608"/>
                <Baseline points="2064,4605 2923,4605"/>
                <TextEquiv>
                    <Unicode>Grenet, auf einen Torpedojäger zu begleiten. Kaum</Unicode>
                </TextEquiv>
                <TextStyle fontFamily="Times New Roman" fontSize="6.5"/>
            </TextLine>
            <TextLine id="tl_311" primaryLanguage="German" custom="readingOrder {index:29;}">
                <Coords points="2923,4616 2062,4616 2062,4653 2923,4653"/>
                <Baseline points="2060,4646 2921,4646"/>
                <TextEquiv>
                    <Unicode>dort angelangt, sieht er, gleich allen, die sich gerade</Unicode>
                </TextEquiv>
                <TextStyle fontFamily="Times New Roman" fontSize="6.5"/>
            </TextLine>
            <TextLine id="tl_312" primaryLanguage="German" custom="readingOrder {index:30;}">
                <Coords points="2926,4651 2066,4651 2064,4683 2924,4683"/>
                <Baseline points="2065,4686 2925,4686"/>
                <TextEquiv>
                    <Unicode>auf den Molen und den nächsten Kriegsschiffen befan¬</Unicode>
                </TextEquiv>
                <TextStyle fontFamily="Times New Roman" fontSize="6.5"/>
            </TextLine>
            <TextLine id="tl_313" primaryLanguage="German" custom="readingOrder {index:31;}">
                <Coords points="2922,4693 2065,4693 2064,4728 2921,4728"/>
                <Baseline points="2063,4728 2920,4728"/>
                <TextEquiv>
                    <Unicode>den, wie sein Unterseeboot mit lautem Krach explodiert,</Unicode>
                </TextEquiv>
                <TextStyle fontFamily="Times New Roman" fontSize="6.5"/>
            </TextLine>
            <TextLine id="tl_314" primaryLanguage="German" custom="readingOrder {index:32;}">
                <Coords points="2920,4735 2063,4735 2064,4771 2921,4771"/>
                <Baseline points="2064,4768 2921,4768"/>
                <TextEquiv>
                    <Unicode>einen Augenblick aus dem Wasser geschleudert wird,</Unicode>
                </TextEquiv>
                <TextStyle fontFamily="Times New Roman" fontSize="6.5"/>
            </TextLine>
            <TextLine id="tl_315" primaryLanguage="German" custom="readingOrder {index:33;}">
                <Coords points="2919,4776 2062,4776 2064,4810 2921,4810"/>
                <Baseline points="2062,4808 2919,4808"/>
                <TextEquiv>
                    <Unicode>das in hohen Wogen an die Dämme prallt und dann,</Unicode>
                </TextEquiv>
                <TextStyle fontFamily="Times New Roman" fontSize="6.5"/>
            </TextLine>
            <TextLine id="tl_316" primaryLanguage="German" custom="readingOrder {index:34;}">
                <Coords points="2926,4814 2065,4814 2065,4845 2926,4845"/>
                <Baseline points="2063,4847 2924,4847"/>
                <TextEquiv>
                    <Unicode>ein müdes, rauchendes Wrack, in sein Element zurück¬</Unicode>
                </TextEquiv>
                <TextStyle fontFamily="Times New Roman" fontSize="6.5"/>
            </TextLine>
            <TextLine id="tl_317" primaryLanguage="German" custom="readingOrder {index:35;}">
                <Coords points="2924,4854 2062,4854 2062,4891 2924,4891"/>
                <Baseline points="2062,4889 2924,4889"/>
                <TextEquiv>
                    <Unicode>sinkt. Wenige Minuten später ist Giovannini zugleich</Unicode>
                </TextEquiv>
                <TextStyle fontFamily="Times New Roman" fontSize="6.5"/>
            </TextLine>
            <TextLine id="tl_318" primaryLanguage="German" custom="readingOrder {index:36;}">
                <Coords points="2925,4896 2063,4896 2064,4927 2926,4927"/>
                <Baseline points="2064,4927 2926,4927"/>
                <TextEquiv>
                    <Unicode>mit den ersten Rettern vom Quai her an der Unglücks¬</Unicode>
                </TextEquiv>
                <TextStyle fontFamily="Times New Roman" fontSize="6.5"/>
            </TextLine>
            <TextLine id="tl_319" primaryLanguage="German" custom="readingOrder {index:37;}">
                <Coords points="2922,4948 2061,4948 2061,4987 2922,4987"/>
                <Baseline points="2062,4970 2923,4970"/>
                <TextEquiv>
                    <Unicode>stelle angelangt. Er erkennt sofort, daß das zweite,</Unicode>
                </TextEquiv>
                <TextStyle fontFamily="Times New Roman" fontSize="6.5"/>
            </TextLine>
            <TextLine id="tl_320" primaryLanguage="German" custom="readingOrder {index:38;}">
                <Coords points="2928,4975 2062,4975 2067,5009 2933,5009"/>
                <Baseline points="2061,5012 2927,5009"/>
                <TextEquiv>
                    <Unicode>größere Benzinbecken noch nicht explodiert ist, und vor</Unicode>
                </TextEquiv>
                <TextStyle fontFamily="Times New Roman" fontSize="6.5"/>
            </TextLine>
            <TextLine id="tl_321" primaryLanguage="German" custom="readingOrder {index:39;}">
                <Coords points="2929,5016 2063,5016 2063,5050 2929,5050"/>
                <Baseline points="2063,5049 2929,5049"/>
                <TextEquiv>
                    <Unicode>seinen Augen tut sich die Vision einer möglicherweise</Unicode>
                </TextEquiv>
                <TextStyle fontFamily="Times New Roman" fontSize="6.5"/>
            </TextLine>
            <TextLine id="tl_322" primaryLanguage="German" custom="readingOrder {index:40;}">
                <Coords points="2926,5058 2063,5058 2063,5091 2926,5091"/>
                <Baseline points="2063,5090 2926,5090"/>
                <TextEquiv>
                    <Unicode>noch größeren Unglücks auf, wenn das zweite Becken</Unicode>
                </TextEquiv>
                <TextStyle fontFamily="Times New Roman" fontSize="6.5"/>
            </TextLine>
            <TextLine id="tl_323" primaryLanguage="German" custom="readingOrder {index:41;}">
                <Coords points="2929,5099 2065,5099 2066,5135 2930,5135"/>
                <Baseline points="2065,5131 2929,5129"/>
                <TextEquiv>
                    <Unicode>explodieren sollte, während Dutzende von Hilfsbereiten</Unicode>
                </TextEquiv>
                <TextStyle fontFamily="Times New Roman" fontSize="6.5"/>
            </TextLine>
            <TextLine id="tl_324" primaryLanguage="German" custom="readingOrder {index:42;}">
                <Coords points="2927,5135 2063,5135 2063,5177 2927,5177"/>
                <Baseline points="2064,5170 2928,5170"/>
                <TextEquiv>
                    <Unicode>das Wrack umschiffen, um die Verwundeten und Toten</Unicode>
                </TextEquiv>
                <TextStyle fontFamily="Times New Roman" fontSize="6.5"/>
            </TextLine>
            <TextLine id="tl_325" primaryLanguage="German" custom="readingOrder {index:43;}">
                <Coords points="2924,5180 2061,5180 2061,5214 2924,5214"/>
                <Baseline points="2064,5214 2926,5210"/>
                <TextEquiv>
                    <Unicode>aufzufischen. Sofort springt Giovannini auf das</Unicode>
                </TextEquiv>
                <TextStyle fontFamily="Times New Roman" fontSize="6.5"/>
            </TextLine>
            <TextLine id="tl_326" primaryLanguage="German" custom="readingOrder {index:44;}">
                <Coords points="2925,5218 2062,5218 2061,5256 2924,5256"/>
                <Baseline points="2063,5254 2922,5250"/>
                <TextEquiv>
                    <Unicode>rauchende Wrack, öffnet alle Ventile und bringt das</Unicode>
                </TextEquiv>
                <TextStyle fontFamily="Times New Roman" fontSize="6.5"/>
            </TextLine>
            <TextLine id="tl_327" primaryLanguage="German" custom="readingOrder {index:45;}">
                <Coords points="2919,5258 2059,5258 2060,5296 2920,5296"/>
                <Baseline points="2059,5292 2919,5292"/>
                <TextEquiv>
                    <Unicode>beste, größte und modernste italienische Unterseeboot,</Unicode>
                </TextEquiv>
                <TextStyle fontFamily="Times New Roman" fontSize="6.5"/>
            </TextLine>
            <TextLine id="line_1544004035033_221" primaryLanguage="German" custom="readingOrder {index:46;}">
                <Coords points="2919,5299 2058,5299 2060,5339 2921,5339"/>
                <Baseline points="2060,5332 2921,5332"/>
                <TextEquiv>
                    <Unicode>das soeben eine erfolgreiche Fahrt von Spezia nach</Unicode>
                </TextEquiv>
                <TextStyle fontFamily="Times New Roman" fontSize="6.5"/>
            </TextLine>
            <TextEquiv>
                <Unicode>Italien ist abermals von einer Katastrophe heim¬
gesucht worden, die zwar nicht mit dem Grauen des
Erdbebens an der Meerenge von Messina verglichen
werden kann, aber doch auch von der Art ist, die von
der Bevölkerung als ein nationales Unglück empfunden
wird. Während die Notabilitäten Neapels und ihre
Damen sich anschickten, im schönsten Frühlingsabend
auf dem neuen Kriegsschiff „Napoli" die Fahnenweihe
durch einen Ball zu krönen, explodiert plötzlich das
erst vor wenigen Monaten von Stapel gelassene Unter¬
seeboot „Foca" . Nach der einen Lesart soll durch
elektrische Einflüsse das aus einem der beiden Benzin¬
becken ausströmende Gas zur Entzündung gelangt
sein; nach einer andern wäre die Explosion auf die
unvorsichtige Handhabung einer Zigarre oder eines
Zündhölzchens zurückzuführen, obwohl das Rauchen
auf dem Unterseebot strengstens verboten ist. Etwas
Bestimmtes wird man über die Ursache der Katastrophe
wohl nie erfahren, da die Zeugen ihr fast alle zum
Opfer gefallen sind. Bis jetzt zählt man dreizehn
Tote und einige Schwerverwundete. Unverletzt blieben
nur fünf Mann der Besatzung, darunter der Komman¬
dant Leutnant z. S. Giovannini und der Genie¬
hauptmann Bernardi, die sämtliche zur Zeit der Explo¬
sion abwesend waren. Der Kommandant war, nach¬
dem er die Füllung der beiden Benzinbecken, die bis
sechs Uhr abends dauerte, überwacht hatte, an Land
gegangen, um einen Kameraden, Sohn des Admirals
Grenet, auf einen Torpedojäger zu begleiten. Kaum
dort angelangt, sieht er, gleich allen, die sich gerade
auf den Molen und den nächsten Kriegsschiffen befan¬
den, wie sein Unterseeboot mit lautem Krach explodiert,
einen Augenblick aus dem Wasser geschleudert wird,
das in hohen Wogen an die Dämme prallt und dann,
ein müdes, rauchendes Wrack, in sein Element zurück¬
sinkt. Wenige Minuten später ist Giovannini zugleich
mit den ersten Rettern vom Quai her an der Unglücks¬
stelle angelangt. Er erkennt sofort, daß das zweite,
größere Benzinbecken noch nicht explodiert ist, und vor
seinen Augen tut sich die Vision einer möglicherweise
noch größeren Unglücks auf, wenn das zweite Becken
explodieren sollte, während Dutzende von Hilfsbereiten
das Wrack umschiffen, um die Verwundeten und Toten
aufzufischen. Sofort springt Giovannini auf das
rauchende Wrack, öffnet alle Ventile und bringt das
beste, größte und modernste italienische Unterseeboot,
das soeben eine erfolgreiche Fahrt von Spezia nach</Unicode>
            </TextEquiv>
        </TextRegion>
        <TextRegion type="paragraph" id="r_16_1" custom="readingOrder {index:50;}">
            <Coords points="2941,1126 3808,1126 3808,1372 2941,1372"/>
            <TextLine id="tl_329" primaryLanguage="German" custom="readingOrder {index:0;}">
                <Coords points="3800,1128 2939,1128 2943,1164 3804,1164"/>
                <Baseline points="2946,1163 3807,1163"/>
                <TextEquiv>
                    <Unicode>Neapel gemacht hatte und andern Tags über Taranto</Unicode>
                </TextEquiv>
                <TextStyle fontFamily="Times New Roman" fontSize="6.5"/>
            </TextLine>
            <TextLine id="tl_330" primaryLanguage="German" custom="readingOrder {index:1;}">
                <Coords points="3803,1173 2943,1173 2946,1204 3806,1204"/>
                <Baseline points="2943,1202 3803,1202"/>
                <TextEquiv>
                    <Unicode>nach Venedig weiterfahren sollte, zum Sinken. Es</Unicode>
                </TextEquiv>
                <TextStyle fontFamily="Times New Roman" fontSize="6.5"/>
            </TextLine>
            <TextLine id="tl_331" primaryLanguage="German" custom="readingOrder {index:2;}">
                <Coords points="3803,1211 2940,1211 2942,1246 3805,1246"/>
                <Baseline points="2943,1245 3806,1245"/>
                <TextEquiv>
                    <Unicode>sind Zweifel aufgetaucht, ob sich nicht etwa noch</Unicode>
                </TextEquiv>
                <TextStyle fontFamily="Times New Roman" fontSize="6.5"/>
            </TextLine>
            <TextLine id="tl_332" primaryLanguage="German" custom="readingOrder {index:3;}">
                <Coords points="3809,1251 2946,1251 2945,1283 3808,1283"/>
                <Baseline points="2946,1284 3809,1284"/>
                <TextEquiv>
                    <Unicode>Lebende in dem Wrack befinden könnten, aber die</Unicode>
                </TextEquiv>
                <TextStyle fontFamily="Times New Roman" fontSize="6.5"/>
            </TextLine>
            <TextLine id="tl_333" primaryLanguage="German" custom="readingOrder {index:4;}">
                <Coords points="3807,1293 2946,1293 2947,1323 3808,1323"/>
                <Baseline points="2951,1324 3812,1324"/>
                <TextEquiv>
                    <Unicode>gestern morgen angestellten Tauchversuche haben</Unicode>
                </TextEquiv>
                <TextStyle fontFamily="Times New Roman" fontSize="6.5"/>
            </TextLine>
            <TextLine id="tl_334" primaryLanguage="German" custom="readingOrder {index:5;}">
                <Coords points="3467,1333 2944,1333 2947,1366 3470,1366"/>
                <Baseline points="2951,1365 3474,1365"/>
                <TextEquiv>
                    <Unicode>keinerlei Anzeichen dafür ergeben.</Unicode>
                </TextEquiv>
                <TextStyle fontFamily="Times New Roman" fontSize="6.5"/>
            </TextLine>
            <TextEquiv>
                <Unicode>Neapel gemacht hatte und andern Tags über Taranto
nach Venedig weiterfahren sollte, zum Sinken. Es
sind Zweifel aufgetaucht, ob sich nicht etwa noch
Lebende in dem Wrack befinden könnten, aber die
gestern morgen angestellten Tauchversuche haben
keinerlei Anzeichen dafür ergeben.</Unicode>
            </TextEquiv>
        </TextRegion>
        <TextRegion type="paragraph" id="r_16_2" custom="readingOrder {index:51;}">
            <Coords points="2941,1370 3822,1370 3822,2425 2941,2425"/>
            <TextLine id="tl_335" primaryLanguage="German" custom="readingOrder {index:0;}">
                <Coords points="3809,1373 3000,1373 3000,1414 3809,1414"/>
                <Baseline points="2999,1406 3808,1406"/>
                <TextEquiv>
                    <Unicode>So schnell sich auch die Nachricht von der Kata¬</Unicode>
                </TextEquiv>
                <TextStyle fontFamily="Times New Roman" fontSize="6.5"/>
            </TextLine>
            <TextLine id="tl_336" primaryLanguage="German" custom="readingOrder {index:1;}">
                <Coords points="3808,1414 2943,1414 2945,1452 3810,1452"/>
                <Baseline points="2944,1446 3809,1446"/>
                <TextEquiv>
                    <Unicode>strophe in Neapel verbreitete, so geschah dies doch</Unicode>
                </TextEquiv>
                <TextStyle fontFamily="Times New Roman" fontSize="6.5"/>
            </TextLine>
            <TextLine id="tl_337" primaryLanguage="German" custom="readingOrder {index:2;}">
                <Coords points="3807,1454 2942,1454 2943,1491 3808,1491"/>
                <Baseline points="2944,1486 3809,1486"/>
                <TextEquiv>
                    <Unicode>nicht so bald, daß nicht noch zahlreiche Offiziere und</Unicode>
                </TextEquiv>
                <TextStyle fontFamily="Times New Roman" fontSize="6.5"/>
            </TextLine>
            <TextLine id="tl_338" primaryLanguage="German" custom="readingOrder {index:3;}">
                <Coords points="3809,1495 2943,1495 2940,1533 3806,1533"/>
                <Baseline points="2944,1527 3809,1523"/>
                <TextEquiv>
                    <Unicode>Beamte in Uniform, angesehene Bürger im Frack,</Unicode>
                </TextEquiv>
                <TextStyle fontFamily="Times New Roman" fontSize="6.5"/>
            </TextLine>
            <TextLine id="tl_339" primaryLanguage="German" custom="readingOrder {index:4;}">
                <Coords points="3812,1535 2943,1535 2945,1575 3814,1575"/>
                <Baseline points="2942,1568 3811,1568"/>
                <TextEquiv>
                    <Unicode>alle im Schmuck ihrer Orden, sowie blumenbekränzte</Unicode>
                </TextEquiv>
                <TextStyle fontFamily="Times New Roman" fontSize="6.5"/>
            </TextLine>
            <TextLine id="tl_340" primaryLanguage="German" custom="readingOrder {index:5;}">
                <Coords points="3808,1576 2940,1576 2944,1615 3812,1615"/>
                <Baseline points="2945,1609 3813,1605"/>
                <TextEquiv>
                    <Unicode>Damen in hellen Frühlingskleidern am Tor des</Unicode>
                </TextEquiv>
                <TextStyle fontFamily="Times New Roman" fontSize="6.5"/>
            </TextLine>
            <TextLine id="tl_341" primaryLanguage="German" custom="readingOrder {index:6;}">
                <Coords points="3813,1617 2944,1617 2943,1655 3812,1655"/>
                <Baseline points="2943,1651 3812,1646"/>
                <TextEquiv>
                    <Unicode>Arsenals erschienen, um erst dort, im Anblick der</Unicode>
                </TextEquiv>
                <TextStyle fontFamily="Times New Roman" fontSize="6.5"/>
            </TextLine>
            <TextLine id="tl_342" primaryLanguage="German" custom="readingOrder {index:7;}">
                <Coords points="3814,1658 2945,1658 2947,1695 3816,1695"/>
                <Baseline points="2946,1692 3817,1687"/>
                <TextEquiv>
                    <Unicode>Toten und Verwundeten zu erfahren, daß es mit der</Unicode>
                </TextEquiv>
                <TextStyle fontFamily="Times New Roman" fontSize="6.5"/>
            </TextLine>
            <TextLine id="tl_343" primaryLanguage="German" custom="readingOrder {index:8;}">
                <Coords points="3816,1696 2948,1696 2945,1733 3813,1733"/>
                <Baseline points="2945,1732 3809,1728"/>
                <TextEquiv>
                    <Unicode>Feier vorbei sei. Ein seltsamer, tragischer Gegensatz:</Unicode>
                </TextEquiv>
                <TextStyle fontFamily="Times New Roman" fontSize="6.5"/>
            </TextLine>
            <TextLine id="tl_344" primaryLanguage="German" custom="readingOrder {index:9;}">
                <Coords points="3813,1737 2945,1737 2948,1776 3816,1776"/>
                <Baseline points="2949,1772 3817,1766"/>
                <TextEquiv>
                    <Unicode>Ueberall herrscht natürlich die größte Teilnahme für</Unicode>
                </TextEquiv>
                <TextStyle fontFamily="Times New Roman" fontSize="6.5"/>
            </TextLine>
            <TextLine id="tl_345" primaryLanguage="German" custom="readingOrder {index:10;}">
                <Coords points="3816,1781 2949,1781 2948,1816 3815,1816"/>
                <Baseline points="2948,1811 3815,1808"/>
                <TextEquiv>
                    <Unicode>die Opfer der Katastrophe. Besonders erschütternd ist</Unicode>
                </TextEquiv>
                <TextStyle fontFamily="Times New Roman" fontSize="6.5"/>
            </TextLine>
            <TextLine id="tl_346" primaryLanguage="German" custom="readingOrder {index:11;}">
                <Coords points="3813,1818 2947,1818 2953,1853 3819,1853"/>
                <Baseline points="2950,1852 3814,1847"/>
                <TextEquiv>
                    <Unicode>das Schicksal des Unterleutnants z. S. Bertolotti, der</Unicode>
                </TextEquiv>
                <TextStyle fontFamily="Times New Roman" fontSize="6.5"/>
            </TextLine>
            <TextLine id="tl_347" primaryLanguage="German" custom="readingOrder {index:12;}">
                <Coords points="3812,1858 2950,1858 2952,1897 3814,1897"/>
                <Baseline points="2953,1894 3816,1889"/>
                <TextEquiv>
                    <Unicode>zu den tüchtigsten, technischen Offizieren der Marine</Unicode>
                </TextEquiv>
                <TextStyle fontFamily="Times New Roman" fontSize="6.5"/>
            </TextLine>
            <TextLine id="tl_348" primaryLanguage="German" custom="readingOrder {index:13;}">
                <Coords points="3808,1898 2953,1898 2952,1937 3807,1937"/>
                <Baseline points="2952,1936 3809,1931"/>
                <TextEquiv>
                    <Unicode>gehörte und einer glänzenden Laufbahn gewiß schien.</Unicode>
                </TextEquiv>
                <TextStyle fontFamily="Times New Roman" fontSize="6.5"/>
            </TextLine>
            <TextLine id="tl_349" primaryLanguage="German" custom="readingOrder {index:14;}">
                <Coords points="3812,1951 2950,1951 2950,1991 3812,1991"/>
                <Baseline points="2954,1973 3817,1968"/>
                <TextEquiv>
                    <Unicode>Obwohl ihm beide Beine und der rechte Arm zerquetscht</Unicode>
                </TextEquiv>
                <TextStyle fontFamily="Times New Roman" fontSize="6.5"/>
            </TextLine>
            <TextLine id="tl_350" primaryLanguage="German" custom="readingOrder {index:15;}">
                <Coords points="3818,1980 2953,1980 2953,2018 3815,2013"/>
                <Baseline points="2953,2015 3817,2008"/>
                <TextEquiv>
                    <Unicode>wurden, besaß Bertolotti noch die Fassung, sich mit der</Unicode>
                </TextEquiv>
                <TextStyle fontFamily="Times New Roman" fontSize="6.5"/>
            </TextLine>
            <TextLine id="tl_351" primaryLanguage="German" custom="readingOrder {index:16;}">
                <Coords points="3813,2020 2951,2020 2953,2060 3814,2051"/>
                <Baseline points="2952,2055 3816,2046"/>
                <TextEquiv>
                    <Unicode>linken Hand an einem Trümmerstück anzuklammern.</Unicode>
                </TextEquiv>
                <TextStyle fontFamily="Times New Roman" fontSize="6.5"/>
            </TextLine>
            <TextLine id="tl_352" primaryLanguage="German" custom="readingOrder {index:17;}">
                <Coords points="3816,2061 2952,2061 2953,2099 3814,2092"/>
                <Baseline points="2953,2097 3816,2089"/>
                <TextEquiv>
                    <Unicode>Ins Marinelazarett verbracht, empfing er mit stoischem</Unicode>
                </TextEquiv>
                <TextStyle fontFamily="Times New Roman" fontSize="6.5"/>
            </TextLine>
            <TextLine id="tl_353" primaryLanguage="German" custom="readingOrder {index:18;}">
                <Coords points="3819,2100 2953,2100 2956,2139 3818,2133"/>
                <Baseline points="2953,2134 3818,2129"/>
                <TextEquiv>
                    <Unicode>Gleichmut, den Kommandanten Giovannini, dem er</Unicode>
                </TextEquiv>
                <TextStyle fontFamily="Times New Roman" fontSize="6.5"/>
            </TextLine>
            <TextLine id="tl_354" primaryLanguage="German" custom="readingOrder {index:19;}">
                <Coords points="3818,2135 2954,2141 2955,2179 3817,2170"/>
                <Baseline points="2952,2175 3814,2167"/>
                <TextEquiv>
                    <Unicode>selbst erzählte, daß man ihm jedenfalls beide Beine</Unicode>
                </TextEquiv>
                <TextStyle fontFamily="Times New Roman" fontSize="6.5"/>
            </TextLine>
            <TextLine id="tl_355" primaryLanguage="German" custom="readingOrder {index:20;}">
                <Coords points="3821,2179 2957,2179 2957,2216 3821,2216"/>
                <Baseline points="2954,2218 3817,2211"/>
                <TextEquiv>
                    <Unicode>und den rechten Arm werde amputieren müssen. Das</Unicode>
                </TextEquiv>
                <TextStyle fontFamily="Times New Roman" fontSize="6.5"/>
            </TextLine>
            <TextLine id="tl_356" primaryLanguage="German" custom="readingOrder {index:21;}">
                <Coords points="3810,2215 2953,2222 2954,2260 3815,2260"/>
                <Baseline points="2960,2256 3820,2247"/>
                <TextEquiv>
                    <Unicode>geschah denn auch; die Operation glückte an sich,</Unicode>
                </TextEquiv>
                <TextStyle fontFamily="Times New Roman" fontSize="6.5"/>
            </TextLine>
            <TextLine id="tl_357" primaryLanguage="German" custom="readingOrder {index:22;}">
                <Coords points="3821,2261 2955,2261 2956,2299 3822,2299"/>
                <Baseline points="2954,2297 3817,2290"/>
                <TextEquiv>
                    <Unicode>allein in der Nacht stellte sich Fieber ein, der unglück¬</Unicode>
                </TextEquiv>
                <TextStyle fontFamily="Times New Roman" fontSize="6.5"/>
            </TextLine>
            <TextLine id="tl_358" primaryLanguage="German" custom="readingOrder {index:23;}">
                <Coords points="3823,2302 2956,2302 2954,2341 3819,2334"/>
                <Baseline points="2954,2338 3822,2331"/>
                <TextEquiv>
                    <Unicode>liche Offizier brach in Phantasieen aus, suchte sich die</Unicode>
                </TextEquiv>
                <TextStyle fontFamily="Times New Roman" fontSize="6.5"/>
            </TextLine>
            <TextLine id="tl_359" primaryLanguage="German" custom="readingOrder {index:24;}">
                <Coords points="3819,2341 2954,2341 2957,2379 3822,2379"/>
                <Baseline points="2955,2379 3818,2369"/>
                <TextEquiv>
                    <Unicode>Verbände abzustreifen und starb, bevor der Morgen zu</Unicode>
                </TextEquiv>
                <TextStyle fontFamily="Times New Roman" fontSize="6.5"/>
            </TextLine>
            <TextLine id="tl_360" primaryLanguage="German" custom="readingOrder {index:25;}">
                <Coords points="3195,2386 2956,2386 2953,2426 3192,2426"/>
                <Baseline points="2958,2419 3197,2419"/>
                <TextEquiv>
                    <Unicode>grauen begann.</Unicode>
                </TextEquiv>
                <TextStyle fontFamily="Times New Roman" fontSize="6.5"/>
            </TextLine>
            <TextEquiv>
                <Unicode>So schnell sich auch die Nachricht von der Kata¬
strophe in Neapel verbreitete, so geschah dies doch
nicht so bald, daß nicht noch zahlreiche Offiziere und
Beamte in Uniform, angesehene Bürger im Frack,
alle im Schmuck ihrer Orden, sowie blumenbekränzte
Damen in hellen Frühlingskleidern am Tor des
Arsenals erschienen, um erst dort, im Anblick der
Toten und Verwundeten zu erfahren, daß es mit der
Feier vorbei sei. Ein seltsamer, tragischer Gegensatz:
Ueberall herrscht natürlich die größte Teilnahme für
die Opfer der Katastrophe. Besonders erschütternd ist
das Schicksal des Unterleutnants z. S. Bertolotti, der
zu den tüchtigsten, technischen Offizieren der Marine
gehörte und einer glänzenden Laufbahn gewiß schien.
Obwohl ihm beide Beine und der rechte Arm zerquetscht
wurden, besaß Bertolotti noch die Fassung, sich mit der
linken Hand an einem Trümmerstück anzuklammern.
Ins Marinelazarett verbracht, empfing er mit stoischem
Gleichmut, den Kommandanten Giovannini, dem er
selbst erzählte, daß man ihm jedenfalls beide Beine
und den rechten Arm werde amputieren müssen. Das
geschah denn auch; die Operation glückte an sich,
allein in der Nacht stellte sich Fieber ein, der unglück¬
liche Offizier brach in Phantasieen aus, suchte sich die
Verbände abzustreifen und starb, bevor der Morgen zu
grauen begann.</Unicode>
            </TextEquiv>
        </TextRegion>
        <TextRegion type="paragraph" id="r_17_1" custom="readingOrder {index:52;}">
            <Coords points="3212,2478 3574,2478 3574,2547 3212,2547"/>
            <TextLine id="tl_361" primaryLanguage="German" custom="readingOrder {index:0;}">
                <Coords points="3573,2479 3213,2479 3213,2545 3573,2545"/>
                <Baseline points="3211,2539 3571,2539"/>
                <TextEquiv>
                    <Unicode>Lokales.</Unicode>
                </TextEquiv>
                <TextStyle fontFamily="Times New Roman" fontSize="6.5"/>
            </TextLine>
            <TextEquiv>
                <Unicode>Lokales.</Unicode>
            </TextEquiv>
        </TextRegion>
        <TextRegion type="paragraph" id="r_17_2" custom="readingOrder {index:53;}">
            <Coords points="2953,2553 3838,2553 3838,4211 2953,4211"/>
            <TextLine id="tl_362" primaryLanguage="German" custom="readingOrder {index:0;}">
                <Coords points="3822,2568 3014,2568 3014,2613 3822,2613"/>
                <Baseline points="3013,2598 3821,2587"/>
                <TextEquiv>
                    <Unicode>— 1. Im „Zürichhorn" hielt Mittwoch den 28. April</Unicode>
                </TextEquiv>
                <TextStyle fontFamily="Times New Roman" fontSize="6.5"/>
            </TextLine>
            <TextLine id="tl_363" primaryLanguage="German" custom="readingOrder {index:1;}">
                <Coords points="3821,2594 2955,2603 2952,2645 3824,2636"/>
                <Baseline points="2953,2640 3823,2630"/>
                <TextEquiv>
                    <Unicode>der Verein der Wirte des Kantons Zürich</Unicode>
                </TextEquiv>
            </TextLine>
            <TextLine id="tl_364" primaryLanguage="German" custom="readingOrder {index:2;}">
                <Coords points="3822,2634 2957,2644 2961,2677 3827,2677"/>
                <Baseline points="2958,2680 3825,2671"/>
                <TextEquiv>
                    <Unicode>unter dem Vorsitze seines Präsidenten W. Amsler in</Unicode>
                </TextEquiv>
            </TextLine>
            <TextLine id="tl_365" primaryLanguage="German" custom="readingOrder {index:3;}">
                <Coords points="3824,2676 2958,2682 2957,2718 3821,2718"/>
                <Baseline points="2957,2718 3822,2709"/>
                <TextEquiv>
                    <Unicode>Erlenbach seine ordentliche Delegiertenversammlung ab,</Unicode>
                </TextEquiv>
                <TextStyle fontFamily="Times New Roman" fontSize="6.5"/>
            </TextLine>
            <TextLine id="tl_366" primaryLanguage="German" custom="readingOrder {index:4;}">
                <Coords points="3826,2718 2957,2718 2958,2757 3827,2757"/>
                <Baseline points="2962,2754 3829,2746"/>
                <TextEquiv>
                    <Unicode>zu der sich aus allen elf Bezirken Vertreter eingefun¬</Unicode>
                </TextEquiv>
            </TextLine>
            <TextLine id="tl_367" primaryLanguage="German" custom="readingOrder {index:5;}">
                <Coords points="3828,2761 2954,2761 2955,2796 3829,2796"/>
                <Baseline points="2956,2795 3828,2789"/>
                <TextEquiv>
                    <Unicode>den hatten. Der Jahresbericht, umfassend die Jahre</Unicode>
                </TextEquiv>
                <TextStyle fontFamily="Times New Roman" fontSize="6.5"/>
            </TextLine>
            <TextLine id="tl_368" primaryLanguage="German" custom="readingOrder {index:6;}">
                <Coords points="3822,2798 2955,2798 2959,2838 3826,2838"/>
                <Baseline points="2957,2835 3824,2830"/>
                <TextEquiv>
                    <Unicode>1907 und 1908, war den Mitgliedern gedruckt zugestellt</Unicode>
                </TextEquiv>
                <TextStyle fontFamily="Times New Roman" fontSize="6.5"/>
            </TextLine>
            <TextLine id="tl_369" primaryLanguage="German" custom="readingOrder {index:7;}">
                <Coords points="3826,2840 2956,2840 2958,2877 3828,2877"/>
                <Baseline points="2957,2876 3826,2871"/>
                <TextEquiv>
                    <Unicode>worden. Der Verein zählte Ende 1908 elf Sektionen</Unicode>
                </TextEquiv>
                <TextStyle fontFamily="Times New Roman" fontSize="6.5"/>
            </TextLine>
            <TextLine id="tl_370" primaryLanguage="German" custom="readingOrder {index:8;}">
                <Coords points="3826,2882 2959,2882 2959,2921 3826,2921"/>
                <Baseline points="2959,2915 3828,2910"/>
                <TextEquiv>
                    <Unicode>mit 844 Mitgliedern. In der abgelaufenen Berichts¬</Unicode>
                </TextEquiv>
                <TextStyle fontFamily="Times New Roman" fontSize="6.5"/>
            </TextLine>
            <TextLine id="tl_371" primaryLanguage="German" custom="readingOrder {index:9;}">
                <Coords points="3827,2921 2961,2921 2958,2960 3824,2960"/>
                <Baseline points="2962,2955 3827,2948"/>
                <TextEquiv>
                    <Unicode>periode beschäftigte sich der Vorstand und der Verein ganz</Unicode>
                </TextEquiv>
                <TextStyle fontFamily="Times New Roman" fontSize="6.5"/>
            </TextLine>
            <TextLine id="tl_372" primaryLanguage="German" custom="readingOrder {index:10;}">
                <Coords points="3828,2956 2962,2961 2962,2999 3829,2999"/>
                <Baseline points="2962,2995 3829,2988"/>
                <TextEquiv>
                    <Unicode>besonders mit der Flaschenbierfrage und der Revision</Unicode>
                </TextEquiv>
                <TextStyle fontFamily="Times New Roman" fontSize="6.5"/>
            </TextLine>
            <TextLine id="tl_373" primaryLanguage="German" custom="readingOrder {index:11;}">
                <Coords points="3830,3001 2963,3001 2967,3043 3834,3043"/>
                <Baseline points="2963,3036 3832,3029"/>
                <TextEquiv>
                    <Unicode>des Wirtschaftsgesetzes, daneben auch mit einem Distrikts¬</Unicode>
                </TextEquiv>
                <TextStyle fontFamily="Times New Roman" fontSize="6.5"/>
            </TextLine>
            <TextLine id="tl_374" primaryLanguage="German" custom="readingOrder {index:12;}">
                <Coords points="3827,3040 2962,3040 2960,3084 3825,3084"/>
                <Baseline points="2961,3078 3826,3070"/>
                <TextEquiv>
                    <Unicode>vertrag mit den Brauereien, mit dem Placierungs¬</Unicode>
                </TextEquiv>
                <TextStyle fontFamily="Times New Roman" fontSize="6.5"/>
            </TextLine>
            <TextLine id="tl_375" primaryLanguage="German" custom="readingOrder {index:13;}">
                <Coords points="3831,3094 2961,3094 2961,3133 3831,3133"/>
                <Baseline points="2961,3118 3829,3114"/>
                <TextEquiv>
                    <Unicode>wesen, Versicherungswesen usw. Der Jahresbericht</Unicode>
                </TextEquiv>
                <TextStyle fontFamily="Times New Roman" fontSize="6.5"/>
            </TextLine>
            <TextLine id="tl_376" primaryLanguage="German" custom="readingOrder {index:14;}">
                <Coords points="3827,3122 2960,3122 2962,3159 3829,3159"/>
                <Baseline points="2961,3158 3827,3151"/>
                <TextEquiv>
                    <Unicode>wurde angenommen. Die Jahresrechnung weist einen</Unicode>
                </TextEquiv>
                <TextStyle fontFamily="Times New Roman" fontSize="6.5"/>
            </TextLine>
            <TextLine id="tl_377" primaryLanguage="German" custom="readingOrder {index:15;}">
                <Coords points="3829,3160 2959,3160 2960,3201 3830,3201"/>
                <Baseline points="2962,3198 3832,3190"/>
                <TextEquiv>
                    <Unicode>Rückschlag von 1480 Fr. auf, der durch verschiedene</Unicode>
                </TextEquiv>
                <TextStyle fontFamily="Times New Roman" fontSize="6.5"/>
            </TextLine>
            <TextLine id="tl_378" primaryLanguage="German" custom="readingOrder {index:16;}">
                <Coords points="3828,3199 2960,3199 2960,3240 3829,3236"/>
                <Baseline points="2960,3238 3828,3231"/>
                <TextEquiv>
                    <Unicode>außerordentliche Ausgaben bedingt wurde; man hofft,</Unicode>
                </TextEquiv>
                <TextStyle fontFamily="Times New Roman" fontSize="6.5"/>
            </TextLine>
            <TextLine id="tl_379" primaryLanguage="German" custom="readingOrder {index:17;}">
                <Coords points="3830,3243 2959,3243 2961,3284 3830,3280"/>
                <Baseline points="2961,3278 3829,3273"/>
                <TextEquiv>
                    <Unicode>daß das laufende Jahr dieses Defizit wieder decken</Unicode>
                </TextEquiv>
                <TextStyle fontFamily="Times New Roman" fontSize="6.5"/>
            </TextLine>
            <TextLine id="tl_380" primaryLanguage="German" custom="readingOrder {index:18;}">
                <Coords points="3827,3285 2961,3285 2963,3322 3829,3322"/>
                <Baseline points="2962,3317 3827,3311"/>
                <TextEquiv>
                    <Unicode>werde. Der Jahresbeitrag wurde bei zwei Franken be¬</Unicode>
                </TextEquiv>
                <TextStyle fontFamily="Times New Roman" fontSize="6.5"/>
            </TextLine>
            <TextLine id="tl_381" primaryLanguage="German" custom="readingOrder {index:19;}">
                <Coords points="3830,3323 2962,3323 2963,3363 3830,3357"/>
                <Baseline points="2961,3357 3828,3352"/>
                <TextEquiv>
                    <Unicode>lassen. Im letzten Jahre wurde der mit den Brauereien</Unicode>
                </TextEquiv>
                <TextStyle fontFamily="Times New Roman" fontSize="6.5"/>
            </TextLine>
            <TextLine id="tl_382" primaryLanguage="German" custom="readingOrder {index:20;}">
                <Coords points="3832,3375 2965,3375 2965,3415 3832,3415"/>
                <Baseline points="2965,3398 3834,3391"/>
                <TextEquiv>
                    <Unicode>abgeschlossene Vertrag in dem Sinne abgeändert, daß</Unicode>
                </TextEquiv>
                <TextStyle fontFamily="Times New Roman" fontSize="6.5"/>
            </TextLine>
            <TextLine id="tl_383" primaryLanguage="German" custom="readingOrder {index:21;}">
                <Coords points="3831,3399 2962,3406 2967,3443 3833,3437"/>
                <Baseline points="2966,3440 3834,3431"/>
                <TextEquiv>
                    <Unicode>es den Brauereien gestattet wird, Flaschenbier an</Unicode>
                </TextEquiv>
                <TextStyle fontFamily="Times New Roman" fontSize="6.5"/>
            </TextLine>
            <TextLine id="tl_384" primaryLanguage="German" custom="readingOrder {index:22;}">
                <Coords points="3832,3437 2964,3444 2967,3484 3832,3475"/>
                <Baseline points="2966,3479 3832,3473"/>
                <TextEquiv>
                    <Unicode>Private ohne die Vermittlung eines Wirtes direkt zu</Unicode>
                </TextEquiv>
                <TextStyle fontFamily="Times New Roman" fontSize="6.5"/>
            </TextLine>
            <TextLine id="tl_385" primaryLanguage="German" custom="readingOrder {index:23;}">
                <Coords points="3830,3482 2963,3482 2965,3523 3833,3516"/>
                <Baseline points="2966,3519 3833,3511"/>
                <TextEquiv>
                    <Unicode>liefern. Der Preis per Flasche soll bei kistenweiser</Unicode>
                </TextEquiv>
                <TextStyle fontFamily="Times New Roman" fontSize="6.5"/>
            </TextLine>
            <TextLine id="tl_386" primaryLanguage="German" custom="readingOrder {index:24;}">
                <Coords points="3832,3518 2963,3523 2966,3566 3831,3556"/>
                <Baseline points="2964,3563 3833,3554"/>
                <TextEquiv>
                    <Unicode>Lieferung achtzehn Rappen betragen. Die Distrikts¬</Unicode>
                </TextEquiv>
                <TextStyle fontFamily="Times New Roman" fontSize="6.5"/>
            </TextLine>
            <TextLine id="tl_387" primaryLanguage="German" custom="readingOrder {index:25;}">
                <Coords points="3831,3552 2964,3564 2968,3602 3832,3594"/>
                <Baseline points="2967,3600 3835,3593"/>
                <TextEquiv>
                    <Unicode>vertragsbrauereien entrichten an die Kasse des Wirte¬</Unicode>
                </TextEquiv>
                <TextStyle fontFamily="Times New Roman" fontSize="6.5"/>
            </TextLine>
            <TextLine id="tl_388" primaryLanguage="German" custom="readingOrder {index:26;}">
                <Coords points="3833,3598 2962,3604 2963,3642 3836,3633"/>
                <Baseline points="2965,3640 3838,3632"/>
                <TextEquiv>
                    <Unicode>vereins des Kantons Zürich und den Wirteverein des</Unicode>
                </TextEquiv>
                <TextStyle fontFamily="Times New Roman" fontSize="6.5"/>
            </TextLine>
            <TextLine id="tl_389" primaryLanguage="German" custom="readingOrder {index:27;}">
                <Coords points="3832,3636 2962,3642 2964,3686 3834,3677"/>
                <Baseline points="2962,3682 3837,3674"/>
                <TextEquiv>
                    <Unicode>Kantons Schaffhausen eine jährliche Entschädigung</Unicode>
                </TextEquiv>
                <TextStyle fontFamily="Times New Roman" fontSize="6.5"/>
            </TextLine>
            <TextLine id="tl_390" primaryLanguage="German" custom="readingOrder {index:28;}">
                <Coords points="3832,3681 2963,3685 2963,3724 3834,3719"/>
                <Baseline points="2963,3720 3834,3714"/>
                <TextEquiv>
                    <Unicode>von 15,000 Fr. Der alte Vertrag wurde von vielen</Unicode>
                </TextEquiv>
                <TextStyle fontFamily="Times New Roman" fontSize="6.5"/>
            </TextLine>
            <TextLine id="tl_391" primaryLanguage="German" custom="readingOrder {index:29;}">
                <Coords points="3835,3722 2964,3722 2963,3764 3832,3759"/>
                <Baseline points="2964,3763 3837,3754"/>
                <TextEquiv>
                    <Unicode>Brauereien nicht gehalten und es mußte in vierzehn</Unicode>
                </TextEquiv>
                <TextStyle fontFamily="Times New Roman" fontSize="6.5"/>
            </TextLine>
            <TextLine id="tl_392" primaryLanguage="German" custom="readingOrder {index:30;}">
                <Coords points="3831,3763 2964,3763 2964,3807 3832,3801"/>
                <Baseline points="2970,3802 3837,3793"/>
                <TextEquiv>
                    <Unicode>Fällen gegen fünf Brauereien schiedsgerichtlich vorge¬</Unicode>
                </TextEquiv>
                <TextStyle fontFamily="Times New Roman" fontSize="6.5"/>
            </TextLine>
            <TextLine id="tl_393" primaryLanguage="German" custom="readingOrder {index:31;}">
                <Coords points="3832,3799 2965,3805 2967,3848 3832,3841"/>
                <Baseline points="2969,3843 3835,3834"/>
                <TextEquiv>
                    <Unicode>gangen werden, mit sieben Brauereien konnte die</Unicode>
                </TextEquiv>
                <TextStyle fontFamily="Times New Roman" fontSize="6.5"/>
            </TextLine>
            <TextLine id="tl_394" primaryLanguage="German" custom="readingOrder {index:32;}">
                <Coords points="3833,3840 2966,3848 2970,3889 3832,3881"/>
                <Baseline points="2970,3883 3835,3874"/>
                <TextEquiv>
                    <Unicode>Sache gütlich abgemacht werden. Die Konventional¬</Unicode>
                </TextEquiv>
                <TextStyle fontFamily="Times New Roman" fontSize="6.5"/>
            </TextLine>
            <TextLine id="tl_395" primaryLanguage="German" custom="readingOrder {index:33;}">
                <Coords points="3838,3886 2970,3886 2968,3927 3835,3919"/>
                <Baseline points="2969,3923 3838,3916"/>
                <TextEquiv>
                    <Unicode>strafen, die bezahlt werden mußten, erreichten den Be¬</Unicode>
                </TextEquiv>
                <TextStyle fontFamily="Times New Roman" fontSize="6.5"/>
            </TextLine>
            <TextLine id="tl_396" primaryLanguage="German" custom="readingOrder {index:34;}">
                <Coords points="3837,3922 2969,3922 2970,3967 3834,3959"/>
                <Baseline points="2970,3963 3838,3953"/>
                <TextEquiv>
                    <Unicode>trag von 2600 Fr. Auch seit dem Inkrafttreten des</Unicode>
                </TextEquiv>
            </TextLine>
            <TextLine id="tl_397" primaryLanguage="German" custom="readingOrder {index:35;}">
                <Coords points="3835,3965 2966,3965 2970,4007 3832,3997"/>
                <Baseline points="2971,4003 3838,3995"/>
                <TextEquiv>
                    <Unicode>neuen Vertrages sind schon wieder Verzeigungen vor¬</Unicode>
                </TextEquiv>
                <TextStyle fontFamily="Times New Roman" fontSize="6.5"/>
            </TextLine>
            <TextLine id="tl_398" primaryLanguage="German" custom="readingOrder {index:36;}">
                <Coords points="3831,4000 2968,4005 2967,4049 3830,4042"/>
                <Baseline points="2971,4041 3832,4034"/>
                <TextEquiv>
                    <Unicode>gekommen. Die Plakatmiete, die an die allgemeine</Unicode>
                </TextEquiv>
                <TextStyle fontFamily="Times New Roman" fontSize="6.5"/>
            </TextLine>
            <TextLine id="tl_399" primaryLanguage="German" custom="readingOrder {index:37;}">
                <Coords points="3829,4047 2968,4047 2970,4088 3828,4081"/>
                <Baseline points="2970,4084 3831,4075"/>
                <TextEquiv>
                    <Unicode>Plakatgesellschaft vergeben wurde, brachte eine Ein¬</Unicode>
                </TextEquiv>
                <TextStyle fontFamily="Times New Roman" fontSize="6.5"/>
            </TextLine>
            <TextLine id="tl_400" primaryLanguage="German" custom="readingOrder {index:38;}">
                <Coords points="3833,4086 2972,4086 2969,4128 3829,4119"/>
                <Baseline points="2969,4125 3832,4114"/>
                <TextEquiv>
                    <Unicode>nahme von etwa 1000 Fr. Auch hier gibt es immer</Unicode>
                </TextEquiv>
            </TextLine>
            <TextLine id="tl_401" primaryLanguage="German" custom="readingOrder {index:39;}">
                <Coords points="3833,4119 2973,4127 2970,4169 3831,4163"/>
                <Baseline points="2972,4162 3833,4155"/>
                <TextEquiv>
                    <Unicode>noch Renitente und es wurde beschlossen, gegen solche</Unicode>
                </TextEquiv>
                <TextStyle fontFamily="Times New Roman" fontSize="6.5"/>
            </TextLine>
            <TextLine id="tl_402" primaryLanguage="German" custom="readingOrder {index:40;}">
                <Coords points="3290,4164 2974,4169 2972,4210 3293,4202"/>
                <Baseline points="2972,4208 3289,4201"/>
                <TextEquiv>
                    <Unicode>energisch vorzugehen.</Unicode>
                </TextEquiv>
                <TextStyle fontFamily="Times New Roman" fontSize="6.5"/>
            </TextLine>
            <TextEquiv>
                <Unicode>— 1. Im „Zürichhorn" hielt Mittwoch den 28. April
der Verein der Wirte des Kantons Zürich
unter dem Vorsitze seines Präsidenten W. Amsler in
Erlenbach seine ordentliche Delegiertenversammlung ab,
zu der sich aus allen elf Bezirken Vertreter eingefun¬
den hatten. Der Jahresbericht, umfassend die Jahre
1907 und 1908, war den Mitgliedern gedruckt zugestellt
worden. Der Verein zählte Ende 1908 elf Sektionen
mit 844 Mitgliedern. In der abgelaufenen Berichts¬
periode beschäftigte sich der Vorstand und der Verein ganz
besonders mit der Flaschenbierfrage und der Revision
des Wirtschaftsgesetzes, daneben auch mit einem Distrikts¬
vertrag mit den Brauereien, mit dem Placierungs¬
wesen, Versicherungswesen usw. Der Jahresbericht
wurde angenommen. Die Jahresrechnung weist einen
Rückschlag von 1480 Fr. auf, der durch verschiedene
außerordentliche Ausgaben bedingt wurde; man hofft,
daß das laufende Jahr dieses Defizit wieder decken
werde. Der Jahresbeitrag wurde bei zwei Franken be¬
lassen. Im letzten Jahre wurde der mit den Brauereien
abgeschlossene Vertrag in dem Sinne abgeändert, daß
es den Brauereien gestattet wird, Flaschenbier an
Private ohne die Vermittlung eines Wirtes direkt zu
liefern. Der Preis per Flasche soll bei kistenweiser
Lieferung achtzehn Rappen betragen. Die Distrikts¬
vertragsbrauereien entrichten an die Kasse des Wirte¬
vereins des Kantons Zürich und den Wirteverein des
Kantons Schaffhausen eine jährliche Entschädigung
von 15,000 Fr. Der alte Vertrag wurde von vielen
Brauereien nicht gehalten und es mußte in vierzehn
Fällen gegen fünf Brauereien schiedsgerichtlich vorge¬
gangen werden, mit sieben Brauereien konnte die
Sache gütlich abgemacht werden. Die Konventional¬
strafen, die bezahlt werden mußten, erreichten den Be¬
trag von 2600 Fr. Auch seit dem Inkrafttreten des
neuen Vertrages sind schon wieder Verzeigungen vor¬
gekommen. Die Plakatmiete, die an die allgemeine
Plakatgesellschaft vergeben wurde, brachte eine Ein¬
nahme von etwa 1000 Fr. Auch hier gibt es immer
noch Renitente und es wurde beschlossen, gegen solche
energisch vorzugehen.</Unicode>
            </TextEquiv>
        </TextRegion>
        <TextRegion type="paragraph" id="r_17_3" custom="readingOrder {index:54;}">
            <Coords points="2968,4203 3840,4203 3840,4570 2968,4570"/>
            <TextLine id="tl_403" primaryLanguage="German" custom="readingOrder {index:0;}">
                <Coords points="3837,4217 3027,4217 3023,4250 3831,4243"/>
                <Baseline points="3024,4244 3838,4237"/>
                <TextEquiv>
                    <Unicode>Das Placierungsbureau ist nunmehr ganz an den</Unicode>
                </TextEquiv>
                <TextStyle fontFamily="Times New Roman" fontSize="6.5"/>
            </TextLine>
            <TextLine id="tl_404" primaryLanguage="German" custom="readingOrder {index:1;}">
                <Coords points="3837,4260 2972,4260 2972,4300 3837,4300"/>
                <Baseline points="2972,4288 3837,4278"/>
                <TextEquiv>
                    <Unicode>kantonalen Wirteverein übergegangen. Es hat in den</Unicode>
                </TextEquiv>
                <TextStyle fontFamily="Times New Roman" fontSize="6.5"/>
            </TextLine>
            <TextLine id="tl_405" primaryLanguage="German" custom="readingOrder {index:2;}">
                <Coords points="3835,4283 2969,4291 2970,4330 3834,4320"/>
                <Baseline points="2972,4329 3837,4320"/>
                <TextEquiv>
                    <Unicode>Berichtsjahren bezw. seit seinem Uebergang dem Verein</Unicode>
                </TextEquiv>
                <TextStyle fontFamily="Times New Roman" fontSize="6.5"/>
            </TextLine>
            <TextLine id="tl_406" primaryLanguage="German" custom="readingOrder {index:3;}">
                <Coords points="3834,4324 2969,4330 2974,4371 3838,4364"/>
                <Baseline points="2974,4367 3836,4356"/>
                <TextEquiv>
                    <Unicode>ebenfalls ökonomischen Vorteil gebracht. Bezüglich der</Unicode>
                </TextEquiv>
                <TextStyle fontFamily="Times New Roman" fontSize="6.5"/>
            </TextLine>
            <TextLine id="tl_407" primaryLanguage="German" custom="readingOrder {index:4;}">
                <Coords points="3840,4365 2972,4371 2971,4414 3837,4403"/>
                <Baseline points="2971,4409 3839,4398"/>
                <TextEquiv>
                    <Unicode>Frage der Revision des Wirtschaftsgesetzes geht die</Unicode>
                </TextEquiv>
                <TextStyle fontFamily="Times New Roman" fontSize="6.5"/>
            </TextLine>
            <TextLine id="tl_408" primaryLanguage="German" custom="readingOrder {index:5;}">
                <Coords points="3838,4422 2971,4422 2971,4462 3838,4462"/>
                <Baseline points="2970,4445 3837,4440"/>
                <TextEquiv>
                    <Unicode>Sache etwas langsam. Es scheint, daß man höheren</Unicode>
                </TextEquiv>
                <TextStyle fontFamily="Times New Roman" fontSize="6.5"/>
            </TextLine>
            <TextLine id="tl_409" primaryLanguage="German" custom="readingOrder {index:6;}">
                <Coords points="3837,4447 2968,4453 2971,4487 3838,4480"/>
                <Baseline points="2970,4486 3834,4477"/>
                <TextEquiv>
                    <Unicode>Ortes nicht gerne an eine solche Partialrevision heran¬</Unicode>
                </TextEquiv>
                <TextStyle fontFamily="Times New Roman" fontSize="6.5"/>
            </TextLine>
            <TextLine id="tl_410" primaryLanguage="German" custom="readingOrder {index:7;}">
                <Coords points="3834,4490 2965,4490 2972,4531 3841,4531"/>
                <Baseline points="2970,4526 3837,4520"/>
                <TextEquiv>
                    <Unicode>tritt. Immerhin hofft man in Wirtekreisen, die Revision</Unicode>
                </TextEquiv>
                <TextStyle fontFamily="Times New Roman" fontSize="6.5"/>
            </TextLine>
            <TextLine id="tl_411" primaryLanguage="German" custom="readingOrder {index:8;}">
                <Coords points="3585,4530 2966,4530 2970,4564 3589,4564"/>
                <Baseline points="2965,4567 3583,4563"/>
                <TextEquiv>
                    <Unicode>werde doch in absehbarer Zeit kommen.</Unicode>
                </TextEquiv>
                <TextStyle fontFamily="Times New Roman" fontSize="6.5"/>
            </TextLine>
            <TextEquiv>
                <Unicode>Das Placierungsbureau ist nunmehr ganz an den
kantonalen Wirteverein übergegangen. Es hat in den
Berichtsjahren bezw. seit seinem Uebergang dem Verein
ebenfalls ökonomischen Vorteil gebracht. Bezüglich der
Frage der Revision des Wirtschaftsgesetzes geht die
Sache etwas langsam. Es scheint, daß man höheren
Ortes nicht gerne an eine solche Partialrevision heran¬
tritt. Immerhin hofft man in Wirtekreisen, die Revision
werde doch in absehbarer Zeit kommen.</Unicode>
            </TextEquiv>
        </TextRegion>
        <TextRegion type="paragraph" id="r_17_4" custom="readingOrder {index:55;}">
            <Coords points="2966,4566 3840,4566 3840,5334 2966,5334"/>
            <TextLine id="tl_412" primaryLanguage="German" custom="readingOrder {index:0;}">
                <Coords points="3840,4563 3023,4571 3022,4609 3837,4609"/>
                <Baseline points="3021,4605 3837,4599"/>
                <TextEquiv>
                    <Unicode>Die Versammlung beschloß die Abhaltung eines</Unicode>
                </TextEquiv>
                <TextStyle fontFamily="Times New Roman" fontSize="6.5"/>
            </TextLine>
            <TextLine id="tl_413" primaryLanguage="German" custom="readingOrder {index:1;}">
                <Coords points="3839,4611 2969,4611 2966,4647 3836,4647"/>
                <Baseline points="2969,4647 3839,4640"/>
                <TextEquiv>
                    <Unicode>kantonalen Wirtetages; die Durchführung ist dem</Unicode>
                </TextEquiv>
                <TextStyle fontFamily="Times New Roman" fontSize="6.5"/>
            </TextLine>
            <TextLine id="tl_414" primaryLanguage="German" custom="readingOrder {index:2;}">
                <Coords points="3839,4663 2967,4663 2967,4703 3839,4703"/>
                <Baseline points="2969,4687 3838,4682"/>
                <TextEquiv>
                    <Unicode>Verein der Wirte des Bezirkes Zürich übertragen wor¬</Unicode>
                </TextEquiv>
                <TextStyle fontFamily="Times New Roman" fontSize="6.5"/>
            </TextLine>
            <TextLine id="tl_415" primaryLanguage="German" custom="readingOrder {index:3;}">
                <Coords points="3837,4690 2966,4690 2966,4728 3837,4728"/>
                <Baseline points="2969,4728 3836,4720"/>
                <TextEquiv>
                    <Unicode>den. Die erst vor einiger Zeit ins Leben getretene</Unicode>
                </TextEquiv>
                <TextStyle fontFamily="Times New Roman" fontSize="6.5"/>
            </TextLine>
            <TextLine id="tl_416" primaryLanguage="German" custom="readingOrder {index:4;}">
                <Coords points="3840,4732 2970,4732 2966,4773 3835,4765"/>
                <Baseline points="2969,4768 3841,4761"/>
                <TextEquiv>
                    <Unicode>Wirtegenossenschaft hat einen überraschend</Unicode>
                </TextEquiv>
            </TextLine>
            <TextLine id="tl_417" primaryLanguage="German" custom="readingOrder {index:5;}">
                <Coords points="3836,4769 2967,4769 2967,4815 3835,4809"/>
                <Baseline points="2968,4812 3837,4802"/>
                <TextEquiv>
                    <Unicode>großen Erfolg zu verzeichnen. Sie zählt bereits 170</Unicode>
                </TextEquiv>
                <TextStyle fontFamily="Times New Roman" fontSize="6.5"/>
            </TextLine>
            <TextLine id="tl_418" primaryLanguage="German" custom="readingOrder {index:6;}">
                <Coords points="3837,4807 2970,4814 2971,4855 3835,4844"/>
                <Baseline points="2971,4852 3837,4843"/>
                <TextEquiv>
                    <Unicode>Mitglieder, die an Anteilscheinen über 120,000 Fr.</Unicode>
                </TextEquiv>
            </TextLine>
            <TextLine id="tl_419" primaryLanguage="German" custom="readingOrder {index:7;}">
                <Coords points="3837,4850 2971,4850 2972,4893 3834,4883"/>
                <Baseline points="2974,4890 3838,4880"/>
                <TextEquiv>
                    <Unicode>gezeichnet haben, von denen über 40,000 Fr. einbe¬</Unicode>
                </TextEquiv>
                <TextStyle fontFamily="Times New Roman" fontSize="6.5"/>
            </TextLine>
            <TextLine id="tl_420" primaryLanguage="German" custom="readingOrder {index:8;}">
                <Coords points="3836,4878 2970,4898 2972,4935 3837,4924"/>
                <Baseline points="2975,4930 3840,4919"/>
                <TextEquiv>
                    <Unicode>zahlt sind. Man hofft, daß noch im Laufe dieses</Unicode>
                </TextEquiv>
                <TextStyle fontFamily="Times New Roman" fontSize="6.5"/>
            </TextLine>
            <TextLine id="tl_421" primaryLanguage="German" custom="readingOrder {index:9;}">
                <Coords points="3838,4923 2967,4934 2966,4976 3837,4966"/>
                <Baseline points="2971,4972 3838,4958"/>
                <TextEquiv>
                    <Unicode>Jahres ein Kapital von 250,000 Fr. zusammengebracht</Unicode>
                </TextEquiv>
                <TextStyle fontFamily="Times New Roman" fontSize="6.5"/>
            </TextLine>
            <TextLine id="tl_422" primaryLanguage="German" custom="readingOrder {index:10;}">
                <Coords points="3836,4965 2973,4974 2971,5011 3837,5005"/>
                <Baseline points="2970,5012 3835,5000"/>
                <TextEquiv>
                    <Unicode>werden wird. Die Versammlung beschloß mit Einmut,</Unicode>
                </TextEquiv>
                <TextStyle fontFamily="Times New Roman" fontSize="6.5"/>
            </TextLine>
            <TextLine id="tl_423" primaryLanguage="German" custom="readingOrder {index:11;}">
                <Coords points="3833,5003 2972,5012 2972,5056 3837,5045"/>
                <Baseline points="2972,5052 3840,5039"/>
                <TextEquiv>
                    <Unicode>den Präsidenten W. Amsler, im „Kreuz" Erlenbach,</Unicode>
                </TextEquiv>
                <TextStyle fontFamily="Times New Roman" fontSize="6.5"/>
            </TextLine>
            <TextLine id="tl_424" primaryLanguage="German" custom="readingOrder {index:12;}">
                <Coords points="3834,5043 2968,5052 2972,5094 3836,5086"/>
                <Baseline points="2973,5089 3841,5079"/>
                <TextEquiv>
                    <Unicode>der nun schon seit vielen Jahren den kantonalen Verein</Unicode>
                </TextEquiv>
                <TextStyle fontFamily="Times New Roman" fontSize="6.5"/>
            </TextLine>
            <TextLine id="tl_425" primaryLanguage="German" custom="readingOrder {index:13;}">
                <Coords points="3837,5081 2975,5091 2975,5135 3833,5125"/>
                <Baseline points="2975,5130 3839,5121"/>
                <TextEquiv>
                    <Unicode>leitete und sich um die Sache des Wirtestandes ver¬</Unicode>
                </TextEquiv>
                <TextStyle fontFamily="Times New Roman" fontSize="6.5"/>
            </TextLine>
            <TextLine id="tl_426" primaryLanguage="German" custom="readingOrder {index:14;}">
                <Coords points="3835,5128 2970,5128 2967,5172 3834,5166"/>
                <Baseline points="2975,5171 3839,5162"/>
                <TextEquiv>
                    <Unicode>dient gemacht hat, zum Ehrenmitglied zu ernennen.</Unicode>
                </TextEquiv>
                <TextStyle fontFamily="Times New Roman" fontSize="6.5"/>
            </TextLine>
            <TextLine id="tl_427" primaryLanguage="German" custom="readingOrder {index:15;}">
                <Coords points="3833,5166 2969,5174 2968,5214 3836,5207"/>
                <Baseline points="2973,5211 3842,5204"/>
                <TextEquiv>
                    <Unicode>Zum Schlusse wurden noch die von der Stadt aufs</Unicode>
                </TextEquiv>
                <TextStyle fontFamily="Times New Roman" fontSize="6.5"/>
            </TextLine>
            <TextLine id="tl_428" primaryLanguage="German" custom="readingOrder {index:16;}">
                <Coords points="3834,5210 2967,5210 2969,5251 3831,5245"/>
                <Baseline points="2973,5251 3838,5242"/>
                <TextEquiv>
                    <Unicode>modernste eingerichteten Kellerräumlichkeiten im „Kasino"</Unicode>
                </TextEquiv>
                <TextStyle fontFamily="Times New Roman" fontSize="6.5"/>
            </TextLine>
            <TextLine id="tl_429" primaryLanguage="German" custom="readingOrder {index:17;}">
                <Coords points="3837,5250 2969,5250 2969,5291 3837,5291"/>
                <Baseline points="2973,5290 3837,5283"/>
                <TextEquiv>
                    <Unicode>Zürichhorn unter Führung des freundlichen Wirtes</Unicode>
                </TextEquiv>
                <TextStyle fontFamily="Times New Roman" fontSize="6.5"/>
            </TextLine>
            <TextLine id="tl_430" primaryLanguage="German" custom="readingOrder {index:18;}">
                <Coords points="3306,5292 2970,5292 2970,5332 3306,5332"/>
                <Baseline points="2972,5329 3307,5326"/>
                <TextEquiv>
                    <Unicode>A. Künzler besichtigt.</Unicode>
                </TextEquiv>
                <TextStyle fontFamily="Times New Roman" fontSize="6.5"/>
            </TextLine>
            <TextEquiv>
                <Unicode>Die Versammlung beschloß die Abhaltung eines
kantonalen Wirtetages; die Durchführung ist dem
Verein der Wirte des Bezirkes Zürich übertragen wor¬
den. Die erst vor einiger Zeit ins Leben getretene
Wirtegenossenschaft hat einen überraschend
großen Erfolg zu verzeichnen. Sie zählt bereits 170
Mitglieder, die an Anteilscheinen über 120,000 Fr.
gezeichnet haben, von denen über 40,000 Fr. einbe¬
zahlt sind. Man hofft, daß noch im Laufe dieses
Jahres ein Kapital von 250,000 Fr. zusammengebracht
werden wird. Die Versammlung beschloß mit Einmut,
den Präsidenten W. Amsler, im „Kreuz" Erlenbach,
der nun schon seit vielen Jahren den kantonalen Verein
leitete und sich um die Sache des Wirtestandes ver¬
dient gemacht hat, zum Ehrenmitglied zu ernennen.
Zum Schlusse wurden noch die von der Stadt aufs
modernste eingerichteten Kellerräumlichkeiten im „Kasino"
Zürichhorn unter Führung des freundlichen Wirtes
A. Künzler besichtigt.</Unicode>
            </TextEquiv>
        </TextRegion>
        <SeparatorRegion id="r_18" custom="readingOrder {index:56;}">
            <Coords points="647,0 1351,0 1351,4 647,4"/>
        </SeparatorRegion>
        <SeparatorRegion id="r_19" custom="readingOrder {index:57;}">
            <Coords points="3193,0 3839,0 3839,4 3193,4"/>
        </SeparatorRegion>
        <SeparatorRegion id="r_20" custom="readingOrder {index:58;}">
            <Coords points="240,1082 3792,1082 3792,1109 240,1109"/>
        </SeparatorRegion>
        <SeparatorRegion id="r_21" custom="readingOrder {index:59;}">
            <Coords points="3288,2431 3500,2431 3500,2440 3288,2440"/>
        </SeparatorRegion>
        <SeparatorRegion id="r_22" custom="readingOrder {index:60;}">
            <Coords points="2379,3308 2599,3308 2599,3315 2379,3315"/>
        </SeparatorRegion>
        <SeparatorRegion id="r_23" custom="readingOrder {index:61;}">
            <Coords points="1481,3969 1699,3969 1699,3975 1481,3975"/>
        </SeparatorRegion>
        <SeparatorRegion id="r_24" custom="readingOrder {index:62;}">
            <Coords points="2244,5548 2550,5548 2550,5551 2244,5551"/>
        </SeparatorRegion>
        <SeparatorRegion id="r_25" custom="readingOrder {index:63;}">
            <Coords points="3202,5546 3734,5546 3734,5551 3202,5551"/>
        </SeparatorRegion>
        <SeparatorRegion id="r_26" custom="readingOrder {index:64;}">
            <Coords points="0,2774 22,2774 22,5550 0,5550"/>
        </SeparatorRegion>
        <SeparatorRegion id="r_27" custom="readingOrder {index:65;}">
            <Coords points="1102,1123 1146,1123 1146,5162 1102,5162"/>
        </SeparatorRegion>
        <SeparatorRegion id="r_28" custom="readingOrder {index:66;}">
            <Coords points="1133,5162 1144,5162 1144,5328 1133,5328"/>
        </SeparatorRegion>
        <SeparatorRegion id="r_29" custom="readingOrder {index:67;}">
            <Coords points="2006,1126 2031,1126 2031,2712 2006,2712"/>
        </SeparatorRegion>
        <SeparatorRegion id="r_30" custom="readingOrder {index:68;}">
            <Coords points="2022,2712 2043,2712 2043,5334 2022,5334"/>
        </SeparatorRegion>
        <SeparatorRegion id="r_31" custom="readingOrder {index:69;}">
            <Coords points="2914,1119 2953,1119 2953,5335 2914,5335"/>
        </SeparatorRegion>
    </Page>
</PcGts>
