3332 4606
364 140 602 171 Abonnement.

569 176 670 205 Jährlich.
688 178 700 197 6
709 176 805 199 Monate.
819 177 832 198 3
837 175 936 198 Monate.

32 199 132 229 Zürich
142 206 212 228 (wenn
222 205 254 226 die
265 205 358 232 Zeitung
368 205 462 232 abgeholt
473 205 536 230 wird)
557 204 595 232 Fr.
606 206 675 226 16.—
696 203 734 231 Fr.
753 206 805 225 8.—
830 203 868 230 Fr.
878 204 936 225 4.50

33 227 153 258 Schweiz
164 232 206 255 (bei
219 233 272 254 allen
287 232 438 258 Postburaux)
570 234 596 257 „
596 234 676 257 21.—
708 247 717 256 „
743 231 810 253 10.50
843 246 853 255 „
878 232 936 252 5.50

32 254 149 290 Italien
163 259 292 283 (Bestellung
307 260 338 281 bei
352 261 387 281 der
400 260 532 286 Expedition)
569 260 587 286 „
587 260 674 286 31.—
709 274 718 283 „
744 259 811 280 15.50
845 257 868 283 „
868 257 937 283 3.50

34 282 196 312 Frankreich
203 287 329 314 (Bestellung
336 287 368 309 bei
374 287 409 309 der
414 287 546 314 Expedition)
571 303 580 312 „
608 287 678 308 33.—
711 301 720 310 „
747 287 811 308 19.—
843 286 860 310 „
860 286 936 310 10.—

225 323 575 350 Deutsch-österreichischer
575 323 756 350 Postverdand

94 355 118 376 zu
133 351 249 373 abonniren
265 351 296 373 bei
310 353 347 372 den
362 351 455 378 dortigen
469 351 611 376 Postbureaux
625 356 651 377 zu
665 350 771 376 folgenden
786 349 871 376 Preisen
876 356 880 371 :

32 374 134 403 Jährlich
186 380 197 399 7
208 378 269 405 Thlr.
280 381 306 400 10
316 379 369 404 Sgr.
396 380 422 400 14
431 378 453 405 fl.
463 380 490 401 35
501 379 520 400 kr.
536 378 593 405 südd.
602 378 638 400 29.
667 377 693 399 18
702 377 724 403 fl.
734 378 760 399 28
770 377 796 400 kr.
805 377 853 403 östr.
862 377 937 404 Währ.

33 405 51 423 6
66 404 159 428 Monate
186 407 200 427 3
227 422 237 431 „
280 408 306 429 20
336 421 345 430 „
409 408 426 430 7
426 408 446 430 „
464 407 496 431 13
496 407 515 431 „
555 422 565 431 „
605 421 615 430 „
647 406 657 430 „
657 406 700 430 9
700 406 716 430 „
734 406 766 431 14
766 406 783 431 „
820 420 830 430 „

32 431 51 452 3
66 431 159 456 Monate
187 435 212 458 1
212 435 257 458 „
257 435 323 458 24
323 435 344 458 „
409 434 422 455 3
437 450 445 458 „
462 435 489 455 46
505 450 514 457 „
552 449 562 458 „
605 448 614 457 „
678 433 691 454 4
706 448 715 457 „
731 433 758 454 57
773 449 783 458 „
821 448 831 458 „
888 448 898 458 „

345 470 400 498 Für
418 470 514 492 andere
532 469 634 492 Länder

136 498 181 524 sind
197 497 340 525 Bestellungen
355 503 383 519 an
397 498 429 520 die
442 497 567 524 Expedition
581 503 604 519 in
619 496 692 523 Zürich
707 497 846 524 einzusenden.

1191 235 1691 307 Vierundfünzigster
1725 233 2005 307 Jahrgang.

1331 407 1571 499 Erstes
1617 407 1861 483 Blatt.

2617 135 2784 170 Inserate

2251 178 2296 206 sind
2315 184 2344 202 an
2361 179 2532 209 Haasenstein
2550 177 2571 203 &
2588 181 2685 209 Bogler
2703 181 2727 204 in
2745 181 2829 209 Zürich,
2849 182 2923 209 Basel,
2943 182 3010 210 Genf,
3031 182 3145 210 Stuttgart

2410 208 2533 236 Frankfurt,
2547 209 2628 233 Berlin,
2642 209 2755 238 Hamburg
2768 215 2793 232 rc.
2808 216 2835 232 rc.
2849 210 2992 238 einzusenden.

2252 242 2493 272 Insertionspreis
2508 245 2541 271 für
2555 245 2587 268 die
2601 246 2688 273 Schweiz
2701 247 2728 268 20
2737 246 2779 273 Rp.
2788 247 2820 269 die
2834 246 2972 275 fünfspaltige
2984 246 3050 274 Zeile,
3063 246 3100 274 für
3112 246 3153 270 das

2455 272 2556 296 Ausland
2571 274 2598 296 25
2611 273 2665 298 Cts.,
2680 276 2692 296 7
2706 274 2793 302 Kreuzer
2806 274 2854 297 odar
2868 276 2881 296 2
2895 274 2949 303 Sgr.

2465 336 2554 360 Bureau
2568 337 2602 361 der
2614 337 2739 360 Redaktion:
2758 338 2901 366 Brunngasse,
2916 339 2936 360 2.

2255 400 2290 423 An
2305 401 2377 424 Sonn-
2388 402 2432 424 und
2446 401 2555 431 Festtagen
2568 403 2620 425 wird
2633 402 2666 425 die
2680 402 2771 430 Zeitung
2784 402 2870 428 einmal,
2884 408 2914 425 an
2926 403 2967 425 den
2980 403 3066 432 übrigen
3079 403 3153 432 Tagen

2588 430 2680 457 zweimal
2694 430 2826 458 ausgegeben.

2506 494 2604 523 Einzelne
2616 494 2733 517 Nummern
2747 494 2810 521 kosten
2824 496 2851 517 10
2865 495 2909 522 Rp.

21 571 313 645 Zürich,

1221 569 1503 641 Mittwoch,
1537 569 1627 629 24.
1667 565 1803 635 Juni
1839 567 1985 627 1874.

2901 573 2991 627 Nr.
3027 571 3125 631 313

313 726 763 788 Tagesbericht

412 806 478 834 vom
501 800 546 840 23.
570 800 660 840 Juni.

104 876 242 920 Morgen
281 874 407 919 beginnt
444 874 480 913 in
507 872 653 913 Fulda
690 873 753 908 eine
786 883 858 907 neue
885 872 1042 917 Bischofs¬

27 920 221 966 Konferenz,
246 931 283 965 zu
306 920 433 964 welcher,
458 920 514 954 wie
537 918 665 962 deutsche
687 918 811 954 Blätter
834 918 961 959 melden,
989 918 1043 963 sich

27 967 109 1012 auch
146 965 332 1011 sämmtliche
366 965 534 1009 preußische
561 963 698 1008 Bischöfe
732 963 881 1008 einfinden
915 964 1041 1004 werden,

26 1011 139 1054 soweit
163 1013 202 1056 sie
226 1012 303 1056 nicht
326 1011 413 1055 durch
425 1010 639 1055 Inhaftirung
663 1010 759 1045 daran
782 1010 953 1054 verhindert
967 1010 1042 1053 sind.

29 1058 98 1094 Die
134 1058 314 1102 Einladung
361 1067 414 1102 zur
448 1056 618 1100 Konferenz
658 1056 730 1100 ging
764 1062 833 1091 vom
868 1056 1044 1100 derzeitigen

30 1102 354 1149 Bisthumsverweser
378 1102 484 1146 Hahne
518 1106 589 1137 aus.
636 1102 704 1136 Den
727 1100 839 1145 Vorsitz
862 1102 940 1137 wird
963 1101 1043 1137 dies¬

31 1150 104 1185 mal
127 1157 229 1194 wegen
252 1149 302 1184 der
325 1148 562 1192 Verhinderung
585 1148 637 1182 des
662 1145 847 1191 Erzbischofs
871 1154 932 1182 von
948 1147 1043 1187 Köln,

29 1196 156 1240 welcher
191 1194 372 1238 bekanntlich
406 1194 560 1229 dermalen
594 1193 639 1228 im
664 1192 841 1237 Gefängniß
876 1193 956 1237 sitzt,
994 1193 1044 1228 der

32 1241 130 1285 Fürst
154 1240 277 1285 Bischof
310 1247 371 1275 von
399 1239 538 1276 Breslau
575 1238 694 1283 führen.
741 1237 834 1273 Ueber
869 1239 925 1274 den
948 1237 1045 1281 Zweck

26 1286 88 1321 der
111 1287 312 1331 diesmaligen
335 1284 609 1329 Zusammenkunft
645 1284 770 1329 herrscht
796 1284 866 1328 noch
888 1285 942 1320 ein
965 1284 1043 1319 voll¬

34 1332 194 1377 ständiges
206 1331 346 1375 Dunkel;
371 1331 437 1375 doch
460 1331 538 1366 wird
563 1341 637 1365 man
662 1330 713 1374 sich
736 1331 822 1365 kaum
847 1331 941 1369 irren,
957 1336 1045 1364 wenn

30 1388 115 1413 man
140 1378 317 1417 annimmt,
365 1377 425 1419 daß
448 1377 499 1412 der
522 1375 628 1417 Geist,
675 1377 725 1411 der
748 1376 792 1411 die
814 1375 952 1419 Bischöfe
973 1375 1045 1420 nach

33 1424 142 1466 Fulda
177 1424 274 1468 führt,
310 1422 429 1467 ähnlich
464 1421 650 1466 demjenigen
673 1421 750 1463 ist,
760 1426 818 1456 aus
842 1421 975 1465 welchem
998 1421 1046 1456 die

35 1470 259 1513 Resolutionen
283 1469 335 1503 des
359 1468 504 1512 Mainzer
520 1467 818 1512 Katholikenvereins
843 1467 1045 1511 entsprungen

35 1515 116 1558 sind.

108 1561 161 1603 Zu
186 1560 284 1604 Ehren
318 1560 372 1594 des
395 1558 641 1602 amerikanischen
666 1557 835 1602 Gesandten
863 1558 896 1593 in
922 1557 1044 1599 Berlin,

36 1606 160 1651 George
183 1605 345 1649 Bancroft,
382 1604 432 1639 der
467 1604 630 1648 demnächst
659 1603 767 1648 seinen
767 1603 1044 1648 Gesandtschafts¬

40 1653 147 1696 posten
170 1651 290 1694 verläßt
313 1650 377 1685 und
401 1650 471 1694 nach
495 1649 705 1694 Washington
729 1648 917 1694 zurückkehrt,
946 1649 1047 1684 wurde

37 1709 95 1733 am
108 1696 299 1733 Sonnabend
324 1697 370 1732 im
382 1696 483 1731 Saale
495 1696 546 1731 des
563 1695 756 1740 „Englischen
769 1695 902 1738 Hauses"
919 1706 956 1739 zu
968 1694 1046 1730 Ber¬

38 1744 91 1779 lin
126 1744 176 1779 ein
199 1742 351 1786 Festmahl
386 1741 575 1786 abgehalten,
609 1741 675 1776 dem
699 1741 746 1776 die
767 1741 1046 1785 hervorragendsten

38 1789 198 1824 Vertreter
232 1788 282 1823 der
304 1787 510 1831 Wissenschaft
532 1787 584 1822 der
605 1786 755 1831 deutschen
778 1787 963 1830 Hauptstadt
984 1786 1047 1821 bei¬

38 1835 185 1879 wohnten
199 1845 205 1866 :
242 1834 388 1877 Twesten,
423 1833 556 1873 Dorner,
592 1832 708 1875 Gneist,
744 1826 872 1876 Beseler,
896 1832 1047 1877 Virchow,

39 1879 355 1919 Dubois-Raimond,
370 1878 537 1923 Helmholz,
551 1878 738 1922 Mommsen,
752 1878 883 1921 Lepsius,
901 1878 1045 1917 Curtius,

38 1927 178 1965 Dunker,
214 1924 382 1969 Treitschke,
418 1924 457 1968 H.
482 1924 609 1960 Grimm
645 1935 676 1958 u.
701 1923 722 1967 s.
746 1930 794 1963 w.,
819 1923 918 1965 ferner
942 1923 1049 1958 Rektor

43 1972 111 2006 und
136 1972 237 2006 Senat
271 1970 321 2005 der
344 1970 542 2014 Universität,
571 1970 615 2004 die
640 1970 795 2004 Sekretäre
818 1971 869 2004 der
891 1969 1050 2004 Akademie

38 2019 97 2052 der
120 2016 374 2060 Wissenschaften.
413 2015 478 2050 Der
501 2015 681 2058 Festredner,
706 2015 784 2058 Herr
806 2014 925 2057 Gneist,
950 2014 1051 2058 feierte

40 2063 102 2098 den
120 2062 320 2105 Scheidenden
344 2061 396 2096 als
419 2061 506 2096 einen
532 2060 844 2104 „außerordentlichen
857 2058 1047 2102 Gesandten"

42 2107 109 2142 und
150 2106 444 2150 „bevollmächtigten
468 2106 615 2148 Minister
651 2106 721 2150 auch
756 2105 801 2140 bei
824 2106 877 2140 den
901 2105 1052 2149 deutschen

41 2152 309 2197 Wissenschaften"
338 2153 400 2186 und
435 2151 494 2196 hob
528 2151 575 2186 die
602 2151 714 2195 großen
738 2150 910 2191 Verdienste
934 2150 1051 2194 hervor,

43 2198 149 2242 welche
185 2198 236 2242 sich
259 2197 411 2240 Bancroft
446 2197 498 2231 als
522 2196 688 2239 Gesandter
723 2196 808 2240 durch
832 2197 877 2231 die
901 2196 966 2240 feste
988 2195 1051 2231 Be¬

44 2244 215 2288 gründung
260 2243 310 2277 der
345 2242 637 2286 freundschaftlichen
672 2241 881 2286 Beziehungen
916 2241 1053 2286 zwischen

40 2291 99 2325 der
122 2289 237 2334 großen
260 2287 409 2331 Republik
434 2288 496 2323 und
520 2287 720 2331 Deutschland
748 2287 909 2322 erworben.
950 2287 1052 2322 Banc¬

43 2335 110 2376 roft
134 2336 311 2369 antwortete
335 2334 446 2376 darauf
470 2334 505 2369 in
528 2333 672 2376 deutscher
696 2332 838 2377 Sprache,
863 2334 920 2368 das
944 2332 1052 2367 Motiv

46 2391 104 2425 zur
127 2379 291 2424 Annahme
313 2379 407 2422 dieses
431 2379 794 2423 Gesandtschaftspostens
817 2379 858 2422 sei
880 2378 959 2422 seine
971 2377 1055 2413 Liebe

44 2428 103 2470 für
139 2424 339 2469 Deutschland
376 2425 525 2469 gewesen,
574 2424 635 2459 und
671 2425 720 2459 der
749 2424 871 2469 schönste
894 2424 979 2468 Lohn
1003 2424 1055 2467 für

47 2472 128 2516 seine
141 2471 262 2515 Mühen
287 2470 326 2513 sei
350 2470 407 2505 das
419 2470 685 2513 Wiedererwachen
710 2470 761 2504 des
784 2470 934 2514 deutschen
944 2470 1055 2505 Volkes

45 2517 122 2561 nach
147 2517 241 2552 einem
266 2515 606 2560 zweihundertjährigen
620 2515 729 2560 Schlaf
753 2516 786 2551 in
807 2516 902 2550 voller
914 2516 1055 2559 Jugend¬

46 2563 141 2607 kraft.
193 2562 301 2603 „Mein
337 2561 511 2601 Glauben,"
538 2561 678 2596 bemerkte
701 2561 827 2601 Redner,
852 2572 893 2596 an
918 2562 964 2596 die
987 2560 1055 2603 Zu¬

46 2608 138 2651 kunft
172 2607 263 2651 dieser
287 2608 406 2642 Nation
441 2607 494 2651 hat
529 2607 582 2650 sich
604 2607 638 2641 in
662 2607 770 2641 vollem
794 2606 892 2649 Maße
916 2606 1056 2641 verwirk¬

42 2654 132 2698 licht.
179 2653 238 2688 Die
262 2653 359 2697 Sache
393 2654 442 2687 der
478 2652 618 2696 Freiheit,
655 2652 700 2687 die
733 2651 862 2696 höchsten
886 2652 1057 2695 Interessen

44 2701 102 2735 der
137 2698 330 2743 Menschheit,
366 2699 411 2734 die
444 2698 575 2742 höchsten
598 2697 818 2742 Bestrebungen
854 2698 904 2733 der
927 2697 1057 2742 Wissen¬

41 2744 145 2789 schaft
167 2745 243 2780 wird
279 2744 316 2788 sie
339 2744 410 2788 auch
434 2745 468 2779 in
492 2743 630 2787 Zukunft
653 2746 797 2778 vertreten
821 2743 874 2787 für
896 2743 944 2778 die
966 2753 1058 2787 ganze

44 2790 167 2827 Welt."

121 2836 182 2871 Die
206 2836 354 2870 Kammer
389 2835 422 2871 in
444 2835 714 2879 Versailles
738 2834 790 2879 hat
813 2834 937 2878 gestern,
971 2833 1058 2878 nach¬

49 2882 119 2917 dem
156 2881 194 2924 sie
227 2882 272 2916 die
295 2882 394 2925 zweite
417 2880 600 2925 Berathung
623 2880 675 2915 des
699 2879 975 2924 Gemeindegesetzes
999 2880 1059 2914 mit

38 2928 151 2963 einem
186 2937 281 2961 neuen
315 2927 523 2962 reaktionären
545 2926 695 2970 Beschluß
718 2925 860 2970 besiegelt,
895 2926 942 2960 die
968 2925 1059 2960 dritte

50 2972 238 3016 Berathung
261 2972 411 3016 desselben
436 2972 567 3017 Gesetzes
590 2971 767 3017 beschlosten.
813 2971 907 3015 Heute
936 2970 1060 3015 beginnt

43 3019 93 3061 sie
116 3018 162 3053 die
185 3019 255 3059 erste
279 3018 462 3062 Berathung
486 3019 537 3052 des
562 3017 731 3061 politischen
756 3016 976 3061 Wahlgesetzes.
1000 3016 1060 3051 Bei

46 3066 104 3099 der
143 3062 362 3107 Abstimmung
400 3071 469 3098 vom
506 3063 697 3098 Sonnabend
736 3063 808 3098 über
846 3055 915 3097 den
940 3063 1062 3106 Antrag

49 3109 180 3152 Clapier
205 3108 313 3152 (Wahl
337 3110 387 3143 der
403 3108 527 3144 Maires
552 3109 639 3152 durch
655 3109 700 3144 die
716 3109 890 3153 Regierung
915 3108 968 3152 für
990 3108 1060 3142 wei¬

39 3160 114 3191 tere
138 3155 207 3198 zwei
231 3154 343 3199 Jahre)
369 3154 489 3198 bestand
512 3154 558 3190 die
581 3154 768 3199 Minderheit
790 3162 848 3189 von
874 3155 939 3187 329
956 3152 1070 3189 Stim¬

1096 700 1164 724 men
1188 693 1249 724 aus
1273 688 1327 723 den
1350 687 1413 723 drei
1429 686 1579 732 Gruppen
1603 687 1654 722 der
1669 687 1775 723 Linken
1798 687 1861 722 und
1884 687 2002 731 einigen
2019 686 2100 722 Mit¬

1097 735 1230 779 gliedern
1252 734 1306 769 des
1328 733 1438 778 rechten
1460 734 1643 776 Zentrums.
1669 732 1760 776 Hätte
1783 733 1827 768 die
1851 732 1997 775 Fraktion
2021 734 2100 768 Tar¬

1097 783 1154 825 get,
1187 780 1234 815 die
1268 779 1399 815 diesmal
1434 780 1493 814 mit
1526 779 1578 815 der
1606 778 1728 823 Rechten
1763 778 1816 822 für
1851 778 1896 814 die
1931 778 2102 823 Regierung

1097 827 1239 869 stimmte,
1275 825 1330 861 wie
1364 824 1412 861 bei
1435 825 1541 868 Anlaß
1577 825 1628 860 des
1653 824 1807 868 Antrages
1829 823 1938 867 Perier
1971 824 2031 859 mit
2053 823 2103 859 der

1097 871 1206 907 Linken
1230 871 1392 915 gestimmt,
1428 870 1459 914 so
1494 870 1577 915 hätte
1600 869 1674 914 diese
1697 870 1802 914 gesiegt
1836 869 1899 905 und
1929 869 1975 905 die
1999 869 2103 914 Regie¬

1097 928 1178 962 rung
1201 917 1265 952 eine
1289 916 1434 952 eklatante
1457 916 1632 960 Niederlage
1657 916 1787 952 erlitten.
1829 915 1898 951 Mit
1921 915 1971 951 der
1994 915 2102 959 Majo¬

1097 964 1174 999 rität
1198 963 1352 1006 stimmten
1376 962 1447 1006 auch
1471 962 1517 998 die
1538 961 1789 1006 Bonapartisten,
1813 961 1875 997 und
1897 960 1963 1006 ihre
1977 961 2103 1005 Organe

1097 1008 1209 1044 beeilen
1234 1008 1287 1052 sich
1310 1008 1387 1043 denn
1410 1007 1492 1052 auch,
1516 1007 1561 1043 die
1586 1007 1664 1052 Ehre
1686 1007 1736 1043 des
1760 1008 1861 1051 Tages
1884 1007 1936 1042 als
1960 1007 2010 1051 ihr
2025 1007 2103 1042 Ver¬

1098 1054 1191 1098 dienst
1215 1054 1249 1089 in
1273 1053 1428 1098 Anspruch
1451 1064 1488 1098 zu
1511 1053 1648 1098 nehmen.
1664 1071 1702 1077 —
1719 1052 1780 1089 Die
1799 1052 1957 1097 „Corresp.
1974 1053 2099 1097 Havas"

1099 1099 1233 1144 schreibt:
1261 1099 1359 1143 „Herr
1382 1099 1494 1144 Thiers
1517 1098 1651 1143 empfing
1673 1105 1726 1134 vor
1750 1099 1821 1144 zwei
1835 1099 1941 1142 Tagen
1964 1098 2019 1133 den
2043 1098 2103 1135 Be¬

1099 1145 1163 1190 such
1186 1153 1256 1180 vom
1281 1145 1401 1189 Grafen
1416 1145 1532 1188 Orloff,
1556 1146 1608 1180 der
1629 1144 1695 1189 ihm
1717 1144 1772 1188 für
1795 1144 1871 1188 seine
1886 1143 2103 1189 Betheiligung

1099 1203 1152 1227 am
1174 1190 1479 1236 Leichenbegängnisse
1503 1190 1599 1234 seines
1621 1190 1892 1237 Schwiegervaters
1915 1190 2028 1226 dankte.
2052 1190 2104 1225 Da

1099 1237 1152 1281 sich
1185 1236 1237 1272 der
1270 1235 1407 1281 russische
1430 1235 1580 1280 Gesandte
1614 1235 1698 1281 mehr
1732 1236 1784 1272 als
1811 1236 1876 1271 eine
1898 1235 2022 1271 Stunde
2046 1236 2103 1271 mit

1100 1283 1200 1326 Herrn
1216 1282 1329 1327 Thiers
1353 1282 1526 1326 unterhielt,
1550 1281 1583 1326 so
1607 1281 1702 1327 schloß
1724 1292 1800 1317 man
1823 1281 1951 1322 daraus,
1974 1282 2036 1326 daß
2059 1281 2104 1317 die

1100 1329 1216 1371 Politik
1249 1328 1301 1363 der
1334 1327 1617 1372 Hauptgegenstand
1652 1320 1734 1372 ihres
1763 1326 1944 1372 Gespräches
1978 1326 2104 1372 gewesen

1099 1374 1161 1417 sein
1183 1374 1273 1418 muß.
1320 1373 1489 1418 Uebrigens
1522 1373 1600 1418 muß
1634 1384 1708 1410 man
1733 1372 1897 1414 bemerken,
1932 1373 1992 1417 daß
2028 1372 2105 1417 Herr

1100 1420 1211 1464 Thiers
1246 1419 1318 1464 noch
1352 1420 1462 1454 immer
1498 1418 1561 1463 sehr
1596 1426 1655 1454 von
1682 1419 1730 1454 der
1754 1419 1947 1463 Diplomatie
1970 1418 2033 1454 und
2056 1419 2105 1454 der

1099 1466 1193 1510 hohen
1217 1465 1446 1509 ausländischen
1471 1464 1662 1510 Gesellschaft
1685 1465 1822 1509 umringt
1845 1464 1933 1500 wird.
1962 1464 2105 1499 Darüber

1100 1511 1187 1556 theilt
1222 1522 1298 1546 man
1332 1511 1381 1546 ein
1405 1510 1513 1546 Detail
1534 1511 1604 1551 mit,
1639 1511 1705 1551 das,
1739 1517 1826 1546 wenn
1850 1514 1883 1545 es
1905 1510 1992 1555 wahr
2014 1512 2104 1551 wäre,

1101 1557 1197 1600 gewiß
1221 1556 1397 1601 Beachtung
1431 1556 1574 1591 verdient.
1620 1556 1709 1600 Fürst
1732 1556 1905 1601 Hohenlohe
1933 1556 1989 1600 soll
2018 1555 2106 1601 gleich

1100 1603 1149 1637 bei
1163 1602 1257 1646 seiner
1273 1602 1413 1646 Ankunft
1435 1602 1470 1638 in
1487 1602 1587 1646 Paris
1610 1601 1663 1646 sich
1679 1603 1735 1638 mit
1751 1603 1847 1638 einem
1864 1601 2104 1647 Empfehlungs¬

1101 1647 1244 1692 schreiben
1280 1648 1331 1683 des
1355 1647 1491 1683 General
1513 1654 1573 1682 von
1597 1647 1782 1691 Manteussel
1809 1658 1845 1692 zu
1870 1647 1970 1691 Herrn
1994 1647 2105 1692 Thiers

1101 1693 1226 1738 begeben
1261 1693 1325 1729 und
1359 1694 1418 1729 mit
1454 1693 1519 1738 ihm
1546 1694 1610 1728 eine
1634 1693 1843 1738 Unterredung
1868 1693 1974 1738 gehabt
1998 1693 2104 1737 haben,

1102 1740 1151 1783 ehe
1173 1750 1204 1774 er
1228 1740 1283 1774 den
1308 1739 1475 1784 Marschall
1503 1740 1534 1774 de
1558 1739 1635 1774 Mac
1659 1739 1780 1784 Mahon
1803 1739 1940 1783 besuchte.
1988 1739 2105 1775 Natür¬

1102 1784 1157 1829 lich
1179 1784 1347 1829 verbürgen
1371 1786 1430 1820 wir
1453 1785 1529 1829 nicht
1540 1785 1588 1820 die
1608 1785 1826 1829 Authenticität
1839 1785 1931 1829 dieses
1947 1785 2101 1820 Details."

1169 1831 1242 1866 Das
1265 1830 1447 1875 Thiers'sche
1469 1831 1570 1872 „Bien
1594 1830 1712 1874 public"
1739 1831 1805 1875 geht
1817 1831 1876 1866 mit
1903 1830 1983 1874 Hrn.
2007 1831 2105 1873 Four¬

1102 1879 1166 1917 tou,
1189 1877 1255 1911 dem
1280 1876 1426 1920 Minister
1449 1877 1501 1911 des
1523 1877 1662 1917 Innern,
1686 1876 1778 1921 scharf
1800 1876 1865 1912 in's
1882 1875 2010 1921 Gericht.
2036 1876 2106 1912 Das

1104 1921 1197 1958 Blatt
1221 1922 1361 1966 schreibt:

1171 1968 1218 2007 In
1252 1968 1342 2009 seinen
1370 1968 1608 2008 „Provinciales"
1635 1967 1686 2009 hat
1707 1968 1814 2009 Pascal
1836 1968 1879 2001 die
1900 1968 2032 2009 Jesuiten
2055 1968 2107 2000 mit

1106 2014 1287 2055 Verachtung
1310 2013 1529 2055 gebrandmarkt,
1566 2013 1631 2046 weil
1655 2014 1690 2054 sie
1710 2014 1762 2047 den
1784 2014 1903 2047 Worten
1926 2013 1986 2046 eine
2010 2014 2109 2046 andere

1106 2060 1252 2100 Deutung,
1279 2060 1326 2092 als
1349 2059 1409 2100 ihre
1432 2059 1575 2099 wirlliche,
1601 2058 1780 2100 unterlegten.
1815 2059 1881 2092 Mit
1902 2058 2014 2099 welcher
2037 2058 2109 2092 Ver¬

1106 2105 1234 2146 achtung,
1270 2105 1357 2138 meint
1392 2105 1444 2137 das
1479 2104 1649 2146 Thiers'sche
1677 2105 1771 2142 Blatt,
1807 2105 1883 2146 hätte
1905 2114 1934 2137 er
1957 2104 2030 2144 nicht
2054 2111 2109 2137 von

1106 2151 1158 2183 den
1190 2150 1298 2192 jetzigen
1331 2150 1581 2183 Staatsmännern
1618 2150 1785 2191 gesprochen,
1819 2150 1862 2182 die
1884 2149 1933 2191 sich
1957 2149 2036 2191 selbst
2059 2150 2108 2182 den

1106 2196 1183 2229 Titel
1208 2202 1262 2228 von
1287 2195 1503 2237 Vertheidigern
1525 2196 1571 2228 der
1596 2196 1774 2236 moralischen
1799 2196 1940 2237 Ordnung
1963 2195 2108 2237 beilegen?

1106 2243 1191 2282 Hätte
1215 2241 1270 2281 Hr.
1296 2241 1426 2279 Fourtou
1449 2241 1602 2283 seinerseits
1624 2240 1721 2274 Gnade
1745 2248 1796 2274 vor
1823 2242 1932 2282 Pascal
1956 2242 2108 2282 gefunden?

1107 2288 1193 2321 Wäre
1217 2286 1263 2319 der
1287 2287 1427 2328 Verfasser
1450 2287 1497 2319 der
1523 2287 1759 2328 „Provinciales"
1786 2286 1859 2328 nicht
1882 2287 1914 2320 in
1930 2287 2110 2328 Versuchung

1109 2334 1274 2374 gekommen,
1314 2333 1364 2372 auf
1399 2332 1452 2365 das
1475 2332 1655 2365 Sonderbare
1689 2333 1745 2366 und
1769 2333 2024 2374 Widersprechende
2047 2333 2109 2373 auf¬

1108 2379 1239 2420 merksam
1274 2387 1309 2419 zu
1342 2378 1463 2419 machen,
1501 2379 1551 2411 das
1587 2378 1618 2411 in
1639 2378 1686 2411 der
1707 2378 1834 2419 Sprache
1857 2378 1915 2411 und
1939 2378 1990 2412 den
2012 2378 2111 2418 Hand¬

1109 2425 1213 2465 lungen
1247 2424 1296 2456 des
1318 2423 1472 2464 Ministers
1507 2424 1553 2457 des
1577 2423 1692 2462 Innern
1713 2424 1805 2465 liegt?
1851 2424 1938 2457 Wie!
1986 2424 2054 2458 Das
2078 2424 2111 2465 ist

1110 2469 1267 2510 Derjenige,
1293 2469 1404 2510 welcher
1426 2479 1477 2510 zur
1500 2470 1673 2510 Destitution
1695 2470 1740 2503 der
1763 2470 1829 2510 HH.
1855 2470 1994 2508 Rameau,
2020 2470 2112 2508 Four¬

1110 2516 1187 2553 caud,
1224 2516 1254 2547 de
1278 2515 1456 2555 Tocqueville
1492 2516 1548 2549 und
1584 2516 1611 2556 so
1645 2515 1728 2548 vieler
1757 2516 1870 2548 anderer
1892 2516 1963 2557 seine
1986 2515 2112 2556 Zustim¬

1111 2571 1199 2602 mung
1223 2560 1287 2602 gab,
1322 2561 1368 2593 der
1392 2565 1422 2593 es
1445 2563 1533 2602 wagte
1556 2571 1593 2602 zu
1614 2561 1745 2600 erklären,
1777 2561 1819 2593 die
1842 2561 2004 2603 Regierung
2027 2562 2113 2594 werde

1111 2608 1163 2639 das
1185 2606 1281 2647 Recht,
1316 2606 1357 2639 die
1381 2606 1500 2639 Maires
1521 2616 1555 2647 zu
1580 2616 1724 2644 ernennen,
1761 2606 1833 2648 nicht
1857 2617 1906 2648 zur
1930 2607 2114 2648 Parteiwaffe

1111 2652 1242 2691 machen!
1279 2652 1368 2686 Wie!
1393 2657 1423 2685 es
1446 2652 1480 2693 ist
1504 2652 1549 2685 der
1573 2652 1758 2691 Funktionär,
1784 2653 1829 2685 der
1852 2652 1894 2685 die
1917 2652 2114 2686 Verantwort¬

1112 2698 1216 2738 lichkeit
1239 2698 1289 2738 für
1312 2698 1338 2739 so
1362 2698 1433 2730 viele
1452 2698 1642 2738 Handlungen
1666 2698 1710 2731 der
1724 2698 1860 2737 Willkür,
1889 2699 1916 2739 so
1942 2698 2028 2731 vieler
2051 2698 2115 2731 Su¬

1112 2743 1316 2785 spendirungen
1343 2750 1399 2776 von
1422 2742 1671 2785 Gemeinderäthen
1692 2743 1752 2785 hat,
1777 2744 1822 2776 der
1846 2751 1901 2777 von
1925 2744 2113 2783 Neutralität,

1113 2796 1168 2821 von
1191 2789 1278 2829 seiner
1290 2789 1535 2830 Unparteilichkeit
1558 2789 1678 2831 spricht!
1702 2789 1788 2823 Wie!
1813 2794 1843 2822 es
1867 2790 1898 2830 ist
1910 2790 1958 2822 der
1969 2790 2114 2830 Minister,

1113 2835 1159 2867 der
1193 2835 1277 2874 durch
1312 2835 1391 2867 einen
1422 2835 1561 2876 Federzug
1596 2835 1637 2867 die
1661 2835 1884 2876 Unterdrückung
1906 2842 1963 2868 von
1985 2835 2052 2877 zwei
2075 2845 2117 2868 re¬

1114 2880 1334 2920 publikanischen
1357 2880 1522 2918 Journalen
1556 2880 1709 2921 autorisirt,
1745 2881 1824 2914 deren
1848 2881 2017 2922 Mäßigung
2040 2880 2117 2922 selbst

1114 2932 1169 2958 von
1192 2926 1242 2958 den
1265 2926 1469 2966 royalistischen
1492 2926 1627 2959 Blättern
1651 2925 1741 2958 belobt
1766 2927 1871 2965 wurde,
1895 2927 1941 2959 der
1965 2927 2017 2959 das
2033 2927 2118 2960 Wort

1114 2970 1239 3012 Freiheit
1262 2971 1421 3012 ausspricht
1444 2972 1502 3004 und
1524 2971 1574 3012 sich
1599 2972 1641 3004 die
1657 2971 1750 3013 Lizenz
1775 2972 1904 3013 gestattet,
1931 2972 2005 3005 einer
2017 2972 2118 3014 Partei

1116 3017 1304 3049 intolerantes
1326 3016 1486 3058 Verfahren
1520 3018 1727 3058 vorzuwerfen!
1776 3017 1850 3056 Wie,
1876 3022 1903 3050 es
1928 3017 1962 3057 ist
1985 3018 2032 3050 der
2054 3018 2119 3050 Mi¬

1115 3063 1208 3102 nister,
1244 3063 1291 3095 der
1326 3068 1372 3095 am
1408 3063 1451 3095 24.
1478 3063 1546 3096 Mai
1576 3063 1630 3095 mit
1653 3063 1725 3102 Hrn.
1751 3063 1857 3104 Thiers
1880 3064 2005 3105 gestürzt,
2031 3063 2119 3104 einige

1140 3108 1179 3143 Zeit
1203 3108 1308 3147 darauf
1340 3117 1391 3148 zur
1415 3108 1624 3149 Staatsgewalt
1659 3109 1823 3149 zurückkehrt
1847 3109 1904 3141 und
1928 3109 2019 3150 seinen
2043 3109 2120 3151 Platz

1154 3155 1197 3186 unter
1221 3153 1271 3185 den
1296 3153 1417 3192 Feinden
1445 3154 1493 3186 des
1516 3154 1685 3195 ehemaligen
1707 3154 1891 3196 Präsidenten
1912 3154 1959 3187 der
1982 3154 2120 3194 Republik

2156 687 2315 721 einnimmt.
2345 688 2412 721 Das
2434 688 2467 729 ist
2491 689 2538 721 der
2560 689 2705 730 Minister,
2729 690 2785 727 der,
2810 690 2940 731 nachdem
2964 700 2991 724 er
3014 690 3056 724 im
3066 689 3161 732 Jahre

2158 733 2228 766 1873
2260 733 2304 766 die
2327 734 2550 776 Proklamirung
2585 735 2629 767 der
2652 734 2790 774 Republik
2824 736 2874 776 für
2901 736 3080 778 nothwendig
3102 736 3161 769 und

2157 778 2291 821 dringlich
2327 780 2405 822 hielt,
2440 780 2490 821 sich
2515 780 2556 813 im
2578 780 2670 822 Jahre
2695 785 2766 823 1874
2787 791 2871 823 gegen
2893 781 2938 814 die
2960 781 3163 824 Dringlichkeit

2158 824 2242 865 dieser
2274 825 2499 867 Proklamirung
2534 826 2710 870 ausspricht;
2750 830 2779 859 es
2801 827 2836 867 ist
2860 827 2908 860 der
2930 827 3076 868 Minister,
3116 828 3164 860 der

2157 870 2275 911 feierlich
2300 871 2343 904 die
2366 871 2471 913 Pflicht
2495 872 2664 914 bekräftigte,
2689 872 2741 905 den
2764 871 2946 914 Gebräuchen
2968 874 3026 907 und
3043 873 3164 915 Gesetzen

2157 915 2206 949 des
2229 916 2530 958 Parlamentarismus
2553 920 2614 951 treu
2636 928 2672 959 zu
2693 917 2810 957 bleiben,
2847 918 2897 959 sich
2921 929 2961 952 an
2982 919 3041 961 sein
3063 920 3165 961 Porte¬

2158 961 2254 1001 feuille
2288 962 2482 1001 anklammert,
2519 963 2647 1004 nachdem
2675 974 2704 996 er
2727 964 2787 997 vier
2809 964 2883 997 Mal
2907 964 2939 998 in
2962 965 3008 998 der
3031 964 3166 998 Minder¬

2157 1007 2216 1049 heit
2238 1009 2374 1050 gewesen;
2400 1013 2429 1042 es
2451 1008 2485 1050 ist
2508 1009 2554 1042 der
2577 1009 2722 1050 Minister,
2746 1009 2792 1042 der
2815 1009 2885 1043 über
2907 1010 2960 1044 den
2981 1010 3096 1052 Verfall
3119 1010 3166 1043 der

2159 1053 2325 1095 Charaktere
2348 1054 2489 1094 jammert.
2536 1055 2646 1088 Könnte
2669 1055 2778 1098 Pascal
2800 1056 2994 1098 auferstehen!

2213 1163 2548 1216 Schweizerische
2575 1163 3113 1219 Bundesversammlung.

2251 1258 2609 1303 Nationalrath.
2643 1260 2774 1304 Sitzung
2796 1266 2868 1295 vom
2891 1262 2947 1295 22.
2970 1262 3068 1303 Juni.

2214 1312 2269 1349 Auf
2288 1313 2331 1342 der
2349 1313 2553 1350 Tagesordnung
2572 1312 2631 1349 steht
2649 1313 2687 1343 die
2706 1313 2887 1351 Abstimmung
2899 1314 2963 1345 über
2972 1315 3010 1345 die
3028 1325 3061 1352 zu
3072 1316 3170 1346 Artikel

2159 1354 2194 1381 26
2217 1354 2343 1389 gestellten
2361 1354 2475 1390 Anträge
2494 1353 2557 1383 über
2587 1354 2624 1384 die
2643 1354 2971 1393 Civilkompetenz
3000 1357 3062 1386 des
3080 1356 3171 1387 Bun¬

2160 1394 2415 1431 desgerichtes.

2215 1435 2251 1465 Es
2274 1435 2356 1472 stehen
2386 1435 2431 1472 sich
2461 1435 2582 1466 einander
2612 1436 2749 1473 gegenüber
2779 1437 2841 1473 zwei
2871 1437 3096 1475 Hauptgruppen:
3133 1438 3172 1469 die

2160 1475 2273 1512 Gruppe,
2294 1476 2380 1512 welche
2399 1477 2451 1506 dem
2469 1476 2584 1513 Gerichte
2602 1477 2644 1513 für
2663 1477 2726 1513 seine
2745 1477 2995 1516 Urtheilssprechung
3025 1479 3106 1517 einzig
3124 1480 3173 1511 den

2162 1522 2215 1546 von
2233 1517 2272 1546 der
2293 1517 2449 1547 kantonalen
2476 1518 2590 1554 Instanz
2616 1518 2782 1554 festgestellten
2800 1518 2973 1554 Thatbeestand
2999 1521 3174 1552 unterbreiten

2161 1558 2218 1588 will
2236 1558 2419 1595 (Ständerath,
2438 1558 2761 1595 Kommissionsmehrheit:
2792 1559 2916 1596 Ceresole,
2950 1560 3023 1598 Heer,
3056 1562 3174 1598 Karrer),

2161 1599 2214 1629 und
2233 1599 2269 1628 die
2288 1598 2403 1635 Gruppe,
2424 1599 2510 1636 welche
2529 1599 2584 1629 dem
2601 1598 2712 1636 Gerichte
2730 1599 2769 1629 die
2781 1600 2938 1638 Kompetenz
2957 1602 3033 1639 geben
3052 1603 3116 1639 will,
3127 1604 3175 1639 auf

2161 1640 2208 1670 den
2225 1639 2327 1670 Beweis
2346 1639 2424 1675 selber
2441 1640 2596 1676 einzutreten
2612 1639 2976 1679 (Kommissionsminderheit:
3007 1644 3173 1681 Büzberger).

2161 1682 2205 1717 Zu
2225 1682 2265 1711 der
2283 1682 2361 1717 ersten
2380 1681 2486 1718 Gruppe
2504 1682 2569 1717 stellt
2587 1682 2630 1719 sich
2661 1682 2704 1711 als
2735 1683 2916 1713 Amendement
2935 1684 2977 1714 ein
2989 1685 3092 1722 Antrag
3101 1686 3174 1716 Von¬

2161 1724 2236 1757 matt,
2255 1722 2304 1757 daß
2324 1722 2376 1752 dem
2394 1722 2594 1759 Bundesgericht
2617 1723 2655 1753 die
2674 1723 2807 1760 Befugniß
2838 1733 2871 1760 zu
2901 1725 3023 1760 ertheilen
3054 1726 3096 1762 sei,
3124 1727 3174 1756 mit

2161 1763 2230 1793 einer
2247 1763 2577 1800 Aktenvervollständigung
2596 1763 2642 1793 das
2662 1764 2866 1801 erstinstanzliche
2885 1765 2994 1802 Gericht,
3023 1767 3126 1804 welches
3145 1767 3173 1797 in

2163 1804 2205 1834 der
2225 1797 2306 1840 Sache
2326 1804 2363 1841 ge
2363 1804 2477 1841 urthteilt
2477 1804 2521 1841 zu
2538 1804 2667 1840 betrauen,
2686 1804 2766 1834 wobei
2784 1805 2896 1842 dasselbe
2914 1807 3021 1843 zugleich
3042 1808 3082 1837 ein
3097 1812 3174 1839 neues

2163 1845 2265 1882 Urtheil
2281 1854 2315 1881 zu
2334 1846 2412 1882 fällen
2430 1845 2500 1882 habe.
2537 1846 2696 1882 (Schriftlich
2716 1846 2887 1883 eingereichter
2905 1848 3028 1885 Antrag.)

2215 1886 2303 1916 Bevor
2322 1887 2369 1923 auf
2388 1887 2448 1923 diese
2465 1886 2729 1923 Hauptabstimmung
2735 1887 2887 1924 eingetreten
2899 1889 2977 1924 wird,
2996 1890 3094 1920 werden
3112 1891 3175 1927 zwei

2162 1927 2263 1964 Fragen
2281 1928 2423 1964 vorgängig
2441 1928 2586 1965 bereinigt:
2613 1928 2652 1957 die
2670 1928 2742 1965 Höhe
2761 1929 2801 1958 der
2821 1929 3015 1966 Streitsumme,
3036 1931 3122 1968 welche
3131 1933 3175 1962 als

2163 1967 2258 2004 Grenze
2275 1968 2417 2004 ausgestellt
2435 1969 2533 1998 werden
2551 1969 2598 2005 soll
2614 1969 2668 1998 und
2699 1969 2737 1998 die
2756 1969 2972 2006 Eingangsworte
2998 1971 3042 2001 des
3060 1972 3175 2002 Artikels

2163 2009 2305 2045 (Nennung
2335 2009 2376 2038 der
2407 2008 2586 2046 einschlägigen
2603 2009 2700 2046 Gesetze,
2731 2010 2816 2046 welche
2834 2013 2911 2040 unter
2944 2012 3005 2047 diese
3022 2013 3176 2050 Kompetenz

2163 2050 2242 2085 fallen
2260 2050 2357 2085 sollen.)

2220 2090 2246 2126 1)
2263 2090 2303 2120 die
2322 2091 2510 2127 Streitsumme.
2548 2092 2586 2120 Es
2604 2091 2657 2127 sind
2675 2091 2860 2128 vorgeschlagen
2879 2091 2925 2128 Fr.
2945 2094 3023 2128 2000,
3044 2095 3115 2123 3000
3125 2094 3177 2124 und

2163 2133 2243 2161 5000.
2279 2132 2338 2167 Für
2356 2133 2427 2161 2000
2446 2131 2548 2168 erheben
2567 2132 2610 2168 sich
2630 2134 2673 2167 25,
2693 2133 2734 2168 für
2753 2134 2824 2162 3000
2842 2134 2888 2168 38,
2907 2133 2952 2170 für
2963 2135 3035 2163 5000
3054 2136 3097 2165 45.
3118 2135 3177 2165 Mit

2163 2172 2243 2208 Mehr
2261 2173 2327 2202 wird
2345 2172 2445 2209 hierauf
2462 2173 2535 2202 2000
2553 2173 2689 2208 eliminirt,
2708 2174 2761 2202 und
2779 2174 2896 2205 definitiv
2916 2174 3029 2205 alsdann
3061 2176 3109 2205 mit
3140 2177 3174 2205 61

2163 2222 2239 2249 gegen
2255 2214 2289 2241 47
2311 2213 2452 2248 Stimmen,
2472 2213 2558 2250 welche
2577 2214 2619 2250 für
2638 2216 2708 2243 5000
2728 2214 2850 2250 stimmen,
2871 2215 2912 2244 der
2930 2215 3107 2253 Hauptwerth
3126 2222 3176 2247 von

2163 2255 2210 2290 Fr.
2230 2256 2300 2284 3000
2321 2255 2521 2290 ausgenommen.
2546 2255 2574 2290 2)
2592 2255 2640 2284 Die
2659 2256 2789 2292 Nennung
2821 2257 2863 2285 der
2891 2255 2989 2294 Gesetze,
3021 2258 3109 2294 welche
3140 2258 3177 2287 im

2166 2297 2189 2325 1.
2210 2296 2305 2325 Alinea
2325 2296 2366 2324 des
2385 2295 2498 2325 Artikels
2516 2304 2548 2332 zu
2566 2304 2663 2326 nennen
2694 2297 2764 2332 seien.
2802 2297 2862 2327 Art.
2891 2298 2925 2325 64
2955 2299 2996 2327 der
3021 2298 3178 2335 Verfassung

2165 2336 2231 2366 wird
2260 2336 2394 2373 allgemein
2424 2339 2544 2373 genannt.
2583 2338 2700 2373 Dagegen
2730 2337 2840 2373 wünscht
2872 2338 2914 2367 der
2946 2338 3112 2375 Ständerath
3131 2340 3178 2369 den

2165 2378 2226 2407 Art.
2245 2379 2278 2406 38
2299 2378 2341 2406 des
2360 2377 2599 2415 Eisenbahngesetzes
2616 2378 2670 2414 hier
2693 2378 2879 2415 einzuführen;
2907 2379 2957 2408 mit
2983 2381 3016 2408 61
3049 2389 3125 2416 gegen
3143 2381 3178 2410 25

2166 2419 2233 2449 wird
2250 2418 2422 2455 beigestimmt.
2457 2419 2554 2454 Ferner
2573 2419 2706 2456 beantragt
2723 2420 2791 2456 Herr
2809 2419 2961 2456 Jolissaint,
2988 2421 3035 2450 den
3054 2422 3114 2451 Art.
3143 2423 3179 2451 54

2165 2469 2197 2497 zu
2215 2469 2321 2494 nennen,
2331 2460 2374 2489 als
2387 2460 2457 2489 einen
2466 2460 2562 2496 Punkt,
2582 2465 2621 2490 wo
2639 2461 2686 2490 das
2698 2460 2783 2498 Gesetz,
2793 2461 2855 2497 ohne
2869 2461 2918 2496 daß
2928 2461 2982 2491 eine
2994 2462 3177 2499 Streitsumme

2166 2503 2278 2537 genannt
2298 2501 2384 2536 werde,
2405 2501 2575 2536 Anwendung
2594 2502 2679 2537 finden
2698 2502 2752 2537 soll.
2790 2502 2868 2531 Wird
2894 2502 2943 2531 mit
2970 2503 3006 2531 49
3038 2511 3117 2540 gegen
3142 2505 3176 2532 45

2167 2542 2302 2572 Stimmen
2320 2542 2520 2578 ausgenommen.
2557 2542 2669 2579 Gleicher
2699 2542 2780 2578 Weise
2810 2543 2876 2572 wird
2907 2543 2967 2579 nach
2996 2544 3050 2573 dem
3074 2544 3178 2581 Antrag

2168 2583 2317 2620 Pedrazzini
2336 2584 2389 2612 eine
2408 2583 2557 2619 Ausnahme
2576 2583 2683 2620 gemacht
2701 2584 2746 2619 für
2763 2583 2836 2619 Fälle
2867 2584 2930 2614 betr.
2963 2584 3000 2614 die
3030 2586 3181 2623 persönliche

2168 2625 2464 2661 Handlungsfähigkeit;
2484 2625 2533 2654 mit
2541 2625 2578 2653 46
2588 2633 2660 2661 gegen
2678 2626 2714 2654 40
2733 2625 2867 2655 Stimmen
2887 2625 3088 2662 ausgenommen.
3120 2627 3181 2657 Die¬

2168 2666 2206 2700 ses
2225 2666 2345 2701 Resultat
2364 2666 2425 2702 steht
2443 2674 2499 2695 nun
2519 2666 2547 2695 in
2566 2666 2707 2698 definitiver
2726 2666 2906 2703 Abstimmung
2924 2667 2979 2696 dem
2998 2667 3102 2704 Antrag
3112 2668 3182 2705 Büz¬

2169 2706 2256 2743 berger
2274 2706 2421 2743 gegenüber,
2441 2706 2540 2742 welcher
2560 2706 2651 2743 einfach
2681 2707 2754 2743 sagen
2784 2707 2857 2737 will:
2890 2707 2950 2742 „In
2982 2708 3182 2745 Rechtsstreitig¬

2170 2749 2253 2783 keiten,
2272 2749 2312 2778 die
2330 2754 2380 2778 von
2399 2748 2552 2777 kantonalen
2571 2748 2701 2784 Gerichten
2719 2748 2778 2785 nach
2797 2749 2996 2785 eidgenössischen
3014 2749 3124 2787 Gesetzen
3152 2759 3184 2787 zu

2170 2790 2319 2826 entscheiden
2337 2789 2391 2825 sind
2411 2790 2462 2819 und
2481 2789 2554 2818 deren
2573 2789 2728 2825 Gegenstand
2756 2789 2827 2819 einen
2845 2789 3020 2827 Hauptwerth
3040 2800 3066 2821 u.
3085 2792 3103 2827 s.
3124 2792 3185 2832 w.",

2170 2831 2225 2860 und
2243 2834 2268 2860 es
2287 2830 2354 2860 wird
2374 2830 2453 2866 hiebei
2471 2830 2521 2859 mit
2544 2830 2633 2866 großer
2653 2830 2782 2866 Mehrheit
2810 2830 2848 2859 die
2876 2831 3020 2861 Redaktion
3040 2831 3187 2869 Büzberger

2171 2872 2372 2908 ausgenommen.

2229 2913 2341 2942 Sodann
2360 2912 2425 2941 wird
2443 2911 2568 2948 nunmehr
2587 2911 2613 2941 in
2632 2912 2719 2948 Bezug
2738 2913 2785 2948 auf
2815 2912 2853 2942 die
2871 2912 3038 2949 Hauptfrage
3072 2914 3119 2950 erst
3150 2914 3188 2945 die

2172 2955 2232 2989 erste
2251 2954 2358 2990 Gruppe
2375 2959 2426 2983 von
2445 2953 2577 2989 Anträgen
2596 2953 2921 2990 (Kommissionsmehrheit)
2941 2953 3071 2990 bereinigt.

2230 2995 2255 3030 1)
2275 2996 2302 3025 1.
2332 2994 2427 3024 Alinea
2457 2994 2499 3023 des
2530 2993 2808 3031 Majoritätsantrages
2839 2994 2893 3024 und
2921 2995 2964 3023 der
2994 2994 3109 3031 Fassung
3144 2995 3187 3026 des

2174 3036 2373 3072 Ständerathes,
2393 3036 2416 3065 d.
2435 3035 2459 3071 h.
2479 3035 2624 3071 Aufnahme
2643 3034 2701 3064 oder
2719 3035 2784 3071 nicht
2802 3035 2844 3065 der
2863 3035 2972 3065 Worte:
3006 3040 3107 3072 „wegen
3127 3036 3188 3066 irri¬

2174 3089 2218 3116 ger
2237 3079 2404 3115 Anwendung
2423 3078 2463 3107 der
2482 3077 2597 3114 Gesetze."
2626 3077 2684 3107 Mit
2715 3079 2749 3106 59
2781 3086 2855 3114 gegen
2887 3078 2922 3106 46
2957 3077 3091 3108 Stimmen
3122 3078 3188 3109 wird

2176 3120 2334 3155 Streichung
2352 3119 2427 3155 dieser
2445 3118 2536 3147 Worte
2555 3109 2705 3154 ecschloffen.

2230 3160 2257 3195 2)
2276 3160 2422 3196 Aufnahme
2441 3160 2482 3195 der
2501 3159 2684 3195 Bestimmung,
2704 3158 2754 3194 daß
2773 3159 2810 3188 die
2828 3159 2913 3195 zweite
2928 3158 3063 3189 kantonale
3075 3159 3190 3196 Instanz

416 3348 588 3399 Feuilleton
615 3347 713 3393 1874.

311 3475 566 3511 Schwurgericht
584 3475 804 3510 Winterthur.

111 3534 253 3569 Eröffnung
282 3543 323 3563 am
351 3535 394 3564 22.
413 3534 494 3568 Juni.
531 3534 666 3569 Präsident
695 3534 745 3570 Hr.
764 3534 1065 3571 Obergerichtspräsident

42 3575 237 3611 Spiller;
257 3575 375 3610 Richter:
404 3575 739 3612 Bezirksgerichtspräsident
770 3576 867 3612 Sigg
884 3575 944 3611 (von
971 3576 1065 3606 Andel¬

47 3618 145 3652 fingen
172 3615 224 3644 und
251 3614 444 3651 Bezirksrichter
478 3617 626 3652 Sulzer
654 3622 703 3645 von
734 3616 906 3652 Winterthur.
948 3617 997 3646 Als
1017 3617 1065 3647 Ge¬

48 3658 179 3693 schworne
198 3656 294 3685 werden
313 3657 481 3692 ausgeloost:

132 3697 159 3733 1)
177 3697 311 3733 Deringer,
329 3697 390 3732 Kd.,
409 3698 448 3726 alt
467 3698 693 3734 Schulverwalter,
714 3698 741 3727 in
760 3698 993 3736 Oberstammheim.

130 3738 160 3773 2)
178 3738 246 3773 Reif,
264 3737 324 3771 Kd.,
344 3737 535 3775 Gemeindrath,
557 3740 584 3768 in
603 3739 759 3775 Bonstetten.

129 3780 159 3814 3)
177 3779 371 3812 Vollenweider,
391 3779 497 3813 Robert,
516 3780 736 3816 Friedensrichter,
756 3781 784 3810 in
802 3781 1002 3816 Unter-Illnau.

131 3820 161 3855 4)
179 3821 238 3856 Ott,
257 3820 351 3855 Ulrich,
372 3820 538 3856 Mechaniker,
558 3822 587 3851 in
605 3822 762 3857 Unterstraß.

131 3861 160 3896 5)
179 3862 276 3897 Rüegg,
296 3861 421 3895 Gottlieb,
442 3862 479 3890 im
499 3862 768 3898 Schönthal-Bauma.

132 3902 160 3936 6)
179 3903 292 3937 Meister,
311 3902 407 3937 Jakob,
426 3902 648 3940 Friedensrichter,
668 3905 695 3933 in
714 3904 830 3940 Dachsen.

132 3943 161 3978 7)
178 3943 324 3979 Schneider,
343 3943 414 3980 Hch.,
433 3943 576 3980 Vorsteher,
595 3945 623 3974 in
634 3945 851 3981 Sulz-Dynhard.

133 3985 162 4019 8)
181 3984 266 4020 Morf,
287 3985 319 4020 J.
339 3985 383 4019 J.,
402 3985 593 4020 Kantonsrath,
613 3986 642 4015 in
661 3986 805 4021 Effretikon.

132 4026 161 4061 9)
178 4026 244 4061 Heß,
263 4025 500 4062 Bezirksthierarzt,
519 4026 555 4055 im
575 4026 836 4063 Sandhof-Dürnten.

115 4066 161 4101 10)
178 4067 261 4103 Hüni,
281 4066 432 4102 Gastwirth,
452 4067 481 4096 in
499 4067 640 4104 Kilchberg.

114 4107 162 4142 11)
181 4108 283 4141 Diener,
303 4107 446 4143 Präsident,
467 4108 495 4137 in
515 4108 682 4144 Männedorf.

115 4149 162 4184 12)
181 4149 344 4184 Schuppiser,
364 4149 435 4185 Hch.,
454 4149 646 4185 Kantonsrath,
665 4151 693 4179 in
712 4149 946 4185 Oberwinterthur.

114 4190 245 4225 Dieselben
263 4199 389 4219 ernennen
407 4199 438 4225 zu
458 4190 537 4225 ihrem
556 4190 681 4220 Obmann
700 4192 746 4220 den
763 4190 849 4226 Herrn
867 4191 1018 4220 Diener.

114 4239 164 4268 Die
184 4240 240 4274 erste
259 4240 383 4276 Anklage,
402 4239 489 4275 welche
508 4249 554 4275 zur
573 4240 760 4276 Verhandlung
777 4242 876 4274 kommt,
905 4240 937 4275 ist
960 4238 1073 4275 gerichtet

52 4288 138 4316 gegen

277 4321 415 4356 Gustav
434 4322 637 4359 Matzinger
664 4323 715 4351 und
735 4322 856 4357 Genossen

486 4363 542 4397 (22.
562 4363 656 4397 Juni).

115 4402 213 4436 Gustav
232 4402 374 4439 Matzinger
402 4409 452 4433 von
480 4403 642 4439 Rüblingen,
672 4403 778 4433 Kanton
808 4403 1002 4439 Schaffhausen,
1039 4403 1074 4431 28

49 4442 148 4479 Jahre
166 4443 215 4478 alt,
234 4443 307 4479 ledig,
328 4443 426 4478 Bäcker,
445 4444 499 4473 und

1171 3252 1242 3281 Emil
1261 3251 1402 3288 Benjamin
1421 3252 1526 3289 Haab
1544 3258 1597 3283 von
1614 3253 1796 3288 Wädensweil,
1816 3255 1850 3282 25
1870 3253 1956 3289 Jahre
1975 3254 2023 3288 alt,
2053 3254 2126 3290 ledig,

1119 3293 1272 3329 Tapezierer,
1292 3294 1344 3328 sind
1373 3294 1434 3329 zwei
1462 3294 1505 3323 der
1522 3293 1621 3330 Polizei
1653 3293 1839 3330 wohlbekannte
1858 3294 1943 3324 Diebe.
1970 3295 2049 3324 Beide
2073 3295 2126 3329 sind

1119 3334 1162 3368 seit
1181 3336 1248 3362 1871
1271 3334 1410 3369 mehrmals
1429 3340 1513 3370 wegen
1531 3334 1679 3371 Diebstahls
1696 3335 1806 3371 bestraft,
1826 3336 1939 3370 wurden,
1959 3335 2001 3365 der
2019 3336 2073 3365 eine
2085 3344 2127 3364 am

1120 3377 1155 3408 3.,
1173 3375 1215 3403 der
1234 3375 1323 3404 andere
1341 3383 1383 3403 am
1403 3377 1428 3405 6.
1448 3375 1558 3410 Januar
1577 3376 1600 3406 d.
1618 3376 1652 3410 J.
1672 3379 1720 3405 aus
1749 3376 1802 3405 dem
1821 3376 1969 3412 Gefängniß
1997 3376 2126 3412 entlassen.

1120 3417 1162 3452 Zu
1180 3416 1287 3452 Anfang
1306 3416 1383 3452 März
1402 3417 1425 3445 d.
1445 3417 1478 3451 J.
1490 3417 1607 3452 wohnten
1625 3417 1665 3452 sie,
1685 3417 1746 3452 ohne
1764 3422 1821 3446 vom
1831 3418 1921 3453 Wirth
1940 3417 2127 3453 eingeschrieben

1119 3466 1151 3493 zu
1169 3457 1227 3491 sein,
1246 3457 1326 3492 einige
1344 3457 1415 3493 Tage
1435 3458 1470 3486 im
1494 3458 1637 3492 „Sternen"
1660 3458 1742 3494 hinter
1761 3459 1803 3487 der
1812 3458 1982 3494 Kronenhalle
1996 3459 2024 3487 in
2034 3459 2127 3494 Zürich

1120 3498 1171 3527 und
1190 3498 1309 3534 machten,
1328 3499 1374 3526 wie
1393 3498 1430 3527 die
1440 3498 1536 3535 Polizei
1556 3499 1697 3534 behauptet,
1715 3499 1762 3528 das
1772 3499 1924 3535 Eigenthum
1943 3499 2058 3535 unsicher.
2078 3499 2128 3529 Sie

1120 3540 1173 3575 sind
1192 3539 1298 3574 diverser
1304 3540 1446 3575 Diebstähle
1463 3541 1619 3578 verdächtig;
1639 3545 1679 3570 wo
1697 3542 1727 3574 sie
1747 3540 1791 3577 sich
1803 3541 1884 3578 zeigen
1903 3541 1968 3571 wird
1986 3541 2127 3578 gestohlen;

1121 3582 1152 3616 sie
1169 3582 1223 3616 sind
1241 3581 1302 3610 aber
1320 3590 1370 3611 nur
1388 3582 1466 3611 Eines
1486 3582 1628 3618 Vergehens
1647 3582 1786 3618 angeklagt.

1174 3641 1226 3668 Am
1245 3642 1287 3669 11.
1308 3640 1385 3677 März
1405 3641 1428 3670 d.
1448 3640 1491 3676 J.,
1510 3641 1613 3671 Abends
1632 3643 1648 3669 7
1668 3641 1728 3676 Uhr,
1749 3641 1854 3671 wurden
1877 3641 1904 3671 in
1924 3642 1968 3671 der
1987 3642 2129 3679 Wohnung

1122 3683 1162 3711 des
1179 3681 1403 3718 Kleiderhändlers
1423 3682 1455 3717 J.
1476 3682 1509 3717 J.
1527 3682 1618 3718 Meyer
1636 3682 1665 3712 in
1684 3682 1722 3711 der
1731 3682 1903 3723 Kronenhalle
1922 3684 1950 3712 in
1961 3683 2064 3718 Zürich,
2078 3684 2130 3713 und

1120 3729 1188 3760 zwar
1208 3723 1243 3751 im
1262 3722 1459 3759 Schlafzimmer
1479 3724 1521 3752 des
1539 3725 1566 3752 4.
1588 3723 1685 3758 Stocks,
1703 3723 1763 3759 zwei
1782 3723 1860 3753 Diebe
1888 3733 1922 3753 an
1951 3724 2018 3760 ihrer
2039 3724 2130 3754 Arbeit

1122 3765 1219 3801 gestört.
1256 3764 1308 3793 Sie
1326 3764 1413 3799 hatten
1431 3764 1469 3793 die
1488 3764 1668 3800 Kleiderkästen
1687 3765 1799 3800 geöffnet,
1818 3765 1856 3795 die
1876 3765 1966 3800 seidene
1985 3765 2131 3796 Garderobe

1124 3807 1164 3834 der
1181 3805 1273 3841 Frau:
1311 3805 1424 3839 Kleider,
1443 3805 1565 3841 Thalma,
1598 3806 1671 3840 Jacke
1689 3814 1713 3834 u.
1733 3806 1750 3840 s.
1772 3811 1813 3840 w.,
1851 3806 1909 3842 auch
1930 3806 2001 3836 einen
2020 3806 2132 3842 Pelzrock

1125 3847 1166 3875 des
1184 3846 1293 3882 Sohnes
1324 3846 1529 3882 herausgerissen,
1557 3846 1676 3881 Betttuch
1706 3848 1759 3876 und
1787 3847 1883 3882 weißen
1912 3847 2131 3884 Pfulmenanzug,

1124 3888 1238 3923 offenbar
1256 3887 1346 3922 behufs
1365 3887 1528 3924 Verpackung
1546 3888 1591 3917 der
1608 3888 1690 3917 Beute
1708 3889 1754 3923 auf
1775 3889 1826 3917 dem
1846 3888 1934 3918 Boden
1955 3889 2131 3925 ausgebreitet.

1126 3929 1175 3957 Als
1195 3928 1233 3958 die
1251 3928 1335 3964 Magd
1354 3929 1417 3961 kam,
1447 3929 1574 3964 entflohen
1595 3929 1633 3964 sie,
1652 3929 1761 3965 verfolgt
1788 3935 1837 3959 von
1857 3929 1947 3964 Jener.
1985 3931 2133 3966 Unterwegs

1126 3971 1161 3999 im
1178 3970 1256 4005 Haus
1275 3970 1379 3998 wurden
1399 3970 1430 4003 sie
1448 3976 1498 3999 von
1517 3970 1585 3999 einer
1603 3970 1696 3999 andern
1714 3970 1799 4007 Magd
1817 3971 1922 4007 gesehen.
1961 3971 2047 4006 Dieses
2056 3971 2133 4000 Dieb¬

1126 4010 1399 4046 stahls-Versuchs
1419 4012 1470 4040 und
1489 4018 1557 4047 zwar
1577 4011 1612 4040 im
1629 4010 1726 4047 Betrag
1744 4017 1795 4041 von
1813 4012 1860 4048 Fr.
1880 4013 1932 4041 700
1961 4012 2014 4048 sind
2033 4012 2070 4041 die
2083 4012 2133 4042 bei¬

1127 4053 1171 4082 den
1189 4052 1329 4088 angeklagt.

1179 4116 1233 4144 Der
1250 4115 1502 4151 Belastungsbeweis
1537 4114 1626 4151 beruht
1658 4115 1703 4152 auf
1733 4116 1787 4146 dem
1812 4116 1931 4152 Zeugniß
1962 4117 2003 4146 der
2029 4116 2134 4153 Mägde,

1127 4156 1212 4192 welche
1232 4156 1270 4185 die
1290 4157 1460 4192 Angeklagten
1479 4166 1513 4186 an
1530 4157 1634 4192 Postur,
1654 4156 1748 4191 Größe,
1779 4157 1908 4194 Kleidung
1927 4158 1971 4187 als
2001 4158 2039 4187 die
2057 4157 2135 4187 Diebe

1128 4198 1367 4234 wiederzuerkennen
1399 4197 1586 4234 glauben,
1621 4198 1668 4245 aus
1696 4198 1748 4227 dem
1768 4198 1887 4234 Zeugniß
1906 4198 1975 4228 eines
1994 4199 2134 4235 weiblichen

1128 4239 1218 4274 Gastes
1237 4238 1272 4267 im
1297 4239 1453 4273 „Sternen",
1473 4240 1515 4268 der
1532 4239 1571 4268 die
1590 4239 1648 4275 zwei
1669 4239 1719 4274 ihm
1738 4239 1946 4274 wohlbekannten
1965 4240 2135 4276 Angeklagten

1129 4289 1169 4308 am
1189 4281 1233 4308 11.
1252 4279 1363 4313 Abends,
1384 4280 1494 4316 verfolgt
1512 4286 1562 4309 von
1582 4280 1647 4309 einer
1667 4280 1758 4316 Magd,
1778 4289 1820 4309 um
1840 4280 1878 4310 die
1896 4281 1950 4310 Ecke
1969 4281 2015 4310 der
2015 4281 2136 4310 Kronen¬

1129 4321 1193 4357 halle
1213 4320 1300 4356 biegen
1319 4322 1369 4357 sah,
1390 4322 1437 4356 auf
1464 4322 1532 4357 ihrer
1551 4321 1724 4356 Anwesenheit
1756 4331 1798 4350 am
1816 4322 1870 4351 Ort
1898 4322 1939 4351 der
1958 4322 2036 4358 That,
2056 4321 2135 4357 ihrem

1129 4362 1310 4397 mißlungenen
1327 4362 1512 4397 Alibibeweis,
1549 4362 1604 4391 dem
1631 4362 1742 4391 Abdruck
1779 4362 1847 4392 eines
1865 4362 2000 4399 Fußtritts
2020 4363 2065 4398 auf
2083 4362 2136 4391 dem

1130 4403 1225 4438 weißen
1243 4403 1460 4440 Pfulmenanzug,
1493 4404 1533 4433 der
1551 4404 1599 4433 den
1628 4403 1725 4440 Stiefel
1757 4404 1922 4441 Matzinger's
1950 4404 2058 4440 verrieth
2084 4404 2137 4433 und

1131 4445 1210 4480 ihrem
1228 4445 1349 4481 sonstigen
1368 4444 1532 4474 Diebsleben.

2234 3253 2315 3288 Zwar
2333 3251 2427 3288 verlegt
2446 3252 2488 3281 der
2506 3250 2677 3287 Hauptzeuge,
2702 3251 2745 3280 der
2771 3251 2809 3280 die
2828 3250 2917 3280 beiden
2936 3251 3117 3287 Angeklagten,
3137 3256 3190 3281 ver¬

2179 3294 2247 3330 folgt
2264 3299 2314 3322 von
2334 3293 2376 3322 der
2395 3293 2489 3329 Magd,
2509 3301 2551 3321 um
2572 3291 2609 3321 die
2626 3292 2680 3321 Ecke
2699 3292 2741 3321 der
2759 3292 2932 3327 Kronenhalle
2951 3291 3039 3328 biegen
3059 3292 3110 3327 sah,
3130 3292 3191 3328 diese

2179 3334 2392 3370 Wahrnehmung
2421 3334 2466 3369 auf
2485 3333 2591 3363 Abends
2620 3342 2718 3362 neun
2745 3333 2807 3369 Uhr,
2846 3332 2968 3368 während
2995 3333 3035 3362 die
3053 3332 3133 3362 Diebe
3151 3333 3192 3363 bei

2179 3376 2270 3411 Meyer
2288 3381 2360 3404 vor
2380 3374 2458 3409 sieben
2477 3374 2533 3410 Uhr
2550 3375 2637 3409 gestört
2657 3373 2761 3403 wurden
2780 3374 2833 3403 und
2853 3374 2988 3410 entflohen,
3008 3374 3049 3404 ein
3062 3375 3192 3409 Umstand,

2180 3418 2223 3446 der
2241 3422 2298 3445 vom
2318 3415 2501 3452 Vertheidiger,
2533 3414 2668 3451 Fürsprech
2696 3414 2790 3451 Heller,
2819 3415 2868 3444 mit
2886 3415 2963 3450 Recht
2993 3415 3193 3451 hervorgehoben

2180 3458 2263 3494 wird;
2283 3458 2326 3486 der
2345 3456 2546 3485 Staatsanwalt
2567 3455 2613 3485 Dr.
2633 3455 2730 3490 Stößel
2748 3456 2849 3491 meinte,
2868 3456 2930 3491 diese
2944 3455 3193 3494 Zeitverwechslung

2180 3501 2213 3536 sei
2233 3510 2282 3530 nur
2302 3500 2340 3530 die
2358 3499 2439 3536 Folge
2456 3500 2499 3528 des
2518 3498 2715 3535 oberflächlichen
2735 3499 2850 3535 Verhörs
2870 3499 2912 3528 des
2931 3498 3035 3535 Zeugen
3055 3499 3128 3535 durch
3148 3500 3194 3530 den

2181 3541 2325 3578 Adjunkten
2344 3541 2385 3570 des
2405 3540 2648 3576 Statthalteramtes
2667 3540 2769 3576 Zürich,
2806 3539 2848 3569 der
2867 3540 2915 3569 mit
2933 3540 3078 3576 Geschäften
3098 3540 3122 3575 so
3142 3541 3195 3577 sehr

2181 3583 2319 3613 überladen
2337 3582 2377 3617 sei,
2398 3581 2447 3616 daß
2465 3591 2492 3611 er
2511 3581 2573 3618 ohne
2592 3581 2688 3610 weitere
2707 3580 2830 3617 Aushilfe
2849 3580 2991 3617 unmöglich
3020 3580 3069 3610 mit
3097 3582 3140 3611 der
3158 3591 3194 3612 er¬

2181 3623 2345 3661 forderlichen
2363 3623 2468 3658 Umsicht
2487 3623 2550 3658 seine
2568 3622 2692 3658 Geschäfte
2710 3622 2825 3658 besorgen
2843 3624 2928 3656 könne,
2967 3622 2992 3658 so
3011 3622 3062 3658 daß
3080 3632 3125 3658 er,
3154 3624 3195 3653 der

2182 3664 2393 3698 Staatsanwalt,
2413 3673 2447 3693 an
2465 3663 2604 3699 gehörigem
2622 3663 2676 3692 Ort
2695 3663 2763 3699 schon
2790 3663 2855 3699 öfter
2885 3663 2930 3699 auf
2959 3663 3039 3698 diesen
3058 3663 3195 3699 Mißstand

2182 3706 2346 3743 hingewiesen
2364 3705 2435 3741 habe,
2455 3704 2550 3740 freilich
2570 3705 2627 3739 stets
2646 3704 2777 3740 erfolglos.

2239 3747 2287 3782 Im
2309 3747 2432 3782 Uebrigen
2459 3746 2582 3781 erfordert
2613 3745 2650 3775 die
2669 3745 2843 3781 Gerechtigkeit
2872 3745 2910 3774 die
2934 3745 3124 3782 Konstatirung
3156 3747 3197 3776 der

2183 3789 2329 3824 Thatsache,
2348 3787 2397 3822 daß
2416 3787 2454 3816 die
2471 3788 2574 3823 gerügte
2596 3786 2851 3822 „Oberflächlichkeit"
2885 3787 2926 3816 der
2954 3786 3198 3825 Voruntersuchung

2185 3831 2245 3866 auch
2263 3837 2315 3859 von
2334 3830 2374 3858 der
2394 3827 2676 3863 Staatsanwaltschaft,
2695 3836 2729 3856 an
2742 3827 2828 3863 welche
2847 3827 2929 3862 später
2948 3827 2985 3857 die
3005 3828 3085 3856 Akten
3104 3829 3198 3868 kamen,

2184 3872 2280 3906 nicht
2300 3870 2429 3905 verbessert
2448 3869 2551 3904 wurde;
2583 3873 2627 3897 vor
2659 3869 2704 3897 den
2722 3867 2914 3904 Geschworenen
2947 3868 3006 3897 aber
3034 3868 3138 3905 erschien
3157 3869 3199 3899 der

2186 3912 2333 3948 betreffende
2351 3910 2515 3947 Hauptzeuge
2533 3918 2581 3945 gar
2599 3909 2679 3944 nicht;
2698 3918 2724 3938 er
2743 3910 2830 3939 konnte
2849 3909 2916 3945 nicht
2935 3908 3005 3945 mehr
3017 3909 3199 3946 aufgefunden,

2186 3954 2241 3989 also
2259 3953 2319 3988 auch
2338 3952 2403 3987 nicht
2422 3951 2571 3987 vorgeladen
2591 3950 2695 3979 werden.

2241 3995 2299 4023 Das
2318 3993 2381 4029 letzte
2399 3992 2435 4021 im
2453 3992 2535 4028 letzten
2554 3991 2673 4020 Moment
2703 3990 2886 4027 aufgefundene
2905 3990 3095 4020 Beweismittel
3126 4000 3200 4028 gegen

2187 4035 2227 4064 die
2246 4034 2416 4070 Angeklagten
2434 4038 2490 4061 war
2508 4033 2549 4061 der
2568 4032 2684 4061 Direktor
2703 4031 2744 4061 der
2763 4032 2951 4066 Strafanstalt,
2976 4031 3025 4068 Hr.
3046 4032 3201 4068 Wegmann,

2187 4077 2238 4111 der,
2256 4074 2363 4111 zufällig
2381 4073 2519 4108 anwesend,
2539 4073 2580 4102 ein
2599 4071 2649 4108 auf
2649 4071 2793 4108 amtlichcm
2793 4071 2861 4108 Weg
2881 4072 2933 4106 ihm
2953 4073 3099 4108 gemeldetes
3110 4073 3202 4108 halbes

2187 4115 2344 4151 Geständniß
2363 4115 2405 4144 des
2423 4113 2501 4150 Haab
2529 4114 2576 4143 das
2597 4114 2670 4148 dieser
2688 4113 2716 4142 in
2735 4113 2814 4143 einem
2834 4113 3005 4143 unerlaubten
3018 4114 3142 4150 Gespräch
3154 4115 3203 4145 mit

2188 4157 2266 4187 einem
2285 4155 2365 4185 neben
2384 4155 2460 4191 seiner
2478 4155 2549 4190 Zelle
2576 4154 2733 4190 verwahrten
2751 4154 2892 4191 Züchtling
2910 4154 3026 4191 abgelegt
3051 4156 3129 4189 hatte,
3157 4156 3204 4186 den

2188 4197 2367 4233 Geschwornen
2386 4195 2531 4232 mittheilte.
2550 4195 2600 4225 Bei
2619 4195 2708 4230 Anlaß
2728 4195 2805 4229 seines
2825 4195 2977 4231 Zeugnisses
2994 4195 3045 4230 hob
3063 4195 3112 4231 Hr.
3127 4196 3203 4233 Weg¬

2189 4247 2267 4268 mann
2286 4238 2335 4267 mit
2353 4237 2443 4266 vollem
2461 4236 2538 4271 Recht
2557 4236 2595 4265 die
2624 4236 2698 4271 krasse
2725 4235 2934 4272 Ungerechtigkeit
2966 4236 3008 4264 des
3038 4236 3204 4271 Zusammen¬

2189 4281 2301 4315 sperrens
2320 4284 2369 4307 von
2388 4277 2570 4313 verurtheilten
2589 4276 2757 4313 Züchtlingen
2776 4277 2828 4306 und
2857 4277 2923 4311 nicht
2949 4278 3131 4313 verurtheilten
3151 4278 3205 4312 In¬

2190 4321 2296 4357 quisiten
2316 4320 2343 4348 in
2362 4319 2451 4349 Einem
2470 4318 2523 4347 und
2542 4318 2674 4353 demselben
2693 4318 2911 4354 Zuchthauslokal
2930 4318 3022 4353 hervor
3050 4318 3103 4347 und
3123 4327 3150 4347 er
3167 4319 3206 4348 be¬

2190 4363 2277 4391 merkte
2296 4360 2390 4393 weiter,
2410 4358 2529 4396 vielleicht
2547 4358 2584 4388 im
2603 4358 2718 4395 Hinblick
2736 4358 2782 4394 auf
2802 4358 2842 4388 die
2852 4357 2954 4394 Affaire
2973 4357 3077 4388 Billoin
3095 4358 3150 4388 und
3169 4359 3209 4389 die

2190 4402 2345 4438 neuerlichen
2363 4402 2551 4436 Erörterungen
2571 4400 2598 4429 in
2616 4399 2715 4435 Betreff
2734 4400 2858 4434 derselben
2880 4400 2907 4429 in
2927 4400 2970 4428 der
2987 4399 3081 4435 Presse,
3101 4399 3152 4434 daß
3170 4400 3210 4430 die

2190 4444 2227 4474 im
2247 4442 2395 4480 Zuchthaus
2413 4440 2581 4478 verwahrten
2581 4440 2733 4478 Inquisiten
2756 4440 2867 4477 „nicht
2886 4442 3003 4470 unter
3021 4439 3127 4477 ihm,
3127 4439 3208 4477 son¬
