3838 5551
389 221 562 272 Sonntag
245 283 319 325 27.
336 287 561 329 November
583 287 703 329 1938

402 359 521 400 Blatt
540 361 567 401 9

2971 273 3118 322 Zweite
3139 275 3510 325 Sonntagausgabe

3146 348 3200 383 M
3221 348 3342 385 2093

932 173 2786 404 Neue Zürcher Zeitung
472 527 681 586 Europa

225 590 344 648 nach
370 591 461 638 der
483 591 927 651 Septemberkrise

216 677 259 709 bg.
279 674 329 701 Dr.
339 674 370 707 I.
382 674 414 702 R.
425 679 494 701 von
522 675 647 706 Salis,
668 676 939 711 Geschichtsprofessor
948 686 984 705 an

164 709 212 736 der
236 711 263 737 E.
286 710 317 736 T.
343 710 385 739 H.,
416 709 532 742 entwarf
562 717 607 736 am
638 712 679 737 24.
702 711 849 738 November
881 713 908 739 in
941 714 985 739 der

164 742 449 776 Freisinnigen
504 743 759 777 Kreispartei
805 746 934 780 Zürich
971 748 985 773 7

163 781 216 804 vor
247 776 321 804 einer
356 776 413 810 sehr
446 777 607 811 zahlreichen
641 779 804 812 Hörerschaft
836 780 879 807 ein
912 781 985 808 weit¬

164 811 323 843 gespanntes
344 813 399 837 und
422 811 488 844 reich
508 811 719 846 differenziertes
739 813 805 840 Bild
826 815 871 841 der
892 816 985 849 macht¬

162 845 315 879 politischen
339 844 484 872 Situation
508 845 537 872 in
562 846 680 879 Europa,
703 847 754 874 wie
779 848 811 881 sie
834 849 911 882 durch
936 851 984 875 das

162 879 314 913 Münchner
336 879 496 906 Abkommen
518 880 639 913 Tatsache
659 883 797 914 geworden
821 882 860 915 ist.
881 883 931 910 Dr.
955 884 984 910 E.

163 914 320 948 Richner
360 913 431 946 hatte
469 915 514 941 als
545 914 686 948 Präsident
725 915 753 942 in
793 916 880 949 seinen
921 917 985 945 Ein¬

161 948 404 981 führungsworten
429 947 470 975 die
493 949 660 983 Bemerkung
684 950 909 989 vorausgeschickt,
934 952 984 983 daß

160 982 216 1009 wir
239 983 313 1015 heute
337 983 398 1016 noch
421 982 488 1016 nicht
509 982 607 1016 wissen,
631 984 741 1017 welchen
763 985 845 1017 Preis
868 985 920 1011 wir
940 986 984 1018 für

160 1017 212 1044 den
236 1016 385 1049 Münchner
410 1016 524 1050 Frieden
551 1025 583 1051 zu
606 1018 700 1051 zahlen
725 1019 819 1051 haben;
845 1026 873 1046 er
898 1020 984 1052 durfte

160 1052 227 1078 aber
245 1052 307 1084 auch
326 1050 377 1077 mit
395 1051 577 1085 Genugtuung
595 1052 642 1084 auf
660 1052 701 1079 die
716 1052 878 1085 beispiellose
896 1054 983 1087 Wach¬

161 1085 269 1116 samkeit
291 1084 444 1118 Hinweisen,
468 1085 518 1112 mit
540 1087 584 1112 der
607 1087 656 1112 das
681 1086 828 1121 Schweizer
850 1088 916 1115 Volk
937 1088 984 1122 auf

159 1119 229 1153 diese
250 1118 425 1153 Geschehnisse
445 1120 562 1153 reagiert
582 1120 636 1153 hat.

214 1153 291 1188 Prof.
319 1158 342 1180 v.
370 1153 452 1181 Salis
481 1155 584 1187 begann
613 1154 667 1187 sein
695 1154 748 1187 sein
776 1158 983 1189 ausgewogenes

160 1189 272 1221 Referat
307 1187 358 1215 mit
393 1189 437 1215 der
475 1188 653 1223 Feststellung,
689 1189 757 1222 seine
791 1190 983 1224 Darlegungen

160 1222 231 1254 seien
250 1222 293 1249 ein
311 1221 432 1256 Versuch,
450 1230 481 1256 zu
499 1223 632 1255 verstehen
649 1225 704 1249 und
721 1231 752 1258 zu
769 1224 984 1257 interpretieren,

161 1257 205 1284 ein
225 1257 333 1291 Referat
354 1259 410 1285 sine
432 1260 471 1285 ira
489 1263 515 1286 et
536 1260 632 1286 studio.
653 1257 717 1291 Hier
736 1257 794 1285 eine
813 1258 983 1292 Zusammen¬

160 1290 267 1326 fassung
287 1292 332 1318 der
352 1290 585 1325 Hauptgedanken:

214 1326 266 1354 Die
286 1325 584 1360 Septemberereignisse
604 1331 695 1353 waren
717 1327 802 1353 weder
824 1327 866 1353 ein
889 1327 984 1360 Schick¬

161 1360 302 1394 salsschlag
327 1360 388 1393 noch
412 1359 455 1387 ein
480 1359 692 1393 diplomatischer
716 1361 902 1394 Unglücksfall,
927 1361 984 1394 son¬

161 1395 226 1422 dern
263 1395 332 1421 End-
369 1395 432 1421 oder
467 1394 742 1428 Durchgangsstation
777 1395 850 1422 einer
887 1397 983 1429 langen

165 1428 318 1462 politischen
348 1428 538 1462 Entwicklung.
572 1429 639 1456 Was
670 1429 859 1463 unbegreiflich
892 1430 982 1462 schien,

160 1463 233 1493 hatte
259 1463 327 1497 seine
362 1463 440 1496 guten
466 1463 585 1493 Gründe,
618 1464 672 1490 und
705 1466 764 1490 was
798 1464 983 1497 überraschend

161 1498 227 1529 kam,
248 1503 307 1524 war
327 1496 356 1524 in
376 1498 425 1524 den
446 1497 586 1531 Tatsachen
607 1497 774 1525 vorbereitet.
795 1498 854 1526 Das
874 1499 983 1531 Münch¬

161 1539 210 1559 ner
232 1532 393 1559 Abkommen
419 1532 535 1559 bedeutet
557 1533 607 1558 das
630 1532 703 1559 Ende
725 1531 799 1559 einer
824 1532 984 1559 internatio¬

160 1568 242 1594 nalen
268 1565 377 1599 Politik,
401 1565 443 1593 die
466 1566 512 1599 seit
535 1566 656 1603 zwanzig
677 1566 784 1599 Jahren
809 1567 919 1599 Europa
944 1568 984 1594 be¬

160 1600 297 1634 herrschte;
317 1600 467 1627 unbekannt
489 1600 528 1633 ist,
539 1600 589 1627 wie
600 1601 641 1627 die
662 1608 726 1627 neue
737 1600 837 1634 Politik
855 1600 984 1635 aussehen

161 1635 241 1666 wird,
262 1634 302 1662 die
323 1642 358 1661 an
381 1634 466 1662 Stelle
489 1635 534 1661 der
556 1633 728 1668 liquidierten
751 1635 834 1662 treten
856 1635 911 1668 soll.
934 1635 984 1663 Die

160 1669 273 1703 Ansicht,
292 1670 342 1696 das
361 1669 510 1703 Münchner
528 1668 689 1696 Abkommen
706 1668 739 1701 sei
759 1676 811 1696 nur
829 1669 870 1696 die
889 1669 984 1703 Konse¬

161 1711 245 1738 quenz
268 1703 342 1730 einer
366 1704 463 1736 langen
487 1702 676 1737 Entwicklung,
701 1703 769 1736 stützt
792 1703 836 1737 sich
858 1703 905 1737 auf
928 1704 983 1731 drei

163 1738 395 1773 Charakteristika:
421 1739 462 1766 die
479 1739 651 1766 andauernde
678 1739 986 1772 Uneinigkeit

161 1773 207 1800 der
242 1772 546 1805 Siegerstaaten,
587 1772 629 1799 die
663 1771 832 1806 Aufrüstung
866 1771 984 1806 Deutsch¬

162 1808 243 1834 lands
277 1807 332 1833 und
364 1805 405 1833 die
439 1806 563 1839 Revision
598 1807 642 1833 der
677 1806 828 1840 politischen
863 1807 984 1841 Grenzen

161 1841 385 1874 Mitteleuropas.
412 1840 479 1869 Drei
507 1840 647 1874 Tatsachen
674 1841 729 1874 sind
755 1841 798 1873 für
825 1840 890 1872 diese
916 1841 984 1873 poli¬

161 1876 235 1909 tische
261 1874 443 1909 Entwicklung
469 1875 643 1909 entscheidend
672 1876 821 1908 geworden:
849 1875 890 1902 die
916 1876 984 1907 poli¬

160 1902 235 1944 tische
260 1909 437 1943 Entzweiung
461 1910 507 1937 der
533 1909 711 1944 Westmächte;
747 1910 791 1937 der
826 1909 984 1944 italienische

161 1946 217 1972 und
239 1946 285 1972 der
306 1943 419 1978 deutsche
438 1943 518 1971 Wille
540 1951 587 1978 zur
609 1944 706 1977 Macht,
728 1944 775 1970 der
796 1943 841 1977 sich
861 1944 923 1978 auch
947 1943 984 1972 im

162 1979 345 2007 Donauraum
377 1978 531 2008 auswirkte,
560 1979 614 2005 und
645 1977 686 2005 die
718 1977 900 2011 Künstlichkeit
930 1980 1005 2005 und

159 2012 387 2047 Zerbrechlichkeit
408 2014 453 2040 des
475 2012 709 2046 Staatssystems,
731 2014 780 2039 das
802 2020 865 2039 man
885 2020 920 2039 an
944 2013 984 2039 die

160 2048 246 2075 Stelle
271 2049 318 2074 der
340 2048 413 2074 alten
437 2046 688 2080 Donaumonarchie
712 2046 796 2080 gesetzt
819 2047 898 2078 hatte.
923 2047 983 2074 Seit

160 2083 219 2110 dem
242 2080 481 2115 Waffenstillstand
505 2087 566 2108 vom
591 2080 739 2109 November
765 2082 830 2107 1918
856 2081 984 2114 verfolgte

160 2115 398 2149 Großbritannien
436 2115 477 2143 die
505 2115 635 2150 Tendenz,
674 2115 849 2149 Deutschland
887 2115 984 2142 wieder

160 2150 352 2185 aufzurichten.
370 2150 422 2177 Als
441 2150 614 2178 Clemenceau
634 2149 681 2183 auf
700 2148 766 2183 diese
785 2149 906 2183 Tatsache
926 2149 985 2182 hin¬

161 2185 238 2216 wies,
254 2184 413 2212 antwortete
430 2185 512 2218 Lloyd
529 2185 641 2218 George,
657 2186 685 2211 es
703 2183 737 2217 sei
756 2189 808 2210 von
826 2183 899 2216 jeher
915 2184 984 2217 Eng¬

161 2221 243 2247 lands
267 2218 357 2247 Taktik
386 2219 510 2253 gewesen,
544 2220 605 2250 nach
641 2217 792 2252 siegreichen
817 2217 985 2246 Koalitions¬

161 2254 265 2288 kriegen
288 2255 336 2280 den
358 2253 494 2287 Besiegten
515 2261 547 2293 zu
568 2252 667 2288 stützen.

213 2287 440 2323 Frankreich
491 2287 642 2321 seinerseits
683 2287 821 2321 schwankte
863 2286 985 2321 zwischen

160 2324 208 2351 der
236 2323 342 2357 strikten
369 2323 547 2357 Anwendung
574 2324 620 2349 der
647 2322 905 2355 Friedensverträge
931 2324 985 2349 und

160 2360 208 2386 der
230 2358 355 2392 Neigung
376 2365 409 2390 zu
432 2358 630 2391 Konzessionen.
654 2356 747 2390 Dieser
770 2356 985 2390 Zweideutigkeit

160 2395 207 2428 lag
231 2395 277 2421 der
299 2392 411 2426 Wunsch
434 2394 580 2427 zugrunde,
601 2395 629 2419 es
653 2392 703 2419 mit
727 2393 775 2419 den
799 2386 984 2425 Angelsachsen

160 2420 230 2463 nicht
245 2436 278 2463 zu
294 2429 451 2460 verderben;
468 2426 626 2461 Frankreich
643 2427 741 2459 machte
757 2428 824 2454 denn
843 2420 904 2458 auch
921 2426 985 2460 sach¬

160 2464 209 2498 lich
230 2462 381 2498 gewichtige
401 2462 688 2497 Konzessionen
710 2460 866 2495 (vorzeitige
888 2460 986 2494 Rhein¬

160 2500 368 2531 landräumung
405 2499 460 2525 und
499 2496 885 2530 Reparationenerlaßpläne),
922 2497 986 2523 aber

159 2534 261 2562 immer
280 2534 329 2565 erst
351 2535 433 2563 dann,
452 2538 531 2560 wenn
551 2534 629 2560 deren
651 2532 810 2565 Bedeutung
827 2532 872 2558 als
893 2531 986 2564 politi¬

159 2569 228 2603 sches
246 2568 431 2602 Tauschobjekt
452 2567 533 2600 dahin
553 2573 620 2594 war.
651 2567 718 2594 Dem
739 2567 844 2600 Führer
865 2565 986 2600 Deutsch¬

159 2605 243 2632 lands
265 2603 318 2636 ließ
340 2604 465 2636 England
486 2603 685 2635 Unterstützung
705 2601 786 2635 zuteil
808 2602 923 2631 werden,
940 2608 986 2628 um

158 2640 234 2667 dann
259 2646 291 2673 zu
315 2638 373 2672 spät
395 2645 427 2671 zu
452 2638 587 2668 erkennen,
611 2637 662 2668 daß
688 2636 757 2670 seine
780 2636 930 2669 Interessen
957 2635 985 2663 in

159 2675 273 2708 Europa
293 2674 355 2707 trotz
373 2674 452 2700 allem
470 2671 521 2700 mit
540 2674 621 2700 denen
641 2670 815 2705 Frankreichs
835 2670 986 2703 solidarisch

158 2709 225 2741 sind.
262 2709 335 2737 1935,
362 2708 423 2741 nach
449 2708 493 2735 der
519 2705 745 2742 Proklamierung
771 2707 816 2733 der
841 2705 986 2739 Wehrfrei¬

158 2744 223 2776 heit,
246 2743 292 2775 hat
315 2740 552 2775 Großbritannien
575 2741 624 2768 mit
648 2740 824 2773 Deutschland
846 2740 888 2767 ein
912 2740 986 2774 Flot¬

158 2780 362 2806 tenabkommen
386 2775 579 2810 abgeschlossen.
603 2775 701 2809 Jedoch
724 2776 774 2802 das
797 2773 987 2807 entscheidende

158 2812 292 2848 Ereignis
311 2814 357 2840 der
375 2804 584 2845 Nachkriegszeit
602 2816 661 2838 war
679 2809 720 2837 die
737 2809 986 2837 Remilitari¬

158 2848 323 2881 sierung
353 2848 398 2874 der
429 2845 685 2878 Rheinlande;
707 2845 752 2872 der
774 2846 797 2872 7.
819 2844 901 2878 März
922 2845 987 2871 1936

158 2882 191 2916 ist
216 2884 264 2910 der
287 2881 438 2915 eigentliche
461 2880 720 2914 Wendepunkt
749 2880 804 2906 und
828 2878 869 2906 die
892 2878 986 2909 formi¬

159 2919 258 2946 dablen
281 2916 438 2949 seitherigen
460 2915 606 2949 Ereignisse
626 2922 680 2942 nur
699 2913 740 2941 die
762 2913 869 2948 logische
891 2913 986 2944 Konse¬

159 2960 252 2987 quenz.
277 2951 435 2985 Frankreich
460 2950 589 2984 versuchte
612 2955 694 2983 zwar,
719 2947 770 2976 mit
792 2948 986 2982 Machtpolitik,

158 2988 303 3021 Allianzen
327 2987 383 3013 und
405 2987 513 3020 Palten,
536 2985 602 3018 diese
625 2983 808 3017 Entwicklung
831 2984 876 3010 der
897 2982 986 3016 Dinge

158 3023 347 3057 aufzuhalten,
367 3022 431 3048 aber
451 3022 495 3048 als
512 3021 583 3048 dann
606 3020 731 3051 Barthou
752 3019 814 3051 nach
835 3018 986 3051 Warschau,

159 3059 293 3091 Rußland
325 3057 380 3083 und
413 3056 441 3083 in
466 3057 514 3083 den
538 3055 641 3083 Balkan
665 3053 749 3086 reiste,
778 3053 861 3093 zeigte
882 3061 910 3080 es
933 3053 985 3086 sich,

160 3094 213 3126 daß
231 3095 277 3120 der
295 3093 368 3124 Plan
386 3090 460 3118 einer
475 3089 669 3123 antideutschen
687 3088 827 3117 Koalition
846 3088 893 3122 fast
909 3088 985 3115 über¬

158 3129 197 3155 all
215 3128 263 3161 auf
280 3127 442 3160 Ablehnung
459 3125 529 3159 stieß.

213 3163 302 3190 Neben
328 3162 374 3188 der
399 3159 576 3193 Entzweiung
602 3158 724 3192 zwischen
750 3156 906 3190 Frankreich
931 3157 986 3184 und

158 3198 297 3232 England,
322 3195 363 3223 die
387 3195 413 3228 so
437 3194 490 3222 viel
513 3202 546 3228 zu
567 3196 614 3221 den
640 3193 769 3227 Erfolgen
794 3192 986 3226 Deutschlands

158 3232 278 3266 beitrug,
301 3231 366 3264 fand
390 3231 452 3261 auch
475 3229 532 3257 eine
555 3228 732 3261 Entzweiung
753 3227 875 3261 zwischen
897 3227 986 3260 Ita¬

159 3267 242 3295 lien
266 3267 321 3294 und
344 3266 392 3293 den
416 3264 672 3298 Westmächten
697 3263 765 3295 statt.
789 3263 871 3296 Zwar
894 3262 986 3293 strebte

158 3302 245 3330 Laval
265 3301 301 3329 im
320 3299 472 3333 Römischen
490 3298 625 3333 Protokoll
642 3302 705 3325 vom
721 3297 833 3331 Januar
854 3298 918 3323 1935
929 3296 986 3324 eine

158 3337 342 3370 Versöhnung
364 3334 485 3368 zwischen
509 3334 578 3362 Rom
599 3333 654 3360 und
676 3331 763 3366 Paris
783 3339 830 3363 an;
851 3332 915 3358 aber
937 3332 986 3357 das

159 3372 229 3405 schuf
255 3378 321 3398 neue
347 3368 550 3402 Verstimmung
575 3367 603 3395 in
630 3367 755 3400 England
781 3374 860 3400 gegen
887 3366 986 3398 Frank¬

159 3396 237 3440 reich.
262 3404 415 3440 Jedesmal,
438 3408 516 3432 wenn
541 3396 697 3436 Frankreich
719 3401 776 3429 eine
801 3400 897 3428 direkte
921 3401 986 3428 Ver¬

159 3441 325 3475 ständigung
343 3438 393 3467 mit
412 3438 485 3466 einer
505 3437 666 3471 Großmacht
684 3436 810 3469 anstrebt,
829 3435 986 3468 fuhrwerkte

158 3473 401 3509 Großbritannien
428 3477 479 3501 aus
505 3474 594 3506 Sorge
629 3480 675 3499 um
710 3471 779 3505 seine
806 3470 986 3497 kontinentale

158 3508 474 3545 Gleichgewichtspolitik
522 3506 687 3540 dazwischen.
736 3505 788 3534 Die
828 3506 987 3538 Eroberung

158 3545 331 3580 Abessiniens
355 3545 410 3571 und
434 3543 474 3570 die
499 3540 764 3575 Sanktionenpolitik
797 3540 905 3574 führten
938 3540 986 3567 den

158 3579 346 3614 Bruderzwist
373 3580 419 3606 der
440 3578 608 3611 Westmächte
640 3576 687 3609 auf
721 3575 797 3603 einen
824 3575 987 3608 Höhepunkt,

159 3618 217 3643 und
237 3615 349 3647 Benesch
367 3614 439 3646 hatte
460 3614 508 3640 das
528 3612 648 3646 Unglück,
666 3610 708 3638 die
727 3610 861 3643 damalige
879 3610 986 3638 Völker¬

158 3650 456 3682 bundsversammlung
482 3655 514 3681 zu
541 3646 712 3680 präsidieren.
739 3645 881 3676 Gefördert
909 3645 987 3677 durch

159 3686 203 3713 die
223 3685 326 3720 Politik
347 3685 435 3712 Edens
456 3684 510 3710 und
530 3683 639 3711 Blums,
661 3681 705 3712 hat
727 3679 821 3713 seither
840 3679 897 3707 eine
918 3679 986 3713 poli¬

158 3721 245 3754 tische,
277 3717 487 3752 wirtschaftliche
517 3718 572 3744 und
601 3714 769 3749 ideologische
801 3715 986 3746 Annäherung

157 3756 289 3790 Italiens
312 3761 347 3781 an
372 3752 469 3781 Berlin
493 3753 565 3785 Platz
588 3750 727 3785 gegriffen.
753 3749 861 3783 Italien
883 3749 987 3783 zögerte

158 3797 245 3825 zwar,
265 3793 295 3817 es
317 3789 372 3816 trat
392 3787 460 3821 nicht
480 3787 562 3820 sofort
583 3789 635 3813 aus
657 3786 713 3812 dem
733 3784 903 3813 Völkerbund
923 3787 985 3815 aus;

158 3828 206 3853 als
232 3833 295 3852 man
320 3824 384 3851 aber
407 3822 448 3850 die
470 3822 629 3854 Eroberung
652 3818 820 3853 Abessiniens
844 3818 901 3846 eine
920 3820 986 3847 Ver¬

160 3863 263 3893 letzung
290 3860 337 3886 der
364 3855 646 3889 Völkerbundspolitik
673 3855 782 3884 nannte,
812 3854 904 3881 wurde
932 3853 986 3884 ihm

158 3897 209 3923 der
237 3895 361 3926 Rückweg
398 3891 507 3925 dorthin
544 3891 643 3924 schwer.
680 3889 731 3918 Die
759 3887 985 3921 wirtschaftlichen

158 3930 387 3964 Aufwendungen
408 3928 463 3954 und
483 3926 524 3954 die
543 3925 627 3959 Opfer
645 3932 680 3951 an
703 3923 890 3956 italienischem
910 3923 987 3953 Blut,

159 3965 205 3993 die
221 3962 374 3997 Abessinien
397 3962 451 3989 und
472 3960 597 3994 Spanien
619 3959 736 3990 kosteten,
756 3959 810 3985 und
832 3957 872 3985 die
894 3957 987 3991 Schul¬

159 4001 222 4031 den,
246 3999 289 4026 die
312 3997 421 4032 Italien
443 3996 472 4024 in
498 3997 543 4023 der
566 3992 788 4027 Sanktionenzeit
812 3992 987 4026 Deutschland

1026 497 1175 531 gegenüber
1198 497 1378 531 eingegangen
1402 504 1469 529 war,
1502 499 1623 531 brachten
1656 499 1765 533 Italien
1798 499 1847 531 auf

1026 533 1083 559 dem
1107 532 1290 566 europäischen
1322 533 1468 560 Kontinent
1490 534 1665 567 Deutschland
1697 535 1846 567 gegenüber

1027 566 1055 593 in
1076 566 1134 594 eine
1154 568 1239 594 etwas
1259 568 1378 600 schwache
1397 568 1527 601 Position,
1546 569 1572 598 so
1592 569 1642 599 daß
1663 572 1691 595 es
1708 577 1752 596 nie
1770 570 1846 601 mehr

1026 601 1053 633 so
1078 601 1209 635 energisch
1235 602 1368 633 auftreten
1396 604 1488 629 konnte
1516 603 1566 630 wie
1593 603 1633 630 bei
1661 605 1707 630 der
1733 605 1846 631 Ermor¬

1026 637 1099 670 dung
1127 638 1173 663 des
1201 637 1333 669 Kanzlers
1369 637 1491 670 Dollfuß;
1529 637 1570 664 die
1599 638 1845 671 Unnachgiebigkeit

1027 673 1115 700 Edens
1137 675 1200 707 trug
1220 673 1332 700 indirekt
1352 675 1400 700 das
1419 674 1476 707 ihre
1494 674 1533 701 bei
1553 682 1601 708 zur
1622 675 1785 708 Entstehung
1803 677 1849 701 des

1024 705 1261 738 Juliabkommens
1285 711 1336 733 von
1350 708 1422 737 1936,
1443 708 1492 733 das
1515 707 1610 741 besagt,
1630 700 1789 741 Oesterreich
1810 707 1845 741 sei

1025 740 1068 767 ein
1095 740 1223 773 deutscher
1247 741 1330 768 Staat
1354 743 1409 768 und
1433 742 1497 773 habe
1519 741 1577 768 eine
1602 742 1713 774 deutsche
1738 742 1845 774 Außen¬

1026 775 1119 806 politik
1138 783 1170 808 zu
1192 776 1305 809 machen.
1327 776 1469 808 Mussolini
1491 776 1582 809 mußte
1605 776 1778 810 Schuschnigg
1796 784 1845 810 zur

1024 809 1232 843 Nachgiebigkeit
1257 811 1344 841 raten;
1378 811 1455 842 durch
1486 810 1527 838 die
1559 811 1845 843 Rheinlandbesetzung

1024 846 1116 871 wurde
1138 844 1180 872 die
1202 838 1368 879 französische
1390 845 1461 879 Hilfe
1482 853 1517 872 an
1538 845 1697 880 Oesterreich
1719 845 1844 880 praktisch

1025 879 1184 913 unmöglich.

1085 906 1848 959 Für die Nachfolgestaaten gab es nur die
1024 957 1851 991 Alternative: Donauföderation oder Deutschland.
1026 994 1081 1022 Der
1106 994 1196 1022 Streit
1220 1002 1265 1021 um
1287 994 1352 1028 diese
1374 995 1461 1028 Frage
1483 994 1617 1028 entzweite
1640 994 1706 1028 nicht
1731 1002 1785 1022 nur
1807 994 1848 1022 die

1026 1029 1141 1056 Staaten
1171 1031 1216 1056 des
1244 1029 1440 1057 Donauraums
1479 1029 1697 1059 untereinander,
1734 1029 1847 1062 sondern

1025 1063 1090 1096 ging
1106 1064 1169 1096 auch
1187 1065 1264 1097 durch
1286 1064 1326 1091 die
1345 1064 1482 1097 einzelnen
1503 1064 1619 1091 Staaten
1640 1064 1775 1098 hindurch.
1797 1064 1848 1096 Die

1025 1098 1176 1132 Aussichten
1202 1100 1248 1125 der
1272 1099 1446 1132 Habsburger
1478 1104 1570 1126 waren
1605 1099 1672 1131 nicht
1707 1099 1848 1130 besonders

1025 1133 1138 1167 günstig.
1170 1134 1261 1166 Sogar
1283 1133 1409 1164 Serbien,
1440 1135 1484 1160 der
1513 1133 1670 1167 militärisch
1701 1133 1848 1167 mächtigste

1025 1169 1079 1194 und
1113 1160 1231 1202 politisch
1266 1168 1429 1202 homogenste
1455 1168 1631 1200 Donaustaat,
1664 1169 1756 1196 konnte
1791 1168 1848 1196 eine

1026 1202 1150 1235 Rückkehr
1171 1204 1216 1230 der
1235 1203 1409 1237 Habsburger
1430 1202 1496 1243 nicht
1516 1202 1661 1234 wünschen,
1680 1203 1742 1230 weil
1760 1206 1788 1230 es
1807 1203 1848 1230 die

1025 1237 1266 1271 Anziehungskraft
1290 1237 1365 1265 eines
1389 1237 1556 1270 katholischen
1580 1237 1685 1271 Reiches
1708 1237 1755 1271 auf
1779 1237 1848 1271 seine

1027 1271 1317 1305 römisch-katholischen
1351 1273 1468 1299 Kroaten
1501 1272 1633 1304 fürchtete:
1666 1272 1755 1306 König
1785 1273 1847 1299 Ale¬

1025 1308 1124 1336 xander
1148 1311 1202 1334 von
1229 1307 1345 1335 Serbien
1372 1307 1488 1336 urteilte,
1517 1309 1561 1333 der
1589 1307 1718 1340 Anschluß
1746 1306 1848 1340 Oester¬

1026 1340 1107 1374 reichs
1135 1343 1208 1368 wäre
1236 1342 1290 1368 kein
1320 1342 1431 1375 Unglück
1460 1341 1503 1373 für
1533 1341 1659 1372 Serbien,
1686 1343 1740 1368 und
1770 1342 1848 1374 sogar

1024 1376 1143 1408 Benesch,
1167 1377 1212 1403 der
1236 1378 1284 1403 den
1310 1376 1450 1407 Befreiern
1474 1377 1519 1403 der
1542 1376 1781 1409 Tschechoslowakei
1805 1376 1847 1403 bis

1025 1411 1112 1442 zuletzt
1137 1410 1177 1437 die
1201 1411 1287 1438 Treue
1313 1410 1386 1444 hielt,
1417 1411 1481 1437 aber
1505 1411 1567 1441 auch
1594 1413 1650 1437 dem
1678 1411 1847 1444 tschechischen

1025 1445 1213 1476 Ressentiment
1234 1453 1311 1478 gegen
1335 1445 1492 1478 Oesterreich
1515 1445 1644 1478 verhaftet
1666 1445 1745 1476 blieb,
1767 1444 1847 1479 sagte:

1028 1479 1132 1509 „Lieber
1160 1481 1208 1507 den
1237 1480 1367 1512 Anschluß
1396 1480 1593 1513 (Oesterreichs)
1620 1482 1666 1506 als
1693 1480 1733 1507 die
1762 1481 1848 1510 Habs¬

1025 1514 1150 1548 burger!"
1186 1515 1223 1542 Es
1252 1515 1343 1548 gehört
1370 1522 1418 1548 zur
1444 1514 1542 1547 Tragik
1569 1516 1614 1541 des
1641 1515 1848 1545 Donauraums,

1025 1549 1075 1581 daß
1099 1549 1139 1576 die
1163 1550 1284 1577 Wunden
1318 1551 1363 1576 der
1386 1549 1554 1582 Zerreißung
1584 1550 1630 1575 des
1661 1549 1848 1583 Habsburger¬

1025 1584 1120 1613 staates
1140 1584 1207 1614 nicht
1219 1585 1304 1615 heilen
1316 1585 1437 1614 konnten,
1457 1583 1483 1616 ja
1495 1584 1546 1614 daß
1565 1584 1605 1610 die
1616 1584 1766 1617 Gegensätze
1786 1584 1848 1617 zwi¬

1025 1617 1093 1650 schen
1113 1620 1161 1645 den
1179 1618 1353 1652 Nutznießern
1374 1620 1428 1645 und
1447 1620 1494 1645 den
1516 1618 1618 1650 Opfern
1639 1620 1684 1645 der
1705 1619 1848 1649 Friedens¬

1025 1654 1148 1686 verträge
1176 1655 1236 1686 noch
1264 1653 1404 1686 verschärft
1431 1654 1551 1680 wurden.
1587 1653 1638 1681 Die
1667 1653 1849 1685 Problematik

1025 1687 1237 1720 Mitteleuropas
1261 1693 1320 1715 war
1345 1689 1445 1718 derart,
1468 1688 1518 1719 daß
1541 1687 1598 1714 eine
1621 1688 1848 1720 Konsolidierung

1024 1722 1071 1753 auf
1093 1723 1139 1750 der
1157 1723 1236 1754 Basis
1257 1725 1302 1750 der
1324 1722 1579 1755 Friedensverträge
1598 1716 1848 1756 unwahrscheinlich

1026 1756 1115 1789 schien.
1148 1757 1217 1791 Auch
1242 1757 1282 1785 die
1308 1757 1473 1790 französische
1498 1756 1638 1790 Ostpolitik
1671 1763 1729 1784 war
1752 1757 1848 1784 wider¬

1026 1791 1195 1825 spruchsvoll.
1223 1792 1284 1821 Seit
1304 1794 1359 1820 dem
1378 1792 1518 1821 Austreten
1535 1791 1640 1820 Hitlers
1659 1792 1725 1819 lebte
1742 1792 1848 1820 Mittel¬

1025 1831 1125 1858 europa
1148 1827 1268 1861 zwischen
1290 1828 1335 1854 der
1356 1827 1437 1860 Angst
1459 1832 1508 1853 vor
1530 1826 1704 1859 Deutschland
1725 1828 1780 1853 und
1803 1828 1848 1854 der

1025 1862 1107 1894 Angst
1127 1868 1177 1888 vor
1197 1862 1333 1893 Rußland.
1363 1862 1419 1889 Der
1441 1861 1495 1893 Riß
1518 1860 1546 1888 in
1570 1860 1651 1893 dieser
1675 1861 1761 1894 Frage
1784 1861 1849 1894 ging

1026 1896 1094 1928 nicht
1118 1904 1171 1923 nur
1194 1897 1269 1929 kreuz
1290 1897 1344 1923 und
1367 1903 1432 1927 quer
1453 1896 1530 1929 durch
1555 1903 1622 1929 ganz
1642 1896 1849 1927 Mitteleuropa,

1026 1931 1138 1960 sondern
1155 1932 1217 1964 auch
1233 1931 1310 1964 durch
1327 1931 1443 1964 einzelne
1461 1931 1586 1960 Staaten,
1602 1930 1652 1957 wie
1668 1930 1708 1958 die
1719 1931 1848 1962 Tschecho¬

1026 1965 1154 1997 slowakei,
1182 1971 1223 1993 wo
1251 1966 1292 1993 die
1321 1965 1534 1998 Rechtsparteien
1563 1972 1641 1998 gegen
1669 1965 1847 1997 Sowjetruß¬

1027 2001 1090 2027 land
1114 2006 1215 2029 waren.
1244 2001 1293 2034 Im
1314 2001 1447 2030 Moment,
1470 2007 1511 2027 wo
1535 2001 1580 2027 der
1603 1999 1762 2032 italienische
1784 2000 1849 2028 Ein¬

1026 2035 1084 2067 fluß
1116 2035 1143 2062 in
1175 2035 1370 2067 Mitteleuropa
1404 2035 1568 2068 zurückging,
1597 2036 1689 2062 wurde
1719 2036 1765 2062 der
1794 2035 1848 2061 alte

1025 2070 1160 2103 Gegensatz
1193 2070 1313 2103 zwischen
1344 2069 1557 2099 Germanismus
1589 2070 1643 2096 und
1676 2069 1849 2097 Slawismus

1026 2104 1054 2131 in
1074 2112 1154 2132 neuer
1175 2105 1284 2135 Schärfe
1303 2105 1425 2137 spürbar.
1446 2104 1506 2132 Seit
1526 2106 1582 2131 dem
1599 2103 1729 2134 Anschluß
1748 2103 1849 2136 Oester¬

1024 2136 1115 2170 reichs,
1133 2139 1181 2165 den
1202 2138 1309 2170 Italien
1328 2138 1441 2170 zulassen
1462 2137 1559 2168 mußte,
1578 2143 1636 2164 war
1655 2136 1696 2164 die
1715 2137 1845 2170 Tschecho¬

1024 2171 1142 2202 slowakei
1165 2172 1212 2206 auf
1235 2171 1290 2199 drei
1314 2171 1408 2200 Seiten
1431 2175 1484 2199 von
1508 2171 1648 2204 deutschem
1672 2170 1765 2199 Gebiet
1787 2179 1845 2198 um¬

1025 2206 1171 2233 klammert.

1077 2250 1128 2280 Die
1165 2251 1337 2284 Haltung
1373 2251 1418 2277 der
1454 2249 1679 2281 Westmächte
1715 2249 1752 2276 im
1782 2250 1849 2282 Sep¬

1026 2286 1125 2313 tember
1151 2287 1216 2312 1938
1241 2287 1333 2313 wurde
1361 2285 1437 2318 durch
1467 2284 1523 2311 drei
1551 2284 1681 2316 Faktoren
1707 2284 1848 2315 bestimmt:

1026 2321 1200 2354 Deutschland
1227 2320 1308 2352 berief
1334 2320 1378 2353 sich
1404 2319 1441 2347 im
1469 2318 1706 2351 sudetendeutschen
1731 2318 1849 2351 Konflikt

1025 2356 1072 2385 auf
1090 2357 1139 2382 das
1158 2354 1509 2389 Selbstbestimmungsrecht
1528 2355 1573 2381 der
1590 2354 1695 2384 Völker,
1712 2355 1766 2380 und
1784 2353 1851 2386 diese

1026 2390 1219 2424 Beschwörung
1251 2392 1296 2417 des
1326 2389 1500 2421 Wilsonschen
1531 2388 1663 2421 Prinzips
1695 2389 1749 2415 und
1782 2388 1851 2420 seine

1027 2425 1151 2458 geschickte
1169 2424 1383 2460 Formulierung
1404 2425 1480 2456 durch
1502 2424 1590 2452 Hitler
1611 2424 1725 2455 machten
1744 2423 1792 2454 auf
1810 2423 1850 2449 die

1027 2460 1192 2493 Westmächte
1208 2460 1285 2487 einen
1306 2460 1383 2493 tiefen
1403 2458 1539 2488 Eindruck.
1556 2458 1621 2492 Für
1632 2460 1680 2485 den
1698 2457 1850 2492 Franzosen

1026 2501 1085 2522 war
1106 2498 1133 2522 es
1155 2495 1197 2522 ein
1219 2495 1454 2527 unannehmbarer
1477 2493 1605 2525 Gedanke,
1627 2492 1678 2524 daß
1700 2500 1763 2519 man
1782 2491 1849 2526 zwei

1027 2529 1181 2558 Streitende
1217 2537 1276 2563 zum
1312 2528 1576 2562 Zusammenbleiben
1614 2526 1735 2560 zwingen
1769 2525 1851 2560 sollte,

1027 2570 1105 2592 wenn
1131 2567 1177 2592 der
1202 2565 1260 2592 eine
1286 2564 1335 2597 auf
1362 2564 1459 2592 Grund
1485 2564 1530 2590 des
1557 2562 1851 2598 Selbstbestimmungs¬

1028 2600 1123 2633 rechtes
1149 2599 1299 2632 Scheidung
1322 2601 1468 2632 verlangte.
1510 2598 1570 2625 Von
1597 2596 1727 2629 kapitaler
1750 2597 1851 2625 Bedeu¬

1029 2636 1094 2669 tung
1112 2635 1151 2662 bei
1172 2636 1217 2662 der
1238 2633 1427 2668 Entscheidung
1446 2638 1505 2660 war
1523 2633 1569 2659 der
1587 2632 1670 2664 kurze,
1687 2632 1751 2658 aber
1768 2631 1851 2658 inter¬

1027 2669 1121 2702 essante
1158 2667 1587 2700 Runciman-Rapport,
1622 2668 1667 2694 der
1692 2667 1739 2693 der
1760 2666 1851 2697 Tsche¬

1025 2702 1187 2735 choslowakei
1208 2702 1312 2735 unrecht
1331 2701 1390 2735 gab,
1408 2701 1506 2733 sowohl
1524 2700 1572 2727 den
1593 2699 1846 2732 Sudetendeutschen

1025 2737 1069 2763 als
1113 2736 1288 2770 Deutschland
1331 2735 1484 2769 gegenüber.
1554 2733 1606 2761 Ein
1648 2734 1761 2760 anderes
1804 2728 1848 2767 für

1028 2772 1159 2806 München
1210 2770 1416 2805 entscheidendes
1467 2770 1616 2803 Argument
1667 2775 1758 2796 waren
1812 2769 1852 2796 die

1029 2807 1383 2840 innenpolitischen
1436 2805 1630 2833 Bedenken
1685 2811 1764 2838 gegen
1808 2803 1851 2830 ein

1029 2842 1210 2876 ideologisches
1234 2840 1475 2875 Zusammengehen
1499 2839 1548 2867 mit
1569 2839 1706 2872 Rußland.
1730 2839 1790 2870 Daß
1811 2838 1852 2865 die

1029 2877 1156 2909 Minister
1181 2877 1225 2910 sich
1248 2877 1310 2909 auch
1333 2880 1385 2904 von
1410 2878 1455 2902 der
1479 2875 1568 2908 Sorge
1591 2882 1637 2901 um
1659 2874 1717 2907 ihre
1741 2873 1852 2911 Länder,

1028 2912 1165 2944 Menschen
1187 2914 1241 2939 und
1265 2912 1360 2939 Städte
1381 2910 1459 2938 leiten
1482 2909 1576 2941 ließen,
1595 2909 1666 2936 wird
1687 2916 1750 2936 man
1771 2908 1851 2941 ihnen

1030 2947 1102 2979 umso
1124 2947 1241 2980 weniger
1262 2946 1414 2975 verdenken,
1435 2947 1480 2972 als
1501 2944 1541 2972 die
1565 2943 1735 2976 militärische
1757 2943 1852 2977 Inter¬

1027 2982 1135 3009 vention
1159 2982 1200 3009 die
1219 2981 1343 3015 Physische
1362 2980 1525 3013 Zerstörung
1546 2980 1591 3006 der
1612 2977 1850 3012 Tschechoslowakei

1028 3017 1095 3050 nicht
1124 3018 1194 3049 hätte
1221 3016 1383 3049 verhindern
1412 3016 1521 3042 können.
1565 3014 1665 3046 Zudem
1692 3014 1784 3040 wären
1812 3013 1852 3040 die

1028 3052 1170 3084 Probleme
1199 3042 1262 3085 auch
1295 3051 1371 3084 durch
1400 3049 1477 3078 einen
1511 3048 1578 3081 Sieg
1609 3049 1654 3075 der
1686 3048 1852 3080 Westmächte

1028 3086 1094 3119 nicht
1120 3087 1198 3121 gelöst
1220 3086 1338 3113 worden.
1362 3083 1525 3118 Hinsichtlich
1550 3083 1694 3115 Rußlands
1717 3088 1776 3109 war
1802 3084 1850 3109 das

1028 3122 1164 3150 Dilemma
1191 3121 1335 3154 furchtbar:
1377 3119 1482 3147 Erwies
1503 3121 1533 3145 es
1560 3118 1603 3150 sich
1626 3119 1671 3144 als
1695 3116 1851 3149 militärisch

1028 3135 1854 3189 unfähig, so hatte Deutschland den Weg in die
1029 3172 1854 3226 Ukraine und ans Schwarze Meer frei: war es fähig
1029 3202 1848 3257 dann drohten Mitteleuropa Umwälzungen; die Ver¬
1028 3239 1851 3293 ständigung von München war deshalb auch eine Ge¬
1029 3277 1849 3329 legenheit, den unbequemen fünften Partner loszu¬
1026 3312 1854 3362 werden. Das Abkommen von München ist nur die
1030 3343 1851 3397 Bestätigung eines Tatbestandes und keine konstruk¬
1029 3379 1852 3431 tive Lösung: es stellt nichts Neues an Stelle des zer¬
1029 3413 1385 3466 störten Staatensystems.
1076 3475 1137 3503 Seit
1170 3476 1227 3503 dem
1252 3475 1400 3509 Münchner
1425 3473 1538 3505 Frieden
1572 3472 1673 3500 können
1706 3471 1759 3498 wir
1794 3478 1846 3498 nur

1025 3510 1086 3544 noch
1117 3510 1316 3543 Inventar
1348 3509 1461 3541 machen,
1485 3509 1533 3534 das
1556 3506 1626 3539 heißt
1650 3506 1767 3540 zunächst
1792 3505 1846 3539 fest¬

1025 3544 1121 3577 stellen,
1154 3547 1213 3572 was
1248 3543 1447 3578 verschwunden
1481 3542 1519 3574 ist.
1553 3536 1846 3574 Verschwunden

1025 3579 1080 3611 sind
1099 3578 1139 3606 die
1157 3578 1420 3611 Friedensverträge,
1440 3576 1480 3604 die
1499 3576 1543 3606 seit
1564 3577 1629 3603 1919
1647 3583 1707 3608 zum
1728 3575 1845 3606 eisernen

1024 3613 1140 3646 Bestand
1167 3614 1293 3646 Europas
1319 3613 1451 3646 gehörten.
1494 3610 1702 3644 Verschwunden
1726 3610 1782 3643 sind
1806 3609 1847 3637 die

1025 3648 1156 3681 Grenzen,
1177 3647 1217 3675 die
1239 3647 1304 3680 diese
1325 3646 1578 3681 Friedensverträge
1601 3645 1628 3672 in
1650 3644 1845 3683 Mitteleuropa

1025 3672 1212 3716 eingezeichnet
1231 3682 1329 3712 hatten.
1356 3680 1563 3713 Verschwunden
1583 3678 1612 3709 ist
1631 3680 1692 3706 aber
1712 3679 1775 3711 auch
1793 3678 1846 3705 viel

1025 3717 1293 3750 Vertragsgestrüpp.
1335 3715 1543 3747 Verschwunden
1578 3713 1608 3746 ist
1640 3713 1681 3741 die
1715 3713 1847 3747 Vorherr¬

1025 3751 1101 3785 schaft
1122 3750 1294 3785 Frankreichs
1318 3749 1346 3778 in
1367 3749 1471 3777 Mittel-
1493 3749 1547 3776 und
1570 3748 1727 3780 Osteuropa:
1750 3750 1778 3775 es
1802 3748 1846 3778 hat

1028 3787 1115 3821 seinen
1169 3788 1356 3815 Verbündeten
1411 3785 1535 3819 geopfert.
1598 3784 1665 3817 Nach
1719 3784 1850 3824 München

1025 3822 1097 3848 wäre
1132 3823 1159 3848 es
1195 3820 1239 3854 für
1265 3818 1421 3854 Frankreich
1455 3826 1486 3853 zu
1522 3818 1578 3851 spät
1613 3819 1674 3844 oder
1709 3824 1741 3850 zu
1776 3817 1847 3850 früh,

1025 3854 1053 3882 in
1086 3854 1281 3887 Mitteleuropa
1314 3862 1345 3889 zu
1378 3852 1582 3881 intervenieren.
1616 3853 1655 3885 Zu
1688 3852 1752 3884 spät,
1785 3851 1846 3878 weil

1025 3892 1053 3916 es
1076 3897 1107 3923 zu
1131 3889 1183 3917 viel
1208 3889 1310 3922 Ballast
1333 3887 1501 3922 abgeworfen
1525 3901 1557 3905 —
1579 3894 1610 3919 zu
1635 3886 1696 3920 früh
1721 3886 1765 3919 für
1789 3885 1846 3913 eine

1026 3924 1140 3957 künftige
1170 3923 1461 3957 Mächtegruppierung
1489 3922 1526 3949 im
1556 3921 1642 3951 Osten.
1678 3920 1846 3953 Verschwun¬

1025 3959 1073 3985 den
1098 3958 1127 3991 ist
1149 3959 1211 3992 auch
1236 3957 1276 3985 die
1300 3957 1382 3985 aktive
1405 3955 1505 3990 Politik
1529 3956 1682 3987 Rußlands,
1707 3956 1773 3985 ohne
1797 3954 1846 3986 daß

1025 4000 1089 4020 man
1116 3991 1144 4020 in
1171 3993 1219 4020 den
1246 3991 1377 4026 kritischen
1403 3991 1512 4024 Wochen
1539 3990 1609 4023 hätte
1635 3989 1663 4016 in
1689 3984 1846 4022 Erfahrung

1883 499 1995 532 bringen
2014 502 2121 533 können,
2140 506 2199 530 was
2219 503 2302 535 dieser
2321 503 2538 537 geheimnisvolle
2557 504 2639 532 Staat
2659 506 2698 533 bei

1883 533 2020 569 Ausbruch
2039 536 2112 564 eines
2130 537 2242 571 Krieges
2262 538 2310 564 tun
2330 538 2430 565 würde.

1934 577 2000 604 Was
2024 584 2082 606 war
2106 580 2168 612 nach
2193 580 2325 613 München
2351 581 2412 612 noch
2436 581 2607 612 vorhanden?
2643 582 2699 609 Vor

1884 611 1962 637 allem
1980 614 2033 639 und
2053 621 2112 646 zum
2132 614 2272 647 erstenmal
2293 613 2350 642 eine
2378 614 2628 649 Bestätigung
2656 618 2700 643 der

1882 648 1935 672 von
1976 646 2149 680 Deutschland
2191 649 2384 682 erzwungenen
2428 649 2612 682 Revision
2656 652 2700 677 der

1884 678 2272 715 Friedensverträge.
2313 682 2392 710 Beim
2433 682 2561 716 Anschluß
2601 684 2701 717 Oester¬

1884 712 1965 746 reichs
1987 714 2122 748 schwiegen
2148 716 2188 743 die
2211 716 2324 749 Mächte;
2349 716 2389 743 bei
2412 717 2456 743 der
2479 717 2634 752 Knebelung
2656 720 2700 745 der

1883 746 2119 781 Tschechoslowakei
2153 751 2236 783 gaben
2271 750 2303 782 sie
2337 751 2385 777 den
2420 751 2518 784 Segen.
2552 752 2611 779 Das
2646 753 2701 786 sind

1884 782 1962 812 große
1990 784 2044 809 und
2070 785 2232 817 bedeutsame
2261 784 2358 818 Dinge,
2386 785 2426 812 die
2454 785 2494 812 die
2521 786 2634 813 Kleinen
2662 787 2700 814 im

1883 814 1967 847 stillen
1993 818 2175 845 Kämmerlein
2205 819 2233 845 in
2260 819 2332 852 ihrer
2359 826 2459 853 ganzen
2485 820 2637 854 Tragweite
2662 829 2700 848 er¬

1882 851 1974 882 wägen
2002 851 2101 883 sollten.
2127 852 2261 880 Niemand
2289 854 2362 880 denkt
2388 855 2483 884 daran,
2509 856 2555 887 auf
2583 855 2701 889 Deutsch¬

1883 884 1963 910 lands
1984 885 2091 919 Erfolge
2111 887 2353 920 zurückzukommen
2375 889 2437 914 oder
2458 888 2490 921 sie
2512 888 2540 915 in
2562 889 2648 923 Frage
2670 897 2701 923 zu

1883 917 1977 950 stellen.
2011 920 2052 946 An
2080 921 2163 948 Stelle
2196 923 2241 948 der
2266 922 2547 955 Völkerbundspolitik
2580 923 2610 957 ist
2644 923 2701 950 eine

1884 959 1973 979 neue
2011 954 2410 988 Großmachtspolitik
2448 957 2572 989 getreten.
2613 957 2702 991 Hinzu

1883 986 1998 1014 kommen
2024 988 2148 1021 Versuche
2174 989 2247 1016 eines
2274 990 2372 1022 bessern
2398 990 2628 1021 Einvernehmens
2657 994 2701 1019 der

1882 1020 2054 1055 Großmächte
2077 1023 2122 1055 auf
2148 1024 2245 1050 Grund
2268 1025 2313 1050 der
2337 1024 2626 1058 Septemberverträge.
2651 1027 2701 1053 Als

1882 1054 2010 1088 Indizien
2029 1057 2107 1087 dafür
2127 1057 2193 1084 kann
2213 1065 2276 1084 man
2297 1058 2338 1085 die
2356 1058 2591 1092 deutsch-englische
2610 1060 2701 1087 Dekla¬

1883 1088 1974 1115 ration
1992 1095 2043 1116 von
2060 1090 2147 1119 Hitler
2165 1092 2220 1118 und
2238 1092 2430 1123 Chamberlain
2451 1095 2505 1119 und
2523 1093 2563 1120 die
2580 1095 2702 1127 Inkraft¬

1887 1124 1983 1159 setzung
2022 1128 2067 1153 des
2110 1127 2286 1154 Abkommens
2327 1128 2451 1161 Italiens
2492 1130 2541 1156 mit
2583 1131 2706 1163 England

1886 1161 1993 1187 werten.
2027 1161 2115 1190 Hitler
2151 1163 2206 1189 und
2243 1163 2349 1190 Bonnet
2383 1164 2466 1195 haben
2504 1164 2541 1191 im
2577 1165 2707 1199 Anschluß

1885 1201 1920 1220 an
1959 1196 2090 1229 München
2128 1196 2199 1229 schon
2239 1202 2288 1223 vor
2324 1197 2411 1224 einem
2449 1198 2547 1226 Monat
2584 1200 2707 1233 versucht,

1882 1234 1913 1259 zu
1939 1227 2023 1255 einem
2048 1229 2304 1263 freundschaftlichen
2330 1231 2489 1257 Abkommen
2516 1239 2546 1264 zu
2572 1234 2701 1265 gelangen

1882 1262 1936 1287 und
1959 1270 2003 1289 am
2026 1263 2160 1296 Dienstag
2183 1263 2253 1290 wird
2280 1263 2445 1297 Ribbentrop
2469 1272 2516 1298 zur
2540 1266 2701 1300 Unterzeich¬

1882 1302 1956 1329 nung
1976 1297 2036 1329 nach
2055 1297 2140 1330 Paris
2163 1297 2266 1330 fahren.
2286 1298 2337 1326 Die
2358 1298 2576 1333 Bestimmungen
2599 1301 2700 1328 lauten:

1882 1329 2075 1364 Anerkennung
2103 1332 2147 1358 der
2173 1332 2303 1365 Grenzen,
2329 1332 2398 1359 keine
2423 1333 2608 1361 territorialen
2637 1335 2701 1366 For¬

1884 1364 2025 1397 derungen,
2062 1365 2260 1399 obligatorische
2297 1366 2487 1399 Konsultation
2524 1368 2563 1394 bei
2604 1369 2703 1396 Streit¬

1885 1397 1975 1430 fällen;
2001 1398 2042 1426 die
2070 1399 2156 1432 Frage
2182 1401 2228 1427 der
2255 1400 2387 1427 Kolonien
2417 1403 2508 1428 wurde
2535 1402 2649 1429 diesmal
2677 1403 2703 1435 so

1884 1431 1971 1465 wenig
1987 1433 2179 1467 angeschnitten
2198 1433 2249 1461 wie
2268 1434 2296 1461 in
2313 1435 2454 1469 München.

1933 1479 2010 1506 Beim
2035 1480 2438 1515 karpathorussischen
2462 1482 2640 1514 Problem
2664 1491 2703 1511 er¬

1883 1512 1963 1545 folgte
1984 1514 2040 1540 eine
2061 1522 2125 1541 neue
2147 1515 2309 1547 Erprobung
2329 1516 2374 1542 der
2397 1516 2532 1544 Solidität
2554 1519 2599 1544 der
2619 1519 2702 1551 Achse.

1882 1546 1969 1579 Hitler
1993 1548 2037 1580 hat
2063 1548 2121 1581 hier
2147 1550 2194 1576 den
2220 1549 2412 1583 Forderungen
2436 1550 2548 1584 Polens,
2573 1551 2703 1586 Ungarns

1883 1582 1937 1607 und
1964 1581 2089 1615 Italiens
2117 1582 2183 1615 nicht
2213 1583 2388 1616 entsprochen,
2416 1584 2527 1616 sondern
2558 1586 2602 1619 sich
2632 1586 2702 1620 sozu¬

1882 1615 1959 1648 sagen
1981 1618 2025 1642 als
2047 1617 2185 1648 Protektor
2209 1618 2253 1644 der
2277 1617 2515 1657 Tschechoslowakei
2538 1620 2703 1653 aufgespielt.

1882 1649 1933 1676 Die
1967 1649 2135 1684 eigentlichen
2163 1651 2331 1679 Rivalen
2366 1660 2393 1679 in
2419 1652 2614 1686 Mitteleuropa
2648 1655 2703 1685 sind

1883 1683 2132 1717 Deutschland
2177 1687 2231 1712 und
2276 1686 2444 1718 Italien.
2489 1687 2543 1714 Der
2588 1689 2704 1722 Rückzug

1883 1717 2053 1752 Frankreichs
2077 1722 2130 1746 aus
2155 1720 2213 1746 dem
2241 1719 2514 1754 mitteleuropäischen
2541 1722 2620 1755 Spiel
2645 1730 2703 1750 war

1882 1750 2010 1783 vielleicht
2032 1760 2080 1792 gar
2101 1752 2170 1780 keine
2191 1753 2216 1785 so
2238 1753 2350 1787 schlechte
2371 1755 2446 1787 Idee.
2468 1756 2626 1789 Immerhin
2647 1763 2703 1784 ver¬

1884 1785 1949 1817 sucht
1966 1786 2082 1819 Italien,
2099 1786 2168 1819 seine
2186 1788 2314 1821 Stellung
2331 1788 2358 1815 in
2379 1788 2574 1822 Mitteleuropa
2593 1792 2647 1817 und
2667 1792 2703 1819 im

1883 1820 1986 1847 Balkan
2005 1828 2036 1854 zu
2055 1822 2174 1854 wahren.
2196 1822 2237 1850 Ob
2256 1822 2306 1849 mit
2324 1822 2436 1856 Erfolg?
2456 1824 2525 1857 Auch
2546 1825 2595 1851 das
2614 1825 2703 1857 Itine¬

1883 1861 1930 1881 rar
1950 1855 2049 1882 Carols
2069 1857 2145 1887 durch
2166 1855 2207 1883 die
2229 1857 2386 1891 Residenzen
2407 1858 2533 1889 Europas
2554 1859 2639 1886 diente
2660 1861 2703 1887 der

1883 1888 2105 1923 Verständigung.
2127 1891 2164 1917 Es
2186 1890 2280 1923 besteht
2301 1890 2356 1918 kein
2378 1891 2488 1925 Zweifel
2509 1893 2633 1924 darüber,
2653 1895 2704 1926 daß

1884 1923 2008 1962 England
2028 1923 2183 1952 Rumänien
2205 1924 2262 1958 sehr
2284 1926 2476 1958 entgegenkam,
2500 1927 2550 1959 daß
2573 1928 2705 1959 Frank¬

1884 1958 1974 1989 reich
1997 1958 2103 1985 Kredite
2127 1959 2177 1991 gab
2201 1960 2256 1986 und
2280 1959 2330 1993 daß
2354 1960 2528 1994 Deutschland
2551 1961 2705 1996 wirtschaft¬

1884 1990 1944 2024 liche
1966 1992 2086 2020 Vorteile
2108 1993 2253 2026 versprach.

1935 2036 2018 2064 Unter
2043 2038 2100 2064 dem
2125 2036 2197 2064 Titel
2230 2037 2426 2066 Ausblicke
2460 2039 2539 2072 stellte
2564 2045 2616 2068 von
2627 2041 2709 2069 Salis

1883 2069 1935 2101 fest,
1953 2071 2004 2102 daß
2021 2071 2062 2098 die
2081 2071 2246 2105 europäische
2263 2072 2465 2106 Machtstellung
2483 2076 2528 2102 der
2546 2075 2705 2103 Diktaturen

1882 2104 1932 2132 mit
1957 2104 2030 2136 ihrer
2056 2106 2239 2139 dynamischen
2266 2100 2524 2141 Durchschlagskraft
2549 2110 2621 2143 wohl
2646 2112 2707 2143 noch

1883 2139 1929 2170 auf
1950 2142 2058 2174 längere
2077 2140 2135 2173 Zeit
2157 2140 2199 2168 ein
2221 2141 2426 2174 entscheidender
2447 2143 2544 2174 Faktor
2565 2146 2610 2172 der
2632 2153 2707 2172 euro¬

1883 2174 1999 2207 päischen
2020 2175 2121 2208 Politik
2141 2176 2244 2203 bleiben
2264 2175 2343 2204 wird.
2364 2177 2415 2204 Die
2436 2177 2602 2209 Westmächte
2623 2180 2707 2211 haben

1883 2209 1953 2241 allzu
1976 2211 2040 2243 lang
2063 2211 2111 2237 den
2134 2210 2231 2243 Fehler
2253 2211 2397 2244 begangen,
2419 2212 2461 2239 die
2483 2212 2709 2246 Diktaturmächte

1884 2251 1937 2270 nur
1972 2245 2034 2276 nach
2070 2244 2147 2278 ihren
2183 2245 2355 2278 finanziellen
2392 2248 2446 2273 und
2481 2247 2708 2281 wirtschaftlichen

1884 2278 2115 2312 Schwierigkeiten
2137 2286 2169 2313 zu
2190 2280 2349 2312 beurteilen;
2371 2281 2437 2314 diese
2458 2281 2541 2314 haben
2563 2284 2626 2310 aber
2647 2285 2708 2311 dar¬

1884 2314 1970 2345 getan,
1995 2313 2046 2346 daß
2072 2313 2104 2346 sie
2130 2314 2226 2342 immer
2251 2314 2349 2342 wieder
2373 2315 2505 2350 Auswege
2528 2317 2627 2350 finden.
2652 2319 2708 2346 Der

1884 2347 1980 2381 Drang
2017 2349 2079 2379 nach
2114 2348 2193 2382 Osten
2229 2349 2372 2382 beherrscht
2408 2352 2456 2377 das
2492 2352 2708 2385 machtpolitische

1884 2382 1974 2414 Spiel;
1995 2383 2036 2410 die
2056 2383 2207 2416 Expansion
2229 2384 2419 2418 Deutschlands
2440 2385 2511 2413 wird
2532 2387 2607 2414 kaum
2628 2395 2708 2420 gegen

1885 2415 1987 2448 Westen
2018 2417 2072 2443 und
2102 2417 2195 2444 Süden
2225 2417 2314 2450 gehen.
2361 2417 2470 2451 Zweifel
2501 2419 2615 2453 bestehen
2646 2423 2706 2448 dar¬

1888 2452 1960 2482 über,
1982 2452 2014 2480 ob
2037 2452 2192 2485 hinsichtlich
2204 2453 2341 2484 Litauens,
2365 2456 2409 2481 der
2419 2454 2533 2482 Ukraine
2543 2458 2597 2483 und
2608 2457 2711 2490 Polens

1888 2486 1916 2513 in
1940 2487 2054 2520 Zukunft
2078 2487 2409 2523 Gebietsveränderungen
2434 2489 2563 2517 eintreten
2590 2491 2711 2519 könnten.

1886 2520 2052 2554 Interessant
2072 2521 2102 2555 ist
2121 2522 2183 2555 auch
2202 2522 2243 2549 die
2262 2522 2358 2556 Frage,
2377 2523 2427 2550 wie
2446 2524 2495 2550 das
2516 2524 2596 2556 Spiel
2615 2524 2709 2557 Oberst

1885 2556 1960 2584 Becks
1986 2559 2049 2583 aus-
2073 2558 2135 2584 oder
2160 2557 2335 2591 weitergehen
2361 2557 2438 2585 wird.
2471 2558 2602 2590 Zweimal
2627 2559 2657 2590 ist
2682 2564 2709 2588 es

1877 2587 1978 2622 diesem
2002 2592 2087 2624 Polen
2112 2593 2253 2624 gelungen,
2278 2594 2325 2619 den
2350 2592 2416 2624 Blitz
2440 2593 2486 2621 auf
2510 2594 2608 2622 andere
2631 2594 2709 2628 abzu¬

1880 2625 1987 2658 lenken;
2003 2626 2067 2653 aber
2083 2626 2168 2653 damit
2186 2626 2216 2659 ist
2232 2627 2294 2660 noch
2309 2626 2393 2659 nichts
2410 2628 2526 2655 darüber
2542 2629 2709 2661 entschieden,

1873 2658 1919 2695 ob
1941 2666 1969 2685 er
1992 2658 2059 2692 nicht
2082 2659 2140 2692 doch
2164 2660 2225 2693 noch
2248 2661 2306 2687 dort
2330 2659 2518 2692 niederfahren
2544 2662 2644 2693 könnte,
2666 2668 2708 2690 wo

1886 2689 1928 2721 ein
1957 2694 2072 2725 fremder
2099 2695 2234 2722 Korridor
2261 2695 2338 2728 durch
2366 2696 2493 2728 deutsches
2522 2697 2614 2725 Gebiet
2642 2699 2709 2730 geht.

1884 2728 1934 2756 Wo
1957 2729 1998 2757 die
2022 2729 2133 2762 deutsche
2157 2729 2309 2764 Expansion
2333 2730 2397 2758 über
2421 2730 2462 2759 die
2486 2731 2592 2764 eigenen
2616 2733 2709 2759 Volks¬

1885 2765 2003 2798 genossen
2027 2764 2201 2800 hinauszielt,
2223 2766 2293 2793 wird
2324 2770 2352 2793 es
2375 2767 2420 2800 sich
2442 2774 2489 2795 um
2517 2768 2562 2796 ein
2583 2769 2710 2802 Gefügig-

1887 2800 1990 2832 machen
2016 2801 2140 2833 handeln,
2164 2801 2190 2834 so
2214 2800 2264 2828 wie
2287 2804 2315 2828 es
2341 2801 2415 2834 heute
2438 2801 2490 2829 mit
2511 2802 2558 2830 der
2581 2802 2712 2835 Tschecho¬

1884 2833 2004 2867 slowakei
2031 2834 2161 2867 geschieht,
2186 2834 2227 2862 die
2252 2835 2322 2863 Herr
2358 2835 2394 2863 im
2428 2835 2536 2869 eigenen
2561 2837 2646 2871 Hause
2671 2838 2710 2871 ist,

1874 2867 1963 2902 ohne
1976 2868 2044 2896 Herr
2066 2867 2102 2895 im
2125 2868 2210 2902 Hause
2233 2876 2265 2907 zu
2289 2868 2351 2903 sein.

1947 2894 2711 2949 Seit Abessinien und den Opfern in Spanien sind
1885 2946 1926 2973 die
1951 2946 2122 2980 finanziellen
2148 2948 2202 2975 und
2227 2947 2453 2981 wirtschaftlichen
2479 2949 2710 2982 Schwierigkeiten

1884 2981 2009 3014 Italiens
2043 2981 2109 3014 groß
2141 2984 2292 3014 geworden:
2326 2983 2446 3015 möglich,
2469 2983 2520 3015 daß
2553 2987 2580 3011 es
2613 2984 2710 3011 wieder

1884 3016 1962 3043 einen
1980 3017 2044 3049 Weg
2062 3016 2153 3048 findet,
2172 3024 2217 3043 um
2236 3016 2463 3050 durchzubrechen,
2480 3019 2709 3051 durchzuschlagen

1885 3052 1947 3078 oder
1969 3064 2000 3068 —
2021 3053 2080 3078 was
2102 3051 2164 3083 auch
2188 3051 2258 3084 schon
2281 3051 2382 3083 geschah
2404 3065 2436 3069 —
2458 3052 2709 3086 durchzuschlüpfen.

1876 3085 1955 3114 Aber
1990 3085 2090 3118 zurzeit
2125 3085 2156 3118 ist
2190 3087 2240 3113 das
2266 3085 2345 3118 Spiel
2373 3086 2496 3119 Italiens
2533 3089 2633 3120 prekär,
2660 3089 2709 3116 das

1884 3120 2075 3153 Deutschlands
2116 3120 2307 3152 aussichtsvoll.
2347 3120 2504 3154 Frankreich
2544 3123 2588 3155 hat
2629 3123 2710 3155 große

1884 3153 2102 3188 innenpolitische
2127 3154 2371 3189 Schwierigkeiten;
2404 3155 2461 3188 hier
2495 3156 2545 3184 wie
2578 3157 2605 3184 in
2639 3159 2709 3185 allen

1885 3190 2072 3217 Demokratien
2097 3189 2244 3223 beängstigt
2270 3190 2310 3217 die
2333 3190 2533 3220 dominierende
2558 3192 2652 3226 Frage,
2679 3193 2710 3219 ob

1886 3225 1931 3252 der
1957 3224 2060 3257 Zwang
2086 3231 2118 3256 zu
2154 3225 2199 3251 der
2235 3225 2403 3257 ungeheuren
2439 3225 2606 3260 Aufrüstung
2643 3227 2710 3258 nicht

1887 3258 2026 3292 schließlich
2059 3259 2099 3287 die
2132 3259 2244 3287 liberale
2275 3253 2446 3293 Wirtschaft
2459 3260 2600 3289 ruinieren
2632 3261 2710 3289 wird.

1886 3294 2011 3326 England
2032 3293 2095 3325 muß
2115 3299 2167 3321 von
2188 3293 2333 3322 Gibraltar
2353 3294 2395 3321 bis
2417 3294 2562 3327 Singapur
2584 3297 2637 3323 und
2657 3301 2710 3324 von

1884 3329 1993 3356 London
2016 3328 2060 3356 bis
2084 3328 2211 3361 Kapstadt
2235 3330 2331 3356 darum
2355 3329 2457 3362 besorgt
2482 3329 2544 3362 sein,
2567 3330 2617 3362 daß
2641 3331 2710 3358 keine

1885 3363 2026 3391 Koalition
2052 3363 2136 3395 seiner
2159 3364 2265 3396 Gegner
2288 3363 2410 3396 zustande
2434 3365 2537 3392 kommt.
2560 3365 2630 3393 Man
2653 3372 2710 3393 ver¬

1886 3398 1956 3429 steht,
1983 3398 2034 3429 daß
2059 3398 2251 3431 Chamberlain
2288 3398 2389 3431 seine
2423 3398 2523 3429 Politik
2548 3401 2630 3430 macht
2656 3401 2710 3427 und

1885 3426 1951 3465 diese
1973 3432 2073 3465 Politik
2096 3433 2153 3464 ihre
2174 3432 2290 3460 Kritiker
2314 3432 2404 3464 findet.
2427 3433 2477 3461 Die
2500 3433 2710 3468 Umwälzungen

1885 3468 1931 3494 der
1952 3467 2135 3500 europäischen
2156 3467 2257 3500 Politik
2276 3468 2360 3498 haben
2381 3468 2424 3500 für
2445 3468 2486 3495 die
2507 3468 2606 3496 kleinen
2627 3470 2710 3497 Staa¬

1888 3503 1930 3529 ten
1960 3503 2018 3530 eine
2046 3503 2246 3536 unangenehme
2276 3504 2342 3536 Lage
2372 3503 2520 3536 geschaffen.
2561 3505 2611 3531 Die
2643 3506 2710 3532 Vor¬

1886 3537 2027 3570 herrschaft
2045 3537 2218 3571 Frankreichs
2235 3542 2295 3564 war
2312 3537 2441 3568 vielleicht
2459 3538 2606 3570 manchmal
2625 3540 2709 3566 etwas

1884 3571 2011 3605 kleinlich,
2032 3573 2095 3599 aber
2119 3572 2150 3603 sie
2173 3572 2302 3599 bedrückte
2325 3572 2460 3600 niemand.
2481 3572 2551 3606 Ihre
2573 3573 2710 3606 Ersetzung

1882 3607 1961 3639 durch
1986 3607 2026 3634 die
2052 3607 2163 3640 deutsche
2187 3606 2387 3640 Vorherrschaft
2422 3607 2488 3634 kann
2523 3609 2570 3634 den
2595 3608 2707 3635 Kleinen

1887 3642 2015 3675 vielleicht
2040 3642 2330 3675 Unannehmlichkeiten
2358 3642 2479 3675 bringen.
2522 3643 2573 3670 Die
2598 3643 2710 3670 Kleinen

1884 3677 1989 3704 werden
2013 3677 2041 3704 in
2064 3677 2133 3709 Genf
2164 3676 2234 3704 keine
2255 3675 2327 3709 Hilfe
2357 3678 2412 3703 und
2436 3676 2463 3703 in
2487 3676 2611 3709 England
2634 3678 2708 3704 kaum

1883 3711 1972 3744 Schutz
2007 3710 2106 3744 finden.
2141 3710 2191 3739 Sie
2226 3712 2330 3738 werden
2367 3710 2481 3744 trachten
2515 3711 2623 3744 müssen,
2658 3712 2707 3739 mit

1885 3746 2009 3778 sauberer
2034 3745 2175 3778 Präzision
2208 3745 2329 3780 zwischen
2363 3746 2411 3773 den
2435 3746 2557 3776 Mächten
2582 3748 2636 3773 und
2660 3747 2709 3773 Ge¬

1883 3782 1983 3808 walten
2020 3779 2261 3813 durchzulavieren.
2297 3780 2347 3808 Die
2382 3780 2541 3813 Schweiz
2576 3781 2606 3812 ist
2641 3780 2709 3813 inso¬

1885 3815 1943 3847 fern
1965 3817 2049 3843 etwas
2070 3815 2226 3848 begünstigt,
2246 3817 2290 3842 als
2312 3815 2369 3848 ihre
2397 3814 2650 3843 Neutralität
2680 3815 2708 3843 in

1884 3851 1994 3883 Europa
2021 3852 2070 3877 das
2096 3850 2215 3883 Ansehen
2243 3849 2315 3877 eines
2343 3849 2492 3882 politischen
2519 3850 2641 3883 Dogmas
2668 3857 2707 3882 ge¬

1883 3884 1967 3916 nießt:
1993 3886 2025 3917 sie
2050 3885 2080 3918 ist
2103 3885 2145 3912 ein
2172 3884 2347 3917 strategischer
2372 3884 2639 3917 Durchgangspunkt,
2663 3886 2708 3912 der

1886 3920 1948 3952 nach
1964 3920 2066 3953 Ansicht
2083 3921 2128 3947 der
2145 3919 2253 3951 Großen
2270 3926 2315 3946 am
2331 3918 2415 3950 besten
2432 3918 2460 3945 in
2479 3920 2523 3946 der
2540 3919 2618 3951 Hand
2634 3919 2706 3946 eines

1884 3956 2026 3982 neutralen
2050 3953 2244 3987 Kleinstaates
2244 3953 2342 3987 bleibt,
2365 3952 2450 3986 sofern
2474 3953 2518 3985 sich
2542 3953 2623 3984 dieser
2647 3954 2708 3985 nach

1883 3989 1953 4017 allen
1985 3988 2080 4018 Seiten
2109 3996 2141 4022 zu
2172 3987 2335 4021 verteidigen
2367 3987 2473 4015 willens
2496 3989 2550 4015 und
2574 3987 2646 4022 fähig
2669 3988 2707 4022 ist.

2737 508 2818 539 Mehr
2836 510 2879 534 als
2898 508 2921 540 je
2938 507 2989 541 gilt
3008 510 3036 534 es
3055 507 3100 539 für
3118 508 3166 534 den
3184 506 3331 540 Schweizer
3347 508 3431 541 heute,
3447 507 3494 538 auf
3512 509 3557 535 der

2736 542 2841 572 düstern
2863 545 2917 569 und
2938 542 3101 574 angstvollen
3123 541 3233 573 Straße,
3253 542 3293 569 die
3313 543 3460 574 manchmal
3481 542 3558 581 durch

2736 577 2842 607 Wüsten
2875 579 2930 604 und
2964 576 3218 609 dschungelähnliche
3242 576 3349 604 Gebiete
3372 577 3455 609 führt,
3479 577 3559 610 ruhig

2738 612 2805 638 Blut
2829 613 2883 638 und
2908 611 3104 644 schweizerische
3127 611 3249 644 Haltung
3273 618 3304 644 zu
3328 612 3476 643 bewahren.

2787 646 2827 678 In
2847 646 2944 677 seinem
2962 645 3277 679 wirtschaftspolitischen
3295 646 3558 679 Diskussionsvotum

2736 680 2802 707 wies
2836 680 2885 708 Dr.
2912 681 2943 713 P.
2969 681 3097 713 Gygax
3122 688 3147 707 u.
3158 688 3182 707 a.
3209 680 3306 712 darauf
3340 680 3396 713 hin,
3430 680 3480 712 daß
3514 682 3558 707 der

2737 715 2849 747 deutsche
2875 715 2989 747 Vorstoß
3015 715 3044 742 in
3072 717 3120 742 den
3147 715 3328 742 Donauraum
3355 715 3399 747 für
3427 714 3492 747 jene,
3518 715 3558 742 die

2737 748 2829 781 bisher
2867 750 2975 782 dorthin
3012 749 3157 782 exportiert
3197 750 3290 781 haben,
3326 749 3558 783 handelspolitisch

2740 782 2804 815 recht
2825 782 2908 816 ernste
2931 783 3032 817 Folgen
3055 783 3140 816 haben
3162 782 3239 810 wird.

3024 888 3274 937 Hausbesitz

2861 944 2948 984 und
2971 943 3436 994 Arbeitsbeschaffung

2789 1026 2833 1048 mt.
2872 1021 2957 1048 Wenn
2997 1022 3043 1048 der
3079 1020 3207 1048 Verband
3246 1021 3292 1050 der
3329 1021 3451 1050 Haus-
3489 1021 3561 1048 und

2738 1055 3122 1087 Grundeigentümer
3151 1056 3196 1082 der
3218 1055 3300 1083 Stadt
3321 1055 3415 1088 Zürich
3438 1056 3466 1083 in
3488 1055 3562 1083 einer

2739 1089 2838 1121 großen
2886 1089 3051 1122 öffentlichen
3097 1089 3470 1122 Diskussionsversammlung
3516 1097 3560 1116 am

2738 1125 2779 1150 22.
2802 1124 2949 1151 November
2980 1124 3048 1155 seine
3079 1124 3305 1157 Stellungnahme
3335 1125 3482 1156 gegenüber
3513 1125 3561 1151 den

2738 1158 2951 1191 verschiedensten
2983 1158 3113 1186 Aktionen
3145 1158 3190 1191 für
3221 1159 3497 1192 Arbeitsbeschaffung
3530 1166 3562 1190 zu

2739 1192 2878 1224 umreißen
2902 1193 3040 1226 versuchte,
3063 1193 3089 1225 so
3121 1193 3192 1225 hatte
3224 1194 3273 1220 das
3306 1193 3393 1226 seinen
3418 1194 3561 1224 besondern

2738 1227 2846 1255 Grund:
2879 1236 2913 1254 an
2946 1229 2994 1254 den
3027 1227 3282 1260 stadtzürcherischen
3314 1228 3461 1260 Hausbesitz
3492 1227 3562 1254 wird

2740 1261 2896 1295 hinsichtlich
2917 1264 2962 1289 der
2980 1261 3257 1294 Arbeitsbeschaffung
3278 1262 3412 1295 beständig
3434 1262 3463 1289 in
3483 1261 3563 1293 erster

2739 1295 2815 1324 Linie
2837 1296 2987 1329 appelliert,
3011 1297 3117 1329 obschon
3143 1304 3170 1323 er
3196 1296 3224 1323 in
3248 1296 3330 1327 dieser
3356 1296 3487 1328 Richtung
3511 1301 3563 1323 von

2740 1329 2810 1362 jeher
2830 1331 2917 1361 seinen
2939 1330 3087 1363 reichlichen
3109 1330 3200 1358 Anteil
3221 1343 3252 1347 —
3273 1332 3304 1356 45
3325 1330 3368 1358 bis
3390 1332 3438 1356 100
3457 1330 3562 1358 Millio¬

2740 1372 2790 1392 nen
2811 1364 2922 1398 jährlich
2943 1378 2975 1383 —
2996 1365 3110 1398 geleistet
3131 1366 3184 1397 hat.
3206 1365 3306 1397 Zudem
3327 1366 3372 1398 hat
3394 1373 3438 1392 am
3460 1366 3499 1391 27.
3510 1365 3562 1392 No¬

2738 1401 2844 1427 vember
2877 1402 2925 1426 das
2950 1400 3124 1432 Zürchervolk
3157 1401 3238 1426 neben
3273 1401 3318 1427 der
3351 1399 3563 1432 eidgenössischen

2740 1434 2956 1467 Finanzvorlage
2991 1435 3055 1461 über
3092 1436 3139 1461 den
3176 1434 3334 1461 kantonalen
3365 1436 3392 1460 14
3405 1433 3563 1461 Millionen¬

2740 1469 2821 1495 kredit
2841 1477 2889 1501 zur
2910 1468 3186 1501 Arbeitsbeschaffung
3207 1468 3406 1501 abzustimmen.
3428 1468 3479 1496 Die
3498 1469 3563 1496 Ver¬

2740 1503 2900 1536 sammlung,
2922 1503 2962 1531 die
2981 1508 3033 1530 von
3055 1503 3197 1535 Präsident
3218 1502 3305 1530 Oskar
3334 1503 3483 1530 Müller
3513 1504 3563 1530 mit

2740 1539 2797 1564 dem
2816 1537 2939 1570 Hinweis
2958 1538 3004 1570 auf
3025 1539 3072 1565 den
3095 1538 3173 1569 Ernst
3194 1539 3238 1565 der
3259 1537 3504 1569 innenpolitischen,
3525 1538 3562 1564 im

2740 1572 2918 1604 wesentlichen
2959 1573 3036 1604 durch
3076 1572 3118 1599 die
3156 1572 3383 1605 Arbeitslosigkeit
3424 1572 3564 1605 bedingten

2740 1607 2806 1639 Lage
2831 1607 2944 1640 eröffnet
2971 1608 3071 1637 wurde,
3099 1606 3163 1640 fand
3188 1608 3269 1640 daher
3296 1606 3485 1640 aufmerksame
3511 1607 3562 1640 Zu¬

2740 1624 2830 1674 hörer.
2791 1679 3048 1713 Verbandssekretär
3074 1679 3124 1707 Dr.
3150 1680 3217 1708 Max
3243 1680 3424 1708 Brunner
3458 1680 3563 1711 knüpfte

2741 1713 2769 1741 in
2798 1714 2884 1746 seinen
2913 1714 3124 1747 Feststellungen,
3151 1714 3179 1741 in
3207 1716 3288 1741 denen
3315 1722 3343 1742 er
3369 1715 3563 1748 ausschließlich

2741 1749 2789 1775 den
2811 1749 2984 1781 Standpunkt
3007 1750 3052 1775 des
3074 1749 3251 1781 Hausbesitzes
3274 1756 3306 1782 zu
3326 1750 3459 1776 vertreten
3484 1751 3564 1781 hatte,

2741 1790 2776 1809 an
2797 1782 2863 1814 diese
2882 1784 3080 1815 Bemerkungen
3100 1791 3145 1813 an,
3166 1782 3253 1810 indem
3273 1791 3301 1811 er
3322 1784 3419 1816 darauf
3438 1783 3564 1816 hinwies,

2741 1817 2791 1845 wie
2810 1819 2860 1845 alle
2880 1817 3347 1858 Arbeitsbeschaffungsprogramme
3365 1826 3400 1845 an
3422 1820 3478 1846 dem
3498 1818 3563 1852 Feh¬

2742 1853 2781 1879 ler
2805 1853 2924 1882 kranken,
2948 1857 2998 1879 vor
3022 1853 3100 1879 allem
3126 1852 3167 1880 die
3191 1852 3372 1886 Bautätigkeit
3398 1853 3506 1886 fördern
3531 1860 3563 1886 zu

2741 1887 2846 1917 wollen,
2870 1886 2932 1914 weil
2967 1886 3025 1917 hier
3051 1894 3096 1913 am
3122 1887 3283 1919 bequemsten
3319 1889 3373 1914 und
3409 1887 3562 1920 einfachsten

2740 1920 2835 1949 Arbeit
2853 1928 2885 1954 zu
2905 1921 3044 1953 beschaffen
3064 1921 3106 1954 sei.
3125 1921 3221 1949 Damit
3239 1921 3309 1949 wird
3327 1924 3391 1949 aber
3410 1922 3451 1950 die
3470 1922 3563 1949 Ueber¬

2743 1955 2838 1989 setzung
2872 1957 2917 1983 des
2942 1956 3138 1989 Baugewerbes
3171 1955 3237 1989 nicht
3262 1957 3391 1989 abgebaut
3426 1959 3480 1983 und
3506 1956 3563 1984 eine

2741 1989 3003 2024 Wohnbautätigkeit
3027 1990 3054 2017 in
3080 1990 3121 2017 die
3145 1990 3223 2024 Wege
3246 1990 3358 2023 geleitet,
3382 1991 3423 2018 die
3446 1991 3490 2023 für
3514 1992 3563 2018 den

2740 2023 2887 2058 Hausbesitz
2911 2024 3132 2058 verhängnisvoll
3158 2024 3196 2058 ist.
3219 2026 3305 2053 Wenn
3331 2028 3380 2053 das
3404 2026 3563 2058 Anwachsen

2742 2060 2786 2086 der
2810 2059 2957 2092 städtischen
2981 2060 3165 2093 Bevölkerung
3188 2060 3214 2092 so
3236 2060 3377 2091 bedenklich
3400 2068 3459 2093 zum
3483 2060 3564 2088 Still¬

2744 2093 2817 2124 stand
2833 2094 2940 2125 kommt,
2954 2094 3004 2121 wie
3021 2095 3104 2127 heute,
3120 2094 3146 2126 so
3165 2094 3194 2127 ist
3211 2094 3238 2121 in
3256 2096 3304 2121 den
3322 2095 3437 2127 nächsten
3455 2095 3562 2127 Jahren

2743 2128 2786 2160 für
2806 2130 2854 2156 den
2877 2128 3131 2162 stadtzürcherischen
3152 2129 3299 2161 Hausbesitz
3321 2129 3404 2162 nichts
3425 2130 3510 2157 Gutes
3531 2136 3564 2162 zu

2742 2164 2886 2192 erwarten:
2908 2163 2990 2194 stehen
3010 2164 3069 2196 doch
3089 2163 3163 2195 heute
3181 2164 3242 2196 trotz
3261 2164 3390 2196 Zudrang
3410 2170 3498 2197 wegen
3518 2165 3563 2191 der

2742 2197 3010 2231 Landesausstellung
3037 2199 3091 2224 und
3127 2198 3203 2231 durch
3239 2197 3280 2225 die
3305 2198 3471 2232 Flüchtlinge
3496 2200 3564 2225 2500

2742 2232 2919 2265 Wohnungen
2954 2232 3018 2259 leer!
3054 2232 3137 2265 Zwar
3172 2232 3255 2265 haben
3291 2232 3473 2266 Regierungs-
3508 2234 3563 2260 und

2742 2267 2870 2294 Stadtrat
2903 2266 3033 2299 bestimmt
3066 2266 3210 2299 versichert,
3234 2266 3303 2295 keine
3335 2268 3563 2300 Neuwohnungen

2743 2302 2816 2331 mehr
2837 2309 2869 2333 zu
2889 2301 3017 2333 erstellen:
3038 2302 3102 2328 aber
3122 2301 3163 2329 die
3183 2301 3288 2334 private
3309 2303 3363 2329 und
3384 2302 3564 2335 vornehmlich

2743 2336 2900 2367 spekulative
2926 2335 3188 2369 Wohnbautätigkeit
3215 2335 3245 2367 ist
3271 2336 3370 2369 zurzeit
3398 2336 3496 2364 wieder
3523 2337 3563 2364 be¬

2743 2364 2851 2402 sonders
2875 2370 2979 2404 kräftig.
3012 2370 3064 2398 Die
3087 2370 3188 2403 Folgen
3213 2370 3269 2403 sind
3300 2371 3343 2398 ein
3367 2371 3564 2404 Ueberangebot

2743 2406 2797 2432 und
2824 2406 2872 2432 das
2898 2405 2999 2433 Sinken
3026 2406 3072 2432 der
3097 2404 3253 2438 Mietpreise
3279 2406 3349 2432 alter
3375 2405 3563 2438 Wohnungen;

2742 2445 2819 2466 wenn
2844 2440 2909 2471 diese
2932 2440 3047 2473 letzteren
3071 2440 3134 2467 aber
3156 2439 3355 2473 zwangsläufig
3378 2440 3564 2471 modernisiert

2743 2476 2857 2505 werden,
2876 2475 2902 2506 so
2921 2475 2987 2501 kann
3007 2476 3052 2502 der
3069 2474 3220 2501 Vermieter
3239 2474 3283 2507 sich
3301 2481 3352 2501 aus
3371 2476 3417 2502 den
3437 2476 3563 2507 erhöhten

2743 2507 2903 2542 Mietzinsen
2925 2509 2969 2542 für
2990 2508 3058 2542 seine
3078 2508 3276 2541 Investitionen
3296 2509 3354 2542 doch
3375 2509 3441 2542 nicht
3462 2510 3564 2542 bezahlt

2743 2544 2853 2574 machen.
2878 2544 2921 2571 Da
2945 2544 3008 2571 aber
3031 2544 3079 2570 das
3103 2543 3294 2576 Wohlergehen
3319 2545 3363 2571 der
3387 2544 3564 2577 Hausbesitzer

2742 2584 2802 2604 vom
2824 2578 2947 2610 Schicksal
2968 2578 3077 2609 unserer
3097 2577 3350 2611 Gesamtwirtschaft
3371 2579 3489 2612 abhängt
3510 2579 3564 2606 und

2742 2612 2796 2640 wir
2818 2613 2964 2646 unbedingt
2987 2613 3094 2646 billiger
3117 2612 3291 2645 Produzieren
3314 2614 3369 2640 und
3392 2613 3564 2646 bescheidener

2744 2648 2817 2675 leben
2841 2647 2942 2679 sollten,
2965 2647 3063 2680 müssen
3087 2647 3140 2674 wir
3164 2648 3225 2680 nach
3258 2647 3428 2681 billigen
3461 2649 3564 2679 Woh¬

2745 2689 2893 2714 nungen
2922 2682 3046 2715 trachten.
3073 2682 3158 2709 Wenn
3178 2681 3219 2709 die
3238 2682 3378 2710 kantonale
3399 2682 3565 2716 paritätische

2744 2715 3202 2750 Arbeitsbeschaffungskommission
3239 2717 3287 2744 den
3325 2717 3455 2745 Bauwert
3492 2717 3564 2745 eines

2745 2750 2881 2783 Zimmers
2909 2752 2986 2784 durch
3015 2751 3054 2778 die
3081 2750 3319 2785 Modernisierung
3345 2757 3397 2779 von
3423 2753 3492 2778 4500
3519 2751 3565 2785 auf

2739 2786 2812 2812 7500
2830 2786 2876 2818 Fr.
2894 2786 3026 2820 ansteigen
3046 2785 3101 2818 läßt
3121 2787 3174 2812 und
3192 2785 3241 2813 mit
3261 2788 3305 2813 der
3323 2786 3495 2814 Subvention
3513 2791 3565 2813 von

2747 2821 2778 2845 22
2807 2821 2924 2853 Prozent
2953 2819 3089 2853 eigentlich
3119 2827 3172 2848 nur
3201 2820 3241 2847 die
3270 2818 3413 2852 Gleichheit
3443 2822 3488 2848 der
3516 2822 3565 2848 Ge¬

2745 2854 2953 2889 stehungspreise
2978 2855 3021 2888 für
3046 2855 3245 2887 modernisierte
3270 2857 3323 2882 und
3347 2854 3475 2886 wirkliche
3498 2856 3566 2883 Neu¬

2744 2890 2912 2923 wohnungen
2938 2889 3059 2923 herstellt,
3082 2891 3137 2917 und
3162 2895 3238 2917 wenn
3263 2889 3406 2923 außerdem
3430 2890 3471 2918 die
3494 2891 3565 2918 Kan¬

2745 2924 2888 2951 tonalbank
2906 2925 2936 2951 75
2956 2925 3071 2957 Prozent
3092 2925 3137 2951 des
3156 2923 3247 2957 hierzu
3267 2924 3417 2958 benötigten
3437 2925 3563 2957 Kapitals

2745 2959 2918 2991 übernimmt,
2943 2959 2969 2991 so
2993 2958 3057 2993 muß
3082 2960 3127 2986 der
3152 2958 3395 2992 Hauseigentümer
3420 2960 3478 2990 doch
3504 2960 3564 2992 noch

2743 2993 2920 3027 beträchtliche
2943 2994 3077 3022 Summen
3102 2993 3275 3026 aufbringen:
3302 2993 3354 3025 sein
3380 2993 3564 3027 Eigenkapital

2745 3028 2781 3055 im
2803 3027 2890 3062 Hause
2913 3029 2971 3061 geht
2995 3027 3092 3061 zurück.
3115 3028 3194 3056 Kann
3219 3036 3247 3056 er
3271 3029 3343 3056 dann
3367 3027 3491 3062 wirklich,
3513 3028 3564 3057 wie

2745 3062 2798 3094 ihm
2821 3064 3002 3096 vorgerechnet
3026 3062 3105 3094 wird,
3128 3062 3169 3090 die
3192 3062 3510 3097 Dreizimmerwohnung
3532 3071 3564 3097 zu

2750 3099 2812 3122 1600
2832 3097 2877 3128 Fr.
2898 3096 3061 3124 vermieten?
3079 3097 3135 3124 Der
3156 3096 3279 3128 Referent
3301 3097 3356 3124 kam
3376 3098 3457 3127 daher
3476 3099 3562 3124 weder

2743 3139 2775 3165 zu
2800 3132 2874 3160 einer
2899 3134 3000 3166 glatten
3026 3132 3205 3165 Empfehlung
3230 3133 3290 3165 noch
3316 3139 3347 3165 zu
3372 3132 3445 3160 einer
3469 3133 3563 3164 Ableh¬

2744 3174 2818 3200 nung
2837 3169 2891 3194 und
2912 3167 2993 3199 schloß
3012 3167 3061 3194 mit
3081 3168 3126 3194 der
3145 3167 3321 3200 Bemerkung:
3341 3167 3404 3195 Wer
3422 3168 3489 3194 Geld
3509 3168 3562 3198 hat,

2745 3202 2790 3229 der
2809 3202 2898 3235 schaffe
2916 3201 3021 3234 Arbeit;
3040 3207 3095 3229 wer
3113 3202 3176 3229 aber
3197 3200 3281 3229 keines
3302 3202 3355 3235 hat,
3374 3203 3419 3229 der
3439 3202 3499 3235 hüte
3520 3202 3564 3236 sich

2744 3241 2793 3264 vor
2816 3238 2864 3264 den
2888 3236 3030 3270 Schulden!

2794 3279 2971 3307 Nationalrat
2996 3279 3046 3307 Dr.
3072 3279 3214 3311 Gysler
3249 3279 3380 3312 schilderte
3405 3281 3448 3307 als
3473 3279 3563 3311 Präsi¬

2742 3315 2802 3341 dent
2827 3315 2872 3341 der
2895 3315 3053 3341 kantonalen
3066 3313 3250 3347 paritätischen
3261 3314 3563 3347 Arbeitsbeschaffungs¬

2745 3348 2918 3382 kommission,
2948 3349 3026 3376 deren
3055 3348 3220 3381 Einstellung
3248 3356 3308 3380 zum
3336 3348 3483 3383 Hausbesitz
3511 3353 3562 3376 von

2744 3382 2830 3411 einem
2846 3383 3050 3416 allgemeineren
3070 3376 3265 3416 Gesichtspunkt
3283 3388 3343 3410 aus.
3361 3383 3419 3411 Wie
3437 3383 3477 3410 die
3495 3384 3563 3411 Vor¬

2745 3419 2839 3445 redner
2859 3418 2988 3450 skizzierte
3007 3426 3035 3445 er
3055 3417 3096 3445 die
3115 3417 3252 3449 Ausmaße
3273 3419 3317 3445 der
3337 3417 3564 3451 Arbeitslosigkeit

2744 3454 2798 3480 und
2825 3454 2922 3486 belegte
2949 3452 3033 3479 damit
3069 3452 3110 3479 die
3136 3452 3344 3485 Notwendigkeit
3372 3454 3417 3479 der
3443 3452 3564 3479 Arbeits¬

2744 3486 2914 3520 beschaffung.
2950 3486 3001 3514 Die
3029 3486 3205 3520 Kommission
3234 3488 3298 3517 habe
3327 3486 3439 3519 indessen
3469 3486 3564 3515 immer

2744 3522 2867 3554 versucht,
2886 3522 2927 3549 die
2945 3521 3095 3555 Interessen
3114 3523 3158 3549 des
3177 3521 3353 3554 Hausbesitzes
3373 3521 3423 3549 mit
3443 3523 3490 3549 den
3510 3522 3564 3549 ent¬

2744 3557 2960 3589 gegenstehenden
2996 3557 3041 3583 des
3077 3557 3274 3589 Baugewerbes
3312 3556 3339 3583 in
3367 3556 3498 3589 Einklang
3533 3563 3565 3589 zu

2743 3591 2866 3625 bringen,
2888 3592 2942 3618 und
2966 3596 3039 3623 zwar
3063 3591 3096 3624 sei
3120 3591 3176 3618 dies
3200 3590 3228 3618 in
3252 3592 3297 3617 der
3320 3590 3403 3623 Weise
3425 3591 3565 3624 geschehen,

2744 3625 2794 3657 daß
2816 3626 2856 3654 die
2876 3634 2941 3653 neue
2961 3626 3055 3653 Aktion
3076 3625 3123 3658 auf
3144 3627 3191 3653 den
3213 3625 3316 3652 Umbau
3337 3626 3407 3653 alter
3428 3627 3564 3657 Wohnun¬

2743 3667 2791 3693 gen
2818 3660 2962 3694 beschränkt
2987 3659 3071 3687 bleibe
3097 3661 3150 3687 und
3177 3659 3246 3687 keine
3272 3667 3356 3688 neuen
3382 3660 3479 3693 schaffe.

2795 3703 2863 3737 Auch
2879 3705 2924 3731 der
2940 3703 3021 3731 dritte
3037 3703 3151 3733 Redner,
3167 3704 3212 3730 der
3230 3703 3358 3737 städtische
3375 3703 3563 3736 Bauvorstand

2746 3738 2873 3766 Stadtrat
2893 3738 2943 3766 Dr.
2963 3738 2992 3771 J.
3012 3737 3127 3771 Hefti,
3148 3739 3269 3771 gelangte
3290 3745 3338 3770 zur
3358 3737 3499 3771 Bejahung
3520 3739 3565 3766 des

2743 3772 2874 3804 Kredites,
2899 3772 2988 3800 indem
3013 3780 3041 3800 er
3067 3772 3107 3800 die
3132 3771 3340 3805 Notwendigkeit
3373 3774 3472 3803 dartat,
3505 3773 3564 3803 daß,

2746 3807 2804 3838 statt
2834 3807 3066 3840 Unterstützungen
3103 3808 3292 3839 auszuzahlen,
3322 3806 3415 3834 Arbeit
3445 3807 3563 3839 beschafft

2742 3843 2835 3869 werde.
2866 3843 2902 3870 Er
2924 3842 3062 3873 ermahnte
3083 3842 3131 3869 den
3152 3840 3299 3874 Hausbesitz
3329 3848 3360 3874 zu
3384 3841 3563 3873 solidarischer

2742 3876 2861 3910 Haltung
2884 3877 2938 3903 und
2961 3876 3050 3909 zeigte,
3073 3876 3124 3904 wie
3146 3875 3186 3903 die
3208 3876 3290 3903 Stadt
3314 3876 3375 3909 nach
3397 3868 3561 3910 Möglichkeit

2742 3912 2789 3938 den
2811 3909 3061 3944 Spekulationsbau
3080 3909 3237 3938 eindämme.

2794 3953 2859 3982 Eine
2885 3953 2984 3981 belebte
3019 3953 3250 3987 Aussprache
3285 3953 3389 3986 zeitigte
3418 3954 3477 3986 noch
3504 3958 3561 3981 ver¬

2743 3988 2868 4021 schiedene
2891 3988 3026 4016 wertvolle
3049 3987 3189 4021 Hinweise.

184 4105 273 4148 Die
295 4101 612 4153 organisierten
633 4097 970 4150 Prophetinnen

215 4171 245 4198 C.
258 4170 343 4199 R.-St.
370 4167 498 4196 Madame
517 4166 544 4193 X
560 4164 622 4200 stieg
639 4166 691 4191 aus
709 4163 767 4191 dem
784 4162 865 4194 Auto,
882 4161 927 4196 fiel
942 4161 989 4196 hin

160 4211 218 4237 und
237 4209 313 4242 brach
332 4207 376 4241 sich
393 4206 436 4233 ein
456 4205 534 4234 Bein.

216 4248 268 4276 Sie
292 4247 363 4280 hatte
387 4245 449 4279 halb
473 4245 536 4272 New
559 4243 628 4277 York
660 4242 697 4269 im
721 4240 789 4274 Taxi
825 4240 989 4274 durchquert.

160 4288 298 4322 Offenbar
324 4286 428 4318 begann
449 4287 478 4312 es
502 4284 552 4317 erst
577 4290 609 4316 zu
634 4288 741 4315 regnen,
765 4282 810 4308 als
836 4280 868 4315 sie
891 4280 989 4308 bereits

161 4327 203 4355 im
229 4326 298 4359 Taxi
325 4325 378 4359 saß,
404 4324 458 4351 und
486 4323 517 4357 sie
542 4323 611 4355 hatte
637 4321 674 4348 im
699 4320 773 4354 Eifer
800 4321 845 4347 der
872 4320 989 4347 Konver¬

161 4366 252 4400 sation
273 4367 321 4392 den
340 4364 428 4397 Regen
449 4362 515 4396 nicht
534 4360 645 4389 bemerkt
665 4361 719 4387 und
740 4359 780 4386 die
801 4359 922 4392 Tatsache
944 4359 989 4386 des

161 4405 253 4438 nassen
278 4403 407 4436 Asphalts
432 4401 501 4429 beim
525 4399 681 4433 Aussteigen
704 4398 771 4432 nicht
797 4398 825 4425 in
850 4398 990 4431 Rechnung

161 4445 270 4479 gestellt.
299 4443 428 4470 Madame
446 4441 587 4470 Gertrude,
606 4438 646 4466 die
665 4438 708 4471 ihr
728 4437 817 4471 folgte,
836 4436 896 4470 glitt
915 4436 989 4464 eben¬

162 4484 229 4516 falls
255 4485 316 4510 aus.
361 4480 411 4508 Sie
436 4479 591 4514 verstauchte
617 4477 661 4512 sich
686 4484 739 4504 nur
763 4477 811 4504 den
836 4477 989 4503 Unterarm.

161 4520 403 4555 Glücklicherweise
424 4524 516 4547 waren
542 4517 602 4550 noch
628 4516 691 4549 zwei
720 4516 823 4544 Damen
850 4515 886 4542 im
912 4515 990 4544 Taxi,

160 4563 218 4589 und
239 4561 315 4593 diese,
337 4559 377 4587 die
398 4558 538 4590 unverletzt
561 4555 673 4588 blieben,
693 4555 813 4588 brachten
835 4554 876 4581 die
897 4553 988 4581 beiden

160 4600 354 4633 Verunfallten
376 4598 404 4625 in
423 4597 481 4625 eine
499 4595 597 4624 Klinik.

215 4639 311 4673 Solche
334 4637 422 4670 Dinge
445 4636 561 4663 kommen
582 4640 639 4662 vor.
667 4633 717 4661 Sie
739 4633 793 4666 sind
814 4632 910 4660 immer
932 4631 988 4665 sehr

160 4678 286 4712 peinlich.
324 4677 365 4710 In
394 4675 515 4709 unserem
546 4674 619 4708 Falle
657 4677 749 4699 waren
780 4672 812 4706 sie
848 4671 988 4705 besonders

161 4717 286 4750 peinlich.
321 4716 400 4744 Denn
425 4715 552 4742 Madame
576 4712 709 4740 Gertrude
732 4712 786 4738 und
809 4711 936 4738 Madame
962 4710 988 4737 X

162 4757 256 4790 hätten
283 4755 327 4789 sich
353 4753 396 4781 nie
422 4754 476 4780 und
502 4752 618 4780 nimmer
649 4756 710 4778 vom
735 4750 866 4784 schlechten
889 4750 988 4777 Wetter

162 4794 336 4828 überraschen
365 4792 444 4826 lassen
474 4791 579 4825 dürfen,
608 4797 675 4824 ganz
702 4796 733 4823 zu
763 4788 899 4822 schweigen
928 4793 989 4815 vom

161 4834 254 4868 nassen
274 4833 396 4866 Asphalt.
423 4830 473 4859 Sic
492 4831 581 4864 hätten
601 4829 691 4862 wissen
709 4827 818 4862 müssen,
835 4827 886 4861 daß
904 4829 932 4854 es
951 4834 987 4854 an

162 4875 221 4900 dem
256 4873 327 4906 Tage
356 4870 429 4904 ihrer
457 4869 602 4902 Autofahrt
632 4874 728 4901 regnen
760 4867 860 4896 würde,
899 4866 925 4899 ja
956 4866 988 4899 sie

162 4913 256 4944 hätten
286 4911 362 4944 sogar
391 4909 480 4942 wissen
507 4907 616 4942 müssen,
644 4906 694 4939 daß
724 4905 804 4939 ihnen
830 4913 865 4932 an
895 4904 988 4938 diesem

162 4952 237 4984 Tage
262 4950 305 4977 ein
341 4948 510 4983 gebrochenes
534 4946 603 4974 Bein
641 4945 705 4978 resp.
738 4944 782 4972 ein
816 4943 989 4977 verstauchter

161 4990 311 5016 Unterarm
348 4986 512 5020 bevorstand.
548 4985 678 5013 Warum?
716 4983 796 5011 Weil
821 4983 862 5010 die
897 4982 987 5010 beiden

161 5029 269 5056 Damen
287 5028 350 5055 New
368 5025 452 5058 Yorks
468 5024 639 5058 berühmteste
659 5023 713 5050 und
732 5021 875 5055 beliebteste
892 5021 988 5054 Wahr¬

163 5066 325 5101 sagerinnen
352 5065 415 5099 sind.

216 5106 276 5134 Das
299 5104 368 5135 Taxi
392 5103 464 5137 sollte
489 5103 521 5137 sie
544 5109 592 5136 zur
616 5100 921 5135 Jahresversammlung
943 5100 988 5126 der

163 5146 297 5173 National
332 5143 504 5171 Association
535 5142 564 5169 of
597 5142 712 5168 Fortune
744 5140 848 5167 Tellers
879 5154 911 5160 —
943 5139 988 5165 der

163 5183 325 5211 nationalen
364 5180 549 5214 Vereinigung
590 5181 635 5207 der
673 5177 917 5211 Wahrsagerinnen
956 5190 988 5194 —

163 5222 289 5256 bringen.
313 5221 413 5253 Welche
435 5219 546 5253 Ironie!
577 5218 646 5252 Auch
669 5217 709 5245 die
729 5217 832 5244 andern
855 5216 988 5249 Kollegin¬

164 5269 217 5288 nen
254 5260 414 5288 blamierten
457 5258 500 5291 sich
540 5257 578 5284 bei
607 5256 689 5290 dieser
719 5255 888 5289 Gelegenheit
925 5255 988 5288 aufs

164 5299 327 5334 schlimmste.
347 5297 397 5326 Sie
416 5297 506 5331 hatten
526 5296 566 5324 die
584 5295 793 5330 Versammlung
810 5294 849 5323 in
858 5293 902 5322 ein
919 5294 988 5321 Gar¬

1027 4081 1224 4115 tenrestaurant
1253 4080 1420 4114 einberufen;
1450 4079 1494 4113 für
1523 4079 1571 4106 den
1600 4078 1658 4111 Tag
1685 4083 1744 4105 war
1773 4078 1848 4111 gutes

1026 4120 1126 4148 Wetter
1143 4120 1276 4154 angesagt.

1077 4160 1149 4190 Nun,
1174 4160 1223 4187 das
1247 4158 1450 4187 Wetterbureau
1475 4158 1541 4184 kann
1566 4157 1609 4190 sich
1634 4156 1718 4187 irren,
1742 4155 1797 4184 und
1821 4157 1848 4182 es

1026 4198 1081 4231 gibt
1100 4199 1176 4232 sogar
1194 4197 1315 4232 boshafte
1332 4198 1479 4231 Menschen,
1498 4196 1539 4223 die
1556 4195 1713 4230 behaupten,
1732 4195 1783 4228 daß
1800 4196 1848 4221 das

1025 4238 1230 4267 Wetterbureau
1251 4238 1294 4272 sich
1314 4237 1449 4271 eigentlich
1467 4235 1563 4264 immer
1582 4235 1646 4262 irre.
1664 4235 1734 4262 Aber
1753 4235 1847 4266 Wahr¬

1026 4276 1185 4311 sagerinnen
1209 4277 1304 4311 dürfen
1328 4276 1372 4310 sich
1395 4276 1456 4303 eben
1481 4274 1547 4308 nicht
1571 4274 1654 4302 irren.
1677 4273 1726 4301 Sie
1749 4272 1847 4307 müssen

1025 4316 1125 4351 wissen,
1149 4320 1232 4344 wann
1258 4318 1286 4343 es
1309 4316 1407 4349 regnet,
1434 4315 1465 4349 sie
1489 4314 1597 4346 mußten
1623 4312 1723 4347 wissen,
1747 4312 1797 4345 daß
1819 4314 1848 4339 es

1025 4363 1060 4382 an
1099 4355 1193 4389 diesem
1224 4356 1283 4389 Tag
1322 4355 1367 4382 der
1408 4352 1712 4387 Jahresversammlung
1751 4358 1847 4385 regnen

1025 4396 1126 4424 würde,
1150 4395 1211 4428 auch
1237 4399 1315 4422 wenn
1339 4395 1388 4421 das
1410 4393 1614 4421 Wetterbureau
1637 4392 1686 4418 das
1711 4390 1847 4424 Gegenteil

1025 4434 1187 4467 behauptete.
1214 4433 1264 4461 Sie
1282 4434 1371 4466 hatten
1390 4432 1502 4465 versagt.
1527 4432 1585 4458 Und
1601 4433 1630 4458 es
1650 4430 1750 4464 geschah
1768 4430 1847 4464 ihnen

1026 4481 1093 4506 ganz
1113 4474 1188 4507 recht,
1204 4473 1254 4506 daß
1275 4473 1307 4506 sie
1325 4471 1469 4506 durchnäßt
1488 4471 1549 4505 nach
1569 4470 1653 4504 Hause
1673 4469 1778 4503 gingen.
1798 4468 1848 4497 Die

1026 4512 1235 4547 Versammlung
1266 4512 1358 4539 wurde
1391 4509 1555 4543 abgeblasen,
1587 4508 1649 4536 teils
1681 4514 1769 4542 wegen
1803 4509 1847 4535 des

1027 4551 1157 4585 schlechten
1181 4552 1307 4581 Wetters,
1328 4550 1390 4578 teils
1410 4550 1470 4576 weil
1492 4549 1620 4576 Madame
1640 4548 1677 4578 X,
1695 4547 1735 4575 die
1757 4547 1847 4575 Sekre¬

1026 4590 1100 4618 tärin
1127 4592 1171 4617 des
1196 4590 1362 4619 Verbandes,
1385 4589 1437 4616 alle
1461 4587 1598 4621 wichtigen
1624 4587 1704 4614 Akten
1729 4586 1777 4614 mit
1804 4585 1847 4620 sich

1026 4629 1071 4657 ins
1095 4630 1287 4662 Krankenhaus
1307 4635 1461 4663 genommen
1485 4628 1564 4660 hatte.

1078 4672 1127 4700 Sie
1147 4676 1240 4700 waren
1262 4671 1406 4704 durchnäßt
1426 4671 1480 4698 und
1501 4669 1636 4697 blamiert.
1665 4669 1723 4696 Und
1744 4670 1772 4696 es
1792 4667 1848 4701 half

1026 4712 1072 4739 der
1098 4711 1290 4745 Wahrsagerin
1319 4711 1430 4738 Sandra
1456 4710 1523 4741 May
1548 4716 1596 4741 gar
1623 4708 1715 4742 nichts,
1740 4708 1790 4741 daß
1817 4707 1848 4740 sie

1027 4750 1175 4783 jammerte,
1202 4751 1233 4784 sie
1259 4750 1323 4783 habe
1350 4748 1427 4783 gleich
1453 4748 1519 4782 nicht
1546 4749 1662 4775 kommen
1688 4747 1794 4778 wollen,
1817 4746 1848 4780 sie

1027 4790 1091 4823 habe
1119 4790 1177 4817 eine
1204 4789 1303 4822 düstere
1331 4788 1501 4821 Vorahnung
1528 4787 1630 4820 gehabt,
1658 4786 1689 4820 sie
1716 4786 1781 4819 habe
1809 4792 1847 4818 ge¬

1026 4828 1109 4862 wusst,
1134 4830 1179 4856 der
1206 4828 1265 4861 Tag
1290 4828 1381 4855 würde
1409 4827 1503 4860 Unheil
1529 4827 1651 4860 bringen.
1703 4824 1847 4859 Hinterher

1026 4868 1093 4895 kann
1117 4868 1166 4895 das
1186 4867 1255 4900 jeder
1278 4867 1363 4900 sagen.
1394 4865 1472 4896 Nein,
1492 4865 1545 4892 wir
1568 4865 1708 4897 Reporter,
1729 4864 1770 4891 die
1791 4870 1846 4891 nun

1025 4907 1087 4940 auch
1107 4907 1185 4940 gehen
1204 4905 1322 4939 mußten,
1339 4911 1430 4932 waren
1450 4904 1573 4937 definitiv
1594 4904 1680 4931 davon
1699 4903 1847 4936 überzeugt,

1026 4945 1076 4978 daß
1098 4945 1163 4979 diese
1186 4944 1439 4978 Wahrsagerinnen,
1458 4943 1499 4971 die
1520 4942 1587 4977 nicht
1606 4942 1707 4970 einmal
1729 4943 1777 4969 das
1798 4942 1847 4969 Ge¬

1026 4984 1095 5018 schick
1118 4984 1191 5017 ihrer
1213 4984 1321 5017 eigenen
1346 4982 1650 5016 Jahresversammlung
1675 4980 1846 5014 vorhersehen

1026 5023 1148 5054 konnten,
1169 5023 1235 5057 nicht
1259 5023 1352 5056 gerade
1374 5021 1426 5049 viel
1447 5022 1565 5055 taugten.

1078 5062 1135 5089 Und
1157 5062 1210 5089 wir
1229 5067 1321 5089 waren
1344 5060 1393 5088 mit
1417 5060 1441 5093 so
1464 5060 1562 5094 großen
1585 5060 1783 5093 Erwartungen
1807 5065 1846 5092 ge¬

1026 5100 1152 5129 kommen.
1182 5102 1218 5128 Es
1243 5100 1315 5134 sollte
1338 5099 1363 5133 so
1386 5099 1469 5127 vieles
1492 5099 1641 5133 prophezeit
1664 5099 1780 5126 werden:
1803 5099 1847 5124 der

1026 5140 1083 5167 Tod
1105 5139 1200 5173 zweier
1223 5139 1319 5172 großer
1341 5139 1426 5166 Stars
1449 5140 1502 5165 aus
1521 5138 1686 5168 Hollywood,
1709 5138 1754 5164 der
1777 5137 1847 5164 Aus¬

1025 5186 1095 5212 gang
1122 5180 1167 5206 der
1197 5178 1312 5213 nächsten
1341 5176 1688 5211 Boxweltmeisterschaften,
1725 5175 1766 5203 die
1794 5175 1846 5208 Zu¬

1025 5216 1098 5251 kunft
1122 5217 1234 5251 Hitlers.
1267 5217 1333 5249 Nach
1358 5216 1451 5249 diesem
1476 5216 1572 5250 Fiasko
1597 5216 1707 5242 würden
1732 5214 1794 5245 wir,
1820 5214 1845 5247 so

1026 5255 1133 5289 spürten
1155 5256 1218 5286 wir,
1240 5257 1285 5283 der
1305 5256 1386 5288 Sache
1408 5255 1461 5282 kein
1485 5254 1580 5285 rechtes
1598 5254 1750 5282 Vertrauen
1773 5253 1846 5287 mehr

1024 5295 1266 5329 entgegenbringen
1286 5295 1394 5322 können.

1936 4076 1987 4104 Die
2009 4077 2113 4104 Damen
2139 4075 2225 4108 trafen
2249 4075 2293 4109 sich
2316 4075 2388 4102 dann
2411 4075 2468 4107 doch
2489 4074 2576 4108 einige
2597 4075 2706 4108 Wochen

1885 4116 1972 4149 später
1995 4117 2049 4143 und
2073 4115 2170 4149 hielten
2192 4114 2249 4147 ihre
2271 4113 2575 4148 Jahresversammlung
2596 4115 2639 4143 ab.
2670 4116 2706 4143 Es

1884 4156 1976 4182 wurde
2006 4155 2073 4188 nicht
2102 4153 2261 4187 prophezeit.
2298 4154 2334 4181 Es
2361 4153 2471 4181 wurden
2500 4153 2618 4188 lediglich
2646 4155 2706 4187 tech¬

1884 4194 1965 4227 nische
1981 4193 2179 4228 Berufsfragen
2198 4193 2321 4220 erörtert.
2346 4192 2412 4220 Eine
2428 4192 2508 4226 große
2525 4193 2635 4221 Debatte
2651 4193 2706 4220 ent¬

1885 4234 1959 4266 stand
1977 4234 2101 4263 darüber,
2118 4233 2149 4260 ob
2167 4239 2230 4259 man
2246 4234 2298 4259 aus
2315 4233 2362 4258 den
2381 4231 2539 4265 Bierresten
2539 4231 2705 4265 wahrsagen

1885 4273 1966 4300 könne
1985 4273 2048 4300 oder
2071 4271 2146 4305 nicht.
2177 4270 2332 4305 Schließlich
2354 4272 2445 4297 wurde
2465 4270 2509 4298 ein
2530 4271 2707 4302 ablehnender

1885 4311 2010 4345 Beschluß
2036 4311 2131 4345 gefaßt.
2156 4310 2292 4344 Hingegen
2319 4310 2438 4343 überließ
2462 4313 2489 4336 es
2514 4311 2558 4337 der
2581 4311 2707 4338 Verband

1885 4352 1933 4377 den
1957 4350 2094 4384 einzelnen
2119 4349 2306 4383 Mitgliedern,
2329 4349 2361 4375 ob
2387 4349 2418 4382 sie
2442 4351 2493 4375 aus
2517 4349 2596 4377 Sand
2619 4351 2707 4383 wahr¬

1885 4389 1962 4423 sagen
1984 4390 2079 4417 wollen
2101 4390 2162 4416 oder
2184 4388 2259 4422 nicht.
2280 4388 2331 4416 Ein
2352 4388 2453 4416 Sturm
2474 4389 2519 4415 der
2540 4388 2708 4423 Entrüstung

1883 4429 1965 4463 erhob
1989 4429 2042 4463 sich,
2060 4429 2104 4455 als
2125 4428 2234 4455 bekannt
2256 4427 2357 4457 wurde,
2378 4426 2428 4459 daß
2451 4429 2479 4453 es
2502 4427 2706 4461 Wahrsagerin¬

1885 4476 1935 4495 nen
1955 4468 2019 4502 gibt,
2034 4467 2075 4495 die
2091 4468 2135 4495 der
2153 4466 2338 4500 Vereinigung
2355 4465 2423 4499 nicht
2438 4466 2623 4500 angeschlossen
2644 4466 2707 4501 sind.

1884 4507 1955 4536 Man
1978 4506 2099 4541 beschloß,
2124 4506 2167 4540 sich
2188 4513 2223 4533 an
2246 4505 2286 4532 die
2311 4505 2530 4538 Etablissemente,
2552 4505 2592 4533 die
2614 4506 2645 4540 sie
2667 4506 2706 4533 be¬

1885 4546 2044 4580 schäftigten,
2065 4553 2096 4580 zu
2119 4546 2227 4572 wenden
2251 4545 2305 4572 und
2328 4551 2373 4571 um
2395 4544 2452 4577 ihre
2473 4544 2610 4578 Ersetzung
2629 4545 2706 4578 durch

1885 4586 2059 4619 organisierte
2086 4584 2244 4617 Mitglieder
2269 4590 2301 4617 zu
2326 4583 2454 4616 ersuchen.
2490 4584 2560 4611 Man
2594 4584 2707 4617 beschloß

1885 4624 2033 4660 fernerhin,
2059 4629 2107 4651 vor
2137 4623 2377 4656 Etablissementen,
2407 4622 2447 4649 die
2475 4622 2569 4655 diesem
2598 4623 2707 4657 Wunsch

1884 4663 1951 4698 nicht
1976 4664 2155 4697 Nachkommen
2179 4664 2299 4692 würden,
2322 4661 2479 4694 arbeitslose
2503 4662 2707 4696 Wahrsagerin¬

1885 4710 1935 4730 nen
1952 4710 1983 4736 zu
2002 4702 2141 4736 postieren,
2155 4701 2203 4728 mit
2219 4701 2346 4734 Plakaten
2363 4700 2410 4733 auf
2426 4700 2508 4734 Brust
2527 4702 2581 4728 und
2600 4701 2707 4732 Rücken,

1883 4741 1931 4775 auf
1948 4743 2028 4769 denen
2048 4743 2096 4768 das
2115 4740 2258 4774 Publikum
2273 4739 2370 4773 ersucht
2389 4740 2489 4770 würde,
2508 4740 2551 4774 sich
2569 4740 2636 4773 nicht
2654 4745 2706 4767 von

1885 4780 2117 4815 unorganisierten
2145 4779 2390 4813 Wahrsagerinnen
2414 4779 2499 4806 etwas
2526 4780 2648 4813 erzählen
2675 4786 2706 4813 zu

1886 4819 1974 4853 lassen.

1936 4863 1990 4897 Ja,
2011 4862 2037 4897 so
2065 4862 2107 4897 ist
2121 4864 2173 4892 es.
2193 4861 2259 4889 Eine
2288 4861 2478 4894 Wahrsagerin
2505 4860 2612 4894 braucht
2638 4861 2706 4895 nicht

1885 4902 2030 4935 unbedingt
2052 4901 2128 4935 wahr
2149 4908 2180 4934 zu
2201 4900 2286 4935 sagen.
2317 4900 2387 4927 Aber
2409 4900 2440 4934 sie
2460 4899 2523 4933 muß
2544 4900 2705 4935 organisiert

1886 4919 1947 4970 sein.
1936 4980 2003 5008 Dies
2022 4979 2104 5013 klingt
2125 4979 2179 5006 und
2199 4978 2230 5012 ist
2249 4977 2419 5012 phantastisch
2440 4978 2493 5005 und
2513 4977 2542 5011 ist
2563 4990 2594 4995 —
2617 4978 2644 5005 in
2665 4986 2705 5012 ge¬

1884 5018 1982 5052 wissem
2006 5018 2095 5046 Sinne
2118 5031 2149 5035 —
2173 5017 2266 5051 typisch
2288 5016 2419 5045 Amerika.
2449 5017 2485 5044 Es
2508 5016 2538 5049 ist
2559 5016 2624 5049 diese
2647 5017 2704 5048 selt¬

1884 5058 1953 5091 same
1975 5057 2113 5091 Mischung
2133 5061 2184 5084 von
2206 5056 2370 5088 radikalstem
2390 5055 2547 5083 Realismus
2566 5057 2620 5083 und
2640 5056 2704 5083 voll¬

1884 5098 2043 5125 kommenem
2067 5097 2177 5130 Unsinn,
2199 5095 2257 5123 eine
2276 5091 2423 5128 Mischung,
2445 5093 2485 5121 die
2506 5101 2566 5127 zum
2587 5094 2703 5128 Beispiel

1883 5135 1923 5163 die
1950 5136 2037 5169 Filme
2061 5135 2171 5168 Charlie
2197 5133 2331 5168 Chaplins
2357 5133 2382 5168 so
2408 5133 2624 5160 bemerkenswert
2649 5135 2703 5161 und

1884 5175 2001 5202 überaus
2027 5173 2160 5208 befreiend
2187 5173 2276 5206 macht.
2310 5172 2361 5201 Die
2387 5171 2535 5205 Irrealität
2560 5172 2623 5204 muß
2647 5174 2702 5199 real

1881 5214 2027 5247 auftreten;
2053 5214 2101 5240 das
2127 5213 2253 5244 Märchen
2280 5212 2344 5244 muß
2373 5212 2416 5244 sich
2443 5210 2480 5238 im
2506 5210 2702 5238 Armenviertel

1883 5252 2028 5285 abspielen;
2071 5253 2119 5279 das
2150 5252 2269 5279 Wunder
2312 5250 2407 5278 kommt
2440 5249 2468 5276 in
2498 5249 2701 5282 ausgefransten

1881 5291 1966 5325 Hosen
1987 5289 2051 5325 und
2051 5289 2267 5325 ausgelatschten
2291 5289 2410 5323 Schuhen
2431 5288 2536 5323 daher.
2536 5288 2600 5323 Das
2619 5288 2702 5317 Wun¬

2745 4076 2799 4102 der:
2822 4078 2849 4102 es
2872 4075 2932 4108 darf
2954 4074 3108 4109 geweissagt
3129 4075 3246 4106 werden;
3268 4075 3330 4102 aber
3352 4075 3392 4102 die
3417 4075 3500 4108 Frau,
3521 4075 3562 4103 die

2744 4114 2837 4148 solches
2859 4114 3014 4148 vollbringt,
3036 4114 3096 4147 darf
3119 4121 3171 4141 nur
3193 4114 3241 4141 mit
3264 4113 3351 4142 einem
3373 4114 3447 4148 Auge
3469 4113 3497 4141 in
3521 4114 3562 4141 die

2743 4154 2858 4186 Zukunft
2884 4154 2965 4188 sehen.
3002 4154 3061 4181 Das
3088 4155 3185 4180 andere
3214 4153 3278 4185 muß
3304 4153 3351 4187 auf
3380 4153 3436 4184 ihre
3465 4154 3561 4181 korrekt

2744 4193 2881 4226 geführten
2912 4193 3094 4226 Hauptbücher
3122 4193 3176 4219 und
3202 4192 3250 4225 auf
3279 4192 3335 4225 ihre
3363 4191 3561 4226 Mitgliedkarte

2743 4232 2797 4260 der
2797 4232 2969 4260 Nationalen
2991 4231 3175 4265 Vereinigung
3194 4232 3238 4258 der
3257 4231 3500 4265 Wahrsagerinnen
3522 4239 3561 4266 ge¬

2745 4271 2832 4305 richtet
2859 4271 2921 4304 sein.
2953 4271 2994 4305 In
3018 4270 3140 4298 Amerika
3165 4270 3256 4298 würde
3280 4270 3333 4297 kein
3360 4270 3463 4304 Mensch
3486 4270 3561 4298 einer

2743 4310 2933 4344 Wahrsagerin
2962 4311 3046 4337 etwas
3075 4310 3198 4343 glauben,
3232 4309 3273 4336 die
3301 4309 3367 4343 nicht
3392 4309 3441 4336 mit
3470 4309 3560 4337 beiden

2743 4348 2846 4378 Beinen
2866 4350 2912 4382 auf
2932 4350 2989 4376 dem
3008 4350 3099 4377 Boden
3122 4350 3166 4376 der
3187 4348 3357 4382 Wirklichkeit
3377 4348 3447 4382 steht,
3467 4348 3492 4382 so
3511 4348 3561 4376 wie

2745 4388 2776 4423 sie
2795 4388 2834 4422 ist,
2850 4388 2917 4423 nicht
2936 4388 2971 4422 so,
2986 4388 3037 4415 wie
3053 4388 3085 4421 sie
3101 4387 3154 4421 sein
3171 4387 3249 4415 wird.

2796 4428 2852 4455 Und
2882 4428 2930 4455 das
2960 4428 3040 4461 macht
3068 4428 3117 4454 das
3147 4434 3227 4460 ganze
3253 4426 3358 4459 Kapitel
3390 4427 3434 4454 der
3466 4426 3560 4460 Wahr¬

2745 4466 2842 4500 sagerei
2862 4466 2890 4494 in
2908 4466 2943 4495 U.
2953 4467 2979 4495 S.
2991 4468 3023 4494 A.
3042 4466 3103 4493 weit
3122 4467 3185 4493 über
3205 4467 3252 4493 den
3286 4465 3426 4499 Einzelfall
3447 4466 3491 4493 des
3509 4466 3560 4493 Un¬

2745 4505 2804 4538 fugs
2821 4507 2875 4534 und
2893 4507 2938 4533 der
2956 4506 3098 4539 geneppten
3118 4504 3358 4539 Leichtgläubigkeit
3376 4506 3430 4532 und
3449 4505 3560 4533 Dumm¬

2744 4544 2796 4576 heit
2825 4544 2924 4578 hinaus
2951 4552 2983 4578 zu
3015 4544 3101 4571 einem
3128 4543 3263 4578 Gleichnis
3297 4544 3339 4576 für
3374 4544 3454 4577 dieses
3481 4551 3560 4578 ganze

2744 4584 2834 4614 Leben,
2849 4583 2893 4611 ein
2913 4583 2939 4617 so
2957 4584 3042 4610 klares
3057 4584 3111 4610 und
3131 4583 3273 4615 treffendes
3289 4583 3433 4615 Gleichnis,
3451 4583 3500 4610 wie
3516 4583 3559 4610 ein

2744 4622 2839 4656 großer
2859 4622 2995 4650 Satiriker
3013 4625 3042 4650 es
3062 4622 3128 4656 nicht
3149 4622 3227 4655 besser
3244 4622 3391 4649 ausdenken
3411 4621 3511 4650 könnte.

2795 4662 2864 4688 Man
2894 4662 2987 4689 würde
3014 4662 3130 4688 darüber
3159 4661 3253 4694 lachen,
3291 4666 3368 4689 wenn
3395 4660 3481 4688 einem
3512 4661 3559 4688 das

2744 4699 2838 4733 Lachen
2864 4700 2931 4734 nicht
2954 4699 2991 4728 im
3014 4700 3091 4734 Halse
3114 4700 3199 4734 stecken
3223 4699 3314 4727 bliebe.

2965 4777 3123 4818 Kleine
3147 4777 3340 4825 Chronik

2795 4844 3159 4878 Komponistenehrung.
3202 4855 3235 4878 ag
3275 4844 3330 4872 Der
3371 4844 3560 4877 Schwyzer

2744 4879 2991 4906 Kantonsrat
3021 4879 3065 4912 hat
3087 4880 3144 4906 dem
3165 4878 3352 4911 Komponisten
3373 4879 3423 4906 Dr.
3443 4879 3559 4911 Othmar

2743 4913 2880 4947 Schoeck
2898 4914 2952 4940 und
2971 4913 3055 4946 seiner
3066 4912 3182 4946 Familie
3199 4914 3248 4941 das
3266 4913 3558 4947 Ehrenbürger¬

2744 4948 2834 4980 recht
2861 4949 2905 4975 des
2923 4949 3047 4975 Kantons
3066 4947 3174 4981 Schwyz
3189 4948 3341 4981 zuerkannt.

2795 4999 2888 5032 Erich
2909 5000 3037 5028 Marcks
3056 4999 3089 5033 ✝.
3108 4999 3148 5032 Zu
3168 4998 3307 5027 Berlin
3336 4998 3366 5030 ist
3385 4999 3430 5026 der
3446 4998 3558 5033 Histori¬

2743 5034 2783 5060 ker
2809 5033 2886 5067 Prof.
2911 5035 2940 5060 E.
2967 5034 3071 5062 Marcks
3096 5033 3238 5066 gestorben.
3266 5034 3370 5061 Marcks
3396 5034 3487 5061 wurde
3514 5041 3557 5061 am

2745 5070 2782 5095 17.
2809 5069 2955 5095 November
2984 5071 3045 5095 1861
3074 5067 3101 5095 in
3129 5068 3299 5101 Magdeburg
3327 5069 3448 5101 geboren.
3474 5067 3557 5096 Seine

2742 5102 2910 5136 akademische
2932 5102 3070 5134 Laufbahn
3093 5102 3180 5134 führte
3202 5101 3247 5132 ihn
3267 5107 3318 5129 von
3341 5102 3447 5132 Berlin,
3468 5107 3509 5129 wo
3530 5110 3557 5130 er

2743 5137 2786 5168 sich
2808 5138 2872 5164 1887
2895 5136 3069 5169 habilitierte,
3091 5137 3155 5163 über
3177 5136 3311 5170 Freiburg
3335 5136 3421 5167 i.Br.,
3444 5136 3557 5171 Leipzig,

2741 5171 2905 5204 Heidelberg,
2924 5172 3072 5205 Hamburg,
3092 5164 3223 5203 München
3243 5171 3305 5201 nach
3326 5170 3431 5198 Berlin.
3452 5172 3556 5198 Marcks

2742 5206 2786 5235 hat
2813 5205 2888 5232 einen
2916 5205 3015 5239 großen
3040 5205 3100 5233 Teil
3126 5204 3211 5237 seiner
3236 5204 3422 5239 erfolgreichen
3446 5205 3556 5233 Lebens¬

2742 5239 2827 5266 arbeit
2844 5239 2980 5268 Bismarck
2996 5238 3144 5274 gewidmet.
