3765 5350
201 113 1151 155 Donnerstag, 29. Dezember 1932 Blatt 5
2783 112 3340 151 Abendausgabe Nr. 2468
1437 114 2132 163 Der Zürcher Zeitung 153. Jahrgang
146 183 3354 550 Neue Zürcher Zeitung
367 583 610 608 Abonnemente:
148 622 788 656 Zürich bei der Administration oder Ablage . . . .
187 654 766 683 Durch die Austräger ins Haus gebracht . . . . .
145 684 776 715 Schweiz Bestellung beim Postbureau . . . . . . . .
184 708 771 746 Bezug unter Privatadresse (Streifband) . . . .
148 741 775 772 Ausland (ausgen. Brit. Reich u. U.S.A.) Bestellung
241 767 780 798 und Auskunft über Preis beim Postbureau
183 794 776 818 Bezug unter Privatadresse (Streifband) . . . . . „
845 568 1139 603 1 3 6 12
803 601 1160 624 Monat Monate Monate Monate
786 638 1152 655 Fr. 2.60 6.80 12.50 25.—
793 668 1149 684 „ 3.30 8.60 16.20 31.—
794 697 1148 712 „ 3.30 9.— 16.50 32.—
793 724 1147 740 „ 4.— 11.50 22.50 44.—
798 793 1154 822 „ 6.50 18.— 34.50 68.—
1363 590 2229 641 und schweizerisches Handelsblatt
1563 665 2026 699 Täglich 3 Ausgaben
1220 719 2366 751 Redaktion u. Expedition: Falkenstr. 13 Druckerei: Goethestr. 10, Postscheck VIII/5144
1224 752 2356 778 Fürsorge-Abteilung: Postscheck VIIl/5602 Administration: Theaterstr. 3, „ VIII/645
1372 800 2211 826 Telephon: 27.100, Sihlpostfach Nr. 660 und 922
2705 584 2889 603 Annoncen:
2433 622 3166 650 Die einspaltige Grundzeile . . . . . . . . . . 60 Rp.
2434 651 3161 683 Lokale Geschäftsempfehlungen . . . . . . . . . 50 Rp.
2431 687 3167 716 Anzeigen ausländischen Ursprungs . . . . . . . 75 Rp.
2434 720 3171 749 Reklamen per Zeile . . . . . . . . . . . . . . Fr. 2.50
2592 757 3383 790 Annoncen-Abteilung: Theaterstr. 3, Postscheck Nr. VIII/1264
2779 795 3111 819 Filiale: Bahnhofstr. 70
250 921 834 968 Politische Arbeitszeit?
181 994 935 1030 V Vor dem Ausbruch der gegenwärtigen Wirt¬
146 1031 936 1067 schaftskrise galt es dem sozialistischen Gewerk¬
145 1066 936 1106 schaftern als sicher, daß ihnen die Ueberwindung
143 1107 934 1143 aller frühere Lohntheorien gelungen sei. Es
144 1141 934 1181 habe sich — so meinte man — eine politische
142 1180 933 1219 Lohnbetrachtung herausgebildet, wonach das
142 1217 935 1257 Lohnproblem, wie die Regelung des Wirtschafts¬
144 1256 933 1294 prozesses im ganzen, eine Frage der Macht und
143 1291 932 1333 Organisation ist. Die Krisenereignisse haben be¬
142 1330 931 1371 kanntlich das Gegenteil erwiesen, was aber nicht
143 1369 936 1408 nur die Gewerkschaften, sondern auch andere
142 1404 933 1446 Leute nicht hindert, nun auch die Frage der Be¬
144 1445 931 1483 messung der Arbeitszeit als eine politische Frage
148 1484 373 1513 zu behandeln.
201 1521 935 1558 Das ist früher schon geschehen, aber mit so
145 1556 936 1596 schlechtem Erfolg, daß neue Versuche (insbeson¬
146 1595 935 1634 dere nach den Erfahrungen auf dem Gebiete der
144 1630 935 1673 Lohnregulierung) ganz unbegreiflich sind. Nach¬
146 1669 936 1711 dem der Versuch, in der ganzen Weltindustrie
144 1707 934 1748 den achtstündigen Arbeitstag, bezw. die achtund¬
144 1743 938 1786 vierzigstündige Arbeitswoche einzuführen, in der
144 1782 936 1823 Hauptsache gescheitert ist, will das Internatio¬
145 1818 936 1860 nale Arbeitsamt nun die gesetzliche Verkür¬
144 1858 936 1897 zung der Arbeitszeit auf 40 Stunden
145 1892 934 1936 in der Woche erreichen. Sieht man davon ab,
144 1932 938 1975 daß die Wirtschaftskrise in den meisten Ländern
146 1968 935 2013 eine gewaltige Reduktion der Arbeitszeit er¬
145 2009 939 2049 zwungen hat, so stellt sich das Ergebnis der
145 2045 938 2087 Washingtoner Arbeitszeitkonvention vom Jahre
147 2083 936 2125 1919 wie folgt dar: Nach Darstellung von sozia¬
146 2122 941 2162 istisch-gewertschaftlicher Seite bilden die
146 2158 936 2201 Arbeitszeitgesetze jener Staaten, die die Wa¬
146 2195 938 2240 shingtoner Konvention ratifiziert haben, eine
147 2235 939 2277 Karikatur dieser Konvention, von der noch
147 2270 941 2315 laxeren Praxis ganz abgesehen. Der einizige
147 2309 939 2352 Industriestaat, der die Konvention vorbehalt¬
148 2347 939 2389 los ratifizierte, die Tschechoslowakei, hat
147 2384 938 2427 sich bei der Formulierung seines Arbeits¬
149 2423 940 2464 zeitgesetzes auch nicht ganz an die Wa¬
149 2461 939 2502 shingtoner Konvention gehalten. Diese bestimmt,
148 2499 939 2539 daß Ueberstunden mit einem Lohnzuschlag von
146 2534 943 2576 mindestens 25 Prozent bezahlt werden müssen,
147 2575 941 2613 welche Bestimmung im tschechoslowakischen Ar¬
147 2609 939 2652 beitszeitgesetz durch die vage Forderung einer
146 2646 938 2690 besonderen Ueberstundenentlöhnung ersetzt wor¬
147 2685 935 2727 den ist. Da die übrigen Industriestaaten die Wa¬
145 2722 936 2764 shingtoner Konvention überhaupt nicht ratifi¬
147 2759 936 2801 ierten (Ratifikationen unter Vorbehalt sind be¬
149 2796 936 2839 langlos), bestand keine Möglichkeit, die Arbeits¬
148 2833 935 2877 zeitpraxis der ratifizierenden Staaten zu kriti¬
146 2872 938 2915 sieren und zu kontrollieren. Die formelle Erledi¬
147 2909 941 2953 gung der Washingtoner Konvention besagt
148 2947 937 2990 natürlich gar nichts. Ein besonders charakteristi¬
148 2985 942 3028 sches Beispiel bietet China. Es ist noch nicht
150 3020 940 3065 lange her, daß ein Delegierter der chinesischen
149 3059 943 3102 Regierung bei der Erörterung der Frage, ob die
149 3094 942 3140 Arbeitsbedingungen in chinesischen Fabriken, die
150 3132 940 3178 Ausländern gehören, oder in solchen, deren Be¬
149 3171 940 3215 sitzer Chinesen sind, besser seien, auf der Inter¬
149 3207 942 3253 nationalen Arbeitskonferenz die folgende Er¬
150 3254 397 3282 klärung abgab:
204 3281 943 3325 „Diese Bedingungen sind ungefähr die gleichen.
151 3316 945 3358 Z. B. in der Baumwollindustrie wird überall zwölf
153 3350 943 3392 Stunden pro Schicht, in zwei Schichten gearbeitet.
153 3385 943 3425 Wenn Sie heute China besuchen, so sehen Sie, daß
153 3417 943 3459 im den Baumwollfabriken Kinder von sieben, acht
151 3449 945 3493 und neun Jahren beschäftigt werden, und zwar
153 3487 649 3520 nicht nur während des Tages."
207 3519 942 3563 Diese Zustände bestehen neben einer gesetz¬
152 3554 945 3602 lichen „Regelung", die die Beschäftigung von
154 3595 945 3639 Kindern unter vierzehn Jahren untersagt, die
152 3631 943 3677 Nachtarbeit für Frauen und Jugendliche ver¬
152 3669 943 3715 bietet und die Arbeitszeit für Erwachsene grund¬
153 3705 940 3752 sätzlich auf acht Stunden täglich beschränkt.
153 3744 945 3782 Solche Widersprüche sind eine fast allgemeine
973 892 1753 926 Erscheinung, an der man nicht mehr Anstoß
972 927 1752 963 nimmt. Seit jedermam antisozialer Gesinnung
972 964 1752 1002 verdächtigt wird, der den sozialistischen Herr¬
970 1003 1754 1039 schern im Reiche der sozialpolitischen Mode nicht
971 1040 1752 1076 blindlings Gefolgschaft leistet, finden es manche
972 1077 1754 1114 Regierungen für zweckmäßig, mit dieser Mode
972 1115 1754 1151 zu gehen. Sie ratifizieren alle Konventionen der
971 1152 1756 1188 Internationalen Arbeitsorganisation, bereit¬
973 1189 1755 1226 willig und zeigen sich jedem sozialpolitischen
974 1227 1755 1264 „Fortschritt" gewogen, weil das sozusagen nichts
972 1265 1754 1301 kostet. Sie überlassen es einfach den Regierungen
974 1302 1757 1338 anderer Länder, die volkswirtschaftliche Ver¬
973 1337 1753 1377 nunft zur Geltung zu bringen, und sie glauben,
973 1376 1754 1414 damit rechnen zu dürfen, daß die allgemeine
971 1411 1754 1452 Regelung ja doch nicht zustande komme. Nur so
973 1453 1756 1489 kann man es sich erklären, daß die Vertretung
972 1490 1757 1526 der italienischen Regierung in der Internatio¬
972 1527 1757 1563 nalen Arbeitsorganisation sich für den neuesten
973 1564 1757 1601 sozialistischen Arbeitszeitvorschlag eingesetzt hat.
974 1597 1758 1640 Es ist schwer, anzunehmen, daß die italienische
974 1638 1757 1677 Regierung über die unvermeidlichen Schäden
974 1676 1757 1713 einer allgemeinen gesetzlich verordneten Ver¬
974 1712 1755 1751 kürzung der Arbeitszeit auf vierzig Stunden in
970 1752 1333 1782 der Woche hinwegsehe.
1028 1789 1757 1829 Es handelt sich da doch nicht nur um einen
973 1826 1756 1866 rein mechanischen Vorgang der Verteilung der
973 1864 1755 1903 vorhandenen Arbeitsgelegenheiten. Auch die An¬
972 1900 1757 1940 sicht, eine gleichmäßige, allgemeine Reduktion
974 1935 1761 1978 der Arbeitszeit werde das Mißverhältnis zwi¬
975 1975 1760 2015 schen Produktion umd Verbrauch beseitigen, ist
976 2012 1762 2052 falsch. Wir leiden nicht an einer Ueberproduk¬
974 2048 1761 2090 tion; unzählige Menschen haben noch einen
975 2088 1759 2128 immensen unbefriedigten Bedarf. Alle Hände
976 2126 1759 2166 könnten voll beschäftigt werden, um diesen Be¬
974 2162 1759 2203 darf zu decken. Die aktuellste Frage ist, wie die
972 2199 1760 2241 Deckung der vielen unbefriedigten Bepfürfnisse er¬
974 2238 1759 2279 möglicht werden kann. Die Verfechter der Vier¬
973 2275 1760 2316 zigstundenwoche rechnen ganz falsch; ihre Me¬
975 2313 1758 2354 thode führt zur Aushungerung der ärmeren
975 2349 1761 2392 Konsumenten. Die Produktion würde danach so
976 2388 1764 2429 reguliert, daß nicht mehr erzeugt wird, als was
971 2424 1765 2467 die kaufkräftigen Kreise konsumieren können. Da
975 2464 1765 2504 die Verkürzung der Arbeitszeit die Produktion
975 2498 1761 2543 noch mehr verteuert, würden diese Kreise immer
976 2536 1765 2579 mehr zusammenschmelzen, und die Arbeitszeit
977 2574 1759 2616 müßte immer wieder von neuem reduziert wer¬
976 2610 1763 2654 den. Da der Unterkonsum der großen Mehrheit
976 2647 1762 2691 der Menschheit nicht bestritten werden kann, er¬
978 2687 1762 2728 scheint es als ganz absurd, die Absatzstockung auf
975 2724 1761 2766 andere Weise überwinden zu wollen als durch
974 2761 1762 2803 Verbilligung der Produktion. Die in der
976 2796 1762 2841 Industrie aller Länder Beschäftigten dürfen sich
975 2836 1759 2878 angesichts dieser Tatsache nicht auf den Stand¬
975 2873 1759 2915 punkt stellen: es ist gleichgültig, wie hoch unsere
977 2909 1763 2953 Erzeugnisse zu stehen kommen, wenn nur alle
976 2950 1758 2990 Arbeitsgelegenheiten gleich aufgeteilt werden.
975 2984 1761 3028 Aus dem derzeitigen Arbeitslosenelend können
975 3023 1763 3065 sie nur herauskommen, wenn eine wesentliche
976 3060 1765 3103 Verbilligung der Produktion ermöglicht wird.
977 3097 1765 3141 Bei nur teilweiser Ausnützung der Produktions¬
977 3136 1765 3178 anlagen ist das auch dann nicht möglich, wenn
978 3172 1762 3215 mit der Verkürzung der Arbeitszeit eine entspre¬
977 3210 1766 3253 chende Verminderung des Lohnes Hand in Hand
979 3244 1764 3291 geht. Das gilt natürlich auch bei der Arbeitszeit¬
979 3285 1767 3329 verkürzung, die von vielen Betrieben freiwillig,
981 3318 1765 3367 nur unter dem Zwange der Absatzstockung, vor¬
980 3358 1769 3404 genommen wird. In diesem Falle ist aber jedem
980 3397 1764 3442 Betriebe eine gewisse Beweglichkeit gesichert; so¬
977 3434 1763 3480 bald sich der Auftragsbestand des Betriebes hebt,
979 3472 1764 3517 kann er sofort zur rentableren Betriebsweise
979 3508 1767 3554 übergehen. Diese Möglichkeit gestattet ihm, Auf¬
979 3545 1766 3591 träge zu übernehmen, auf die er bei starrer ge¬
979 3582 1767 3629 setzlicher Festlegung der Arbeitszeit auf ein anor¬
979 3624 1593 3658 mal niedriges Maß verzichten müßte.
1036 3659 1766 3704 Wenn einzelne Industrielle die Meinung ver¬
979 3694 1765 3743 treten, die Entwicklung des technischen Apparats
979 3735 1766 3772 der Industrie rechtfertige eine weitere Verkür¬
1790 894 2572 926 zung der Arbeitszeit, so bekunden sie damit eine
1790 927 2571 963 unzulässige Einschätzung ihrer eigenen Position.
1794 964 2575 1001 Jene Industrieunternehmungen, die sich den mo¬
1791 1002 2575 1039 dernsten technischen Apparat dienstbar machen
1793 1040 2576 1076 konnten, machen nur einen geringen Bruchteil
1793 1077 2575 1113 der Industrie aus, selbst in den industriell fort¬
1793 1114 2575 1151 geschrittensten Ländern. Weil es Maschinen gibt,
1791 1152 2574 1189 die so und so viele Arbeitskräfte überflüssig mach¬
1796 1187 2578 1227 ten, kann nicht die Arbeitszeit vieler Millionen
1799 1225 2579 1263 Menschen, denen ein weit weniger vollkommener
1795 1264 2577 1300 technischer Apparat zur Verfügung steht, auf ein
1796 1301 2579 1337 Maß herabgesetzt werden, das der Leistungs¬
1797 1338 2579 1376 fähigkeit der modernsten Apparate entsprechen
1794 1373 2577 1413 würde. Eine solche Herabsetzung der menschlichen
1795 1409 2579 1451 Leistungen wäre unhaltbar, wenn nicht auch eine
1795 1448 2579 1482 gleiche Herabsetzung der Ansprüche erfolgte.
1845 1502 2578 1543 Von den Verfechtern der vierzigstündigen Ar¬
1796 1540 2578 1580 beitswoche wird auch nicht bedacht, daß die Ver¬
1796 1576 2580 1617 teilung der Arbeitsgelegenheiten überhaupt nicht
1797 1615 2577 1654 schematisch erfolgen kan. Man kann nicht über¬
1798 1652 2580 1691 flüssig gewordenen Drehern eine Beschäftigung
1794 1688 2581 1729 als Gießer zuweisen, und auf die Umschulung der
1795 1725 2580 1768 Arbeitskräfte zu warten, würde den Betrieben
1795 1765 2577 1805 nicht gut bekommen. Die Versetzung der Arbeit¬-
1796 1802 2578 1842 losen an andere Posten ist aber nicht nur in die¬
1797 1837 2581 1880 ser Hinsicht ein sehr schwieriges Problem: auch
1795 1875 2578 1918 die Wohnungsfrage ist nicht so einfach zu lösen.
1796 1914 2581 1955 Die Uebersiedelung von Arbeitskräften in einem
1796 1951 2584 1992 Maße, daß die Arbeitsgelegenheiten richtig ver¬
1799 1988 2581 2030 teilt sind, würde die Volkswirtschaft mit erheb¬
1797 2025 2581 2067 lichen, wenig rationellen Ausgaben belasten. Die
1798 2062 2585 2105 Schwierigkeiten, die den Industriebetrieben aus
1797 2099 2584 2142 einer starren Regulierung der Arbeitszeit auf so
1801 2138 2586 2179 niedriger Stufe erwachsen wfürden, wären kaum
1800 2174 2584 2217 geeignet, sie für eine aktive Mitwirkung an der
1798 2214 2583 2254 Verteilung der Arbeitsgelegenheiten zu begei¬
1807 2251 2584 2292 stern. Es wäre ein beträchtlicher bureaukratischer
1803 2287 2586 2329 Aufwand notwendig, diese Verteilung durchzu¬
1802 2325 2584 2366 führen. Wer soll feststellen, welcher Betrieb noch
1803 2363 2586 2404 Arbeitskräfte beschäftigen könnte, wenn die Ar¬
1799 2398 2583 2443 beitsbedingungen derart sind, daß keine Betriebs¬
1803 2437 2586 2480 leitung daraus einen Anreiz gewinnen kann,
1802 2475 2583 2517 den Beschäftigungsgrad ihres Betriebes zu er¬
1802 2518 1914 2548 höhen:
1866 2564 2587 2607 Es ist nicht einzusehen, wie es volks¬
1803 2601 2587 2644 wirtschaftlich nützlich sein könnte, einen großen
1803 2641 2588 2681 Apparat einzusetzen für eine Regelung, die
1802 2675 2586 2719 ja doch nur für die Dauer der gegen¬
1801 2714 2588 2756 wärtigen Absatzstockung gelten soll. Auch im
1799 2751 2586 2794 sozialistischen Lager machen sich mitunter Stim¬
1799 2789 2585 2831 men bemerkbar, die die Aufstellung unzeit¬
1799 2824 2584 2869 gemäßer Fordeungen nicht gerade als vor¬
1800 2864 2587 2906 teilhaft erachten. So hieß es im Maiheft 1930
1798 2902 2584 2944 der „Gewerkschaftlichen Rundschau" (Monats¬
1799 2939 2582 2981 schrift des Schweizerischen Gewerkschaftsbundes)
1800 2975 2585 3019 bei Besprechung der damaligen Parole auf Ein¬
1801 3014 2583 3055 führung der vierundvierzigstündigen Arbeits¬
1802 3049 2587 3094 woche: „Bei mancher schön klingenden Parole
1803 3089 2583 3132 hat sich im den letzten Jahrzehnten herausgestellt,
1803 3124 2585 3170 daß sie mehr schadet als nützt, wenn sie zu früh
1803 3164 2585 3207 herausgegeben wird." Man solle erst einmal
1804 3200 2586 3245 dahin wirken, daß die achtstündige Arbeitszeit
1804 3238 2583 3283 Tatsache wird. Die sozialistische Bewegung
1804 3277 2587 3319 braucht aber immer wieder neue Kampfparolen,
1808 3313 2585 3357 immer neue Gelegenheiten, ihre Sorge um das
1804 3347 2588 3395 Wohlergehen der Arbeitnehmerschaft  wenigstens
1804 3388 2585 3432 durch Aufstellung neuer Forderungen zu doku¬
1805 3426 2587 3469 mentieren. Für sie ist auch in der Frage der Ver¬
1805 3461 2586 3508 teilung der Arbeitsgelegenheiten durch eine all¬
1806 3501 2587 3545 gemeine Verkürzung der Arbeitszeit nicht der
1805 3537 2588 3582 volkswirtschaftliche Effekt, sondern der partei¬
1805 3573 2590 3620 politische maßgebend. Die Errungenschaft
1805 3610 2591 3659 politischen Lohnes hat für die  Arbeitnehmer jeg¬
1802 3650 2591 3696 liche Anziehungskraft verloren: an der politischen
1806 3689 2590 3733 Arbeitszeit würde sie sicherlich nicht mehr Freude
1804 3734 1929 3760 erleben.
2742 920 3270 969 Völkerbundssekretariat
2816 968 3193 1006 und Arbeitsamt
2666 1030 3404 1075 Genf, 29.  Dez. * Läßt das scheidende Jahr
2616 1067 3404 1111 alle großen politischen und wirtschaftlichen Pro¬
2618 1102 3404 1147 bleme des Völkerbundes in der Schwebe, so ist
2615 1140 3403 1183 es dafür seit dem Herbst gelungen, die zeitweise
2617 1178 3403 1219 ebenso schwierig scheinenden Frage der internen
2619 1214 3407 1255 Organisation und der Oberleitung der beiden
2620 1249 3406 1292 Völkerbundsämter abzuklären und zu einem guten
2617 1285 3406 1328 Teil schon praktisch zu lösen. Damit dürfte auf
2618 1322 3407 1364 Jahre hinaus eine Konsolidierung der vielfach
2618 1361 3409 1400 sehr delikaten Verhältnisse erreicht sein. Die
2620 1396 3407 1436 Neuerungen setzten infolge des überraschenden
2618 1432 3408 1472 Todes Albert Thomas' ganz unerwartet im
2617 1468 3405 1508 Arbeitsamt ein. Zunächst mischte sich die Diplo¬
2619 1505 3406 1545 matie ein und wollte die Neuwahl des Arbeits¬
2620 1540 3409 1581 amtsdirektors hinausschieben, um sie mit der
2623 1579 3411 1616 Wahl des neuen Generalsekretärs des Völker¬
2621 1614 3407 1652 bundes verquicken zu können. Dies gelang aber
2622 1653 3409 1688 glücklicherweise nicht, weil die britische Regierung
2621 1689 3409 1725 den bisherigen englischen Vizedirektor des Arbeits¬
2622 1726 3412 1761 amtes, Harold Butler nicht zum Objekt eines
2621 1762 3408 1797 diplomatischen Intrigenspiels machen lassen wollte
2621 1798 3411 1833 und die Mehrzahl der kleinen und mittleren
2622 1834 3411 1870 Staaten im Verwaltungsrat ebenfalls der Mei¬
2622 1868 3409 1907 nung waren, daß eine Komplizierung der bevor¬
2623 1908 3412 1942 stehenden Neuwahlen unerwünscht sei. So rückte
2623 1943 3411 1979 Herr Butler zum Direktor des Arbeitsamtes
2623 1980 3411 2015 vor, während die Frage, ob der Vizedirektorposten
2621 2016 3410 2051 wieder zu besetzen sei (auf den Deutschland einen
2622 2052 3411 2087 berechtigten Anspruch erhebt, der aber aus andern
2623 2088 3412 2123 gewichtigen Gründen von Spanien strittig gemacht
2622 2124 3411 2160 wird, wobei auch die Wünsche der Arbeitgeber-
2624 2158 3412 2197 und Arbeitnehmergruppe verschieden gerichtet sind)
2623 2196 3414 2233 oder dessen Aufgaben in einem gewissen Turnus
2621 2234 3408 2268 von fünf gleichgestellten Subdirektoren ausgeübt
2622 2269 3412 2305 werden sollen, in der Januar-Tagung des Ver¬
2621 2305 3332 2334 waltungsrates zum Austrag kommen dürfte.
2666 2352 3411 2388 Mit der Wahl Butlers war zugleich das Eis
2621 2389 3414 2425 gebrochen für das Vorrücken des bisherigen fran¬
2623 2426 3416 2461 zösischen Adjunkten im Völkerbundssekretariat zum
2621 2462 3414 2498 Generalsekretär. Die Person des Herrn Abenol
2623 2499 3416 2536 hatte dabei nie ein Hindernis gebildet; die Regie¬
2625 2537 3417 2572 rungen in Berlin und Rom wußte Sir Eric
2627 2573 3418 2609 Drummond dafür zu gewinnen, indem er dem
2623 2608 3417 2647 neuen deutschen Untergeneralsekretär, Dr. Tren¬
2622 2646 3417 2684 delenburg, die Oberleitung der Wirtschafts¬
2622 2683 3420 2720 und Finanzabteilung und dem neuen italienischen
2624 2721 3419 2757 ein Avancement zum Generalsekretäradjunkten in
2624 2756 3418 2794 Aussicht stellte. In diese Kombinationen brachte
2622 2793 3418 2831 dann die zähe Forderung der kleinen und mitt¬
2623 2830 3415 2869 leren Staaten, die ebenfalls einen Generalsekre¬
2619 2866 3414 2906 täradjunkten aus ihren Reihen beanspruchten, eine
2620 2904 3416 2943 vorübergehende Erschwerung, wobei die Frage,
2618 2941 3416 2980 welcher von den beiden schließlich auch von der
2618 2979 3418 3016 italienischen Regierung akzepierten Generalsekre¬
2621 3014 3418 3054 tärstellvertretern einen Vorrang haben sollte, noch
2624 3050 3415 3091 heute nicht restlos geklärt ist. Sir Eric Drummond
2621 3087 3419 3129 denkt wohl als Engländer, daß es damit noch
2622 3127 3418 3165 keine Eile habe — wie er denn vorläufig den
2619 3162 3416 3202 neuen Italiener, Prof. Pilotti, nur zum Unter¬
2619 3199 3414 3239 generalsekretär ernannte, um ihn erst später, bei der
2622 3236 3416 3276 Ernennung auch des weiten Generalsekretärstell¬
2621 3272 3419 3314 vertreters, zum gleichen Rang vorrücken zu lassen.
2622 3311 3415 3351 Vielleicht werden diese Ernennungen aber erst vom
2623 3348 3414 3386 neuen Generalsekretär Abenol nach dem Rücktritt
2626 3384 3419 3423 Sir Erics vorgenommen. Abenol könnte einigen
2623 3420 3416 3461 Wert darauf legen, die Wahlen seiner nächsten
2625 3458 3420 3498 Mitarbeiter nicht ganz aus der Hand seines Vor¬
2625 3493 3419 3535 gängers zu empfagen. Jedenfalls scheinen Drum¬
2626 3531 3420 3572 mond und sein Nachfolger Abenol in einer ge¬
2625 3567 3420 3610 radezu musterhaften Art und Weise miteinander
2627 3602 3417 3648 zu harmonisieren in dem Bestreben, den Uebergang
2629 3642 3417 3684 zur neuen Oberleitung des Sekretariates in per¬
2628 3677 3418 3721 soneller und sachlicher Hinsicht möglichst reibungs¬
2626 3712 3416 3750 los zu gestalten. Hierzu gehört auch, daß der
265 3857 843 3899 Traumwandel auf Cuba
541 3929 560 3950 I.
314 3967 792 3999 Cubanische Landschaft
204 4014 948 4060 Ein tropischer Wolkenbruch stäubt über den
158 4050 950 4098 Asphalt von Havanna, während die Taxi zum
158 4089 947 4135 Nachtschnellzug vor dem Haupbahnhof auffahren.
157 4127 949 4173 Die Räder pflügen durch gurgelndes Wasser und
157 4163 949 4210 die Scheinwerfer beleuchten Regenvorhänge. Gott¬
160 4200 951 4249 lob daß der Eingang ein schirmendes Vordach
158 4241 950 4286 herausschiebt, unter welches der Taxi schlüpfen
163 4278 950 4324 kann, wenn es den Reisenden und seine Koffer
157 4324 297 4353 ausladet.
209 4353 953 4399 In diesem größten Bahnhof von Cuba ist der
157 4390 953 4436 Betrieb nicht eben eindrucksvoll. Einige Kopfgeleise
159 4427 953 4474 weisen in die Provinz dieser langgezogenen Insel
160 4463 953 4512 hinaus, der größten der Antillen. Aus einem dieser
161 4505 951 4549 Geleise steht ein museales Dampfrößlein, als
160 4542 953 4587 Denk- und Rührstück. Denn als erstes unter seines¬
161 4577 953 4625 gleichen fauchte es einst über cubanischen Boden.
161 4616 950 4662 Daneben aber steht sein titanischer Urenkel, die
161 4652 949 4699 Pullman-Lokomotive. Noch ruht sie, aber in kurzem
161 4691 950 4737 wird sie heulend durch die Nacht brausen, als ob
163 4728 953 4766 sie den ganzen Canadian Pacific hinter sich hätte.
211 4765 951 4812 Die Estacion Terminal des cubanischen Bahn¬
163 4802 952 4849 netzes schiebt ihren Bahnhofkopf tief in das alte
164 4840 954 4887 Havanna hinein. Gleich einem Kabelbündel ver¬
165 4876 953 4924 laufen darum die Schienenwege auf einem Via¬
165 4915 952 4962 dukt hoch über den Dockschuppen um den Hafen¬
167 4952 951 4999 belt herum und über die vielen, blanken Petrol¬
167 4990 953 5037 speicher hinweg, aus denen die Lokomotiven in
168 5028 953 5067 Cuba gefüttert werden, um erst nachher in die
980 3820 1770 3865 verschiedenen Provinzen auseinanderzuzweigen
983 3857 1771 3903 Jetzt aber donnert der Zug geradewegs in den
984 3895 1646 3932 Osten hinaus, durch die cubanische Ebene.
1034 3933 1772 3978 Der Pullman-Mulatte richtet bereits die
984 3970 1770 4017 Schlafbaldachine ein. Jedermann zieht sich auf
986 4009 1770 4054 sein Bett zurück und knüpft von Innen den dicken
986 4045 1771 4092 grünen Vorhang zu. Man sitzt nun in einem
987 4084 1769 4129 niedern Zeltbett, das etwas schwankt und einen
986 4120 1771 4166 weichen Pfühl als Unterlage hat. Die sieben
987 4156 1773 4204 Sachen bringt man in Netzen und auf Bügeln
987 4195 1771 4241 unter, die an den Wänden dieses Zeltes ange¬
988 4242 1158 4271 bracht sind.
1036 4270 1775 4315 Am Morgen sind wir schon weit in Cuba drin.
985 4304 1773 4354 Santa Clara zum Beispiel — wächst dort nicht ein
986 4345 1773 4391 edles Tabakkraut? — ist längst vorbei. Auch Zaza
988 4381 1771 4429 del Medio und Jalabonico sind verpaßt: wer weiß,
988 4420 1770 4465 ob diese Ortschaften so merkwürdig sind wie ihre
989 4455 1774 4503 Namen? Schlagen wir uns die Karte von Cuba
986 4494 1772 4540 auf. Die Insel gleicht ja einem langen, geschwun¬
988 4530 1775 4578 genen Fisch, der mit den Schwanzflossen nach
989 4569 1774 4615 Haiti und Jamaika wedelt und mit dem Kopf nach
989 4606 1772 4653 Mexiko hinüberschnappt. Havanna könnte das
988 4644 1772 4690 Auge sein, das ziemlich weit vom Nasenbug sitzt
992 4678 1773 4727 und nach Florida hinaufäugt. Am andern Ende
991 4718 1772 4763 aber, in der Mitte zwischen den Schwanzflossen,
990 4752 1775 4801 liegt Santiago, wo ich jetzt hinfahre. Von Havanna
991 4791 1772 4838 nach Santiago spann sich ein Weg so weit wie
990 4828 1772 4876 zwischen Zürich und Wien. Die Züge brauchen bei¬
993 4866 1772 4914 nahe 24 Stunden und es fahren nur deren zwei
992 4915 1115 4942 im Tag.
1040 4941 1775 4988 Ich kämpfte mich liegend in die Kleider und
994 4976 1771 5026 mache mich in der Pullmantoilette sauber, gleich¬
991 5017 1774 5055 zeitig mit sechs oder acht gurgelnden und seifenden
1807 3813 2594 3855 Cubanern. Dann spanne ich eine Kinokamera.
1809 3848 2591 3892 Später wird das Land aus Viehweiden bestehen.
1809 3885 2594 3931 Wenn man das Meer des Zuckerrohrs filmen
1809 3925 2588 3969 will, muß man es vorher tun. Im übrigen hat
1808 3959 2593 4006 man Zeit. Nach Santiago gelangt man erst in
1809 3997 2594 4043 tiefer Nacht, und bis dahin zählt der Tag noch
1809 4034 2593 4081 manche Stunde. Jene des Morgens, die noch leid¬
1809 4073 2593 4118 lich lau sind, und in denen man am besten alle
1809 4110 2593 4156 etwa nötige Denkarbeit erledigt. Wer weiß, ob
1810 4147 2594 4193 man später, etwa nachmittags, wenn die Hitze den
1811 4186 2595 4230 Menschen wie mit Kissen umgibt, mit seiner Ver¬
1809 4226 2387 4259 nunft noch etwas zu tun haben will.
1855 4262 2593 4305 Um mit der Kinokamera auf die Landschaft zu
1811 4295 2594 4343 lauern, wandere ich rückwärts durch die Pullman¬
1812 4334 2595 4380 wagen, von denen jeder einen Namen trägt. Der
1810 4371 2592 4417 meine heißt „Wigwam", der nächste „Lucrecia".
1812 4409 2594 4455 Am letzten Wagen ist die Türe nach rückwärts
1812 4447 2593 4492 offen. Man kann die Geleise davonschlüpfen sehen
1811 4483 2592 4529 und auf Filmmotive warten. Ich spähe wie ein
1811 4520 2593 4567 Jägersmann nach der besten Palmgruppe mit
1811 4558 2595 4604 Strohhütten und Kühen, nach der eindrucksvollen
1810 4598 2595 4641 Zuckersiederei, umgeben von unabsehbaren Fel¬
1811 4630 2591 4679 dern hellgrünen Rohres (so eine Zuckerfabrik
1810 4670 2591 4716 pflegt sich mit süßlichfaulem, würzigen Duft an¬
1813 4709 2595 4753 zukündigen), oder nach Mulden, die mit jenen klei¬
1812 4744 2593 4791 nen, buschigen Magerlandpalmen besetzt sind, die
1811 4782 2596 4828 die cubanische Landschaft so sehr bezeichnen. Aber
1811 4820 2594 4866 die richtige Gruppe konmmt noch immer nicht. Die
1812 4857 2590 4903 Zuckerfabrik ist nicht ganz das, was ich brauche.
1811 4892 2593 4940 Endlich werde ich ein wenig ungeduldig, denke
1813 4932 2596 4977 eine Sekunde an anderes, und — schwapp! —
1813 4969 2594 5014 fliegt sie vorbei, die ideale Palmengruppe mit
1813 5005 2595 5043 Strohhütte und Kühen, bevor ich sie schießen
2628 3802 3423 3845 kann. Oder auch: die guten Ziele häufen sich
2630 3839 3419 3882 Schlag auf Schlag, Reiter mit großen Sombreros
2630 3876 3418 3921 sprengen auf Feldwegen. Geier kreisen an den Zug
2631 3914 3421 3957 heran. Es gelingen Tiefblicke in flache Täler mit
2630 3950 3418 3994 Wasser und Tropenwaldinseln. Fassadenstädtchen
2630 3986 3423 4033 mit Cowboys und einem Hotel, das nur zwei
2633 4026 3421 4070 Meter Front hat. — Nur schwärzt sich eben der
2631 4062 3423 4109 Himmel.  Die Sonne bleibt versteckt, und die Ka¬
2631 4102 3421 4146 mera muß ihr Blendauge öffnen, so weit sie kann,
2630 4138 3424 4184 und nicht eimmal so wird sie es richtig plastisch und
2630 4176 3424 4221 eindrucksvoll erfassen; denn Licht und Schatten
2630 4215 3425 4258 fehlen. Dann kommt ein Regenguß und schon
2632 4253 3425 4295 bricht die Sonne wieder durch. Wunderbarerweise
2630 4288 3425 4332 tauchen jetzt zwar die gleichen und ähnliche Bilder
2628 4328 3422 4369 wiederum auf, nur viel schöner: sie glänzen jetzt
2628 4364 3286 4399 von Wasser und lachen in heller Sonne.
2678 4405 3425 4443 Das hätte ich mir nicht gedacht, daß Cuba so
2632 4438 3423 4482 flach sei. Manchmal erhebt sich der Boden zwar
2630 4478 3426 4519 ein wenig, aber nur eben so hoch, daß man noch
2629 4515 3424 4556 nicht von einem Hügel sprechen, aber auch die
2629 4553 3423 4594 Laudschaft nicht mehr Ebenen nennen kann. In
2629 4590 3423 4631 den Mulden zwischen den Bodenwelle rinnen jetzt,
2631 4627 3423 4667 in der Regenzeit, viele kleine Wasserläufe, wie
2631 4665 3425 4704 Bäche in einer Frühlingswiese. Statt der Weiden
2631 4702 3425 4742 stehen freilich kleine, buschige Palmgruppen am
2630 4740 3423 4779 Bach, und die Wiese besteht aus brauner Erde mit
2631 4780 2777 4807 Stoppeln.
2680 4815 3424 4854 Die Orte, die vorbeifliegen, bestehen aus Holz¬
2630 4851 3422 4891 baracken mit Säulenfronten, um weite Grasplätze
2633 4888 3423 4928 herum. Sie sind merkwürdig benannt: Guaraca¬
2631 4925 3421 4966 bulla, Caibaguán, Taguasco, Nayabacea — son¬
2632 4962 3422 5005 derbare Ortsnamen sind alles, was von den In¬
2631 5001 3421 5035 dianern übrig ist, die einst diese Insel bewohnten.
