4110 5551
247 147 1372 194 Nr. 836 Drittes Sonntagblatt.
1635 147 2529 196 Der Zürcher Zeitung 135. Jahrgang.
3007 152 3893 199 Sonntag, 31. Mai 1914.
231 330 3893 647 Neue Zürcher Zeitung
328 693 1259 729 Abonnementspreise. 3 Monate 6 Monate 12 Monate
249 728 1231 759 Zürich wenn die Zeitung abgeholt wird . Fr. 5.50 10.— 20.—
289 757 1228 786 do. ins Haus gebracht . . . . „ 6.30 12.— 24.—
250 784 1231 812 Schweiz Bestellung beim Postbureau . „ 6.50 12.50 25.—
295 811 1231 839 do. mit Bezug unter Privatadresse . „ 8.— 15.— 30.—
250 837 946 866 Deutschland Bestellung beim Postamt  Mk. 6.05
249 863 944 892 Oesterreich do. . Kr. 11.37
250 887 1231 919 Italien do. . Fr. 8.15 15.50 30.85
250 914 1231 946 Rußland do. . Rbl. 3.06 6.12 12.24
253 940 1231 971 Uebrige Staaten des Weltpostvereins . Fr. 12.50 24.— 48.—
1381 790 2774 894 und schweizerisches Handelsblatt.
3224 746 3659 771 Insertionspreise:
3073 782 3800 808 Per einspaltige Kolonelzeile oder deren Raum 25 Rp.,
3072 806 3798 837 für Anzeigen ausländischen Ursprungs 40 Rp.
3243 835 3644 860 Reklamen Fr. 1.50 per Zeile.
3054 891 3823 927 Direktion und Bureau der Annoncen-Abteilung:
3220 928 3658 953 5 Theaterstraße ; Goethestraße 10.
235 986 3916 1035 Redaktion (Teleph. 650) und Druckerei (Teleph. 5732): Falkenstraße 11. <> Administration (Teleph. 2060) und Expedition (Teleph. 10163): Goethestraße 10. <> Inseraten-Annahme (Teleph. 2534): Theaterstraße 5 / Goethestraße 10.
413 1120 952 1154 Zum Genfer Zentenarium.*)
295 1177 1124 1210 Genf schickt sich an, die Jahrhundertfeier seines
237 1210 1124 1250 Eintritts in die Eidgenossenschaft glanzvoll zu be¬
239 1250 1124 1290 gehen. Man bringt wohl keinen Mißton in dieses
239 1290 1125 1330 Fest, wenn man daran erinnert, daß es sich 1814 nur
239 1330 1124 1370 um den Wiederanschluß Genfs an die Schweiz han¬
239 1369 1124 1410 delte, daß es ihr nicht erst seit einem Jahrhundert,
241 1409 1124 1450 sondern seit vier Jahrhunderten angehört, daß
241 1448 1126 1490 seine ganze Geschichte, sich ohne diese Zugehörigteit
240 1487 1073 1521 zu unserem Lande anders gestaltet haben würde.
294 1533 1126 1570 Die Beziehungen Genfs zur Eidgenossenschaft
239 1564 1130 1610 gehen bis ins 15. Jahrhundert zurück. Schon 1463
243 1606 1125 1650 hat sich eine eidgenössische Gesandtschaft bei Lud¬
241 1646 1128 1689 wig Xl. von Frankreich für die mit Vernichtung be¬
240 1684 1131 1728 drohte Genfer Messe verwendet, und 1477 hat
242 1722 1130 1767 Johann Ludwig, der Administrator, des Bistums
242 1765 1131 1805 Genf, für sich und seine Stadt auf Lebenszeit Burg¬
241 1804 1136 1844 recht zu Bern und Freiburg genommen, so daß die
243 1840 1141 1884 beiden Städte 1478 die Genfer schon als „teure
242 1882 1136 1924 Freunde und Mitburger" betiteln konnten. Wirklich,
244 1920 1131 1964 schweizerisch aber wurde Genf mit dem Augenblick,
243 1961 1130 2003 wo seine Unabhängigkeitspartei gegen die Annexions¬
243 2002 1127 2042 gelüste Savoyens ihre Stütze bei den Eidgenossen
245 2041 1132 2082 suchte und fand. Nicht umsonst hat diese Genfer
244 2082 1129 2122 Freiheitspartei den Namen der „Eyguenots" erhalten
243 2122 1131 2162 woraus, bezeichnend für die Verknüpfung der Dinge,
243 2162 1017 2192 der berühmte Hugenottenname entstanden ist.
301 2206 1134 2241 Im Jahre 1513 ließen sich die Hauptgegner der
246 2240 1133 2280 savoyischen Umtriebe, die Philibert Vertelier, Be¬
244 2281 1132 2320 zanson Hugues, Jean Baud, Jean Taccon und an¬
245 2319 1132 2360 dere, „zur Bewahrung von Leib und Gut" in Frei¬
246 2360 1134 2400 burg als Bürger aufnehmen, und damit begann jener
246 2398 1131 2439 heroische Kampf auf Tod und Leben, in dem die
245 2440 1134 2479 Genfer Patrioten unterlegen wären, wenn nicht die
246 2478 1132 2519 Schweizer ihnen Hilfe gebracht, uns mit rauher
238 2517 1136 2558 Hand das vom Herzog, Bischof, Papst und Kaiser
243 2558 1135 2597 um Genf gewobene Netz zerrissen hätten. Viermal
244 2597 1136 2636 glaubte Herzog Karl III. von Savoyen die Rhone¬
245 2637 1135 2676 stadt in der Hand zu haben und jedesmal mußte er
244 2674 1135 2715 sie vor der Intervention der Schweizer fahren lassen.
244 2714 1136 2754 1519 zwang ihn der Auszug der Freiburger, zur
231 2755 1132 2793 Räumung Genfs, 1526 machte das Burgrecht mit
243 2793 1132 2832 Bern und Freiburg den Unterwerfungsbeschluß des
280 2833 1135 2872 „Conseil des Hallebardes" zunichte, 1530 nötigten die
241 2871 1129 2913 beiden Städte den Herzog, im Frieden von St.
241 2911 1129 2952 Julien die Waadt für die Sicherheit Genfs zum
241 2952 1128 2991 Pfand zu setzen, und 1536 entriß ihm Bern das durch
242 2990 1128 3022 seinen Wortbruch verwirkte Pfand und anderes dazu.
302 3037 1127 3069 Und wie seine Befreiung, so verdankt Genf seine
246 3069 1127 3109 Reformation und damit seine weltgeschichtliche Be¬
238 3107 1129 3148 deutung der Verbindung mit der Schweiz. Bern
245 3147 1129 3187 lenkte die Propaganda Farels, wie auf die West¬
245 3186 1129 3227 schweiz überhaupt, so auch auf Genf; es hielt seine
242 3227 1127 3267 schühende Hand über die von Farel und Froment
238 3268 1127 3306 begründete evangelische Gemeinde gegen die eigene
237 3306 1126 3346 Regierung und gegen Freiburg, bis sie erstarkt war
241 3344 1126 3385 und den Sieg erringen konnte. Die Reformation
241 3386 1126 3425 hat Genf den ältesten Freund und Bundesgenossen
239 3424 1126 3464 Freiburg gekostet und ihm die Feindschaft der katho¬
239 3465 1126 3504 lischen Orte zugezogen; aber das Burgrecht mit dem
238 3503 1126 3543 mächtigen Bern genügte, um es als ein Glied der
236 3544 1126 3581 Eidgenossenschaft erscheinen zu lassen und die katho¬
238 3582 1128 3621 lischen Mächte von dem oft geplanten Angriff auf
239 3621 1127 3661 die „Brutstätte der Häresie" abzuhalten. Gewiß ist
231 3660 1127 3700 die eigene Wehrhaftigkeit, die Genf damals durch
241 3701 1127 3740 seine Befestigung und militärische Organisation ge¬
236 3739 1127 3780 wann, nicht gering anzuschlagen; aber ohne den Re¬
232 3777 1127 3810 spekt, den die schweizerischen Waffen noch immer ein¬
296 3844 1127 3875 *) Dieser Artikel erscheint gleichzeitig Französisch
219 3876 1128 3910 im „Journal de Genève", in dessen Auftrag ihn der
218 3911 1091 3938 ausgezeichnete Historiker geschrieben hat. Die Red.
1168 1095 2055 1130 flößten, hätte es nicht inmitten der katholischen
1165 1130 2056 1169 Mächte der Feuerherd des Protestantismus werden,
1165 1170 2055 1209 Calvin die sichere Stätte für sein gewaltiges Wirken
1166 1209 2056 1249 bereiten können. Nur der Rückhalt an Bern und
1165 1249 2058 1288 damit an der reformierten Schweiz überhaupt schuf
1164 1289 2055 1327 die Möglichkeit, daß Genf aus einer geistesarmen
1165 1328 2057 1367 Bischofstadt das intellektuelle Zentrum einer euro¬
1164 1368 2057 1406 päischen Religionsgemeinschaft, das „Protestantische
1165 1406 2057 1445 Rom", werden konnte. Als Heinrich II. von Frank¬
1166 1446 2057 1485 reich 1559 dem Herzog von Alba durch den Conné¬
1168 1485 2057 1525 table Montmorency ein gemeinsames Einschreiten
1167 1525 2059 1565 Frankreichs und Spaniens gegen Genf vorschlug,
1168 1565 2058 1604 schrieb Alba an seinen Herrn, Philipp II. von Spa¬
1168 1605 2059 1644 nien: „Was Genf betrifft, so bin ich dem Conné¬
1170 1644 2060 1684 table auf dem Weg, den er mir wies, nicht gefolgt,
1169 1684 2058 1723 weil es mir der Sache Eurer Majestät nicht zu from¬
1169 1724 2060 1763 men schien, den Franzosen die Mittel an die Hand
1169 1763 2059 1803 zu geben, jemals sagen zu können, daß Eure Maje¬
1170 1803 2058 1842 stät etwas gegen die Schweizer habe unternehmen
1170 1843 1299 1870 wollen."
1224 1893 2060 1926 Genf und Bern haben sich wiederholt bemüht, ihr
1170 1926 2060 1966 Bündnis zu einem gemeineidgenössischen zu erwei¬
1171 1966 2060 2006 tern, aber all ihre Versuche scheiterten an der kon¬
1172 2006 2061 2045 fessionellen Abneigung der katholischen Orte, die
1171 2046 2061 2085 kraft ihrer Mehrheit auch den übrigen Orten die
1171 2085 2061 2125 neue Verbindung unmöglich machten. Einzig Zürich
1171 2125 2061 2165 hatte die Hände frei und trat 1584 dem Genferbunde
1171 2165 2060 2204 bei. Genf ist also nie ein zugewandter Ort der Ge¬
1171 2205 2061 2244 samteidgenossenschaft geworden, es war und blieb
1171 2244 2061 2284 nur der besondere Verbündete ihrer zwei mächtigsten
1170 2284 2061 2323 Orte, respektive ein zugewandter Ort der reformier¬
1171 2324 2062 2363 ten Schweiz. Aber dank dieser Verbindung war es
1171 2363 2061 2403 doch in den Augen der Welt eine Schweizerstadt, ein
1170 2403 1682 2433 Glied des Corpus Helveticum.
1225 2447 2061 2481 In den Friedensschlüssen von Ryswyl, Utrecht
1172 2482 2062 2521 und Baden, die den Umfang der Eidgenossenschaft
1170 2522 2062 2561 völkerrechtlich näher bestimmten, wurde es unter den
1170 2562 2063 2601 Zugewandten und Verbündeten der XII Orte mit¬
1171 2601 2063 2640 eingeschlossen und sogar den eigentlichen Zugewand¬
1173 2641 2062 2680 ten vorangestellt. Bern und Zürich standen ihm
1172 2680 2063 2720 jederzeit als treue Berater und Helfer zur Seite, in
1172 2720 2063 2759 Gefahren stets bereit, ihm bundesgemäßen Zuzug zu
1173 2760 2016 2797 leisten, und bei jedem Anlaß bemüht, seine Unab¬
1173 2798 2060 2837 hängigkeit zu sichern. Als ihm von Ludwig XIV.
1172 2837 2068 2876 1686 Gefahr drohte, erklärte sich Zürich bereit, bis
1170 2877 2060 2914 auf 6000 Mann, Bern bis auf 18,000 Mann zum
1170 2915 2060 2953 Schutze Genfs marschieren zu lassen, und auch die
1169 2954 2057 2991 übrigen reformierten Orte anerkannten es als ihre
1168 2992 2063 3030 Pflicht, im Notfall, das Ihrige zu seiner Verteidi¬
1168 3031 2054 3070 gung beizutragen. Noch 1792 retteten die beiden
1168 3070 2053 3109 Slädte durch ihre schleunige Hilfe die Stadt vor dem
1167 3110 2060 3149 Handstreich General Montesquidus: So führten Zü¬
1168 3149 2054 3188 rich und Bern ihre Aufgabe, das Bollwerk der Schweiz
1167 3189 2054 3227 am Leman zu behaupten, redlich durch, bis der
1167 3228 2053 3267 Zusammenbruch der alten Eidgenossenschaft ihnen
1167 3268 2055 3308 die weitere Erfüllung derselben unmöglich machte
1167 3308 2054 3347 und Frankreich 1798 seine Hand über Genf schlagen
1167 3348 1277 3375 konnte.
1220 3394 2054 3426 Die Probe, die es fünfzehn Jahre hindurch mit
1166 3427 2055 3466 der Franzosenherrschaft machte, brachte es ihm aber
1166 3466 2055 3506 erst recht zum Bewußtsein, daß seine wahre Heimat
1167 3506 2055 3546 die Schweiz sei. Noch vor der endgiiltigen Niederlage
1167 3546 2054 3585 Napoleons schüttelte es das Fremdjoch ab und be¬
1168 3586 2064 3625 reitete den eidgenössischen Truppen am 1. Juni 1814
1167 3625 2055 3665 einen enthusiastischen Empfang, zum Beweis, „daß
1168 3665 2055 3705 unter allen Klassen der Einwohner dieses Freistaates
1168 3705 2056 3744 nur ein Sinn und Wille herrsche, durch Stiftung
1168 3745 2055 3784 eines engen, festen, brüderlichen Verhältnisses mit
1167 3784 2055 3824 allen Kantonen wieder und auf ewig Schweizer zu
1169 3824 2063 3864 sein". Diese Hoffnung erfüllte sich aufs schönste.
1166 3864 2054 3904 Die Eidgenossenschaft von 1814 machte keine Unter¬
1168 3904 2055 3935 schiede zwischen Orten, Zugewandten, und Ver¬
2097 1094 2986 1127 bündeten einzelner Orte mehr, sie kannte nur noch
2097 1127 2987 1167 gleichberechtigte Kantone. Als solche wurden Wallis,
2098 1166 2982 1207 Neuenburg und Genf am 12. September in den
2097 1206 2983 1247 Bund aufgenommen und damit dem schweizerischen
2098 1247 2739 1277 Vaterlande ganz und voll einverleibt.
2154 1293 2987 1326 Wenn Genf die Sicherung seiner Freiheit, die
2098 1326 2986 1365 Grundlage seiner Größe, dem Anschluß an die
2097 1366 2987 1405 Schweiz verdankt, so gewann diese an ihm, wie die
2100 1405 2986 1445 reformierten Orte 1585 den katholischen begreiflich
2099 1445 2986 1484 zu machen suchten, in Were, Vormur und Schlüssel
2098 1485 2985 1524 ganzer Eydtgnoschaft; wann die verloren, soll man
2099 1525 2987 1564 nicht mehr unnser Vatterland bschlossen, sonder uff
2101 1565 2986 1604 der allergefahrlichsten siten offen nennen". Und
2100 1604 2986 1644 eine notwendige Folge der Festsetzung der Schweizer
2100 1644 2986 1684 in Genf war die Eroberung des Waadtlandes, die
2101 1684 2985 1723 Entstehung einer „Suisse Romande". Aber auch
2099 1724 2985 1763 Genf an sich war ein unschätzbarer Gewinn, nament¬
2095 1763 2987 1803 lich in geistiger Hinsicht. In ihm besaß die Schweiz,
2101 1803 2985 1843 wie der Engländer Bale 1558 sagt, „das größte Wun¬
2102 1843 2985 1882 der der Welt, das neue Paris oder London, den neuen
2101 1883 2984 1922 Weltmarkt, wohin man zusammenströmte, nicht um
2101 1922 2986 1962 zu schachern, sondern um das Himmlische gegen das
2102 1962 2496 1992 Irdische einzutauschen".
2151 2009 2987 2042 Wir bewundern die Rolle, die das protestantische
2102 2043 2986 2081 Rom in der Welt gespielt hat und die das herrliche
2103 2082 2988 2121 Reformationsdenkmal bald verewigen wird, die stolze
2102 2122 2987 2161 Geschichte seiner Akademie, die uns jüngst von
2102 2161 2988 2201 Meisterhand geschildert worden ist. Welche Mitgift
2102 2201 2988 2240 an hervorragenden Geistern auf allen Gebieten hat
2103 2241 2989 2280 Genf der Schweiz zugebracht! Freiheitsmärtyrer
2102 2281 2989 2321 wie Philibert Berthelier, Ami Lévrier, Pierre Fatio,
2102 2321 2987 2361 Nicolas Lemaitre; Freiheitsapostel und Philanthropen
2103 2361 2987 2401 wie Rousseau, Etienne Dumont, Eynard, Henri
2101 2401 2989 2440 Dunant; Staatsmänner, wie Bezanson Hugues,
2104 2441 2989 2480 Necker, Pictet de Rochemont, d'Ivernois, Rigaud,
2103 2480 2989 2520 James Fazh; Feldherrn wie General Dufour; Pu¬
2102 2520 2990 2560 blizisten wie Mallet du Pan; Geschichtschreiber wie
2102 2560 2991 2600 Bonivard, Michel Roset, Gautier, Sismondi, Rilliet,
2103 2600 2991 2640 Roget, Vaucher; Philologen und Juristen, wie die
2097 2640 2993 2679 Estienne, Godefroy, Casaubon; Naturforscher wie die
2095 2680 2992 2719 Saussure, de Candolle, de la Rive, Pictet, Colladon;
2092 2720 2993 2759 Dichter wie Germaine de Staël, Toepffer, Amiel,
2104 2760 2994 2798 Marc Monnier, Cherbuliez; Künstler wie Liotard,
2124 2799 2991 2838 Agasse, Lugardon, Diday, Calame, Pradier, denen
2103 2838 2990 2877 noch so viel andere Namen sich hinzugesellen ließen.
2102 2878 2990 2916 Von der Bedeutung der Genfer Uhrmacherei und
2100 2917 2989 2955 Bijouterie für unsere Volkswirtschaft will ich hier
2092 2956 2985 2994 nicht reden. Kurz, Genf repräsentiert für sich allein
2098 2995 2986 3033 in unserer politischen und kulturellen Entwicklung
2097 3034 2983 3072 seit dem 16. Jahrhundert bis zur Gegenwart ein
2095 3073 2983 3112 Kapital, dessen Größe wir nicht hoch genug anschlagen
2094 3112 2984 3152 können. In diesem Sinne feiern wir Ostschweizer
2095 3152 2984 3192 das Zentenarium an der Rhone mit Begeisterung
2096 3192 2983 3231 mit und grüßen die edle Genf als ein leuchtendes
2094 3232 2830 3261 Juwel in der Krone der Mutter Helvetia!
2151 3279 2948 3303 Zürich. Wilhelm Oechsli.
2389 3372 2692 3405 Wasserwirtschaft.
2133 3427 2950 3450 Die Schweizer Rheinschiffahrt A.-G. in Basel.
2152 3480 2987 3512 ♀0 Die „Neue Zürcher Zeitung" hat bereits das
2096 3511 2989 3551 Wesentliche über die Gründung einer Schweizer
2096 3551 2987 3591 Rheinschiffahrts-Aktiengesellschaft mitgeteilt. Die te¬
2099 3588 2988 3630 legraphische Meldung mag nun noch etwas ergänzt
2096 3631 2236 3656 werden.
2151 3676 2989 3709 In dem Ratschlag, mit dem die Basler Regierung
2096 3708 2988 3749 den Antrag stellt, daß der Kanton Baselstadt sich mit
2097 3747 2988 3788 einem Aktienkapital von 250,000 Fr. an der neuen
2098 3788 2989 3828 Gesellschaft beteiligen soll, legt sie die Gründe dar,
2095 3826 2988 3867 welche die Schaffung einer schweizerischen Rhein¬
2097 3865 2987 3906 schiffahrtsgesellschaft nötig machen. Die vor zehn
2095 3903 2989 3937 Jahren neu ins Leben gerufene Großschiffahrt auf
3026 1092 3920 1126 dem Rhein zwischen Straßburg und Basel hat die
3025 1125 3919 1165 Lebensfähigteit des Gütertransports auf dieser Was¬
3027 1166 3918 1204 serstraße, auch in ihrem gegenwärtigen unkorrigier¬
3027 1205 3918 1243 ten Zustande, erwiesen, und es darf mit Sicherheit
3027 1244 3917 1282 auf eine weitere bedeutende Steigerung des Güter¬
3026 1281 3919 1321 verkehrs gerechnet werden, sobald ein den besondern
3026 1321 3920 1360 Verhältnissen dieser Oberrheinstrecke angepaßter
3027 1358 3919 1399 Schiffspark zur Verfügung steht. Bisher haben deut¬
3027 1398 3921 1438 sche Reedereien, insbesondere zwei Gesellschaften aus
3027 1438 3917 1477 Mannheim, die Schleppfahrten mit ihren in der
3026 1476 3921 1516 Hauptsache für den Nieder- und Mittelrhhein gebau¬
3028 1516 3921 1556 ten Schiffen ausgeführt. Bis zum Jahre 1911 wur¬
3027 1553 3920 1595 den für diese Fahrten von seiten des Kantons Basel¬
3028 1593 3919 1634 stadt namhafte Subventionen, insgesamt rund
3031 1635 3920 1673 165,000 Fr., ausbezahlt; seit 1912 fahren die Gesell¬
3028 1672 3920 1713 schaften ohne Subvention, was nicht gehindert hat,
3026 1711 3915 1752 daß gerade in den beiden letzten Jahren die Güter¬
3026 1751 3915 1791 beförderung bedeutend zunahm (Gesamtumschlag
3028 1790 3919 1830 1913: 96,653 Tonnen). Es ist aber zu bedenken, daß
3026 1830 3914 1870 die ganze Schiffahrt auf der Strecke Basel-Straß¬
3026 1869 3915 1909 burg vom guten Willen der deutschen Reedereien ab¬
3026 1908 3918 1948 hängt. Mit Ende des Jahres 1915 erlischt die heute
3027 1949 3918 1988 noch bestehende vertragliche Verpflichtung der Aktien¬
3026 1987 3922 2027 gesellschaft vormals Fendel zur Ausführung der
3027 2026 3922 2066 Fahrten. Sollte dann aus irgendwelchen Gründen
3028 2065 3921 2105 der Schiffahrtsdienst zwischen Straßburg und Basel
3028 2105 3919 2145 wieder eingestellt werden, so würden dadurch nicht
3029 2144 3919 2184 nur große Hoffnungen weiter Kreise in Basel und
3029 2185 3920 2223 der ganzen Schweiz zerstört, sondern es wäre auch
3028 2223 3921 2263 von außerordentlicher finanzieller Tragweite für die
3028 2264 3919 2302 baselstädtische Staatsverwaltung, im Hinblick auf die
3028 2302 3919 2341 bereits gemachten großen Aufwendungen für Lan¬
3028 2342 3919 2380 dungs-, Schleusen- und Umschlagseinrichtungen und
3029 2378 3922 2420 für vorsorglichen Landerwerb. Es sind für Schiff¬
3029 2418 3918 2459 fahrtszwecke am Rheinhafen bereits 1,600,000 Fr., in
3029 2459 3919 2498 Augst (Großschiffahrtsschleuse) 780,000 Fr. investiert,
3029 2498 3920 2537 in Land für den künftigen Rheinhafen bei Klein¬
3029 2536 3924 2577 hüningen über 2 Mill. Fr. Aber auch die schweize¬
3031 2575 3916 2616 rische Industrie mußte die durch die Schiffsverfrach¬
3032 2615 3922 2655 tung erzielten wesentlichen Ersparnisse, die allein im
3032 2654 3925 2694 Jahre 1913 rund 250,000 Fr. ausmachten und ins¬
3031 2692 3921 2734 gesamt seit 1903 rund 850,000 Fr., wieder verlieren.
3032 2732 3925 2773 Diese Sachlage hat zur Gründung einer eigenen
3034 2774 3827 2804 schweizerischen Schiffahrtsgesellschaft gedrängt.
3088 2816 3922 2851 Bei dieser Gründung stand nun von vornherein
3032 2850 3921 2890 fest, daß eine völlig selbständige Tätigkeit der neuen
3029 2891 3922 2928 Schiffahrts-Gesellschaft ausgeschlossen wäre. Das
3026 2928 3924 2968 Kapital könnte nur einen Teil des Jahres, nämlich
3027 2966 3918 3007 solange die Schiffahrt nach Basel offen ist, nutz¬
3022 3008 3922 3046 bringend arbeiten. Während der geschlossenen Schiff¬
3025 3047 3921 3085 fahrtsperiode im Winter würde das Schiffsmaterial
3025 3086 3920 3124 in Basel brach liegen. Ferner müßten am ganzen
3023 3125 3921 3164 Rhein eigene Geschäftsstellen errichtet werden, da sich
3023 3164 3920 3204 die Tätigkeit selbstverständlich nicht auf die Ober¬
3024 3203 3922 3243 rheinstrecke Straßburg-Basel beschränken könnte,
3025 3244 3920 3283 sondern Frachten von der Schweiz nach allen Rhein¬
3025 3283 3919 3322 stationen bis ans Meer übernommen werden müßten.
3022 3321 3920 3362 Unter diesen Umständen wäre aber jede Prosperität
3023 3361 3919 3401 des Unternehmens in Frage gestellt, ganz abgesehen
3027 3399 3922 3440 von der übermächtigen Konkurrenz der großen
3030 3439 3924 3480 Reedereien. Die Erfüllung der Aufgaben einer
3026 3477 3922 3519 schweizerischen Schiffahrtsgesellschaft war daher ab¬
3028 3518 3922 3559 hängig von der Möglichkeit des Anschlusses an
3029 3556 3923 3598 eine leistungsfähige bestehende Ree¬
3030 3599 3921 3637 derei, die in der Lage wäre, das schweizerische
3031 3637 3920 3676 Schiffsmaterial während der Zeit, da die Schiffahrt
3031 3675 3921 3716 auf dem Oberrhein geschlossen ist, am Unterrhein
3028 3715 3920 3755 nutzbringend zu verwenden, und deren sämtliche Ge¬
3032 3755 3920 3794 schäftsstellen am ganzen Rhein auch der schweizeri¬
3033 3794 3920 3834 schen Gesellschaft für die Weiterbeförderung, den
3032 3832 3921 3874 Umschlag usw. der durch sie verfrachteten Giüter zur
3032 3872 3921 3913 Verfügung stehen würden. Die gebotene Gelegenheit,
3029 3911 3920 3944 sich dem Fendel-Konzern anzuschließen, der
503 4021 865 4066 Feuilleton.
550 4113 822 4136 Pfingstbräuche.
299 4155 1129 4196 Feuer, Wasser, Luft und Erde, die frühern Natur¬
244 4193 1127 4234 elemente, wurden von den heidnischen Deutschen
240 4232 1128 4272 zwar nicht als Gottheiten betrachtet, aber doch als
233 4273 1127 4311 Wirkungsgebiete einzelner Götter heilig gehalten.
240 4312 1132 4350 Solche ehrende Heilighaltung, sagt Wuttke, ein
243 4351 1126 4389 scheuvolles Vermeiden aller Verunreinigung und
239 4390 1126 4428 Verunehrung findet noch jetzt sich vor; ja durch das
239 4428 1125 4468 Zurücktreten der eigentlichen Götter, zu denen diese
238 4468 1124 4508 Elemente in Beziehung standen, nimmt diese Ehrung
237 4508 1124 4547 einen täuschenden Schein wirklicher Naturverehrung
236 4548 1123 4585 an. Das Wasser besonders, namentlich Flüsse und
235 4585 1123 4624 gebeimnisvoll sprudelnde Quellen, waren Gegenstand
235 4625 1122 4662 der Verehrung. Man betete an den Ufern der Flüsse
238 4663 1122 4702 und an den Quellen, zündete Lichter an und stellte
234 4702 1121 4741 Opfergaben hin. Zu heiligen Zeiten, um Mitternacht
235 4742 1122 4781 und vor Sonnenaufgang geschöpft, hatte solches Wasser
234 4782 406 4812 Heilkräfte.
293 4825 1119 4860 Noch heute läßt solches sich aufweisen. In Hessen-¬
234 4861 1120 4899 Thüringen schmückt man zu Pfingsten die Brunnen
233 4900 1120 4939 mit Kränzen und Bändern und seidenen Tüchern
233 4939 1119 4979 und tanzt um sie herum. In Böhmen darf man zu
233 4979 1120 5018 dieser Zeit nicht ins Wasser spucken; das ist sehr
232 5019 974 5049 sündhaft, und der Teufel freut sich darüber.
289 5062 1120 5097 Ganz besondere Bedeutung hat der Pfingst¬
231 5098 1118 5137 tau: Hat es am ersten Pfingstmorgen viel Tau, so
228 5137 1118 5176 gibt es nach holsteinischem und oberpfälzischem Aber¬
226 5177 1118 5216 glauben ein reiches Butterjahr. Ueberhaupt kann man
229 5216 1119 5256 mit diesem Tau hexen. Wälzt man sich darin unbe¬
229 5256 1119 5295 kleidet, wie in Niedersachsen, so schützt das vor Be¬
226 5296 1120 5326 herung, Krätze, Ungeziefer, Unreinigkeiten der Haut,
1168 4006 2053 4039 Ausschlag, Blattern (Mittel- und Süddeutschland);
1170 4040 2053 4079 ja in der Oberpfalz und Böhmen macht er bei dem
1170 4080 2054 4118 Liebsten gefällig — und, man höre, heilt krumme
1170 4119 2054 4158 Beine. Der Pfingsttau aber, der sich in Vertiefungen
1170 4158 2064 4197 ansammelt, wie z. B. auf rauhen Steinen, die auf
1169 4198 2056 4236 Kirchhöfen liegen, aber nicht selbst Grabsteine sind,
1170 4237 2055 4275 vertreibt Warzen und andere Hautübel, und wenn
1170 4276 2056 4314 sich Mädchen und Frauen bei Mondschein auf dem
1169 4315 2067 4353 Kirchhof die Schläfe damit benetzen, werden sie
1170 4354 2063 4392 klug (!) — und können die Gedanken der Männer
1169 4393 2055 4432 erraten; als ob, sie es sonst nicht könnten. Mit
1166 4431 1962 4463 Pfingsttau vertreibt man die Sommersprossen.
1220 4478 2055 4510 In Bayern und Böhmen herrscht auch die Eigen¬
1167 4510 2056 4550 tümlichkeit, sich zu Pfingsten mit Wasser zu begießen,
1168 4548 2056 4589 besonders die Burschen und Mädchen. Dies mag
1166 4587 2056 4628 wohl eine heidnische Wurzel haben, soll es doch nach
1163 4626 1790 4658 Grimm ursprünglich Regen bewirken.
1219 4674 2055 4706 Allgemein, werden, in Norddeutschland Birken¬
1164 4706 2057 4745 zweige, die eben um diese Zeit noch ihr duftig grünes
1167 4743 2055 4785 Frühjahrskleid tragen, als Pfingstfestschmuck ver¬
1163 4783 2056 4824 wendet. Haus und Kirche prangen im Grün des
1164 4823 2055 4863 Birkenlaubes. Hoch mit Birken beladene Wagen
1164 4861 2056 4902 durchfahren die Straßen Berlins und rasch, sehr
1163 4900 2056 4941 rasch oft schon, sind sie ihrer grünen Last entledigt.
1163 4940 2056 4980 So erobert die Birke jeden noch so verborgenen Hof
1164 4978 2056 5020 der Großstadt und dringt in jede Stube. Freilich
1165 5018 2057 5059 klein und bescheiden nur steckt hinterm Spiegel das
1163 5057 2069 5098 Birkenzweiglein in der Wohnung des kleinen Bür¬
1159 5096 2065 5137 gers, während der Ladenbesitzer, schon größere
1161 5135 2070 5176 Zweige, ja selbst kleine Bäumchen, vor die Türe
1158 5175 2056 5215 stellt; ganze Bäume jedoch prangen in den großen
1162 5214 2056 5255 Cafés und den Warenhäusern. Kurz, ohne Birken
1162 5254 2065 5294 ist dem Berliner, und damit dem Norddeutschen
1162 5295 1710 5324 überhaupt Pfingsten undenkbar.
2149 4005 2990 4041 Nach Menzel, scheint dieser uralte Brauch zur
2096 4039 2989 4080 Sommersonne in Beziehung zu stehen, ist vielleicht
2096 4079 2987 4119 auch der Ueberrest eines alten Götterkultes, ausge¬
2097 4118 2989 4158 übt an der Schwelle der Zeitstufe, da das scheidende
2096 4157 2989 4197 Frühjahr dem schon sich ankündenden Sommer Platz
2098 4196 2988 4236 macht. Denn die Birke war dem Donar geweiht, und
2097 4236 2989 4276 besaß so als Götterbaum die Kraft, bösen Zaubers
2099 4274 2988 4315 sich zu erwehren. Das erklärt hinreichend den Aber¬
2096 4314 2987 4354 glauben, der an die Birkenruten von Pfingsten sich
2100 4353 2987 4393 knüpft. Eine am Pfingstsonntag geweihte Birken¬
2097 4394 2988 4432 rute wird im Böhmerwalde aufbewahrt, und man
2098 4431 2986 4472 glaubt dort, daß sie das Vieh vor Verwundung be¬
2099 4470 2987 4511 schütze und keinen Streit unter ihm aufkommen lasse.
2096 4509 2987 4550 Im Brandenburgischen vertreibt man mit Pfingst¬
2099 4550 2988 4589 birken die Raupen und in der Oberpfalz glaubt man,
2099 4590 2988 4628 sie zögen den Blitz au, weshalb man dort auch keine
2096 4628 2988 4668 Birken vor die Häuser pflanzt. In Böhmen ist der
2099 4665 2989 4707 Birkensaft ein Schönheitsmitiel und macht die
2099 4708 2989 4746 Frauen fruchtbar, auch steckt der Böhme eine Pfingst¬
2098 4746 2988 4785 birkenrute in den Flachs, damit er hoch werde. Im
2096 4785 2989 4824 Oldenburgischen heilen Birkenbesen den Waden¬
2099 4825 2245 4854 krampf!
2155 4870 2990 4903 Merkwürdigen Brauch zu Pfingsten hat sich der
2101 4903 2991 4943 Bayer bewahrt. Alljährlich tritt da der „Pfingst¬
2096 4942 2991 4982 lümmel" oder „Wasservogel" auf. Das heißt, es wird
2097 4983 2991 5021 ein junger Bursche gänzlich in Buchen- und Birken¬
2100 5022 2991 5060 laub eingehüllt und vielfach wird ihm auch noch eine
2099 5061 2991 5100 Maske aus Baumrinde angelegt. So angetan, wird
2098 5100 2991 5139 er mit großem Rumor und Hallo zum Dorfbach ge¬
2100 5140 2990 5178 führt und dort kurzerhand von zwei kräftigen Dorf¬
2101 5179 2991 5217 schönen ins nasse Element befördert, darin sie ihn
2099 5218 2992 5256 dreimal untertauchen. Statt eines Burschen wird oft
2097 5257 2990 5296 auch ein aus Stroh gemachter Vogel ins Wasser ge¬
2100 5296 2990 5327 worfen, herausgefischt und als Schutz gegen Feuer
3027 4012 3920 4046 und Blitzschlag am Scheunenfirste angenagelt. Zwei¬
3031 4045 3919 4085 fellos liegt hier der Rest eines alten Opfers vor,
3030 4085 3918 4124 das noch heute symbolisch den Wassergöttern darge¬
3027 4122 3919 4163 bracht wird, wohl mit der Bitte um Fruchtbarkeit
3030 4162 3918 4202 des Landes. Reste anderer Opfer begegnen uns in
3027 4201 3919 4241 den allgemein berbreiteten Umzügen von festlich mit
3031 4240 3917 4280 Laubgewinde geschmückten Ochsen, den Pfingstochsen;
3027 4278 3847 4310 denn das Rind war ein altes heiliges Opfertier.
3081 4323 3920 4359 Wenn es zu Pfingsten regnet, gibt es viele Mäuse
3030 4357 3920 4399 (Böhmen). Um die Hexen zu erkennen, braucht man
3027 4396 3920 4438 im Oldenburgischen bloß am Pfingstmorgen einen
3027 4437 3921 4477 Kranz von Brombeerwurzeln (!) in seinen Hut zu
3030 4475 3922 4517 legen. Den Bilwisschnitter*) vertreibt man in der
3030 4515 3922 4556 Oberpfalz, indem man am ersten oder zweiten
3031 4555 3922 4595 Pfingstmorgen mit einer an Ostern geweihten
3029 4596 3797 4625 Flintenkugel an den Ecken des Feldes schießt.
3085 4641 3922 4673 Von einigen höchst merkwürdigen kirchlichen
3030 4674 3694 4703 Pfingstbräuchen berichtet uns Stanjeck.
3086 4721 3923 4753 Das Pfingstfest ist ja die Erinnerung an die
3031 4754 3922 4791 Ausgießung des heiligen Geistes: „Und es geschah
3028 4792 3921 4831 ein Brausen vom Himmel als eines gewaltigen
3032 4831 3922 4871 Windes und erfüllte das ganze Haus, da sie saßen
3033 4870 3923 4909 (die Apostel) und man sah an ihnen Zungen verteilt,
3032 4908 3926 4948 als wären sie feurig. Und er setzte sich auf einen jeg¬
3034 4948 3923 4988 lichen unter ihnen und wurden alle voll des heiligen
3032 4986 3926 5018 Geistes". Früher aber liebte es das Volk, alles in
3067 5060 3920 5092 *) Der Bilwisschnitter, ursprünglich wohl
3032 5091 3924 5127 ein gespenstisches Wesen, gilt jetzt meist als Hexen¬
3033 5125 3921 5162 mann. Er macht, indem er, mit kleinen Sicheln an
3033 5159 3920 5197 den Füßen oder mit einer Schere oder blankem
3033 5194 3922 5231 Messer am linken Fuße, quer durch die Felder
3032 5224 3920 5266 schreitet, fußbreite verwüstende Streifen durch das
3030 5259 3919 5300 Getreide, und zieht es ganz oder zur Hälfte in seine
3029 5301 3194 5326 Scheunen.
