4110 5551
161 197 1203 299 Nr. 869. Erstes Mittagblatt.
1514 196 2400 256 Der Zürcher Zeitung 138. Jahrgang.
2913 186 3822 242 Dienstag, 15. Mai 1917.
175 252 3846 692 Neue Zürcher Zeitung
918 764 1252 787 1 3 6 12
279 773 1292 813 Abonnementspreise: Monat Monate Monate Monate
1975 771 2061 821 und
177 811 1270 860 Zürich bei d. Administration od. Ablage abgeholt Fr. 2.10 5.80 10.50 21.—
292 839 1271 885 durch die Austräger ins Haus gebracht „ 2.60 7.10 13.30 26.—
180 877 1270 928 Schweiz Bestellung beim Postbureau ... ... ... „ 2.60 7.10 13.30 26.—
300 913 1267 947 mit Bezug unter Privatadresse (Streifband) „ 3.20 9.— 17.50 34.—
1358 832 2669 985 schweizerisches Handelsblatt
180 940 1064 985 Ausland: Deutschland ... ... Mk.  3.23 8.92
361 962 1274 1009 Oesterreich Bestellung ... ... Kr. 4.98 13.90 27.69 55.27
362 995 1275 1034 Ungarn beim ... ... „ 5.12 14.11 26.64 52.26
366 1017 1271 1060 Italien Postamt ... ... B. 3.20 8.35 15.75 31.—
363 1050 1275 1088 Holland ... ... fl. 2.— 5.45 10.20 20.20
183 1078 1275 1126 Frankreich, England, Rußland, Amerika ic. (Streifbd.) Fr. 5.20 14.50 23.50 56.—
1712 1028 2317 1086 Täglich 3 Ausgaben
3077 760 3503 786 Insertionspreise:
2932 787 3639 820 Die einspaltige Kolonelzeile oder deren Raum 30 Rp.,
2969 821 3602 845 für Anzeigen ausländischen Ursprungs 50 Rp.,
3105 845 3488 878 Reklamen Fr. 1.50 per Zeile
2797 899 3714 941 Redaktion (Telephon 650) und Druckerei (Telephon 5732):
3150 939 3410 975 Falkenstraße 11.
2797 969 3844 1005 Administration (Telephon 2060) und Expedition (Telephon 10163):
3150 1006 3415 1049 Goethestraße 10.
2795 1042 3845 1081 Annoncen-Abteilung (Telephon 2504): Theaterstr. 5 / Goethestr. 10.
291 1202 931 1289 Der Rücktritt des
166 1276 1060 1346 russischen Kriegsministers.
229 1375 1061 1434 Der Konflikt zwischen Liberalen und Sozia¬
171 1418 1063 1479 listen in Rußland scheint sich einer Lösung ent¬
169 1461 1061 1523 gegenzudrängen. Das Mitglied der provisori¬
171 1509 1064 1568 schen Regierung, auf dem vor allem die Ver¬
171 1552 1062 1613 antwortung für die Fortführung des Krieges
171 1598 1067 1657 und die militärische Organisation lastet, Kriegs¬
171 1641 1061 1702 minister Gutschkow, hat seine Demission ein¬
173 1689 1062 1747 gereicht. Er erklärte in einem Schreiben an den
172 1732 1061 1791 Ministerpräsidenten, daß der Regierung gegen¬
173 1775 1063 1836 wärtig nicht die erforderliche Autorität über
174 1820 1062 1880 Armee und Flotte zustehe und daß es ihm des¬
173 1866 1065 1924 halb unmöglich sei, der Anarchie abzuhelfen,
174 1909 1062 1970 die die Freiheit und sogar die Existenz Ruß¬
174 1955 1068 2014 lands bedrohe. Gleichzeitig hat auch der Kom¬
172 1998 1068 2058 mandant der Petersburger Garnison seinen
172 2043 1068 2103 Rücktritt genommen, er mit ausdricklicher Be¬
173 2089 1067 2147 rufung darauf, daß die sozialistische Neben¬
173 2132 1067 2191 regierung, der Arbeiter- und Soldatenausschuß,
175 2176 1066 2235 die Oberkontrolle über seine Ordern an sich
175 2234 426 2269 reißen wollte.
238 2262 1072 2324 Die Motive, die die beiden Männer zu ihrer
178 2308 1073 2369 Demission nötigten, sind durchsichtig genug.
178 2353 1075 2413 Dem Arbeiter- und Soldaten-Ausschuß, der
180 2398 1073 2457 vor kurzem noch trotz der Aufforderung des
177 2443 1072 2501 sozialistischen Justizministers Kerenzskis die
180 2484 1076 2546 Teilnahme an der Regierung verweigert hatte,
179 2528 1077 2590 sollte klar vor Augen gestellt werden, daß
180 2573 1078 2634 die provisorische Regierung ihre bisherige Role
180 2617 1080 2678 nicht mehr weiter zu spielen gedenke. Die
182 2664 1082 2722 liberalen Minister sind es müde, für Zu¬
180 2708 1078 2765 stände die Verantwortung zu übernehmen, die in
181 2751 1081 2809 Wirklichkeit doch gar nicht von ihnen, sondern
182 2797 1079 2853 von den Beschlüssen des Arbeiter- und Sol¬
182 2839 1079 2898 datenausschusses und den verschiedenen, in vol¬
183 2883 1083 2942 ler Freiheit agierenden revolutionären Mani¬
181 2927 1079 2987 festanten abhängig sind. Am wenigsten konnte
182 2973 1082 3031 man es dem Kriegs- und provisorischen
182 3019 1082 3075 Marineminister Gutschkow zumuten, Befehle zu
184 3059 1079 3120 erlassen, die von seinen Untergebenen als Fetzen
184 3104 1079 3164 Papier behandelt wurden. Schließlich mußte
186 3152 1083 3208 doch die ganze offizielle Verantwortung auf
186 3191 1083 3253 ihn fallen, wenn infolge der revolutionären
186 3235 1083 3298 Zersetzung der Armee die Operationen im
189 3281 1083 3343 Felde irgendwo einen unglücklichen Ausgang
187 3325 1083 3387 nehmen würden. Wie konnte er aber diese Bürde
191 3370 1083 3432 auf sich nehmen, solange ihm die Macht fehlte,
190 3415 1083 3475 um seinen Anordnungen Nachachtung zu ver¬
191 3475 349 3509 schaffen?
254 3504 1084 3565 Der Rücktritt Gutschkows ist ferner wohl
192 3551 1086 3610 noch dadurch befördert worden, daß der Be¬
193 3595 1087 3654 schluß des Arbeiterrates, in dem die Teilnahme
194 3641 1086 3698 an einem Koalitionsministerium abgelehnt wor¬
196 3684 1087 3743 den war, nur mit ganz geringer Stimmenmehr¬
197 3728 1090 3788 heit gefaßt wurde. Gutschkow rechnet wohl dar¬
199 3771 1090 3832 auf, daß es nur noch eines kleinen Anstoßes
200 3817 1090 3877 bedürfe, um die damals siegende Majorität in
201 3863 1090 3921 eine Minorität zu verwandeln und daß dieser
200 3911 1089 3953 Anstoß eben durch seine Demission gegeben
1101 1156 2000 1222 werden könnte. Jedenfals wird sich nun auch
1103 1205 1999 1266 das Arbeiterkomitee nicht mehr der Einsicht ver¬
1103 1252 2004 1309 schließen können, daß es im bisherigen Stile
1101 1294 2004 1354 nicht mehr weiter gehe. Entweder muß dem bis¬
1103 1340 2004 1398 herigen Schattenministerium wirkliche Gewalt
1106 1380 2003 1443 eingeräumt werden oder das  Komitee muß sich
1108 1430 2004 1487 direkt an der Regierung beteiligen, dann aber
1103 1474 2004 1533 auch dafür sorgen, daß die  Beschlüsse des Kabi¬
1106 1515 1909 1568 netts nicht bloß auf dem Papier bleiben.
1167 1557 2010 1621 Freilich dürften, auch wenn es zu einer Be¬
1109 1605 2015 1664 teiligung der Sozialisten an der Regierung
1106 1652 2012 1708 kommen sollte, noch lange nicht  alle Schwierig¬
1110 1693 2011 1753 keiten gehoben sein. Auch angenommen, daß
1108 1737 2012 1797 die Delegierten der Arbeiter und Soldaten
1109 1781 2016 1840 den Liberalen loyal Hand ind Hand arbeiten
1108 1827 2014 1882 wollten, so wäre damit noch lange nicht gesagt,
1109 1867 2012 1926 daß das Ministerium auf allgemeinen Gehor¬
1111 1912 2012 1970 sam rechnen könnte. Die Bauern, die Land
1110 1954 2017 2015 wollen, die Reaktion, die in den Provinzen sich
1112 2000 2013 2058 im stillen an die Arbeit gemacht hat, die an¬
1111 2043 2016 2100 archistischen Elemente des äußersten linken
1110 2090 2014 2143 Flügels der Sozialisten, — alle diese Gruppen
1111 2130 2014 2188 würden auch einem Koalitionsministerium Wi¬
1111 2175 2017 2231 derstand oder mindestens passive Resistenz ent¬
1114 2219 2018 2275 gegensetzen. So sieht die Zukunft in Rußland
1115 2263 2019 2318 recht verworren aus, und es ist nicht ausge¬
1116 2306 2020 2361 schlossen, daß alle die auseinanderstrebenden
1116 2352 2017 2404 Tendenzen schließlich nicht doch noch durch
1114 2390 2020 2449 einen Militärdespotismus zusammengehalten
1118 2439 2020 2491 werden müssen, falls sich ein solcher überhaupt
1119 2482 2017 2534 mit Hilfe der gegenwärtigen Bauernarmee ein¬
1118 2535 1357 2568 richten ließe.
1175 2570 2019 2622 Zu beachten ist übrigens, daß Kriegsminister
1120 2617 2020 2664 Gutschkow Sphären entflammte, die eher das
1119 2655 2022 2709 Befehlen als das Lavieren mit Volksmassen
1120 2701 2021 2753 gelernt hatten. Mitglied des  Reichsrates, Prä¬
1122 2746 2023 2797 sident der dritten Duma und des Reichskomi¬
1120 2788 2023 2841 tees der mobilisierten Industriellen, war er we¬
1120 2833 2019 2883 niger als irgend ein ander dazu geeignet,
1121 2876 2022 2927 eine Stelle auszufüllen, von deren Inhaber
1118 2920 2023 2971 nicht Tatkraft, sondern Nachgiebigkeit gegen die
1120 2960 2022 3015 Launen der Straße und vorsichtige Schwäche
1121 3008 2019 3057 verlangt wird. Sein Eintritt in das Ministe¬
1120 3050 2023 3101 rium war seinerzeit eine Garantie dafür, daß
1119 3094 2023 3144 die provisorische Regierung eine energische
1122 3138 2022 3188 Politik zu führen gedenke. Seine Demission ist
1123 3182 2020 3232 nun ein Symptom dafür, daß dieser Versuch,
1123 3226 1790 3266 vorläufig wenigstens, mißglückt ist.
1186 3340 2025 3388 Petersburg, 14. Mai. (Havas.) General
1125 3383 2021 3428 Kornilow erklärte der „Börsenzeitung", daß
1124 3420 2020 3469 er seinen Posten verlassen habe wegen der For¬
1124 3459 2021 3510 derungen gewisser Vereine und Organisationen,
1128 3505 2024 3548 die glauben, sie hätten ebensoviel Anrecht auf
1125 3541 2022 3588 das Kommando der Truppen wie er selbst. Der
1124 3581 2025 3629 letzte Vorfall, der ihn zur Demission trieb, war
1129 3622 2024 3670 die Forderung des  Exekutivausschusses der
1130 3658 2022 3710 Arbeiter- und Soldatendelegierten, die ver¬
1124 3698 2019 3749 langten, daß die gegebenen Befehle der Prü¬
1131 3743 2025 3789 fung und der vorhergehenden Billigung des
1128 3780 2025 3830 Komitees vorgelegt werden. Die Zeitungen
1128 3824 2023 3870 glauben, daß General Polowtsow, Kom¬
1132 3862 2023 3911 mandant  der Division, genannt „die Wilden",
1129 3906 1750 3942 General Kornilow ersetzen wird.
2108 1149 2933 1198 Mailand, 15. Mai. ag Der Pariser Kor¬
2041 1190 2940 1238 respondent des „Secolo" berichtet aus Paris,
2043 1229 2935 1278 der Rücktritt Gutschkows und Kornilows habe
2042 1268 2935 1319 in den dortigen politischen Kreisen einen star¬
2041 1310 2938 1359 ken Eindruck gemacht. Die offiziellen Gründe
2045 1349 2949 1398 des Rücktritts rufen lebhafte Besprechungen in
2046 1392 2939 1429 Paris hervor, wo man an die Energie erin¬
2976 1144 3846 1189 nert, die Kornilow an seiner Stelle gezeigt hat.
2977 1184 3856 1229 Es war ihm gelungen, in der kritischen Situa¬
2980 1225 3856 1269 tion die Disziplin der Petersburger Besatzung
2980 1262 3856 1308 zu erhalen. Man erinnert sich weiter an sein
2984 1303 3856 1348 Unternehmen, um die Desertionen zu be¬
2983 1347 3155 1379 schränken
2841 1495 3305 1551 Der Weltkrieg.
2116 1587 2931 1637 Berlin, 14. Mai. (Wolff. Amtlich. Abend¬
2052 1631 2940 1681 bericht vom 14. Mai.) Wechselnd starke Artil¬
2052 1679 2943 1724 lerietätigkeit an den Kampffronten im Westen.
2054 1718 2941 1769 Bei Craonelle, Corbény und Berry-¬
2051 1763 2943 1815 au-Bac blieben französische Teilvorstöße er¬
2054 1815 2195 1850 folglos.
2107 1873 2939 1916 Berlin, 14. Mai. (Wolffkommentar.)
2052 1910 2945 1950 Auf der Arrasfront reiben die Engländer wei¬
2053 1946 2944 1984 ter ihre menschlichen und maschinellen Angriffs¬
2056 1979 2946 2020 mittel in ergebnislosen und verlustreichen An¬
2059 2014 2945 2055 griffen auf. Tatsache ist, daß in den englischen
2055 2051 2945 2089 Berichten, seit Wochen die gleichen Ortsnamen
2054 2084 2946 2124 wiederkehren. Es ist dies ein vollgültiger Beweis
2054 2119 2946 2160 für das vollkommene Stehenbleiben ihrer Offen¬
2055 2156 2949 2194 sive. Der neuerliche große Angriff am 12. Mai
2054 2190 2946 2229 in dem reichumkämpften Gelände beiderseits der
2057 2221 2947 2265 Scarpe blieb vollkommen im deutschen Abwehr¬
2054 2258 2948 2299 feuer liegen. Dorf und Bahnhof Roeux, die
2055 2292 2946 2334 schon mehrmals ihre Besitzer gewechselt haben,
2052 2328 2947 2368 blieben nach erbitterten Kämpfen in englischer
2054 2360 2948 2404 Hand. Die deutschen Linien halten das Dorf und
2057 2397 2949 2439 den Bahnhof eng umklanmmert. Nachmittags er¬
2049 2430 2955 2475 neuerten die Engländer nach starker Artillerie¬
2053 2467 2953 2510 vorbereitung ihre Angriffe auf Bullecourt.
2055 2501 2955 2545 Ihren weit überlegenen Kräften gelang es, die
2056 2536 2952 2581 deutsche Besatzung in den Nordostrand des Dorfes
2059 2573 2952 2615 zurückzudrängen. Seit dem 11. Mai ist dies der
2058 2608 2953 2649 zwölfte englische Angriff auf das Trichterfeld des
2059 2641 2953 2685 Dorfes. Wenn jedoch die Engländer auf dem Besitz
2059 2674 2955 2720 dieses Trümmerhaufes bestehen, so werden sie den
2059 2710 2954 2754 Angriff ein dreizehntes Mal wiederholen müssen;
2057 2743 2958 2790 denn am 12. Mai abends spät wurden ihnen alle
2057 2780 2960 2824 in Bullecourt errungenen Vorteile durch den wuch¬
2064 2813 2964 2858 tigen Gegenangriff eines preußischen Garde¬
2060 2848 2961 2892 bataillons unter der persönlichen Führung seines
2056 2883 2964 2928 tapfern Kommandeurs im zähen Nahkampf wie¬
2056 2918 2960 2962 der entrissen. Ebenfalls brachen die englischen
2056 2952 2961 2998 Angriffe zwischen der Scarpe und der Chaussee
2053 2984 2957 3035 Arras-Cambrai, die von 8 Uhr abends an
2055 3026 2960 3068 dreimal wiederholt wurden, unter blutigen Ver¬
2052 3056 2966 3102 lusten zusammen. Während die Franzosen und
2062 3092 2962 3137 Engländer fortfahren, die Stadt St. Quentin und
2058 3128 2960 3172 La Fère zusammenzuschießen, verlief an der
2060 3162 2962 3207 Aisne der Tag verhältnismäßig ruhig. Bei der
2059 3197 2963 3241 planmäßigen Bekämpfung der französischen Bat¬
2060 3231 2958 3276 terien würde eine starke Detonation mit gewal¬
2060 3264 2962 3311 tiger Rauchentwicklung beobachtet. Die Beute aus
2065 3304 2959 3345 den Kämpfen am 11. Mai bei Cerny erhöhte sich
2060 3332 2965 3382 auf 300 Gefangene, fünf Maschinen- und Schnell¬
2064 3372 2806 3408 ladegewehre und einen Granatenwerfer.
2100 3404 2969 3449 Ein überraschender französischer Angriffs¬
2065 3440 2965 3485 versuch beiderseits der Straße Corbény-Pontavert
2067 3475 2966 3519 um Mitternacht wurde mit Handgranaten abge¬
2068 3510 2966 3555 wiesen. An der Straße Reims-Brienne drangen
2068 3545 2966 3589 nach kurzer Artillerievorbereitung deutsche Pa¬
2069 3581 2966 3624 trouillen in die feindlichen Gräben ein und brach¬
2065 3613 2968 3660 ten einen Offizier, 42 Mann, drei Schnellade¬
2069 3649 2966 3694 gewehre und mehrere Granatenwerfer zurück. Die
2068 3683 2969 3728 in einem Eiffelturmbericht enthaltene Meldung
2072 3715 2968 3764 vom Eindringen französischer Abteilungen in die
2066 3751 2969 3799 deutschen Gräben bei Bevinvaux ist unrichtig.
2070 3790 2967 3834 Feindliche Patrouillen, die in der Nacht vom 12.
2069 3822 2969 3871 Mai in unsere vordersten Gräben nördlich von
2070 3859 2969 3904 Ammertzweiler eingedrungen waren, wurden so¬
2072 3900 2588 3930 fort wieder hinausgeworfen.
3041 1577 3866 1620 An der macedonischen Front ist der große
2988 1610 3870 1657 Angriff Sarrails vollkommen zum Stehen gekom¬
2988 1651 3869 1691 nen. Der 12. Mai wurde von den Deutschen und
2990 1686 3872 1725 Bulgaren benützt, um die Gewinne, die die Alli¬
2989 1719 3870 1759 ierten an den Vortagen erkämpften, wieder aus¬
2990 1749 3874 1795 zugleichen. So wurden auf der Höhe von Dobro
2989 1787 3874 1831 Polje die Serben aus einem Teil der vordern
2988 1823 3874 1866 Gräben, in den sie am 11. Mai eingedrungen
2987 1857 3874 1902 waren, wieder hinausgeworfen. Ebenso wurden
2985 1894 3874 1936 die bulgarischen Feldwachen südlich von Huma,
2987 1927 3874 1971 das, wie nachträglich bekannt wird, am 11. Mai in
2987 1961 3874 2006 der Hand des Feindes blieb, zurückgenonmmen.
2988 1999 3874 2041 Zwei französische Angriffe am 12. Mai abends
2991 2031 3874 2076 aus der Jarelitzahöhe, 1083 Meter, südlich von
2990 2066 3873 2111 Huma, brach unter schweren Verlusten ergebnislos
2988 2109 3178 2138 zusammen.
2987 2159 3877 2208 Deutsch-französischer Kriegsschauplatz
3053 2222 3879 2279 Paris, 15. Mai. (Havas. Amtliche Mittei¬
2995 2268 3880 2322 lung vom 14. Mai, abends 11 Uhr.) Im Ver¬
2992 2313 3881 2366 laufe des Tages bombardierte die deutsche
2997 2357 3880 2411 Artillerie die Front nördlich von Broye-en-¬
2995 2404 3878 2456 Laonnais und von Cerny. Die unsrige er¬
2993 2446 3879 2501 widerte heftig. Oestlich von Berry-au-Bac und
2994 2491 3881 2545 in der Champagne, in der Gegend Mont
2994 2533 3883 2590 Haut und auf den Hauts de Meuse ziemlich
2996 2581 3884 2633 lebhafte Artilleriekämpfe. Ein feindlicher Ver¬
2997 2623 3889 2678 such auf einen unserer kleinen Posten im Bois
3001 2669 3885 2723 des Chevaliers wurde mühelos abgewiesen.
3003 2712 3887 2768 Auf der übrigen Front ist kein bedeutendes Er¬
3003 2759 3887 2812 eignis zu erwähnen. — Im Verlaufe des 12.
3003 2803 3884 2857 und 13. Mai wurden sechs feindliche Flug¬
3003 2845 3889 2902 zeuge abgeschossen. Es bestätigt sich, daß ein
3005 2892 3888 2944 anderer deutscher Apparat am 4. Mai nach
3004 2935 3889 2988 einem Kampf beim Aufschlagen auf den Boden
3008 2978 3889 3033 in Trümmer ging. Unsere Bombardierungs¬
3006 3023 3889 3078 geschwader schleuderten 4000 Kilo Sprengstoffe
3002 3069 3889 3122 auf Biwaks und Bahnhöfe hinter der deutschen
3006 3122 3125 3158 Front.
3067 3158 3889 3211 Belgische Mitteilung: Beiderseits Tätig¬
3005 3201 3885 3255 keit der Artillerie auf verschiedenen Punkten der
3009 3245 3887 3301 belgischen Front, besonders in der Gegend von
3004 3301 3211 3335 Dixmuiden.
3165 3361 3723 3407 Balkankriegsschauplatz
3072 3423 3890 3478 Paris, 15. Mai. (Havas. Mitteilung der
3008 3465 3893 3523 Orientarmee vom 13. Mai.) Auf einzelnen
3008 3511 3891 3566 Frontabschnitten Artilleriekämpfe. Die serbische
3010 3556 3890 3611 Armee rückt weiter auf Dobropolje vor.
3011 3598 3892 3655 Feindliche Erkundungsabteilungen südlich von
3010 3643 3893 3700 Makukowo und am rechten Wardarufer wurden
3009 3696 3278 3734 zurückgewiesen.
3073 3735 3897 3787 Rumänische Mitteilung: Auf der gan¬
3007 3778 3897 3832 zen Front spärliches Gewehrfeuer und schwache
3010 3818 3897 3877 Tätigkeit der Artillerie. Der Feind bombardierte
3009 3868 3897 3910 namentlich die russischen Gräben in der Gegend
218 4033 831 4079 8 Feuilleton.
808 4097 1070 4123 Nachdruck verboten.
520 4152 776 4176 Eine Seele.
316 4187 980 4226 Roman von Ruth Waldstetter.
260 4239 1099 4287 Charlotte bat Faber zum Tee, und als sie in
205 4277 1100 4326 dem angenehmen Zimmer bei Tisch saßen und den
205 4316 1099 4365 Professor die hübschen Damenhände bedienten,
209 4356 1100 4404 überkam ihn ein wunderliches Behagen, so daß er
206 4396 1099 4442 die Stunde hätte hinträumen mögen, und er sich
208 4434 1100 4482 gar nicht beeilte, vom Zweck seines Besuches zu
209 4483 308 4509 reden.
262 4512 1099 4560 „Ich habe Sie leider vorhin beim Ueben ge¬
210 4552 1101 4600 stört," sagte er. „Ich bewunderte Ihren reinen
212 4601 600 4632 und kräftigen Strich."
263 4630 1101 4680 „Oh, ich übe jeweilen ein bißchen, wenn Mama
208 4669 1101 4718 ausgegangen ist. Meine Mutter kann nämlich
207 4719 618 4749 Musik nicht ausstehen."
262 4746 1098 4788 „Und doch hat sie Sie Geige lernen lassen?"
263 4786 1101 4835 „Das hat Papa durchgesetzt. In mancher Be¬
211 4826 1102 4875 ziehung habe ich mich sehr gut mit ihm verstan¬
211 4863 1098 4916 den. „Nur „Brotstudien", wie er das nannte,
210 4903 1101 4955 wollte er mich nicht treiben lassen. Ach ja, damit
209 4944 1103 4994 fängt der ganze Bandwurm meiner „unbefriedig¬
210 4986 1104 5033 ten Wünsche" an. Aber ich glaube wirklich, es ist
209 5027 1024 5064 besser, ich belästige Sie erst gar nicht damit."
267 5063 1103 5111 Faber wandte ihr mit fragendem Ausdruck sein
213 5112 389 5142 Gesicht zu.
268 5142 1106 5191 „Ich hatte nämlich heute schon eine Kon¬
212 5182 1106 5230 sultation. Fänden Sie es übrigens sehr unver¬
215 5219 1106 5269 schämt, wenn jemand behaupten würde, die Aerzte
213 5266 847 5300 seien die schlechtesten Psychologen?"
272 5298 1107 5339 „Ich fände das sogar sehr zutreffend, obwohl
1134 3989 2030 4043 allerdings Ausnahmen vorhanden sind. Aber in
1135 4026 2030 4082 unserer Zeit des Wissensprotzentums, wo leider
1133 4071 2031 4120 Gottes alles durch Lernerei und Examen ent¬
1136 4111 2028 4159 schieden wird, kann der Besitz eines Instinktes,
1136 4148 2031 4198 und wenn er für den Beruf noch so wichtig ist,
1134 4187 2031 4237 nicht einmal kontrolliert, geschweige verlangt
1138 4237 1282 4265 werden.
1195 4262 2028 4314 „Wenn man Sie hörte, Herr Professor?"
1137 4301 2031 4355 Charlottes Gesicht nahm plötzlich einen kindlichen
1139 4349 1370 4384 Ausdruck an.
1197 4378 2033 4432 „Pah," rief Faber, „glauben Sie, ich könnte
1139 4419 2033 4472 nicht ohne Schule und Universität existieren?
1138 4458 2033 4511 Wenn man einmal nicht mehr losschimpfen dürfte,
1139 4497 2033 4550 hätte das Leben überhaupt keinen Reiz mehr.
1138 4536 2033 4590 Aber wo waren wir mit Ihnen stehen geblieben?
1142 4578 1809 4620 Sie hatten heute eine Konsultation?"
1195 4612 2037 4666 Charlotte schien durch Fabers Gegenwart merk¬
1140 4653 2036 4707 lich erleichtert, und sie rief jetzt fast fröhlich: „Ja,
1141 4695 2036 4746 und die war so unglaublich verfehlt! Der Arzt —
1144 4731 2035 4785 nämlich meine Mutter wollte, daß einmal ein Arzt
1144 4773 2036 4824 „meine verdrehten Ideen" begutachten sollte, und
1142 4811 2037 4863 ich dachte schließlich selber, vielleicht wäre der
1142 4849 2037 4902 Doktor ein Orakel —  der Arzt redete von Anfang
1142 4888 2037 4941 bis zu Ende zu einer Person, die er gar nicht
1142 4938 1411 4971 vor sich hatte."
1202 4980 1490 5008 „Und wie das?"
1203 5004 2040 5058 „Oh, zu einem hysterischen, und — und ver¬
1146 5044 2039 5098 liebten Mädchen, schien es mir," antwortete Char¬
1146 5084 2038 5137 lotte errötend. „Aber ich begreife wirklich bis jetzt
1148 5122 2039 5177 nicht, ob ein Arzt bloß so taktlos ist oder ob er
1146 5162 2040 5217 ein Vergnügen daran haben kann, ein Mädchen
1149 5201 2040 5256 mit rohen Reden zu verletzen? Denken Sie, er
1147 5238 2039 5295 machte ein ordentlich enttäuschtes Gesicht, als ich
1149 5281 2040 5326 ihm sagte, ich hätte diese Unterhaltung ungefähr
2073 3974 2966 4026 so erwartet. Ich glaube wirklich, er hat sich an
2068 4014 2966 4067 meiner Verlegenheit und Beschämung weiden
2069 4068 2216 4094 wollen."
2131 4092 2967 4144 Faber antwortete nicht. Er saß still mit über¬
2074 4130 2967 4174 geschlagenen Beinen und betrachtete seine Hände.
2123 4167 2968 4223 „Nun, denken Sie etwas Böses von mir?" sagte
2073 4218 2354 4253 Charlotte leise.
2130 4244 2969 4301 Er antwortete nicht sogleich, als hätte er die
2074 4285 2967 4339 Frage überhört. Er war mit den Gedanken und
2075 4327 2966 4377 Empfindungen beschäftigt, die ihm dieses unge¬
2071 4363 2968 4417 wöhnliche, von jahre- oder jahrzehntelangen Miß¬
2074 4404 2968 4455 verständnissen bedrängte und doch so reizvolle Ge¬
2071 4443 2968 4494 schöpf hervorrief, und er suchte sich eines warmen
2078 4480 2968 4534 Gefühles gewohnheitsmäßig zu erwehren, das er
2072 4521 2968 4572 als den Feind seiner Studien und seiner Ruhe
2074 4573 2199 4600 kannte.
2132 4593 2970 4652 „Sie haben immer mit Ihrer Frau Mutter zu¬
2078 4645 2662 4680 sammengelebt?" fragte er dann.
2133 4669 2970 4729 „Ja, Mama erträgt es gar nicht, allein zu sein,
2079 4713 2971 4768 obwohl sie gesund und rüstig ist; auch das er¬
2082 4765 2490 4797 schwert meine Pläne."
2136 4805 2442 4837 „Welche Pläne?"
2140 4828 2971 4885 „Das ist eben so schwierig auszusprechen,"
2084 4869 2970 4925 sagte Charlotte, indem sie die Hände ineinander
2080 4909 2972 4964 preßte und vor sich hinsah. „Meine Bekannten
2082 4945 2975 5003 wissen wohl, daß ich studieren möchte; aber dies
2082 4989 2973 5041 ist mehr nur der Name, den ich meinem Wunsche
2081 5033 2581 5071 gebe, als die Sache selbst."
2140 5062 2979 5121 „Können Sie mir das, was Sie wollen, viel¬
2081 5104 2977 5151 leicht einigermaßen umschreiben?" fragte Faber.
2136 5141 2981 5198 Sie sann nach, und ihr Gesichtsausdruck wurde
2084 5183 2979 5237 ernst und ruhig, so daß der klare, strenge Schnitt
2087 5223 2980 5276 der Züge sich deutlich ausprägte. „Darf es lange
2082 5276 2246 5304 dauern?"
3067 3965 3891 4015 „Ich habe den ganzen Abend zu meiner Ver¬
3010 4015 3149 4044 fügung."
3069 4042 3898 4091 „Oh, so schlimm ist es nicht. Aber ich muß
3009 4081 3902 4129 etwas weit ausholen, bis zu meinem fünfzehnten
3010 4120 3921 4167 Jahr. Bis dahin habe ich mir nämlich überhaupt
3011 4159 3910 4206 keine Gedanken gemacht; denn ich hatte mit Hilde
3011 4200 3909 4245 und meinem Bruder zusammen eine sehr schöne
3010 4237 3905 4284 Kinderzeit. Max starb dann lungenkrank mit acht¬
3012 4277 3912 4322 zehn Jahren. Aber als ich in der fünften Töchter¬
3012 4317 3907 4361 schulklasse war, ging mit mir eine Veränderung
3012 4356 3908 4401 vor, ich erinnere mich daran ganz genau. Ich
3012 4396 3912 4440 wurde Ich, fast von einem Tag zum andern. Ich
3012 4435 3909 4479 bekam so plötzlich das Bewußtsein meines Einzel¬
3011 4473 3914 4518 menschentums und meiner persönlichen Verant¬
3013 4514 3911 4556 wortlichkeit, daß es mich zuerst fast erdrückte. Das
3012 4554 3914 4596 Leben erschien mir nicht mehr als etwas Selbst¬
3013 4590 3918 4635 verständliches, sondern wie irgend eine Möglich¬
3013 4632 3913 4673 keit, die man für mich angenommen hatte, ohne
3013 4670 3912 4712 mich selber darum zu befragen, und mit der ich
3013 4710 3913 4750 mich nun irgendwie abfinden mußte. Ich wurde
3014 4748 3915 4790 ganz melancholisch; sogar meine Mutter merkte es
3015 4788 3914 4830 und behauptete, es seien die Jahre, die mich an¬
3013 4826 3914 4869 griffen. Vielleicht ist es ja Unsinn, daß ich mir
3017 4866 3916 4909 mich selber ohne dieses Leben denken kann; aber
3019 4904 3921 4949 so etwas ist nicht zu ändern. Ich begann nun, mich
3017 4942 3921 4989 darüber zu besinnen, was ich aus dieser ange¬
3018 4984 3919 5028 fangenen Existenz machen sollte. Ich hatte das
3018 5023 3921 5067 ganz bestimmte Gefühl, daß es sich überhaupt nur
3025 5064 3921 5106 dann verlohne, es mit dem Leben weiter zu ver¬
3020 5100 3919 5147 suchen, wenn man daraus etwas Ganzes und
3023 5141 3919 5186 Großes und Nützliches machen könnte. Ich hatte
3023 5178 3919 5225 mich in der Schule und in meinen Geigenstunden
3023 5219 3921 5264 für geistige und künstlerische Tätigkeit begeistert,
3025 5254 3921 5295 und es schien mir nun, daß, wenn man sich ganz
