1960 2362
235 136 950 268 Züricher
950 136 1671 268 Zeitung.

816 287 940 355 Nro.
1005 293 1100 366 76.

1461 377 1733 435 Quintide.
175 386 422 435 Dienstag,

558 384 622 407 Man
637 383 743 406 abonnirt
757 382 794 408 sich
809 382 850 410 auf
863 384 1028 412 gegenwärtige
1043 383 1134 411 Zeitung
1147 384 1159 410 ,
1170 384 1190 406 in
1206 385 1242 406 der
1257 381 1352 410 hiesigen

587 417 759 444 Buchhandlung
768 415 878 444 Orell,
896 416 986 442 Füßli
1008 417 1052 439 und
1064 417 1164 443 Comp.
1177 431 1183 443 ,
1206 413 1295 445 jährlich
1310 416 1351 438 mit

579 450 598 471 2
602 444 694 470 Gulden
709 451 741 468 10
756 445 863 475 Batzen,
874 443 1006 483 halbjährig
1028 447 1071 469 mit
1090 453 1102 468 1
1124 445 1212 469 Gulden
1231 452 1245 473 5
1260 445 1347 475 Batzen.

576 479 723 507 Auswärtige
732 478 815 505 einigen
826 474 863 503 sich
875 479 929 500 über
940 480 978 499 den
992 477 1062 503 Preis
1071 479 1113 501 mit
1121 479 1184 504 ihren
1195 468 1346 508 Postämtern.

103 463 142 483 22
161 457 388 496 September
388 457 409 496 ,
409 457 522 496 1801.

1376 451 1393 486 5
1407 444 1620 490 Ergänzunäst.

144 545 335 586 Deutschland
355 550 455 587 (Wahl
468 555 524 585 des
531 550 705 588 Erzherzogs
719 550 811 579 Anton
825 554 889 586 zum
903 545 1021 589 Bischof
1038 555 1095 581 von
1110 548 1266 586 Münster.)
1285 562 1322 570 —
1341 546 1489 584 England.
1507 561 1545 570 —
1567 544 1625 581 Fra

172 589 350 622 Helvetien.

147 690 511 727 Deutschland.
534 690 713 724 Münster.
733 699 750 725 9
764 688 853 724 Sept.
873 690 934 725 Auf

109 726 153 757 die
162 727 379 764 Vorstellungen
391 731 439 759 des
450 729 630 765 preussischen
640 722 792 760 Ministers
800 723 830 758 v.
830 723 931 758 Dohm

105 769 195 800 gegen
219 765 262 793 die
287 765 461 801 Ernennung
474 765 552 797 eines
564 771 652 794 neuen
666 760 799 799 Bischofs
813 763 944 800 erfolgte

109 805 167 830 von
190 800 294 831 Seiten
316 802 417 836 unsers
441 801 638 837 Domkapitels
655 799 712 830 eine
726 804 802 835 zwar
822 798 933 835 höfliche

105 836 178 867 aber
190 835 400 878 ausweichende
413 838 560 871 Antwort,
577 839 632 867 und
647 843 712 865 man
724 834 780 870 ließ
790 835 937 872 vorläufig

106 877 158 908 am
172 881 186 898 1
201 874 290 908 Sept.
304 873 336 902 in
352 873 424 903 allen
437 866 554 906 Kirchen
573 876 622 903 des
635 874 740 902 Landes
755 872 806 901 mit
822 875 873 902 den
888 876 933 909 ge¬

105 907 279 943 wöhnlichen
296 909 471 943 Betstunden
489 909 539 943 für
556 910 615 939 eine
637 908 765 944 beglükte
777 908 865 941 Wahl
883 912 933 937 den

108 944 226 981 Anfang
239 943 362 977 machen.
402 947 455 974 Am
473 955 495 982 4
512 945 576 976 kam
596 949 643 975 der
665 944 712 974 als
735 944 857 976 Courier
866 945 933 981 nach

108 981 193 1011 Wien
214 975 344 1017 geschikte
371 979 534 1012 Lieutenant
551 981 674 1013 Bartels
699 982 801 1011 wieder
826 980 933 1017 zurük,

110 1018 164 1049 mit
184 1019 234 1046 der
259 1011 426 1052 Nachricht,
454 1018 507 1051 daß
530 1018 573 1049 die
595 1017 682 1052 Wahl
701 1023 755 1048 vor
778 1016 825 1053 sich
848 1019 933 1058 geben

109 1047 217 1088 könne,
238 1052 291 1087 daß
313 1056 382 1090 dazu
405 1057 452 1083 der
466 1056 546 1090 Graf
561 1055 739 1092 Westphalen
757 1053 805 1083 als
820 1053 934 1089 kaiserl.

109 1089 331 1125 Commissarius
353 1090 517 1125 eintreffen,
537 1094 592 1120 und
607 1091 660 1126 daß
672 1095 719 1120 der
734 1090 889 1126 Erzherzog
901 1090 934 1125 sie

112 1126 266 1163 annehmen
277 1129 380 1156 werde.
418 1127 498 1161 Graf
507 1128 686 1164 Westphalen
702 1122 798 1162 langte
810 1126 938 1165 wirklich

109 1158 272 1201 vorgestern
281 1169 338 1194 von
351 1162 527 1197 Hildesheim
535 1164 596 1198 hier
605 1165 649 1197 an
649 1165 677 1197 ,
677 1165 748 1197 heut
756 1166 806 1192 den
818 1171 836 1198 9
845 1164 933 1200 Sept.

108 1200 179 1234 ging
195 1200 237 1230 die
250 1198 336 1232 Wahl
348 1205 401 1229 vor
414 1199 481 1235 sich,
498 1204 556 1229 und
574 1203 621 1231 der
634 1200 790 1237 Erzherzog
803 1201 934 1233 Anton,

110 1238 166 1266 auf
183 1233 235 1262 den
252 1235 299 1272 sich
319 1234 372 1265 alle
386 1236 534 1266 Stimmen
554 1235 695 1275 vereinigt
710 1237 827 1276 hatten,
852 1238 932 1267 ward

107 1269 160 1300 als
174 1275 262 1300 neuer
280 1271 465 1308 Fürstbischof
480 1272 617 1308 öffentlich
632 1272 820 1309 ausgerufen.
864 1274 932 1304 Das

110 1304 187 1336 Volk
208 1305 338 1342 bezeugte
356 1308 398 1338 die
417 1308 516 1344 größte
535 1311 641 1344 Freude
651 1308 726 1339 über
745 1308 819 1344 seine
835 1309 932 1343 Wahl.

149 1343 375 1378 Stuttgard,
394 1346 431 1371 16
450 1346 539 1384 Sept.
587 1348 641 1376 Am
663 1352 698 1381 14
717 1344 831 1381 passirte
856 1346 936 1381 Graf

111 1379 223 1415 Ludwig
246 1378 405 1416 Kobenzl
425 1381 482 1415 auf
500 1382 591 1415 seiner
612 1380 748 1420 Rükreise
767 1389 824 1413 von
844 1382 933 1416 Paris

112 1414 178 1450 nach
186 1414 270 1445 Wien
281 1415 362 1450 durch
373 1416 528 1450 Kanstadt;
544 1421 594 1446 .am
601 1417 752 1453 nemlichen
761 1418 841 1453 Tage
850 1418 933 1449 über¬

113 1452 235 1485 nachtete
256 1454 302 1480 der
324 1451 388 1485 nach
405 1448 493 1484 Wien
511 1453 665 1487 bestimmte
685 1452 863 1488 französische
877 1454 931 1483 Ge¬

111 1487 210 1521 sandte
224 1487 456 1525 Champagny
481 1490 535 1519 mit
547 1489 650 1523 seinem
657 1488 775 1525 Gefolge
787 1489 816 1517 in
831 1489 932 1520 Stutt¬

111 1527 210 1561 gard.
245 1523 306 1553 Der
325 1529 393 1553 neue
409 1522 536 1562 russische
550 1526 689 1559 Gesandte
704 1523 735 1554 in
749 1524 933 1561 Frankreich,

111 1559 192 1595 Graf
203 1558 387 1593 Markow,
405 1560 471 1594 traf
479 1567 527 1595 am
543 1569 562 1596 9
576 1559 604 1590 in
621 1560 778 1600 Frankfurt
790 1557 840 1592 ein
840 1557 866 1592 ,
866 1557 933 1592 und

111 1598 180 1635 sezte
200 1603 248 1627 am
265 1592 307 1631 12
307 1592 392 1631 seine
401 1592 490 1630 Reise
498 1598 566 1639 nach
578 1597 667 1634 Paris
682 1598 751 1630 fort.
789 1597 868 1635 Ihm
868 1597 943 1635 gin¬

109 1641 164 1671 gen
182 1643 204 1669 4
221 1634 301 1669 Tage
321 1633 417 1667 früher
441 1632 485 1662 die
512 1633 607 1666 beiden
630 1633 777 1669 russischen
797 1634 933 1670 Obristen

112 1670 192 1703 Graf
202 1668 370 1705 Dolgorucki
387 1671 446 1699 und
465 1669 568 1701 Baron
584 1669 720 1702 Neitkant
732 1670 860 1705 voraus,
878 1676 932 1702 von

112 1708 197 1742 deren
208 1707 351 1742 Sendung
362 1705 429 1742 nach
441 1706 530 1741 Paris
542 1706 584 1737 die
594 1703 745 1744 englischen
756 1706 874 1738 Blätter
885 1708 933 1739 als

112 1747 169 1771 von
182 1744 271 1776 einem
283 1742 429 1780 wichtigen
444 1744 526 1780 durch
545 1744 587 1775 die
600 1743 871 1780 Unterhandlungen
884 1748 934 1776 des

115 1778 183 1807 Lord
205 1779 259 1813 St.
274 1778 381 1812 Helens
399 1779 549 1811 bewirkten
569 1779 708 1818 Ereignis
723 1780 869 1819 sprechen,
888 1781 932 1812 in¬

102 1815 175 1849 dem
190 1812 226 1850 sie
235 1814 360 1850 russische
372 1813 496 1855 Anträge
516 1823 550 1853 zu
566 1818 642 1848 einer
657 1816 858 1855 Vermittlung
869 1817 932 1855 zwi¬

113 1849 191 1887 schen
199 1850 360 1887 Frankreich
373 1854 429 1882 und
441 1852 575 1890 England
586 1852 776 1891 überbringen
789 1854 886 1889 sollen.
895 1868 932 1877 —

112 1886 169 1918 Die
178 1884 297 1924 neulich
309 1887 411 1924 selbst
421 1887 469 1919 bis
487 1896 522 1927 zu
543 1889 760 1925 Thätlichkeiten
778 1890 933 1927 gekomme¬

107 1925 175 1961 nen
175 1925 390 1961 Zwistigkeiten
390 1925 532 1961 zwischen
532 1925 757 1961 Chur-Maynz
757 1925 831 1961 und
831 1925 935 1961 Chur-¬

108 1960 231 1999 Baiern
231 1960 258 1999 ,
258 1960 334 1999 über
334 1960 391 1999 den
391 1960 576 1999 Gressinger
576 1960 641 1999 Hof
641 1960 692 1999 im
692 1960 856 1999 Oberamte
856 1960 933 1999 Bor¬

115 1995 183 2034 berg
183 1995 210 2034 ,
210 1995 322 2034 welche
322 1995 418 2034 sogar
418 1995 490 2034 den
490 1995 653 2034 Aufbruch
653 1995 755 2034 eines
755 1995 879 2034 Theils
879 1995 940 2034 der

113 2031 314 2069 Mannheimer
329 2034 474 2069 Garnison
495 2043 546 2074 zur
563 2037 652 2074 Folge
664 2031 780 2071 hatten,
807 2037 864 2074 sind
887 2041 945 2068 der

114 2068 253 2105 gütlichen
263 2069 422 2107 Beilegung
431 2071 519 2107 nahe,
538 2072 631 2104 indem
646 2073 688 2106 die
702 2073 866 2111 mainzische
877 2075 932 2106 Re¬

104 2106 234 2149 gierung
266 2107 315 2139 die
332 2107 542 2144 vorgefallenen
554 2109 860 2148 Gewaltthätigkeiten
886 2118 932 2148 ge¬

103 2142 286 2181 misbilligt,
298 2144 358 2185 und
358 2144 574 2185 Genugthuung
584 2140 676 2186 dafür
676 2140 865 2186 versprochen
865 2140 942 2186 hat.

971 704 1009 724 —
1027 690 1089 722 Der
1102 689 1255 727 Churfürst
1267 694 1322 720 von
1335 689 1447 725 Baiern
1462 690 1511 723 hat
1525 689 1608 725 durch
1620 689 1680 720 eine
1690 687 1795 722 Erklä¬

971 733 1045 764 rung
1062 733 1127 758 vom
1148 731 1183 759 28
1201 728 1275 763 Aug.
1297 729 1349 755 das
1371 724 1469 760 bisher
1489 726 1651 761 bestandene
1672 726 1794 763 Kriegs-¬

959 759 1129 800 Collegium
1150 761 1345 799 aufgehoben,
1366 765 1422 793 und
1445 765 1499 793 das
1511 764 1688 793 Kommando
1702 762 1795 797 seiner

959 792 1114 836 Truppen
1114 792 1201 836 selbst
1210 798 1394 829 übernommen.
1431 798 1566 836 Zugleich
1575 797 1681 833 haben,
1700 800 1794 830 wahr¬

972 836 1112 871 scheinlich
1137 842 1171 873 zu
1194 836 1374 872 Besiznahme
1395 838 1442 865 der
1465 831 1712 877 angesprochenen
1712 831 1797 877 Ent¬

973 871 1193 910 schädigungen,
1211 874 1333 904 mehrere
1347 871 1481 908 bairische
1495 872 1678 909 Regimenter
1687 869 1796 906 Befehl

973 906 1118 942 erhalten,
1138 905 1188 944 sich
1203 908 1258 947 auf
1277 910 1327 937 den
1348 909 1432 945 ersten
1445 907 1531 940 Wink
1552 905 1755 945 marschfertig
1755 905 1796 945 zu

971 945 1078 979 halten.
1116 938 1195 979 Nach
1212 946 1262 973 den
1282 943 1387 981 jezigen
1401 944 1546 980 Maximen
1561 947 1616 974 der
1632 945 1731 981 franz.
1731 945 1794 981 Re¬

971 981 1092 1018 gierung
1112 980 1219 1012 können
1234 979 1286 1011 die
1305 981 1446 1016 deutschen
1454 976 1599 1016 Fürsten,
1624 979 1794 1018 Reichsgra¬

974 1018 1019 1052 fen
1038 1022 1094 1048 und
1115 1015 1340 1048 Unmittelbaren
1357 1016 1415 1048 kein
1433 1017 1724 1054 Privat-Eigenthum
1738 1016 1796 1052 auf

972 1057 1035 1084 dem
1059 1053 1151 1085 linken
1177 1053 1354 1087 Rhein-Ufer
1378 1053 1518 1088 behalten.
1577 1053 1682 1088 Dieses
1703 1053 1792 1090 Prin¬

972 1091 1038 1127 zip,
1070 1085 1153 1126 durch
1172 1090 1288 1125 welches
1314 1089 1357 1120 die
1379 1089 1531 1129 Republik
1540 1089 1599 1119 eine
1620 1097 1691 1119 neue
1706 1090 1794 1126 große

973 1127 1063 1162 Masse
1080 1132 1143 1164 zum
1156 1125 1260 1157 baaren
1281 1126 1416 1161 Verkauf
1431 1125 1575 1163 gewinnt,
1603 1126 1636 1161 ist
1650 1134 1709 1156 nun
1720 1126 1794 1162 auch

973 1163 1015 1194 bei
1039 1167 1099 1197 dem
1117 1163 1204 1203 lezten
1219 1160 1342 1194 Traktat
1351 1163 1409 1194 mit
1420 1161 1604 1200 Pfalzbaiern
1615 1168 1677 1199 zum
1692 1164 1793 1193 Grun¬

974 1203 1004 1230 de
1021 1193 1118 1236 gelegt
1132 1196 1269 1236 worden.
1269 1196 1327 1236 —
1327 1196 1384 1236 Zu
1384 1196 1541 1236 Baireuth
1541 1196 1581 1236 ist
1596 1200 1651 1236 jezt
1661 1199 1724 1233 eine
1736 1197 1794 1228 Re¬

959 1233 1310 1274 gierungs-Commission
1329 1237 1534 1273 niedergesezt,
1564 1241 1618 1266 um
1639 1235 1682 1265 die
1698 1232 1794 1271 Sache

959 1266 1028 1302 der
1028 1266 1092 1302 vor
1092 1266 1141 1302 2
1139 1266 1283 1302 Monaten
1293 1272 1471 1310 verhafteten
1491 1273 1586 1309 franz.
1603 1269 1794 1309 Emigranzen

971 1313 1005 1346 zu
1019 1309 1210 1343 untersuchen.
1250 1306 1293 1345 In
1313 1310 1360 1340 der
1377 1309 1464 1344 ersten
1475 1309 1597 1345 Sizung
1612 1311 1707 1339 wurde
1726 1306 1795 1344 Im¬

972 1348 1034 1378 bert
1053 1345 1187 1377 Colomes
1203 1344 1320 1377 verhört
1332 1346 1389 1375 und
1401 1347 1464 1379 ihm
1482 1345 1540 1375 alle
1555 1345 1628 1379 seine
1643 1342 1793 1379 Schriften

972 1382 1171 1424 vorgewiesen.
1217 1383 1279 1412 Der
1299 1382 1403 1419 Prozeß
1424 1381 1518 1416 dürfte
1534 1378 1633 1416 sobald
1651 1375 1727 1416 nicht
1743 1382 1793 1419 ge¬

972 1422 1068 1455 endigt
1077 1421 1186 1451 werden
1193 1417 1209 1452 ;
1209 1417 1289 1452 doch
1304 1418 1355 1452 soll
1373 1421 1438 1447 man
1453 1417 1537 1450 ihnen
1548 1412 1735 1454 versprochen
1735 1412 1793 1454 ha¬

959 1454 1041 1489 ben,
1069 1455 1103 1489 sie
1123 1453 1180 1488 auf
1196 1452 1291 1484 keinen
1315 1454 1376 1487 Fall
1395 1461 1432 1483 an
1454 1453 1505 1491 die
1505 1453 1607 1491 franz.
1628 1454 1793 1492 Regierung

970 1489 1177 1527 auszuliefern.

1005 1524 1157 1559 Berlin,
1176 1534 1193 1567 7
1212 1525 1302 1564 Sept.
1352 1526 1452 1564 Durch
1459 1526 1524 1556 eine
1544 1523 1706 1567 königliche
1706 1523 1793 1567 Ver¬

972 1565 1100 1600 ordnung
1114 1562 1147 1598 ist
1159 1562 1202 1593 die
1212 1561 1354 1599 bisherige
1362 1560 1580 1601 Verpflichtung
1594 1564 1647 1593 der
1653 1560 1793 1602 jüdischen

959 1599 1161 1633 Gemeinden,
1182 1602 1231 1629 den
1246 1598 1327 1634 durch
1342 1594 1551 1637 Vergehungen
1570 1600 1708 1638 einzelner
1718 1600 1792 1631 Mit¬

971 1635 1077 1673 glieder
1098 1634 1194 1676 (durch
1206 1634 1333 1671 Diebstal
1346 1638 1411 1665 oder
1425 1636 1638 1672 Diebshelerei)
1656 1635 1793 1674 zugefüg¬

973 1680 1018 1703 ten
1036 1673 1168 1708 Schaden
1189 1679 1222 1713 zu
1243 1673 1365 1709 ersezen,
1384 1672 1560 1713 aufgehoben
1580 1676 1708 1708 worden,
1733 1675 1793 1706 und

968 1713 1003 1739 es
1016 1707 1117 1744 besteht
1125 1708 1156 1739 in
1170 1710 1257 1747 dieser
1270 1707 1399 1749 Hinsicht
1399 1707 1462 1749 kein
1474 1709 1648 1745 Unterschied
1660 1702 1795 1748 zwischen

959 1740 1108 1788 jüdischen
1132 1741 1174 1786 u.
1174 1741 1350 1786 christlichen
1375 1745 1546 1777 Gemeinden
1567 1744 1654 1779 mehr.
1681 1748 1791 1782 Dage¬

959 1782 1030 1824 gen
1030 1782 1095 1824 sind
1115 1781 1281 1813 allerwerts
1281 1781 1328 1813 wo
1342 1783 1437 1819 Juden
1447 1783 1583 1817 wohnen,
1608 1777 1659 1820 zur
1670 1782 1795 1821 Polizei¬

959 1813 1094 1858 Aufsicht
1105 1817 1186 1849 über
1213 1819 1250 1854 sie
1272 1814 1614 1855 Censur-Commissionen
1640 1816 1792 1856 errichtet,

959 1845 1023 1894 die
1023 1845 1093 1894 aus
1106 1850 1273 1893 christlichen
1289 1857 1346 1884 und
1361 1853 1499 1891 jüdischen
1506 1851 1667 1894 Beifiziern
1667 1851 1791 1894 bestehn.

970 1891 1007 1927 —
1030 1891 1077 1927 In
1098 1891 1146 1921 der
1170 1889 1388 1926 Petersburger
1401 1889 1574 1931 Hofzeitung
1594 1892 1663 1930 steht
1675 1890 1706 1922 in
1724 1893 1795 1927 dem

967 1925 1177 1964 Verzeichnisse
1177 1925 1277 1964 derer
1277 1925 1390 1964 welche
1390 1925 1461 1964 von
1461 1925 1538 1964 dort
1538 1925 1712 1964 abzureisen
1712 1925 1795 1964 Wil¬

968 1962 1040 2002 lens
1040 1962 1114 2002 sind
1114 1962 1144 2002 :
1144 1962 1171 2002 „
1171 1962 1275 2002 Düroc
1275 1962 1296 2002 ,
1296 1962 1397 2002 erster
1397 1962 1556 2002 Adjutant
1556 1962 1617 2002 des
1617 1962 1790 2002 Ober-Con¬

966 1999 1046 2037 suls
1046 1999 1112 2037 der
1112 1999 1235 2037 franz.
1235 1999 1432 2037 Republik.”
1432 1999 1521 2037 —
1521 1999 1592 2037 Die
1592 1999 1796 2037 Verhältnisse

948 2033 1071 2071 unsers
1093 2037 1184 2074 Hofes
1205 2044 1262 2072 mit
1279 2040 1330 2069 den
1351 2037 1550 2077 auswärtigen
1572 2036 1721 2075 Mächten
1721 2036 1805 2075 sind

948 2064 1041 2111 noch
1041 2064 1100 2111 fast
1118 2071 1173 2104 alle
1192 2074 1255 2110 sehr
1276 2069 1515 2111 freundschaftlich
1525 2096 1536 2110 ,
1562 2074 1714 2111 besonders
1739 2075 1793 2111 seit

948 2106 1031 2148 dem
1049 2111 1092 2145 die
1111 2111 1165 2142 mit
1181 2110 1352 2150 Frankreich
1362 2112 1557 2149 entstandenen
1570 2109 1721 2151 Irrungen
1732 2113 1791 2145 da¬

971 2145 1054 2202 durch
1067 2147 1205 2185 beseitigt
1205 2147 1277 2185 sind
1277 2147 1305 2185 ,
1305 2147 1375 2185 daß
1375 2147 1473 2185 unser
1473 2147 1585 2185 König
1585 2147 1686 2185 unter
1686 2147 1792 2185 gewis¬
