3919 5551
182 141 272 197 Nr.
314 141 444 202 267.

1478 148 1926 218 Einundsechzigster
1960 146 2236 218 Jahrgang.

2666 152 2982 225 Sonntag,
3020 155 3118 217 25.
3138 158 3502 230 September
3542 159 3702 220 1881.

217 252 1097 756 Neue
1097 252 3698 756 Zürcher-Zeitung

1891 787 2007 846 und

314 780 826 816 Abonnementspreise.

692 828 706 848 3
716 826 812 848 Monate.
839 828 852 849 6
862 828 961 849 Monate.

160 859 254 884 Zürich
266 862 337 884 (wenn
350 859 384 880 die
398 860 490 887 Zeitung
504 861 598 886 abgehoIt
612 862 676 887 wird)
705 862 744 889 Fr.
758 863 815 884 5.50
836 861 876 890 Fr.
892 863 962 884 10.—

159 886 271 912 Schweiz
286 886 414 912 (Bestellung
428 887 480 907 beim
495 888 631 912 Postbureau)
646 904 652 910 .
680 903 688 910 .
717 903 727 914 „
757 890 813 911 6.75
849 904 860 915 „
892 891 961 911 12.50

188 913 220 936 do.
248 912 326 936 (direkte
337 912 454 939 Bestellung
469 914 500 934 bei
517 914 549 934 der
565 914 687 936 Expedition

250 939 294 960 und
302 938 375 965 Bezug
389 942 448 960 unter
460 939 622 965 Privatadresse)
642 942 706 969 ..
706 942 741 969 „
741 942 833 969 7.50
833 942 883 969 „
883 942 960 969 14.—

158 965 358 990 Deutschland
373 964 500 992 (Bestellung
516 968 568 988 beim
581 967 685 995 Postamt)
699 968 743 990 Mk.
751 970 808 990 7.—

157 991 450 1019 Oesterreich-Ungarn
461 993 527 1021 (Best.
527 993 554 1021 b.
554 993 663 1021 Postamt)
663 993 690 1021 fl.
690 993 712 1021 ö.
712 993 750 1021 W.
750 993 766 1021 5
783 995 808 1015 20

158 1018 341 1046 Frankreich,
341 1018 448 1046 Italien
460 1021 505 1041 und
517 1020 586 1046 übrige
597 1021 688 1043 Staaten

247 1046 283 1065 des
298 1044 542 1072 Weltpostvereins
556 1048 637 1072 (direkte
648 1048 689 1070 Be¬

249 1072 338 1099 stellung
351 1071 382 1093 bei
397 1072 430 1094 der
443 1072 575 1099 Expedition)
611 1089 616 1096 .
644 1092 650 1097 .
677 1075 695 1102 „
695 1075 738 1102 Fr.
745 1075 815 1097 11.50
835 1076 875 1103 Fr.
888 1077 957 1098 22.—

1137 890 1934 1119 schweizerisches
1993 898 2749 1110 Handelsblatt.

3085 808 3551 846 Insertionsgebühr.

3243 854 3417 877 Annoncen:

2926 877 2970 903 Für
2983 877 3015 900 die
3028 878 3116 907 Schweiz
3129 881 3155 902 20
3164 880 3212 906 Rp.,
3226 877 3270 907 für
3270 877 3326 907 das
3326 877 3423 907 Ausland
3432 883 3458 905 25
3467 882 3509 910 Rp.
3523 884 3570 906 oder
3583 884 3610 906 20
3617 884 3723 912 Kreuzer

3191 912 3226 932 per
3241 907 3379 936 sechsspaltige
3379 907 3453 936 Zeile.

3057 932 3181 959 Reclamen
3195 940 3220 956 rc.
3238 936 3307 959 (unter
3322 936 3367 957 dem
3381 936 3588 964 Redaktionsstrich):

3115 962 3144 982 50
3156 961 3197 985 Rp.
3212 966 3249 985 per
3260 962 3395 990 vierspaltige
3409 963 3523 990 Petitzeile.

2924 983 3020 1010 Inserate
3033 986 3078 1008 und
3087 986 3197 1009 Reclamen
3206 988 3251 1014 sind
3259 988 3393 1016 einzusenden
3407 995 3438 1011 an
3446 990 3480 1012 die
3490 991 3722 1018 Annoncenexpedition

2924 1011 2965 1033 von
2984 1011 3061 1040 Orell
3079 1013 3160 1041 Füßli
3179 1016 3197 1035 &
3215 1014 3268 1036 Cie.
3288 1015 3315 1037 in
3333 1016 3429 1043 Zürich
3448 1018 3493 1039 und
3512 1019 3592 1039 werden
3606 1018 3667 1043 durch
3681 1018 3710 1041 alle

3038 1039 3123 1068 übrigen
3136 1041 3248 1062 bekannten
3262 1042 3469 1069 Annoncenbureaux
3484 1045 3605 1068 vermittelt.

3114 1067 3186 1094 Preis
3199 1069 3238 1090 der
3252 1067 3366 1094 einzelnen
3382 1077 3511 1097 Nummern
3523 1078 3531 1093 :

2991 1092 3086 1118 Einfache
3105 1096 3130 1116 10
3144 1095 3190 1121 Rp.,
3212 1096 3251 1116 mit
3265 1095 3351 1124 Beilage
3367 1098 3392 1118 15
3406 1097 3454 1124 Rp.
3475 1098 3568 1124 doppelte
3582 1100 3609 1121 20
3623 1099 3662 1126 Rp.

211 1165 420 1218 Täglich,
447 1168 543 1207 mit
568 1168 874 1221 Ausnahme
902 1172 985 1211 des
1011 1171 1293 1224 Sonntags,
1320 1174 1625 1226 zweimalige
1649 1173 1901 1227 Ausgabe.

2131 1178 2357 1228 Bureau
2383 1182 2470 1223 der
2495 1182 2805 1232 Redaktion:
2846 1184 3178 1240 Brunngasse
3204 1188 3306 1240 Nr.
3332 1194 3365 1230 2
3392 1191 3451 1231 in
3476 1190 3667 1245 Zürich.

253 1291 913 1382 Abonnements-Einladung.

219 1368 283 1407 Für
304 1368 361 1403 das
391 1366 512 1403 vierte
534 1368 712 1405 Quartal
742 1370 816 1403 kann
838 1372 943 1403 wieder
965 1370 1011 1403 bei

152 1414 228 1448 allen
240 1413 424 1453 Postämtern
446 1414 496 1445 der
508 1414 644 1455 Schweiz,
667 1415 886 1454 Deutschlands,
898 1416 1010 1455 Oester¬

153 1459 243 1499 reichs
277 1458 338 1491 und
373 1457 567 1497 Frankreichs,
603 1458 631 1499 so
666 1459 721 1492 wie
753 1460 798 1492 bei
832 1460 882 1493 der
906 1461 1010 1493 Unter¬

152 1504 305 1545 zeichneten
340 1502 399 1535 und
422 1503 506 1534 deren
541 1503 682 1544 Ablagen,
715 1514 748 1545 zu
778 1505 832 1536 den
864 1515 911 1537 am
934 1505 1012 1545 Kopf

151 1549 203 1582 der
225 1547 352 1587 Zeitung
376 1546 575 1587 aufgeführten
591 1547 710 1588 Preisen
732 1549 869 1581 abonnirt
891 1550 1011 1582 werden.

221 1615 332 1652 Ferner
363 1613 476 1653 machen
510 1613 566 1645 wir
587 1614 695 1653 darauf
721 1615 915 1655 aufmerksam,
951 1615 1009 1653 daß

151 1659 202 1700 für
224 1659 269 1691 die
291 1659 419 1691 Monate
440 1658 573 1697 Oktober,
599 1658 758 1692 November
780 1660 838 1693 und
854 1661 1010 1701 Dezember

152 1705 208 1738 alle
231 1704 395 1744 Postämter
417 1703 465 1735 der
490 1703 616 1744 Schweiz
639 1705 853 1737 Abonnements
877 1708 1009 1746 entgegen

153 1749 271 1789 nehmen
294 1757 330 1788 zu
346 1747 398 1785 Fr.
423 1750 496 1779 1.20
520 1748 571 1787 auf
593 1749 647 1781 das

152 1817 349 1878 Schweizer.
370 1815 740 1878 landwirthschaftliche
757 1817 1011 1873 Centralblatt.

520 1896 670 1937 Ergebenst

205 1942 267 1976 Die
288 1940 547 1982 Administration
571 1941 623 1975 der
646 1942 776 1981 „Neuen
790 1940 1012 1985 Zürch.-Ztg."

287 2042 877 2089 Tagesbericht.

220 2092 269 2124 An
291 2091 341 2123 der
363 2089 459 2130 Spitze
493 2090 542 2122 der
566 2089 709 2132 wichtigen
731 2090 891 2130 politischen
915 2092 1012 2131 Ange¬

153 2136 328 2179 legenheiten
350 2135 401 2167 des
425 2134 555 2175 heutigen
578 2135 676 2176 Tages
706 2136 773 2176 steht
795 2135 945 2176 unstreitig
968 2135 1012 2169 die

152 2183 187 2217 in
208 2179 386 2222 Oesterreich
422 2180 578 2220 ungeheure
608 2180 766 2219 Sensation
799 2181 1013 2221 verursachende

152 2224 374 2269 Angelegenheit
397 2226 444 2258 der
468 2225 640 2265 (vorgestern
663 2226 695 2258 in
718 2226 838 2266 Ungarn
861 2226 1013 2265 veröffent¬

151 2274 253 2313 lichten
274 2270 334 2303 und
368 2270 433 2309 auch
467 2276 526 2302 von
559 2273 616 2302 uns
650 2270 824 2311 gebrachten)
857 2270 1013 2311 Depeschen

152 2319 223 2352 über
238 2316 282 2349 die
297 2315 445 2356 Danziger
460 2314 721 2354 Zusammenkunft,
745 2315 882 2356 bezüglich
899 2316 1012 2354 welcher

153 2364 233 2397 eines
266 2360 384 2399 unserer
418 2359 554 2400 gestrigen
587 2360 782 2400 Telegramme
816 2361 928 2394 weitere
950 2361 1012 2393 An¬

151 2409 312 2447 deutungen
337 2404 459 2443 enthielt.
507 2404 572 2437 Wir
600 2406 713 2437 wollten
735 2405 804 2437 über
826 2406 897 2444 diese
920 2405 1012 2444 Sache

151 2453 234 2494 heute
267 2450 366 2489 unsere
390 2450 512 2490 näheren
536 2449 763 2490 Mittheilungen
795 2451 853 2482 und
878 2450 1011 2490 Betrach¬

151 2501 260 2538 tungen
282 2495 415 2534 bringen,
448 2494 577 2534 erhalten
611 2505 671 2527 nun
708 2495 774 2527 aber
808 2501 864 2527 von
897 2495 1011 2534 unserm

151 2543 267 2577 Wiener
289 2539 555 2579 Korrespondenten
577 2539 616 2572 L.
639 2540 680 2572 K.
704 2539 830 2580 folgende
853 2539 1009 2577 Auskunft,

152 2589 203 2621 der
238 2585 293 2619 wir
330 2584 408 2624 ihrer
440 2583 661 2623 Bedeutsamkeit
696 2590 788 2625 wegen
823 2584 894 2624 diese
917 2584 1011 2617 Stelle

150 2633 336 2667 einräumen:

218 2677 286 2709 Das
310 2675 359 2707 der
388 2672 535 2712 äußersten
558 2672 661 2706 Linken
696 2672 888 2713 angehöreude
910 2679 1008 2714 magy¬

151 2721 255 2761 arische
270 2719 356 2752 Blatt
374 2718 579 2758 „Egyetertes"
604 2719 655 2757 hat
677 2718 726 2757 sich
750 2718 800 2755 auf
823 2718 921 2757 bisher
944 2718 1010 2757 noch

149 2764 365 2805 unaufgeklärte
389 2762 478 2801 Weise
507 2762 539 2794 in
562 2762 615 2795 den
638 2762 724 2802 Besitz
747 2761 846 2802 zweier
870 2761 1011 2802 wichtiger

150 2809 305 2850 Depeschen
318 2817 352 2847 zu
367 2806 448 2847 setzen
461 2806 584 2847 gewußt,
597 2806 641 2839 die
653 2811 683 2838 es
697 2816 742 2839 am
756 2809 808 2838 21.
819 2806 846 2839 d.
858 2806 1010 2846 veröffent¬

151 2855 239 2895 lichte.
270 2851 330 2884 Die
351 2850 412 2883 eine
433 2851 483 2883 der
505 2851 602 2883 beiden
624 2851 778 2891 Depeschen
802 2850 835 2891 ist
859 2851 905 2884 ein
927 2851 1011 2883 Tele¬

150 2907 265 2941 gramm
287 2897 339 2929 des
361 2894 459 2935 Zaren
491 2905 530 2928 an
552 2896 605 2929 den
627 2895 727 2934 Kaiser
750 2902 807 2927 von
829 2895 1009 2936 Oesterreich,

151 2944 198 2978 die
212 2943 315 2975 andere
338 2940 461 2981 ungleich
486 2940 641 2981 wichtigere
663 2941 698 2980 ist
721 2940 767 2973 ein
781 2940 1011 2982 telegraphischer

149 2988 265 3028 Bericht
286 2985 404 3024 unseres
419 2985 574 3024 Ministers
597 2985 646 3018 des
662 2985 881 3027 Auswärtigen,
906 2986 1010 3019 Baron

149 3031 314 3076 Haymerle,
339 3039 377 3063 an
392 3031 444 3062 den
459 3030 492 3062 in
507 3029 649 3071 Miskolcz
672 3030 704 3063 in
719 3030 840 3071 Ungarn
856 3030 1010 3063 weilenden

149 3078 252 3118 Kaiser
274 3077 371 3116 Franz
395 3074 513 3115 Joseph.
558 3075 657 3108 Darin
691 3075 773 3116 theilt
795 3076 844 3108 der
868 3075 1007 3115 Minister

149 3125 254 3165 seinem
265 3122 425 3155 Souverän
446 3120 500 3152 den
522 3119 631 3160 Inhalt
654 3120 731 3153 eines
755 3119 927 3161 Gespräches
942 3120 1006 3159 mit,

150 3169 265 3209 welches
287 3167 338 3199 der
360 3164 569 3205 österreichische
584 3164 757 3205 Botschafter
768 3165 799 3197 in
818 3165 1008 3206 Petersburg,

149 3213 229 3253 Graf
241 3209 382 3248 Kalnocki,
395 3210 446 3243 mit
458 3211 555 3250 Herrn
567 3210 715 3244 vonGiers
725 3210 794 3242 über
806 3210 849 3243 die
861 3210 1008 3251 Danziger

147 3255 402 3300 Zusammenkunft
425 3255 537 3296 geführt
573 3255 657 3296 hatte.
703 3255 776 3288 Was
811 3264 879 3288 man
914 3257 950 3288 da
973 3265 1008 3296 zu

150 3306 240 3347 hören
255 3302 402 3339 bekommt,
426 3299 506 3339 wirft
529 3300 574 3332 ein
597 3304 684 3333 neues
701 3300 775 3340 Licht
799 3300 849 3341 auf
872 3300 916 3333 die
931 3300 1008 3334 Vor¬

149 3353 251 3392 gänge,
285 3346 384 3386 welche
407 3345 453 3385 sich
490 3345 522 3378 in
554 3346 607 3378 den
629 3346 723 3386 letzten
745 3345 890 3378 Monaten
912 3345 1008 3387 hinter

149 3398 204 3429 den
219 3392 366 3431 Koulissen
391 3390 541 3431 abgespielt
563 3391 621 3423 und
644 3391 689 3423 die
711 3400 745 3431 zu
768 3391 818 3423 der
840 3391 869 3429 so
885 3391 1007 3431 plötzlich

150 3440 344 3483 gekommenen
359 3435 535 3476 Begegnung
557 3435 607 3468 der
622 3435 722 3474 Kaiser
744 3441 802 3468 von
817 3436 1006 3476 Deutschland

146 3485 206 3520 und
230 3481 370 3521 Rußland
406 3480 518 3521 geführt
541 3479 639 3519 haben.
683 3480 899 3520 Insbesondere
922 3481 1006 3514 über¬

148 3529 237 3570 rascht
259 3527 304 3560 die
328 3525 491 3565 Erklärung
526 3524 557 3557 in
580 3525 641 3558 dem
665 3525 779 3558 Munde
803 3525 913 3564 Gier's,
950 3525 1006 3565 daß

146 3576 194 3610 die
234 3572 442 3613 „unerwartete
476 3569 664 3611 Mäßigung"
706 3571 754 3603 der
788 3570 917 3611 Sprache
955 3572 1006 3603 des

146 3620 269 3660 Fürsten
292 3615 439 3651 Bismarck
473 3616 526 3648 den
549 3614 645 3654 Zaren
678 3614 810 3655 beruhigt
831 3615 912 3656 habe,
947 3615 1005 3654 daß

146 3667 198 3700 der
219 3662 342 3703 deutsche
364 3660 490 3702 Kanzler
516 3660 601 3702 „nach
624 3660 715 3693 keiner
736 3660 877 3701 Richtung
902 3661 1005 3693 andere

147 3711 197 3745 als
219 3707 359 3750 friedliche
384 3706 527 3747 Absichten
554 3706 706 3747 verfolge."
753 3705 809 3745 Ja,
832 3705 912 3746 fragt
934 3714 1003 3738 man

144 3756 207 3798 sich,
232 3754 281 3795 hat
296 3761 365 3786 man
388 3753 462 3785 denn
486 3750 695 3791 russischerseits
718 3757 782 3783 vom
794 3750 915 3790 Fürsten
930 3750 1004 3783 Bis¬

145 3800 234 3836 marck
268 3799 330 3832 eine
360 3796 541 3838 angreifende
563 3796 672 3836 Politik
706 3795 876 3836 befürchtet?
922 3794 1003 3828 Man

145 3853 208 3880 war
232 3844 279 3877 bis
302 3843 362 3883 jetzt
385 3842 525 3884 gewohnt,
560 3841 591 3874 in
614 3840 753 3881 Rußland
780 3840 824 3874 die
846 3841 946 3881 Macht
969 3850 1003 3882 zu

141 3889 282 3927 erblicken,
307 3894 364 3920 von
388 3889 435 3920 der
458 3886 596 3919 eventuell
619 3887 680 3919 eine
695 3887 831 3928 Störung
854 3887 904 3919 des
921 3886 1002 3924 Frie¬

142 3936 213 3970 dens
249 3933 376 3973 erfolgen
409 3932 516 3964 könnte.
570 3931 710 3970 Rußland
744 3932 803 3964 und
838 3931 1002 3972 Frankreich

1054 1288 1150 1328 galten
1186 1288 1232 1320 als
1266 1288 1311 1321 die
1346 1289 1471 1329 Mächte,
1505 1289 1590 1322 deren
1624 1290 1796 1331 Regierende
1829 1294 1913 1325 unter

1054 1332 1226 1372 Umständen
1242 1332 1291 1373 sich
1308 1334 1360 1372 auf
1382 1335 1434 1366 den
1450 1333 1626 1375 Kriegspfad
1651 1336 1768 1376 begeben
1783 1337 1912 1375 könnten,

1053 1387 1104 1410 um
1125 1378 1209 1418 durch
1230 1377 1293 1411 eine
1315 1378 1420 1411 Aktion
1453 1379 1521 1418 nach
1544 1379 1648 1417 Außen
1672 1381 1719 1412 der
1742 1381 1913 1422 Schwierig¬

1053 1422 1139 1455 keiten
1166 1422 1207 1454 im
1228 1422 1351 1461 Innern
1374 1425 1451 1465 Herr
1485 1433 1520 1464 zu
1554 1425 1677 1462 werden,
1712 1426 1845 1466 während
1882 1430 1913 1458 es

1053 1466 1194 1506 feststand,
1228 1467 1286 1503 daß
1319 1469 1376 1501 das
1409 1468 1739 1509 deutsch-österreichische
1772 1470 1912 1510 Bündniß

1055 1512 1135 1544 einen
1158 1512 1220 1544 rein
1242 1513 1447 1553 abwehrenden
1472 1513 1630 1554 Charakter
1665 1514 1733 1554 habe
1767 1516 1822 1548 und
1847 1522 1913 1548 vor¬

1055 1556 1189 1596 nehmlich
1217 1557 1300 1596 durch
1334 1558 1379 1590 die
1412 1558 1510 1590 beiden
1534 1559 1662 1591 Staaten
1695 1566 1751 1592 von
1774 1559 1912 1599 Rußland

1055 1603 1115 1633 und
1137 1601 1302 1641 Frankreich
1336 1603 1496 1643 drohenden
1519 1603 1668 1643 Gefahren
1695 1603 1914 1645 hervorgerufen

1056 1646 1161 1678 wurde.
1193 1646 1262 1678 Nun
1280 1646 1345 1687 hört
1368 1657 1435 1680 man
1458 1648 1591 1689 plötzlich,
1616 1647 1673 1685 daß
1696 1649 1745 1682 der
1767 1649 1828 1688 Zar
1844 1650 1913 1682 über

1054 1690 1101 1722 die
1127 1693 1336 1729 „unerwartete
1352 1692 1540 1734 Mäßigung"
1566 1695 1616 1725 des
1633 1693 1752 1732 Fürsten
1769 1694 1913 1727 Bismarck

1056 1733 1120 1774 hoch
1143 1735 1249 1772 erfreut
1272 1742 1343 1769 war.
1387 1737 1464 1778 Jetzt
1496 1738 1626 1770 erinnert
1661 1747 1728 1770 man
1762 1739 1819 1779 sich,
1856 1738 1912 1776 daß

1056 1779 1263 1820 österreichische
1297 1782 1356 1813 und
1379 1781 1542 1823 ungarische
1564 1782 1687 1823 offiziöse
1709 1782 1824 1816 Blätter
1848 1783 1911 1824 kurz

1056 1829 1110 1856 vor
1143 1825 1193 1857 der
1232 1826 1379 1866 Danziger
1412 1826 1667 1866 Zusammenkunft
1703 1827 1764 1861 eine
1800 1828 1913 1868 äußerst

1056 1868 1158 1909 heftige
1181 1869 1309 1909 Sprache
1332 1880 1417 1912 gegen
1441 1871 1582 1910 Rußland
1613 1872 1728 1912 führten
1749 1874 1806 1905 und
1828 1873 1912 1914 ziem¬

1056 1913 1108 1954 lich
1123 1915 1307 1948 unverblümt
1328 1925 1363 1956 zu
1385 1916 1527 1955 verstehen
1549 1917 1650 1957 gaben,
1674 1916 1729 1956 daß
1754 1925 1833 1950 wenn
1854 1918 1912 1950 ein¬

1056 1959 1118 1991 mal
1150 1960 1200 1991 der
1232 1959 1550 2001 Entscheidungskampf
1583 1961 1710 2002 zwischen
1744 1962 1912 2003 Oesterreich

1056 2004 1116 2036 und
1131 2003 1272 2042 Rußland
1289 2006 1505 2045 unvermeidlich
1521 2006 1568 2045 sei,
1593 2010 1624 2039 es
1639 2006 1689 2045 für
1703 2007 1801 2048 erstere
1812 2007 1913 2047 Macht

1056 2048 1106 2088 sich
1123 2049 1278 2089 empfehlen
1300 2050 1407 2089 könnte,
1431 2053 1485 2083 den
1499 2050 1607 2092 Kampf
1628 2051 1657 2090 so
1682 2051 1747 2085 bald
1772 2052 1818 2085 als
1834 2054 1912 2093 mög¬

1056 2093 1108 2133 lich
1131 2103 1195 2133 zum
1212 2094 1345 2135 Austrag
1369 2105 1402 2135 zu
1426 2095 1556 2137 bringen,
1581 2105 1629 2128 um
1652 2096 1723 2136 nicht
1746 2097 1806 2129 dem
1828 2097 1911 2137 durch

1056 2138 1110 2171 den
1133 2139 1225 2179 letzten
1248 2139 1428 2181 Orientkrieg
1452 2140 1619 2182 erschöpften
1643 2141 1758 2182 Gegner
1780 2141 1847 2180 Zeit
1860 2151 1912 2183 zur

1057 2183 1212 2224 Erholung
1234 2194 1269 2224 zu
1293 2184 1390 2224 lassen.

1123 2229 1173 2260 Da
1197 2228 1261 2267 fällt
1284 2229 1337 2262 wie
1360 2229 1404 2262 ein
1427 2229 1593 2270 Blitzstrahl
1616 2234 1672 2263 aus
1688 2230 1817 2270 heiterem
1828 2230 1912 2271 Him¬

1056 2273 1113 2305 mel
1134 2273 1179 2306 die
1201 2274 1349 2315 Danziger
1363 2274 1624 2314 Zusammenkunft,
1649 2275 1747 2314 unsere
1758 2276 1912 2316 Offiziösen

1056 2318 1149 2358 stecken
1173 2319 1281 2359 gemach
1314 2320 1368 2351 den
1391 2319 1565 2359 Tomahawk
1599 2320 1667 2358 ein,
1701 2321 1754 2353 den
1788 2320 1823 2360 sie
1847 2320 1911 2361 kurz

1055 2363 1158 2402 vorher
1197 2363 1224 2402 so
1259 2363 1385 2403 drohend
1419 2373 1506 2404 gegen
1531 2364 1671 2403 Rußland
1705 2365 1910 2406 geschwungen,

1055 2409 1113 2440 und
1136 2417 1199 2440 nun
1221 2407 1331 2449 erfährt
1365 2408 1409 2441 die
1431 2409 1509 2442 Welt
1543 2414 1599 2442 aus
1633 2410 1695 2442 dem
1722 2409 1837 2442 Munde
1861 2411 1911 2442 des

1054 2453 1151 2493 Herrn
1175 2452 1276 2491 Giers,
1300 2453 1388 2491 dieses
1412 2453 1591 2494 eigentlichen
1612 2453 1724 2486 Leiters
1755 2456 1803 2487 der
1826 2454 1912 2494 russi¬

1055 2497 1128 2537 schen
1151 2498 1349 2539 auswärtigen
1373 2498 1491 2538 Politik,
1515 2498 1572 2537 daß
1584 2500 1632 2532 der
1655 2499 1776 2540 deutsche
1786 2499 1912 2540 Kanzler

1057 2544 1269 2581 „unerwartet"
1306 2542 1368 2575 eine
1401 2543 1464 2583 sehr
1498 2543 1611 2585 mäßige
1634 2544 1764 2584 Sprache
1798 2544 1912 2585 geführt

1054 2586 1115 2627 hat.
1160 2587 1218 2619 Die
1239 2587 1448 2620 Kombination
1482 2588 1517 2629 ist
1550 2590 1587 2621 da
1610 2588 1672 2629 sehr
1695 2589 1768 2630 nahe
1791 2589 1911 2630 liegend,

1053 2631 1111 2670 daß
1133 2638 1200 2664 vom
1222 2632 1337 2665 Wiener
1360 2632 1484 2665 Kabinet
1507 2633 1606 2674 irgend
1628 2633 1676 2666 ein
1697 2634 1818 2675 Schritt,
1854 2634 1911 2666 und

1054 2675 1093 2716 sei
1115 2680 1145 2707 es
1169 2676 1234 2717 auch
1258 2686 1315 2709 nur
1339 2677 1384 2709 ein
1406 2677 1640 2718 diplomatischer,
1666 2687 1751 2718 gegen
1772 2678 1912 2717 Rußland

1055 2721 1171 2761 geplant
1194 2721 1308 2753 worden
1331 2728 1404 2759 war,
1443 2722 1706 2762 selbstverständlich
1728 2725 1812 2755 unter
1836 2723 1914 2755 Mit¬

1055 2764 1184 2804 wirkung
1207 2765 1256 2797 des
1280 2765 1420 2806 deutschen
1438 2766 1649 2804 Verbündeten,
1688 2766 1745 2806 daß
1781 2770 1811 2799 es
1848 2767 1914 2800 aber

1055 2809 1141 2849 Fürst
1164 2809 1311 2842 Bismarck
1346 2810 1495 2850 schließlich
1530 2811 1578 2850 für
1601 2810 1809 2852 ersprießlicher
1832 2811 1913 2851 fand,

1055 2854 1122 2895 nach
1146 2854 1260 2896 Danzig
1285 2865 1319 2896 zu
1343 2855 1428 2896 gehen
1451 2856 1510 2888 und
1522 2855 1616 2896 seinen
1631 2856 1753 2893 Frieden
1776 2856 1829 2889 mit
1852 2857 1914 2889 dem

1054 2899 1154 2938 Zaren
1176 2909 1212 2940 zu
1234 2900 1355 2940 machen.
1386 2901 1459 2933 Was
1483 2901 1536 2934 den
1557 2900 1698 2940 deutschen
1719 2900 1847 2942 Kanzler
1870 2901 1914 2933 be¬

1055 2951 1154 2985 wogen
1178 2945 1236 2983 hat,
1260 2944 1322 2977 eine
1347 2945 1540 2987 Schwenkung
1562 2952 1619 2978 von
1634 2946 1803 2987 Oesterreich
1827 2955 1914 2987 gegen

1054 2989 1196 3028 Rußland
1219 2999 1253 3030 zu
1278 2990 1440 3031 vollziehen,
1473 2991 1528 3023 das
1552 2990 1673 3031 entzieht
1695 2990 1745 3032 sich
1768 2992 1913 3032 vorläufig

1053 3035 1105 3067 der
1126 3033 1274 3073 Kenntniß
1308 3036 1358 3068 der
1391 3035 1683 3076 Nichteingeweihten.
1737 3036 1814 3077 Doch
1851 3036 1913 3077 geht

1054 3089 1123 3112 man
1146 3079 1223 3119 wohl
1245 3080 1319 3120 nicht
1342 3080 1410 3119 irre,
1434 3086 1517 3113 wenn
1539 3090 1608 3113 man
1623 3080 1777 3121 annimmt,
1800 3080 1858 3120 daß
1870 3080 1913 3114 die

1054 3124 1163 3165 Politik
1198 3125 1247 3157 des
1283 3125 1500 3165 Ministeriums
1534 3126 1648 3165 Taaffe,
1685 3125 1781 3164 welche
1812 3126 1913 3159 immer

1053 3169 1133 3210 mehr
1157 3169 1203 3202 ein
1226 3170 1444 3211 ausgesprochen
1471 3170 1617 3211 slavisches
1641 3170 1775 3212 Gepräge
1809 3171 1912 3212 erhält,

1052 3223 1088 3254 zu
1111 3214 1184 3254 nicht
1206 3215 1350 3256 geringem
1383 3215 1472 3256 Theil
1497 3215 1711 3256 Veranlassung
1754 3226 1788 3257 zu
1825 3216 1912 3256 dieser

1052 3259 1246 3301 Schwenkung
1270 3266 1342 3293 war.
1366 3261 1430 3293 Aus
1454 3261 1516 3293 dem
1538 3261 1661 3294 Grunde
1684 3260 1758 3294 wird
1781 3270 1850 3294 man
1861 3262 1912 3294 den

1052 3304 1135 3343 Zorn
1158 3305 1216 3337 und
1239 3304 1286 3338 die
1308 3306 1460 3347 Erregung
1486 3305 1637 3347 begreifen,
1674 3305 1770 3346 welche
1803 3306 1836 3339 in
1858 3315 1911 3340 un¬

1053 3350 1130 3389 seren
1176 3350 1461 3391 Regierungskreisen
1494 3356 1589 3392 wegen
1636 3351 1688 3383 des
1729 3351 1911 3391 „Amtsmiß¬

1051 3394 1207 3435 brauches"
1233 3395 1364 3436 herrscht,
1398 3396 1430 3428 in
1461 3395 1549 3437 Folge
1586 3396 1673 3428 deren
1705 3396 1751 3429 die
1774 3399 1912 3437 genannte

1051 3440 1186 3480 Depesche
1208 3441 1379 3481 Haymerles
1403 3450 1441 3473 an
1471 3441 1524 3474 den
1546 3440 1648 3480 Kaiser
1683 3440 1713 3473 in
1748 3442 1802 3474 den
1824 3441 1910 3483 Besitz

1051 3486 1102 3517 des
1128 3485 1336 3526 „Egyetertes"
1369 3486 1506 3526 gelangte.
1545 3486 1619 3518 Eine
1642 3486 1910 3527 hochnothpeinliche

1051 3530 1260 3571 Untersuchung
1285 3541 1337 3572 zur
1361 3531 1533 3572 Entdeckung
1568 3531 1619 3563 des
1643 3531 1842 3573 Uebelthäters
1878 3532 1910 3572 ist

1051 3575 1156 3607 bereits
1192 3576 1349 3616 eingeleitet
1369 3576 1495 3614 worden,
1530 3575 1574 3609 die
1597 3576 1760 3617 Folgendes
1794 3577 1910 3618 ergeben

1050 3619 1140 3660 haben
1163 3620 1230 3658 soll:
1262 3620 1407 3661 Während
1431 3621 1482 3653 des
1505 3621 1695 3662 Aufenthalts
1717 3622 1769 3655 des
1792 3622 1909 3662 Kaisers

1048 3663 1081 3697 in
1104 3664 1245 3705 Miskolcz
1270 3667 1388 3698 wurden
1411 3665 1546 3707 chiffrirte
1569 3666 1724 3707 Depeschen
1748 3673 1813 3700 vom
1829 3667 1909 3700 Aus¬

1048 3709 1189 3750 wärtigen
1212 3710 1282 3742 Amt
1304 3711 1335 3743 in
1359 3711 1443 3744 Wien
1467 3720 1504 3744 an
1528 3711 1571 3744 die
1593 3710 1843 3753 Kabinetskanzlei
1859 3713 1908 3745 des

1048 3752 1227 3795 Monarchen
1249 3755 1373 3795 gesandt.
1396 3756 1477 3788 Dort
1499 3756 1618 3789 wurden
1640 3756 1678 3797 sie
1700 3756 1731 3790 in
1756 3758 1804 3791 der
1818 3757 1909 3798 Weise

1049 3799 1199 3840 entziffert,
1237 3800 1295 3839 daß
1335 3800 1381 3833 ein
1405 3799 1510 3841 großer
1533 3801 1620 3842 Theil
1653 3802 1703 3835 der
1726 3802 1825 3836 Worte
1860 3803 1908 3835 ins

1047 3843 1384 3886 Original-Telegramm
1396 3846 1467 3878 über
1482 3845 1526 3878 die
1538 3846 1765 3887 entsprechenden
1776 3848 1908 3889 Chiffern

1046 3889 1215 3930 geschrieben
1232 3890 1292 3923 und
1314 3890 1360 3923 die
1382 3890 1537 3931 Depeschen
1559 3891 1670 3931 sodann
1692 3891 1723 3925 in
1739 3892 1909 3934 Reinschrift

1045 3934 1137 3976 kopirt
1160 3935 1286 3969 wurden.
1332 3936 1398 3968 Aus
1432 3936 1681 3978 Unvorsichtigkeit
1714 3939 1833 3971 wurden
1865 3938 1907 3971 die

1959 1301 2313 1346 Original-Telegramme
2336 1305 2367 1338 in
2388 1307 2441 1340 den
2464 1308 2638 1349 Papierkorb
2663 1311 2814 1351 geworfen,

1959 1347 2009 1380 der
2032 1349 2097 1388 nach
2135 1350 2185 1381 der
2207 1350 2325 1388 Abreise
2358 1352 2408 1383 des
2443 1352 2559 1391 Kaisers
2593 1361 2651 1387 von
2674 1355 2816 1396 Miskolcz

1958 1391 2146 1431 durchstöbert
2167 1395 2227 1427 und
2250 1395 2342 1427 wobei
2370 1396 2422 1428 der
2443 1397 2564 1437 kostbare
2586 1399 2671 1436 Fund
2693 1401 2816 1441 gemacht

1959 1437 2065 1470 wurde.
2110 1439 2159 1471 Ob
2182 1438 2231 1480 sich
2255 1439 2299 1472 die
2322 1440 2415 1480 Sache
2438 1441 2466 1480 so
2500 1443 2612 1482 verhält
2642 1445 2709 1477 oder
2731 1445 2814 1485 nicht,

1959 1481 2093 1520 vielmehr
2116 1483 2176 1515 eine
2210 1485 2297 1525 grobe
2324 1484 2584 1528 Pflichtverletzung
2619 1488 2697 1521 eines
2732 1490 2815 1523 Tele¬

1960 1527 2210 1567 graphenbeamten
2233 1529 2368 1569 vorliegt,
2392 1530 2517 1563 darüber
2528 1532 2621 1570 dürfte
2643 1533 2721 1574 wohl
2734 1534 2816 1567 kaum

1959 1570 2172 1613 Zuverlässiges
2195 1574 2226 1606 in
2250 1574 2295 1606 die
2318 1574 2535 1616 Oeffentlichkeit
2556 1577 2685 1618 dringen.

2025 1617 2088 1649 Wie
2108 1618 2159 1649 der
2177 1618 2277 1658 „Voss.
2293 1618 2380 1659 Ztg."
2406 1624 2464 1653 aus
2478 1621 2659 1664 Petersburg
2682 1623 2815 1663 gemeldet

1959 1660 2044 1699 wird,
2067 1661 2138 1695 wird
2162 1662 2193 1696 in
2215 1662 2290 1703 sonst
2313 1666 2364 1704 gut
2386 1666 2601 1706 unterrichteten
2623 1666 2740 1701 Kreisen
2764 1678 2816 1700 an¬

1960 1715 2132 1746 genommen,
2167 1707 2223 1747 daß
2259 1709 2309 1742 der
2344 1708 2406 1747 Zar
2441 1711 2508 1743 bald
2544 1711 2603 1744 eine
2630 1712 2713 1752 Reise
2747 1713 2815 1752 nach

1959 1750 2108 1790 Warschau
2132 1754 2261 1785 antreten
2292 1753 2377 1792 wird,
2412 1756 2470 1787 und
2505 1766 2572 1788 man
2606 1756 2703 1798 bringt
2724 1758 2817 1790 damit

1958 1794 2004 1828 die
2018 1795 2269 1838 Zusammenkunft
2291 1798 2345 1830 mit
2367 1800 2430 1832 dem
2452 1799 2552 1840 Kaiser
2573 1807 2629 1833 von
2646 1803 2814 1843 Oesterreich

1960 1838 1992 1872 in
2013 1840 2209 1883 Verbindung.

2026 1885 2088 1918 Wie
2104 1886 2159 1918 wir
2182 1887 2287 1920 bereits
2310 1889 2445 1929 gemeldet
2469 1889 2568 1929 haben,
2591 1890 2642 1929 soll
2665 1891 2714 1931 sich
2736 1898 2815 1932 zwar

1958 1930 2013 1962 das
2037 1931 2168 1970 Gerücht,
2203 1932 2253 1964 als
2277 1934 2368 1966 werde
2391 1933 2453 1968 dem
2476 1934 2624 1977 deutschen
2647 1937 2815 1978 Reichstage

1959 1973 1991 2007 in
2013 1975 2062 2007 der
2083 1976 2207 2015 nächsten
2231 1977 2350 2017 Session
2373 1978 2436 2012 eine
2457 1979 2726 2022 Preßgesetznovelle
2748 1988 2815 2014 vor¬

1960 2019 2050 2060 gelegt
2065 2021 2183 2058 werden,
2206 2031 2241 2062 zu
2258 2023 2343 2055 deren
2358 2023 2576 2066 Ausarbeitung
2598 2025 2642 2058 die
2659 2027 2815 2067 Anregung

1960 2070 2017 2097 von
2039 2065 2242 2104 konservativer
2265 2067 2351 2100 Seite
2372 2072 2574 2110 ausgegangen
2596 2070 2645 2110 sei,
2675 2071 2748 2110 nicht
2770 2072 2816 2104 be¬

1959 2109 2086 2150 stätigen,
2110 2111 2232 2152 dagegen
2256 2112 2406 2151 verlautet,
2437 2113 2494 2151 daß
2517 2115 2691 2156 beabsichtigt
2714 2117 2815 2155 werde,

1959 2154 2011 2188 den
2034 2156 2053 2194 §
2071 2157 2133 2187 110
2157 2156 2205 2189 des
2222 2156 2493 2199 Strafgesetzbuches
2516 2161 2586 2200 (wer
2608 2160 2747 2201 öffentlich
2762 2167 2816 2193 vor

1960 2199 2036 2232 einer
2059 2200 2315 2242 Menschenmenge,
2346 2203 2412 2235 oder
2436 2210 2493 2237 wer
2516 2205 2598 2244 durch
2622 2205 2816 2247 Verbreitung

1960 2245 2026 2277 oder
2061 2245 2232 2285 öffentlichen
2268 2246 2407 2288 Anschlag
2446 2249 2513 2281 oder
2546 2250 2700 2291 öffentliche
2735 2251 2816 2284 Aus¬

1959 2289 2075 2330 stellung
2098 2297 2154 2322 von
2177 2291 2324 2330 Schriften
2358 2293 2425 2325 oder
2452 2294 2573 2327 anderen
2595 2296 2817 2337 Darstellungen

1959 2343 2022 2375 zum
2045 2335 2235 2376 Ungehorsam
2271 2346 2356 2377 gegen
2387 2337 2494 2379 Gesetze
2528 2340 2594 2372 oder
2627 2341 2817 2382 rechtsgiltige

1959 2378 2185 2421 Verordnungen
2218 2381 2287 2414 oder
2310 2391 2395 2422 gegen
2431 2383 2475 2416 die
2507 2390 2565 2416 von
2597 2385 2647 2418 der
2670 2386 2817 2427 Obrigkeit

1960 2423 2109 2464 innerhalb
2146 2424 2224 2465 ihrer
2259 2425 2471 2469 Zuständigkeit
2504 2430 2676 2470 getroffenen
2699 2431 2815 2464 Anord¬

1960 2478 2073 2510 nungen
2096 2470 2262 2510 auffordert,
2297 2472 2371 2504 wird
2402 2481 2432 2506 u.
2454 2473 2475 2512 s.
2497 2475 2546 2515 w.)
2579 2475 2620 2508 im
2643 2476 2741 2509 Sinne
2763 2476 2814 2508 des

1960 2519 2024 2546 vom
2059 2515 2207 2557 Reichstag
2243 2516 2427 2557 abgelehnten
2448 2520 2468 2559 §
2492 2522 2534 2551 20
2568 2520 2618 2552 des
2640 2520 2815 2562 Preßgesetz-

1959 2559 2099 2598 entwurfs
2121 2569 2156 2600 zu
2190 2561 2371 2601 verschärfen.
2417 2563 2523 2596 Weiter
2556 2564 2607 2602 soll
2640 2565 2815 2606 beabsichtigt

1960 2605 2080 2642 werden,
2103 2605 2164 2637 dem
2188 2607 2206 2647 §
2232 2608 2296 2638 130
2320 2607 2370 2639 des
2393 2607 2662 2650 Strafgesetzbuches
2689 2612 2760 2653 (wer
2781 2610 2814 2643 in

1960 2648 2038 2682 einer
2059 2650 2111 2682 den
2142 2650 2317 2691 öffentlichen
2341 2651 2462 2689 Frieden
2496 2653 2702 2694 gefährdenden
2724 2655 2815 2695 Weise

1959 2693 2141 2734 verschiedene
2163 2693 2280 2735 Klassen
2313 2696 2363 2729 der
2396 2697 2593 2740 Bevölkerung
2627 2709 2663 2741 zu
2686 2700 2815 2734 Gewalt¬

1961 2739 2139 2778 thätigkeiten
2173 2740 2294 2781 anreizt,
2329 2741 2401 2773 wird
2426 2752 2454 2775 u.
2475 2743 2497 2782 s.
2519 2745 2566 2784 w.)
2600 2743 2662 2777 eine
2682 2745 2817 2784 schärfere

1962 2782 2088 2823 Fassung
2102 2792 2138 2823 zu
2154 2784 2247 2823 geben.
2279 2784 2323 2817 Es
2347 2785 2380 2825 ist
2394 2795 2431 2826 zu
2446 2790 2595 2826 erwarten,
2620 2789 2676 2827 daß
2692 2789 2815 2830 letzteres

1961 2827 1992 2859 in
2024 2828 2127 2860 vollem
2151 2828 2245 2867 Maße
2278 2830 2444 2872 namentlich
2478 2832 2529 2872 auf
2560 2833 2604 2865 die
2628 2832 2816 2875 Judenhetzer

1961 2872 2150 2913 Anwendung
2173 2873 2268 2914 finden
2291 2875 2395 2908 würde.

2024 2917 2100 2949 Dem
2123 2918 2261 2955 extremen
2283 2917 2386 2959 Flügel
2408 2918 2456 2952 der
2478 2919 2627 2960 bairischen
2643 2921 2812 2954 Ultramon¬

1958 2963 2044 2994 tanen
2066 2960 2163 3002 gefällt
2185 2963 2233 2995 der
2258 2962 2288 2994 in
2304 2963 2515 3005 Vorbereitung
2537 2965 2697 3006 befindliche
2708 2966 2811 3004 Friede

1957 3006 2085 3046 zwischen
2107 3006 2242 3046 Preußen
2265 3008 2322 3040 und
2346 3008 2406 3040 dem
2431 3009 2534 3049 Papste
2556 3010 2649 3053 nicht;
2673 3011 2709 3051 sie
2720 3011 2811 3052 fürch¬

1956 3054 2002 3083 ten
2025 3051 2058 3083 in
2081 3051 2169 3092 Folge
2191 3052 2280 3092 dessen
2303 3052 2382 3085 einen
2405 3053 2546 3094 Anschluß
2576 3055 2627 3088 des
2650 3055 2811 3095 Zentrums

1958 3105 1995 3129 an
2029 3095 2074 3129 die
2107 3096 2290 3138 Regierung,
2330 3098 2491 3132 verbunden
2529 3100 2583 3132 mit
2617 3100 2811 3142 Bewilligung

1956 3140 2084 3174 weiterer
2106 3140 2187 3180 Zölle
2214 3143 2273 3175 und
2312 3143 2432 3176 anderer
2454 3144 2584 3178 Steuern
2618 3146 2677 3179 und
2705 3147 2812 3187 streben

1956 3186 2043 3226 daher
2067 3186 2133 3226 nach
2157 3186 2232 3220 einer
2256 3187 2416 3229 Trennung
2451 3196 2517 3222 vom
2546 3189 2697 3229 Zentrum.
2742 3192 2812 3224 Das

1954 3230 2036 3271 durch
2059 3230 2152 3270 seinen
2173 3231 2319 3265 klerikalen
2343 3233 2537 3270 Fanatismus
2560 3235 2692 3269 bekannte
2718 3236 2811 3275 „Bai¬

1955 3275 2038 3316 rische
2060 3276 2240 3309 Vaterland"
2267 3276 2329 3318 sagt
2352 3279 2496 3313 darüber:

2010 3334 2152 3370 „Zunächst
2177 3336 2225 3371 gilt
2252 3339 2281 3365 es
2299 3337 2437 3373 nunmehr,
2466 3346 2496 3374 zu
2514 3338 2674 3373 verhindern,
2700 3339 2751 3374 daß
2768 3339 2813 3369 der

1956 3373 2035 3408 Preis
2052 3375 2130 3409 dieses
2149 3374 2305 3411 „Friedens"
2337 3377 2383 3406 mit
2410 3378 2588 3413 süddeutschem
2611 3379 2693 3410 Gelde
2720 3380 2814 3415 bezahlt

1957 3414 2057 3444 werden
2074 3415 2130 3448 soll.
2159 3415 2235 3451 Dazu
2254 3416 2347 3451 dürfen
2365 3418 2415 3448 wir
2433 3427 2480 3449 vor
2497 3419 2584 3449 Allem
2601 3419 2667 3450 keine
2684 3420 2813 3456 Abgeord¬

1955 3457 2027 3485 neten
2045 3463 2102 3490 zum
2120 3455 2256 3492 Reichstag
2273 3457 2383 3493 wählen,
2400 3457 2440 3488 die
2457 3459 2502 3494 sich
2514 3460 2578 3495 nicht
2589 3460 2756 3495 verpflichten,
2769 3460 2813 3490 der

1955 3494 2163 3530 Bismarck'schen
2181 3495 2446 3533 Wirthschaftspolitik
2475 3499 2555 3529 weder
2583 3499 2660 3530 direkt
2687 3501 2746 3533 noch
2771 3501 2812 3530 in¬

1954 3535 2029 3565 direkt
2047 3536 2179 3571 Heerfolge
2195 3545 2226 3573 zu
2244 3537 2340 3573 leisten.
2363 3538 2427 3569 Das
2444 3539 2572 3575 Zentrum
2589 3540 2656 3570 wird
2674 3541 2718 3576 sich
2734 3540 2813 3574 dieser

1954 3574 2086 3612 Heerfolge
2114 3576 2190 3607 kaum
2206 3578 2332 3612 entziehen
2361 3578 2477 3609 können:
2512 3579 2587 3616 daher
2613 3581 2668 3611 eine
2685 3580 2812 3615 baierische

1954 3615 2078 3650 Fraktion
2109 3617 2137 3646 in
2165 3616 2212 3647 den
2239 3617 2363 3648 Berliner
2388 3619 2540 3656 Reichstag!
2576 3620 2636 3650 Wir
2665 3620 2811 3656 baierischen

1953 3655 2104 3691 Katholiken
2133 3656 2228 3687 wollen
2255 3658 2321 3692 nicht
2347 3658 2512 3695 nachträglich
2540 3659 2579 3689 die
2595 3660 2671 3696 Zeche
2698 3660 2744 3695 für
2771 3661 2811 3691 die

1953 3696 2110 3731 preußischen
2131 3696 2462 3736 „Kulturkampf"-Orgien
2472 3700 2583 3735 bezahlen
2596 3700 2603 3730 !
2622 3700 2691 3735 Noch
2700 3702 2810 3737 weniger

1953 3736 2011 3766 aber
2028 3737 2124 3767 wollen
2141 3738 2192 3768 wir
2217 3739 2274 3768 und
2291 3739 2390 3769 können
2417 3741 2467 3770 wir
2495 3741 2595 3775 wollen,
2623 3740 2673 3776 daß
2690 3742 2736 3776 auf
2753 3741 2810 3771 dem

1954 3775 2071 3812 Umwege
2089 3777 2153 3807 über
2169 3778 2242 3809 Rom
2261 3779 2316 3809 und
2343 3780 2391 3809 mit
2408 3781 2478 3816 Hilfe
2508 3781 2552 3811 des
2570 3781 2811 3817 preußisch-katholi¬

1953 3816 2017 3851 schen
2035 3817 2182 3852 Zentrums
2199 3819 2299 3849 Baiern
2317 3820 2436 3850 vollends
2453 3822 2482 3851 in
2499 3821 2538 3851 die
2555 3822 2692 3858 preußische
2714 3823 2810 3858 Suppe

1953 3856 2061 3892 gebrockt
2079 3858 2186 3888 werde."

2018 3903 2082 3936 Der
2105 3904 2327 3946 Gemeinderath
2361 3906 2409 3940 der
2433 3907 2499 3949 City
2534 3907 2589 3942 von
2613 3907 2736 3943 London
2765 3908 2810 3941 be¬

1952 3946 2041 3988 schloß
2064 3948 2118 3982 mit
2143 3951 2206 3982 104
2242 3960 2329 3992 gegen
2366 3954 2406 3984 14
2431 3952 2578 3986 Stimmen
2601 3953 2662 3987 eine
2684 3953 2809 3993 Adresse,

2861 1312 2956 1351 welche
2980 1312 3190 1353 Gladstone
3217 1315 3265 1354 für
3288 1315 3332 1349 die
3354 1317 3415 1349 dem
3439 1317 3647 1357 Gemeinwesen
3671 1327 3716 1359 ge¬

2860 1357 2981 1397 leisteten
3016 1358 3142 1398 Dienste,
3178 1359 3261 1396 sowie
3295 1366 3390 1402 wegen
3420 1362 3509 1401 seines
3543 1362 3719 1403 Charakters

2859 1403 2918 1435 und
2941 1402 3051 1436 Genies
3086 1403 3132 1437 die
3166 1404 3388 1447 Bewunderung
3422 1407 3472 1439 der
3494 1407 3718 1449 Versammlung

2860 1447 3016 1486 ausspricht
3038 1449 3097 1481 und
3120 1449 3266 1489 denselben
3289 1451 3450 1489 auffordert
3471 1461 3506 1492 zu
3529 1451 3605 1485 einer
3627 1451 3718 1485 Mar¬

2860 1492 2999 1531 morbüste
3020 1502 3055 1532 zu
3078 1492 3165 1534 sitzen,
3201 1495 3298 1534 welche
3329 1496 3360 1528 in
3384 1495 3537 1536 Guildhall
3560 1496 3716 1538 aufgestellt

2860 1537 2969 1568 werden
2993 1536 3052 1575 soll.
3087 1538 3145 1571 Die
3167 1539 3282 1579 Adresse
3305 1541 3379 1574 wird
3403 1541 3436 1573 in
3458 1541 3592 1582 goldener
3613 1541 3720 1582 Kapsel

2860 1581 3012 1621 überreicht
3033 1583 3152 1615 werden.

2926 1625 2975 1664 In
3008 1627 3057 1658 der
3090 1627 3210 1669 Sitzung
3246 1629 3295 1671 der
3328 1630 3494 1672 spanischen
3528 1630 3716 1671 Deputirten¬

2859 1668 2980 1702 kammer
3002 1677 3066 1703 vom
3091 1674 3141 1705 22.
3157 1673 3183 1705 d.
3199 1673 3249 1706 M.
3271 1673 3390 1707 erklärte
3405 1675 3529 1707 Martos
3551 1676 3596 1709 die
3612 1676 3716 1709 Eides¬

2861 1714 2980 1755 leistung
3003 1715 3052 1754 für
3075 1715 3154 1749 einen
3170 1717 3298 1758 Eingriff
3320 1719 3352 1752 in
3373 1719 3417 1752 die
3433 1719 3716 1761 Gewissensfreiheit.

2860 1759 2935 1799 Auch
2959 1760 3126 1799 Castelar
3159 1763 3318 1802 protestirte
3353 1773 3440 1804 gegen
3473 1765 3527 1797 den
3557 1765 3625 1798 Eid.
3672 1765 3716 1798 Er

2861 1803 2937 1844 halte
2959 1804 3005 1837 die
3027 1805 3162 1847 Religion
3185 1807 3274 1845 seiner
3298 1808 3463 1848 Vorfahren
3485 1809 3534 1848 für
3555 1810 3600 1843 die
3623 1809 3717 1851 einzig

2860 1849 2957 1889 wahre
2977 1850 3030 1891 (!);
3064 1859 3096 1882 er
3128 1852 3209 1884 wolle
3244 1853 3311 1885 aber
3343 1853 3394 1891 für
3416 1854 3520 1886 andere
3540 1854 3596 1887 das
3618 1855 3715 1894 Recht,

2861 1894 2978 1926 anderer
3001 1894 3112 1935 Ansicht
3134 1906 3168 1937 zu
3191 1896 3257 1934 sein.
3303 1897 3382 1930 Man
3405 1898 3492 1938 müsse
3514 1898 3639 1940 Szenen,
3664 1899 3718 1931 wie

2860 1937 2905 1971 bei
2939 1939 2990 1971 der
3025 1940 3215 1981 Ausweisung
3250 1941 3450 1984 Bradlaugh's
3484 1943 3525 1976 im
3562 1943 3716 1985 englischen

2860 1982 3033 2023 Parlament
3055 1986 3222 2018 vermeiden.

3118 2182 3452 2232 Schweiz.

2927 2266 3022 2310 Hülfe
3045 2267 3097 2310 für
3116 2270 3198 2312 Elm.
3233 2271 3440 2313 (Eingesandt.)
3487 2272 3541 2305 Bei
3572 2273 3633 2306 dem
3657 2281 3715 2307 von

2861 2312 3062 2346 Glarnern
3100 2315 3131 2347 in
3162 2315 3294 2356 Zürich
3334 2317 3490 2357 gebildeten
3523 2318 3718 2359 Hülfskomite

2861 2357 2920 2398 sind
2942 2367 2977 2398 zu
3002 2359 3129 2397 Gunsten
3146 2366 3202 2392 von
3225 2361 3292 2394 Elm
3310 2361 3415 2394 bereits
3439 2362 3507 2395 über
3520 2365 3639 2402 10,000
3664 2364 3716 2402 Fr.

2861 2403 3064 2445 eingegangen;
3087 2407 3171 2437 unter
3191 2406 3245 2438 den
3265 2405 3356 2439 vielen
3379 2406 3459 2440 edlen
3475 2407 3577 2441 Gaben
3592 2408 3717 2448 befindet

2861 2448 2909 2488 sich
2932 2448 2993 2480 eine
3016 2448 3099 2488 solche
3131 2456 3188 2482 von
3223 2453 3308 2482 1000
3331 2452 3392 2490 Fr.,
3428 2452 3472 2484 die
3505 2453 3583 2493 Herr
3604 2453 3719 2492 Konsul

2860 2492 3024 2533 Luchsinger
3053 2497 3109 2526 aus
3132 2495 3181 2527 der
3204 2495 3295 2533 Ferne
3328 2496 3500 2537 angewiesen
3535 2496 3594 2537 hat.
3640 2498 3716 2531 Eine

2859 2537 3040 2579 spezialisirte
3072 2538 3262 2581 Verdankung
3295 2541 3368 2574 wird
3401 2542 3508 2582 nächste
3541 2542 3640 2583 Woche
3676 2543 3717 2576 im

2859 2582 3001 2624 Tagblatt
3021 2582 3179 2625 erscheinen.

2924 2625 3044 2670 Zürich.
3090 2629 3150 2668 Auf
3172 2629 3289 2670 Wunsch
3311 2629 3360 2663 der
3383 2630 3623 2672 Kantonsschüler
3639 2632 3714 2666 wird

2859 2672 2908 2705 der
2929 2673 2978 2711 für
3013 2674 3067 2705 das
3102 2673 3206 2714 nächste
3229 2674 3370 2715 Schulfest
3403 2675 3591 2716 angewiesene
3612 2676 3717 2710 Kredit

2860 2723 2918 2750 von
2942 2719 3028 2749 1000
3051 2717 3102 2755 Fr.
3125 2718 3160 2759 zu
3188 2718 3242 2758 7/10
3268 2720 3322 2752 den
3346 2720 3642 2762 Wetterbeschädigten
3664 2722 3716 2755 des

2861 2760 2997 2795 Kantons
3019 2761 3123 2802 Zürich
3156 2764 3215 2796 und
3239 2773 3274 2804 zu
3299 2762 3355 2804 3/10
3380 2765 3436 2797 den
3456 2765 3639 2806 Bewohnern
3661 2773 3720 2799 von

2861 2805 2929 2839 Elm
2951 2807 3136 2847 zugewendet.
3183 2808 3252 2841 Das
3287 2808 3429 2849 Schulfest
3463 2808 3535 2842 wird
3571 2810 3602 2843 in
3626 2811 3717 2852 Folge

2859 2850 2949 2890 dessen
2985 2851 3039 2883 mit
3071 2851 3168 2892 Bezug
3207 2853 3258 2891 auf
3292 2853 3510 2895 Erfrischungen
3547 2856 3605 2887 und
3640 2856 3716 2889 Ver¬

2858 2897 3030 2936 gnügungen
3046 2896 3211 2937 vereinfacht
3235 2898 3292 2930 und
3315 2898 3359 2931 die
3371 2898 3475 2938 Kosten
3498 2900 3609 2933 werden
3625 2900 3715 2941 theils

2859 2944 2915 2972 aus
2937 2939 3117 2981 freiwilligen
3141 2942 3421 2984 Schülerbeiträgen,
3456 2943 3543 2983 theils
3579 2949 3635 2977 aus
3661 2946 3713 2978 den

2857 2984 3066 3025 Ueberschüssen
3087 2985 3217 3027 früherer
3241 2987 3405 3027 Festkredite
3428 2988 3535 3029 gedeckt.

2912 3053 2946 3057 —
2963 3038 3043 3068 Aus
3070 3038 3136 3069 den
3163 3040 3715 3078 Regierungsrathsverhand¬

2858 3077 2998 3113 lungen
3015 3086 3076 3107 vom
3094 3079 3138 3109 25.
3156 3079 3317 3115 September.
3353 3081 3407 3111 Die
3426 3081 3717 3118 Erneuerungswahlen

2858 3116 2902 3147 der
2920 3117 3106 3153 Geschwornen
3123 3120 3168 3155 für
3177 3119 3215 3150 die
3223 3120 3406 3156 eidgenössische
3415 3121 3471 3152 und
3480 3122 3614 3153 kantonale
3622 3123 3718 3159 Straf¬

2858 3158 3017 3194 rechtspflege
3034 3158 3135 3190 werden
3153 3161 3201 3195 auf
3218 3160 3266 3190 den
3285 3161 3330 3192 30.
3347 3162 3477 3197 Oktober,
3495 3162 3718 3200 beziehungsweise

2859 3197 2906 3227 den
2925 3198 2951 3228 6.
2970 3198 3116 3229 November
3133 3200 3258 3236 angesetzt.

2913 3238 2966 3268 Die
2984 3238 3122 3270 revidirten
3146 3240 3275 3271 Statuten
3302 3241 3345 3271 der
3371 3242 3491 3278 Leihkasse
3517 3242 3647 3279 Dietikon,
3675 3244 3719 3274 der

2859 3278 3064 3314 obligatorischen
3073 3278 3358 3317 Gesellenkrankenkasse
3368 3282 3452 3316 Stäfa
3462 3282 3517 3313 und
3535 3282 3582 3314 der
3582 3282 3718 3314 Kranken¬

2858 3317 2919 3353 kasse
2937 3318 2981 3353 für
2999 3318 3038 3348 die
3055 3319 3173 3350 Arbeiter
3190 3320 3235 3351 der
3250 3321 3343 3357 Firma
3360 3322 3393 3358 F.
3411 3322 3513 3358 Böhme
3532 3323 3555 3352 &
3574 3324 3670 3360 Comp.
3686 3325 3717 3354 in

2859 3353 3025 3390 Winterthur
3042 3356 3142 3386 werden
3161 3357 3313 3393 genehmigt.

2911 3394 2959 3430 Hr.
2977 3395 3126 3431 Ingenieur
3144 3405 3195 3426 von
3213 3397 3352 3430 Marchion
3369 3398 3437 3428 wird
3454 3399 3501 3433 auf
3519 3399 3571 3433 sein
3583 3399 3716 3435 Ansuchen

2857 3442 2912 3465 von
2928 3434 2972 3464 der
2989 3435 3076 3465 Stelle
3103 3437 3174 3466 eines
3196 3437 3342 3472 Adjunkten
3368 3438 3413 3468 des
3440 3438 3715 3476 Kantonsingenieurs

2857 3474 2902 3510 für
2919 3475 3259 3511 Flußkorrektionsarbeiten
3277 3478 3407 3513 entlassen.

2912 3515 2964 3545 Die
2992 3515 3080 3551 nöthig
3106 3517 3252 3552 gewordene
3269 3518 3394 3548 Umbaute
3406 3518 3450 3548 der
3470 3519 3667 3556 Metzglokalität
3684 3520 3716 3550 in

2856 3554 2900 3585 der
2917 3555 3021 3590 Anstalt
3038 3556 3159 3590 Rheinau
3183 3557 3250 3587 wird
3267 3557 3323 3588 dem
3340 3558 3408 3594 Hrn.
3426 3559 3587 3595 Baumeister
3603 3560 3716 3591 Landolt

2856 3595 2884 3625 in
2902 3595 3074 3631 Andelfingen
3091 3605 3136 3632 zur
3153 3597 3330 3635 Ausführung
3348 3598 3509 3634 übertragen.

2909 3635 2962 3665 Die
2973 3635 3110 3667 Direktion
3128 3637 3172 3667 des
3182 3638 3293 3672 Innern
3309 3638 3376 3668 wird
3393 3639 3545 3675 ermächtigt,
3563 3639 3716 3677 denjenigen

2855 3675 3022 3710 Gemeinden,
3041 3676 3069 3705 in
3087 3677 3191 3712 welchen
3203 3678 3364 3715 Hagelschlag
3377 3679 3438 3709 oder
3449 3680 3714 3717 Ueberschwemmung

2854 3714 2903 3745 das
2921 3723 2996 3751 ganze
3014 3715 3105 3747 Gebiet
3132 3717 3185 3747 und
3214 3718 3365 3754 sämmtliche
3392 3719 3551 3754 Einwohner
3579 3720 3716 3757 geschädigt

2855 3755 2942 3791 haben,
2961 3755 3010 3786 den
3020 3756 3105 3793 Bezug
3118 3757 3162 3787 der
3178 3758 3346 3794 allgemeinen
3362 3759 3531 3794 Liebessteuer
3548 3769 3579 3797 zu
3596 3761 3714 3797 erlassen,

2855 3796 2910 3825 und
2926 3796 2964 3825 im
2983 3796 3097 3828 Weitern
3114 3797 3162 3827 den
3174 3797 3343 3834 Gemeinden,
3361 3800 3391 3829 in
3408 3800 3514 3834 welchen
3532 3801 3587 3831 eine
3604 3801 3660 3836 sehr
3677 3809 3716 3831 er¬

2856 3835 2956 3871 hebliche
2974 3836 3141 3874 Schädigung
3168 3838 3226 3873 doch
3253 3839 3318 3873 nicht
3345 3839 3394 3870 den
3420 3840 3582 3876 bezeichneten
3599 3841 3715 3877 Umfang

2855 3877 2953 3912 erreicht
2969 3877 3021 3912 hat,
3047 3884 3078 3912 zu
3095 3878 3223 3914 gestatten,
3251 3878 3301 3913 daß
3327 3880 3367 3910 die
3384 3880 3553 3917 Sammlung
3578 3881 3645 3916 nicht
3663 3889 3715 3911 von

2854 3916 2931 3952 Haus
2948 3925 2979 3953 zu
2996 3917 3073 3952 Haus
3091 3918 3202 3954 geschehe,
3230 3919 3339 3953 sondern
3366 3920 3442 3955 durch
3459 3920 3632 3957 Bezeichnung
3661 3922 3715 3951 ein¬

2855 3959 2934 3994 zelner
2951 3958 3066 3993 Stellen,
3093 3967 3134 3989 wo
3152 3959 3319 3996 Liebesgaben
3348 3961 3471 3997 eingelegt
3488 3962 3588 3992 werden
3606 3962 3716 3992 können.

423 4054 593 4107 Feuilleton
630 4055 710 4100 1881
712 4086 721 4099 .

140 4163 176 4194 11
276 4160 336 4191 An
353 4160 414 4189 den
432 4158 574 4194 Klippen
592 4161 660 4189 von
678 4158 863 4189 Sondmör.

213 4207 279 4238 Eine
297 4204 459 4241 norwegische
478 4203 584 4234 Novelle
601 4204 630 4234 in
647 4204 708 4239 zwei
725 4202 850 4239 Büchem,
869 4203 930 4239 nach

301 4249 457 4285 Magdalene
476 4248 602 4284 Thoresen
619 4249 666 4283 frei
683 4248 776 4284 erzählt
793 4256 845 4279 von

420 4293 595 4329 Wilhelm
613 4293 724 4329 Goetz.

544 4341 597 4373 XI.

174 4396 247 4427 Ein
273 4391 382 4424 Stück
408 4390 625 4429 Pädagogik
652 4391 736 4421 oder
763 4391 841 4427 auch
869 4391 963 4422 Eine

337 4436 599 4473 pädagogische
625 4437 802 4473 Provinz.

190 4481 244 4511 Am
274 4477 390 4513 nächsten
416 4477 531 4513 Morgen
563 4478 643 4508 weckte
673 4477 721 4508 den
747 4477 856 4508 Knaben
883 4477 997 4513 Björn's

135 4522 263 4555 Stimme,
290 4519 332 4548 die
357 4526 385 4549 er
402 4519 438 4548 im
455 4518 574 4554 Zimmer
592 4519 731 4555 vernahm;
754 4518 809 4548 und
833 4519 877 4548 als
905 4526 932 4548 er
959 4518 998 4547 die

133 4562 227 4598 Augen
245 4558 375 4595 aufschlug
392 4559 446 4588 und
463 4559 530 4592 seine
536 4558 638 4589 Kleider
655 4559 750 4589 trocken
767 4558 822 4588 und
838 4558 998 4594 wohlgeord¬

135 4605 180 4634 net
197 4609 232 4631 an
249 4599 330 4634 seiner
338 4597 414 4628 Seite
431 4598 532 4633 hängen
550 4598 601 4634 sah,
619 4599 704 4629 beeilte
721 4607 747 4629 er
765 4598 810 4633 sich
828 4599 996 4634 aufzustehen,

134 4642 192 4673 und
207 4648 264 4671 war
280 4638 339 4673 kurz
355 4637 447 4672 darauf
473 4638 510 4667 im
527 4638 653 4673 Zimmer.
689 4639 752 4669 Das
769 4638 905 4675 Frühstück
922 4638 997 4674 stand

135 4681 227 4713 bereits
252 4679 297 4713 auf
316 4678 373 4708 dem
391 4678 481 4712 Tische,
507 4678 562 4708 und
588 4679 668 4715 außer
686 4679 773 4715 Björn
801 4680 855 4710 und
873 4680 996 4716 Ingeleiv

133 4731 192 4754 war
208 4718 341 4752 Niemand
357 4719 388 4749 in
406 4718 447 4748 der
466 4718 563 4748 Stube.
600 4720 640 4750 Es
659 4728 716 4750 war
732 4720 871 4757 Sonntag.

192 4757 285 4795 „Sieh,
302 4756 336 4785 da
352 4754 433 4790 haben
450 4754 502 4783 wir
518 4754 545 4789 ja
563 4756 669 4790 unseren
678 4755 791 4791 Sohn!"
811 4756 896 4792 sprach
907 4756 996 4792 Björn

135 4800 229 4836 lebhaft
256 4797 311 4828 und
338 4803 382 4832 zog
410 4795 455 4824 den
473 4794 581 4824 Knaben
607 4804 638 4831 zu
661 4796 708 4832 sich
724 4797 812 4832 heran.
850 4797 934 4832 „Gott
953 4798 997 4828 der

127 4841 202 4877 Herr
228 4839 272 4874 hat
298 4840 329 4867 es
354 4836 381 4871 so
406 4835 509 4871 gefügt;
537 4835 586 4865 Du
608 4836 698 4871 hattest
718 4837 792 4867 einen
809 4837 891 4868 Vater
907 4839 997 4875 nöthig

133 4881 191 4912 und
216 4881 251 4915 ich
278 4880 352 4909 einen
370 4877 469 4912 Sohn;
496 4876 545 4906 das
574 4876 641 4911 trifft
668 4876 714 4912 sich
739 4879 794 4913 gut.
830 4878 919 4914 Willst
945 4879 995 4909 Du

134 4930 194 4953 nun
219 4921 263 4950 der
281 4920 349 4950 Eine
374 4918 433 4954 sein,
461 4917 488 4952 so
515 4917 571 4946 will
597 4917 631 4951 ich
650 4917 688 4947 die
707 4917 792 4947 Stelle
810 4917 855 4948 des
873 4919 995 4949 Anderen

133 4961 307 4997 einnehmen."
345 4959 406 4989 Und
431 4966 457 4988 er
485 4958 564 4993 nahm
591 4956 631 4988 die
656 4957 734 4993 Hand
762 4958 806 4987 des
832 4958 940 4989 Knaben
965 4960 995 4989 in

132 5002 199 5038 seine
214 5001 302 5031 beiden
321 4999 421 5036 Hände.

187 5044 279 5075 Brune
305 5043 397 5073 konnte
422 5041 476 5071 kein
492 5041 570 5071 Wort
593 5040 810 5076 hervorbringen;
836 5049 865 5071 er
891 5041 994 5071 wandte

129 5084 196 5119 seine
220 5084 316 5120 Augen
343 5083 390 5117 auf
416 5082 545 5118 Ingeleiv,
573 5081 657 5116 welche
682 5090 727 5111 am
750 5081 892 5117 Feuerherd
919 5081 993 5116 stand

132 5124 188 5155 und
204 5125 253 5155 mit
270 5123 433 5160 ernsthaftem
451 5122 550 5157 Gesicht
567 5122 612 5157 ihn
630 5121 683 5152 und
701 5121 788 5157 Bjöm
806 5121 894 5157 ansah.
922 5121 992 5151 Aber

130 5164 219 5201 Björn
237 5165 317 5201 folgte
334 5164 391 5194 dem
408 5163 477 5194 Blick
500 5163 544 5192 des
562 5162 677 5198 Knaben,
705 5162 802 5198 schlang
828 5162 893 5196 seine
910 5161 992 5192 Arme

126 5213 179 5236 um
198 5206 252 5241 ihn,
270 5204 364 5236 drückte
383 5204 428 5239 ihn
444 5212 481 5234 an
493 5204 558 5238 seine
567 5203 648 5239 Brust
665 5203 720 5233 und
736 5203 784 5235 rief
801 5202 906 5238 gerührt
922 5205 989 5232 aus:

186 5248 251 5282 „Du
283 5246 365 5283 magst
397 5247 489 5276 immer
519 5246 560 5275 ein
589 5248 664 5281 gutes
690 5245 764 5281 Auge
793 5245 840 5280 auf
865 5244 989 5280 Ingeleiv

126 5288 240 5323 werfen;
266 5286 335 5316 denn
362 5287 405 5316 ein
422 5286 527 5321 besseres
545 5284 619 5316 Weib
637 5285 703 5322 giebt
720 5288 748 5315 es
766 5285 812 5320 auf
830 5286 873 5315 der
891 5292 988 5321 ganzen

124 5327 197 5358 Erde
213 5327 278 5363 nicht
295 5326 393 5363 mehr."

1104 4033 1225 4069 Ingeleiv
1251 4033 1295 4069 sah
1313 4033 1401 4069 Bjöm
1428 4034 1477 4064 mit
1500 4034 1573 4070 ihren
1599 4035 1693 4069 klaren,
1711 4037 1800 4066 treuen
1817 4036 1909 4073 Augen

1049 4082 1093 4109 an,
1120 4074 1175 4104 und
1201 4073 1277 4108 dieser
1303 4074 1388 4109 wußte
1414 4074 1493 4109 wohl,
1519 4075 1569 4110 daß
1597 4075 1629 4110 sie
1655 4076 1704 4105 mit
1720 4076 1811 4111 diesem
1827 4075 1909 4107 Blicke

1048 4114 1123 4150 sagen
1149 4115 1249 4144 wollte:
1288 4115 1351 4145 Das
1376 4115 1409 4148 sei
1435 4115 1515 4151 einzig
1540 4115 1610 4149 ihres
1627 4115 1750 4146 Mannes
1768 4117 1908 4152 Verdienst.

1048 4154 1118 4185 Aber
1146 4155 1230 4185 davon
1260 4156 1347 4185 wollte
1376 4154 1466 4190 Björn
1496 4155 1577 4190 nichts
1607 4156 1711 4192 wissen,
1741 4157 1852 4192 sondem
1882 4165 1908 4187 er

1048 4196 1149 4226 wandte
1167 4196 1296 4231 nunmehr
1312 4196 1377 4230 seine
1393 4195 1535 4232 Thätigkeit
1555 4196 1612 4226 dem
1628 4196 1778 4232 Frühstücke
1797 4206 1837 4234 zu.

1101 4237 1203 4273 Später
1231 4238 1275 4267 las
1302 4237 1374 4268 dann
1399 4236 1489 4272 Björn
1516 4241 1568 4267 aus
1595 4238 1639 4268 der
1664 4238 1742 4270 Bibel
1770 4248 1825 4275 vor,
1855 4239 1906 4269 und

1046 4277 1140 4308 Brune
1169 4277 1258 4307 merkte
1286 4278 1364 4313 wohl,
1388 4277 1438 4312 daß
1466 4278 1562 4313 sowohl
1589 4286 1616 4308 er
1642 4279 1691 4309 wie
1707 4280 1769 4314 auch
1785 4280 1906 4316 Ingeleiv

1044 4317 1093 4351 ihn
1120 4318 1158 4347 im
1187 4318 1261 4354 Auge
1291 4319 1418 4354 behielten,
1452 4319 1486 4348 ob
1515 4326 1543 4349 er
1570 4319 1632 4354 auch
1661 4319 1830 4354 aufmerksam
1859 4320 1907 4350 den

1044 4357 1154 4388 Worten
1183 4358 1255 4395 folge.
1293 4359 1362 4394 Nach
1388 4359 1457 4389 einer
1485 4358 1592 4389 Stunde
1619 4361 1685 4389 etwa
1711 4359 1791 4396 schloß
1818 4360 1906 4396 Björn

1044 4396 1094 4427 das
1120 4398 1199 4433 Buch,
1229 4399 1292 4435 legte
1319 4402 1348 4428 es
1375 4399 1423 4428 mit
1453 4398 1616 4434 sonderlicher
1638 4399 1766 4436 Sorgfalt
1792 4401 1839 4435 auf
1866 4401 1906 4430 ein

1043 4437 1136 4473 Regal,
1161 4438 1240 4474 nahm
1269 4438 1340 4469 dann
1365 4447 1416 4469 von
1440 4439 1523 4469 einem
1545 4439 1633 4469 Brette
1657 4439 1696 4469 die
1719 4439 1905 4477 Hauspostille,

1043 4477 1125 4514 schlug
1143 4479 1186 4508 ein
1203 4478 1304 4514 Kapitel
1322 4479 1447 4514 derselben
1466 4480 1513 4515 auf
1539 4479 1594 4510 und
1620 4480 1685 4515 legte
1702 4479 1751 4511 das
1770 4481 1841 4515 Buch
1859 4489 1905 4511 vor

1043 4516 1091 4548 den
1109 4518 1218 4549 Knaben
1235 4519 1281 4554 hin
1298 4520 1348 4550 mit
1365 4519 1408 4550 der
1425 4519 1631 4556 Aufforderung,
1650 4521 1706 4550 laut
1724 4521 1780 4551 und
1798 4521 1903 4556 deutlich

1042 4559 1194 4594 vorzulesen.

1098 4595 1158 4625 Und
1176 4595 1269 4626 Brune
1287 4597 1329 4626 las
1349 4596 1469 4631 innerlich
1487 4597 1617 4633 ergriffen,
1635 4598 1684 4628 wie
1701 4606 1727 4629 er
1747 4598 1832 4634 früher
1850 4597 1905 4628 dem

1043 4634 1124 4665 Vater
1141 4636 1284 4671 vorgelesen
1302 4637 1376 4670 hatte.

1099 4678 1165 4708 Eine
1183 4678 1304 4715 Zeitlang
1331 4679 1377 4715 saß
1394 4679 1483 4715 Bjöm
1510 4679 1543 4709 da
1571 4679 1625 4710 und
1653 4680 1722 4716 hörte
1741 4681 1850 4716 prüfend
1867 4688 1905 4717 zu.

1044 4717 1116 4749 Bald
1142 4719 1216 4748 ward
1242 4722 1271 4748 es
1290 4720 1344 4755 ihm
1365 4720 1425 4754 klar,
1453 4720 1503 4754 daß
1522 4720 1565 4750 der
1583 4720 1673 4752 Knabe
1691 4722 1741 4757 las,
1769 4722 1816 4751 wie
1833 4730 1861 4751 er
1878 4723 1905 4750 es

1044 4759 1126 4790 liebte.
1162 4759 1203 4790 Er
1228 4759 1302 4790 nickte
1319 4760 1442 4797 Ingeleiv
1471 4768 1510 4796 zu,
1540 4770 1566 4791 er
1593 4762 1668 4792 nickte
1685 4762 1777 4793 Brune
1793 4770 1823 4798 zu
1851 4761 1905 4792 und

1043 4799 1176 4836 schließlich
1195 4800 1263 4835 strich
1282 4809 1308 4831 er
1326 4801 1375 4831 mit
1392 4801 1449 4831 dem
1467 4801 1566 4832 Rücken
1592 4802 1636 4833 der
1654 4802 1733 4839 Hand
1750 4804 1808 4839 zwei
1826 4802 1903 4838 große

1043 4840 1167 4876 Thränen
1198 4849 1249 4871 von
1279 4841 1327 4871 den
1359 4842 1476 4872 braunen
1505 4842 1634 4879 Wangen.
1689 4843 1732 4878 In
1767 4843 1903 4877 demselben

1043 4881 1206 4917 Augenblicke
1223 4883 1298 4917 stand
1315 4891 1343 4913 er
1361 4883 1420 4913 aber
1437 4883 1499 4917 auch
1517 4885 1571 4919 auf,
1589 4884 1670 4920 nahm
1687 4885 1736 4915 das
1745 4884 1823 4920 Buch,
1841 4885 1903 4920 legte

1041 4921 1154 4957 dasselbe
1171 4922 1264 4953 wieder
1282 4932 1317 4953 an
1336 4924 1400 4958 seine
1409 4923 1503 4960 Stelle,
1523 4924 1640 4955 trocknete
1658 4925 1717 4958 noch
1735 4926 1831 4955 einmal
1849 4933 1903 4954 ver¬

1041 4962 1138 4998 stohlen
1164 4963 1204 4993 die
1222 4963 1342 5000 Wangen
1370 4964 1424 4994 und
1451 4965 1580 4996 wanderte
1606 4965 1679 4995 dann
1706 4965 1735 4995 in
1753 4965 1793 4996 der
1813 4965 1902 4995 Stube

1039 5003 1089 5038 auf
1106 5003 1161 5033 und
1179 5004 1219 5033 ab.
1256 5004 1365 5039 Endlich
1382 5005 1448 5035 blieb
1466 5014 1494 5036 er
1511 5014 1559 5036 vor
1575 5006 1700 5042 Ingeleiv
1716 5006 1805 5043 stehen.

1096 5053 1187 5088 „Nun,
1205 5056 1262 5083 was
1281 5055 1347 5091 sagst
1365 5055 1451 5085 Du?"

1096 5093 1153 5128 „Ah
1170 5093 1222 5129 ja",
1249 5095 1324 5125 nickte
1343 5096 1376 5130 sie
1393 5095 1448 5125 und
1466 5095 1509 5132 sah
1527 5096 1574 5126 den
1592 5096 1701 5127 Knaben
1724 5096 1840 5127 liebevoll
1857 5104 1900 5125 an.

1096 5133 1186 5168 „Man
1212 5134 1280 5165 kann
1306 5136 1376 5171 wohl
1393 5135 1494 5171 Freude
1521 5145 1556 5166 an
1575 5137 1629 5172 ihm
1657 5136 1780 5170 erleben",
1808 5137 1900 5167 meinte

1037 5171 1135 5208 Björn.

1094 5206 1225 5243 „Morgen
1255 5207 1338 5243 segeln
1370 5208 1408 5237 die
1437 5208 1512 5240 Leute
1548 5218 1609 5240 vom
1639 5209 1732 5240 Garbo
1763 5210 1821 5243 nach
1852 5210 1899 5239 den

1035 5246 1177 5283 Fjorden",
1196 5247 1261 5283 sagte
1281 5248 1412 5284 Ingeleiv.
1451 5249 1510 5283 „Es
1528 5251 1558 5285 ist
1576 5259 1620 5281 am
1638 5251 1728 5286 besten,
1757 5259 1831 5281 wenn
1850 5251 1899 5280 wir

1034 5287 1115 5322 seiner
1132 5288 1238 5318 Mutter
1262 5289 1336 5319 einen
1354 5289 1440 5319 Boten
1458 5290 1564 5325 schicken.
1600 5291 1668 5321 Will
1685 5291 1716 5326 sie
1735 5292 1780 5326 ihn
1798 5291 1897 5327 missen,

1034 5328 1061 5364 so
1080 5328 1112 5364 ist
1129 5331 1157 5358 es
1176 5329 1245 5364 gut."

2004 4042 2070 4072 Vier
2087 4043 2157 4079 Tage
2185 4044 2278 4080 darauf
2304 4045 2360 4075 kam
2387 4046 2479 4077 bereits
2502 4048 2629 4083 Botschaft
2656 4048 2710 4079 und
2729 4048 2809 4083 Gruß

1951 4082 2037 4117 zurück
2055 4091 2116 4113 vom
2133 4083 2333 4121 Brusvik-Hof:
2352 4086 2445 4117 Brune
2462 4088 2542 4117 könne
2559 4088 2627 4120 wohl
2644 4089 2749 4123 bleiben,
2768 4097 2810 4118 wo

1951 4130 1977 4152 er
1994 4122 2036 4157 sei.
2071 4124 2154 4159 Zwar
2180 4126 2256 4156 wolle
2276 4125 2326 4156 das
2344 4126 2421 4157 kleine
2438 4127 2573 4164 Mädchen,
2599 4128 2679 4164 Leif's
2697 4129 2809 4165 Tochter,

1951 4162 2000 4198 daß
2017 4163 2062 4194 der
2078 4164 2168 4195 Knabe
2185 4166 2385 4202 zurückkommen
2404 4168 2473 4203 solle.

2003 4208 2067 4241 Also
2094 4218 2151 4239 war
2168 4210 2302 4247 Ragnhild
2331 4212 2387 4247 doch
2412 4214 2477 4248 nicht
2493 4214 2683 4249 umgekommen
2701 4214 2746 4248 auf
2765 4214 2809 4244 der

1950 4247 2032 4283 Haide
2042 4248 2049 4278 !
2086 4249 2162 4285 Diese
2180 4251 2309 4287 Nachricht
2337 4253 2416 4287 nahm
2434 4254 2487 4284 eine
2504 4254 2665 4290 Zentnerlast
2683 4263 2734 4284 von
2752 4254 2808 4285 dem

1951 4287 2068 4318 Knaben.

2002 4327 2064 4357 Und
2081 4328 2175 4358 Brune
2191 4330 2308 4361 arbeitete
2325 4331 2414 4369 fleißig
2432 4332 2487 4362 und
2504 4333 2588 4367 wuchs
2605 4333 2701 4369 heran;
2718 4333 2808 4369 Björn

1950 4366 2022 4397 nickte
2040 4368 2164 4405 Ingeleiv
2182 4371 2308 4408 vergnügt
2325 4380 2363 4408 zu,
2390 4373 2445 4403 und
2472 4373 2532 4408 diese
2548 4373 2611 4409 ging
2627 4373 2699 4409 jeden
2717 4374 2806 4405 Abend

1951 4407 2005 4442 leise
2023 4408 2053 4439 in
2071 4409 2116 4439 des
2134 4410 2243 4441 Knaben
2252 4411 2382 4447 Kammer,
2400 4421 2447 4443 um
2465 4414 2647 4450 nachzusuchen,
2666 4415 2698 4444 ob
2716 4423 2742 4445 er
2760 4415 2805 4450 sich

1950 4448 2009 4482 auch
2027 4451 2074 4485 gut
2092 4450 2147 4480 und
2165 4459 2249 4482 warm
2266 4453 2404 4488 eingehüllt
2422 4454 2491 4490 habe.
2512 4455 2596 4485 Dann
2614 4455 2684 4491 strich
2701 4455 2734 4490 sie
2751 4455 2806 4490 ihm

1950 4488 2088 4525 freundlich
2114 4491 2177 4521 über
2200 4492 2249 4522 das
2267 4492 2372 4528 Gesicht,
2399 4494 2454 4524 und
2480 4495 2572 4525 immer
2598 4496 2670 4526 ward
2696 4495 2737 4531 ihr
2763 4495 2805 4525 ein

1950 4527 2089 4560 dankbarer
2105 4530 2175 4561 Blick
2201 4535 2253 4562 aus
2270 4532 2387 4563 Brune's
2414 4535 2522 4565 dunklen
2539 4534 2640 4571 Augen.
2677 4535 2723 4566 So
2741 4535 2804 4571 ging

1949 4569 1997 4598 das
2013 4569 2096 4600 Leben
2112 4572 2160 4606 auf
2176 4571 2232 4602 dem
2250 4572 2347 4608 Gehöft
2362 4573 2449 4610 dahin.

2000 4607 2146 4639 Bisweilen
2175 4610 2252 4646 folgte
2277 4611 2321 4640 der
2346 4610 2435 4642 Knabe
2461 4612 2548 4648 Björn
2573 4613 2620 4647 auf
2646 4613 2694 4643 das
2719 4613 2803 4643 Meer.

1949 4645 2019 4681 Doch
2048 4648 2123 4683 dieser
2147 4650 2248 4685 meinte,
2267 4651 2358 4681 Brune
2376 4651 2448 4687 dürfe
2466 4652 2511 4687 ihn
2528 4653 2591 4687 nicht
2608 4653 2634 4687 so
2653 4653 2740 4689 häufig
2757 4653 2804 4689 auf

1948 4685 2031 4721 seinen
2049 4688 2163 4724 Fahrten
2181 4690 2308 4726 begleiten,
2335 4700 2362 4722 er
2387 4692 2420 4726 sei
2446 4692 2506 4727 noch
2531 4700 2561 4728 zu
2584 4693 2684 4728 schwach
2711 4701 2742 4729 zu
2759 4693 2803 4723 der

1948 4726 2068 4761 schweren
2095 4729 2193 4760 Arbeit.
2232 4731 2355 4768 Dagegen
2381 4732 2448 4766 holte
2474 4733 2564 4763 Brune
2590 4733 2678 4770 fleißig
2705 4734 2802 4767 Bücher

1947 4770 1998 4797 aus
2025 4768 2070 4799 der
2097 4769 2317 4807 Volksbibliothek,
2345 4773 2399 4802 und
2427 4775 2470 4803 als
2494 4773 2537 4803 der
2563 4773 2676 4809 kernfeste
2699 4774 2802 4804 Winter

1947 4807 2010 4844 kam,
2029 4810 2073 4839 las
2091 4818 2118 4840 er
2134 4818 2170 4840 an
2188 4811 2235 4841 den
2254 4813 2348 4848 langen
2360 4812 2481 4843 Abenden
2497 4813 2536 4843 die
2553 4815 2622 4844 alten
2633 4814 2727 4851 Sagen
2745 4814 2800 4843 und

1947 4847 2100 4885 Geschichten
2126 4851 2183 4881 laut
2209 4860 2265 4886 vor,
2292 4853 2412 4887 während
2439 4854 2476 4884 die
2493 4854 2566 4885 Leute
2593 4863 2628 4885 an
2647 4855 2693 4885 den
2712 4855 2800 4890 Netzen

1947 4889 2000 4919 und
2017 4891 2146 4927 sonstigen
2155 4891 2463 4929 Fischereigeräthschaften
2480 4895 2566 4931 fleißig
2577 4895 2720 4926 arbeiteten.
2738 4895 2799 4925 Von

1946 4929 1992 4959 den
2010 4930 2131 4962 beliebten
2150 4932 2345 4967 Volksmärchen
2361 4933 2422 4964 aber
2439 4936 2533 4965 wollte
2540 4935 2626 4970 Björn
2644 4936 2724 4971 nichts
2742 4936 2799 4970 wis¬

1945 4970 1986 5004 sen
1996 4979 2004 5006 ;
2032 4971 2228 5008 Volksmärchen
2256 4974 2365 5009 dürften,
2392 4974 2419 5009 so
2443 4976 2533 5012 pflegte
2550 4984 2577 5005 er
2592 4983 2623 5011 zu
2641 4976 2722 5012 sagen,
2750 4975 2799 5006 das

1944 5009 2099 5048 Kinderherz
2115 5013 2182 5048 nicht
2197 5014 2329 5049 berühren.

1997 5055 2056 5086 Der
2073 5056 2162 5087 Knabe
2179 5066 2235 5088 war
2253 5067 2305 5088 von
2323 5058 2412 5089 Natur
2430 5060 2470 5089 ein
2487 5060 2623 5090 Träumer.

1998 5090 2065 5126 „Ich
2091 5091 2157 5122 kann
2185 5092 2249 5127 nicht
2284 5092 2416 5129 begreifen,
2445 5097 2502 5124 was
2532 5094 2574 5124 der
2602 5094 2693 5132 Junge
2728 5095 2798 5131 hat",

1944 5130 2044 5160 wandte
2062 5131 2150 5167 Björn
2177 5133 2220 5168 sich
2247 5133 2317 5162 eines
2346 5134 2431 5170 Tages
2456 5143 2491 5164 an
2518 5134 2648 5171 Ingeleiv.
2686 5137 2742 5172 „Er
2767 5137 2798 5171 ist

1943 5169 1994 5206 jetzt
2012 5171 2103 5207 länger
2119 5173 2163 5202 als
2181 5174 2221 5203 ein
2238 5173 2310 5208 Jahr
2327 5173 2386 5209 hier,
2414 5182 2441 5204 er
2468 5175 2498 5210 ist
2522 5175 2634 5211 dreizehn
2651 5176 2734 5212 Jahre
2751 5178 2798 5212 alt,

1944 5211 1997 5240 und
2024 5220 2089 5242 man
2114 5213 2185 5247 sollte
2209 5213 2310 5249 denken,
2337 5213 2385 5249 daß
2413 5223 2440 5245 er
2466 5215 2523 5249 doch
2549 5216 2641 5251 endlich
2660 5218 2737 5248 Trieb
2766 5226 2797 5254 zu

1942 5253 2124 5290 regelmäßiger
2142 5254 2230 5284 Arbeit
2258 5254 2338 5289 haben
2364 5254 2452 5291 müsse.
2487 5256 2556 5286 Aber
2574 5260 2602 5288 es
2620 5257 2652 5294 ist
2670 5259 2734 5295 nicht
2752 5259 2795 5290 der

1942 5290 2011 5327 Fall,
2030 5293 2086 5323 und
2103 5302 2179 5324 wenn
2196 5302 2258 5323 man
2276 5294 2321 5329 ihn
2339 5294 2411 5331 sucht,
2437 5296 2516 5331 findet
2533 5305 2596 5328 man
2614 5298 2661 5335 ihn
2678 5308 2741 5336 ganz
2759 5308 2798 5337 ge¬

1942 5332 1994 5368 wiß
2021 5334 2070 5363 mit
2096 5333 2142 5364 den
2160 5334 2270 5371 Händen
2297 5335 2327 5364 in
2345 5334 2386 5366 der
2404 5337 2494 5373 Tasche
2517 5346 2553 5369 an
2579 5339 2633 5371 eine
2651 5340 2738 5372 Wand
2760 5350 2800 5378 ge¬

2856 4053 2924 4087 lehnt
2941 4052 2997 4082 und
3015 4061 3062 4082 vor
3081 4053 3124 4088 sich
3141 4054 3308 4089 hinstarrend.
3335 4055 3384 4090 Ich
3402 4056 3467 4090 weiß
3485 4055 3517 4084 da
3535 4054 3641 4089 wirklich
3660 4062 3708 4090 gar

2856 4092 2928 4127 nicht,
2946 4095 3003 4122 was
3021 4092 3109 4127 thun."

2911 4132 2998 4167 „Man
3024 4133 3090 4169 muß
3115 4133 3161 4169 ihn
3188 4133 3315 4169 behutsam
3333 4134 3474 4169 anfassen",
3501 4134 3567 4170 sagte
3584 4134 3707 4169 Ingeleiv

2855 4173 2933 4207 weich.

2910 4212 2988 4248 „Das
3006 4212 3067 4247 habe
3085 4213 3118 4248 ich
3135 4213 3194 4247 auch
3211 4212 3334 4249 gedacht",
3352 4213 3433 4248 nahm
3450 4212 3537 4248 Björn
3556 4212 3649 4243 wieder
3667 4213 3705 4243 be¬

2854 4251 2923 4288 sorgt
2940 4253 2989 4282 das
3007 4252 3092 4283 Wort.
3123 4253 3189 4288 „Du
3207 4253 3281 4287 mußt
3299 4253 3362 4288 Dich
3380 4254 3477 4283 einmal
3496 4252 3548 4287 ihm
3566 4252 3708 4288 gegenüber

2853 4293 3024 4328 aussprechen,
3042 4293 3179 4329 Ingeleiv;
3197 4293 3247 4323 Du
3263 4293 3352 4329 findest
3369 4294 3461 4323 immer
3478 4293 3526 4322 das
3536 4293 3610 4327 rechte
3620 4293 3707 4328 Wort,

2853 4333 2973 4368 während
2990 4334 3043 4363 mir
3060 4334 3200 4369 manchmal
3216 4336 3297 4363 etwas
3313 4333 3484 4369 herausfährt,
3503 4332 3551 4363 das
3563 4333 3597 4369 ich
3608 4333 3707 4369 hinter¬

2853 4377 2896 4414 her
2913 4377 3102 4414 zurücknehmen
3120 4378 3234 4412 möchte."

2908 4418 2965 4453 „Es
2992 4419 3061 4448 wäre
3088 4419 3140 4448 mir
3165 4418 3248 4453 lieber,
3275 4417 3324 4448 Du
3342 4418 3458 4453 sprächest
3479 4419 3557 4454 zuerst
3576 4418 3624 4448 mit
3641 4418 3707 4454 ihm.

2852 4457 2933 4489 Denn
2950 4458 3000 4488 das
3017 4458 3093 4488 Wort
3109 4459 3154 4488 des
3171 4458 3290 4488 Mannes
3316 4459 3359 4494 hat
3384 4459 3427 4488 ein
3444 4466 3507 4494 ganz
3524 4458 3632 4488 anderes
3650 4458 3704 4489 Ge¬

2851 4499 2930 4533 wicht.
2965 4498 3033 4528 Aber
3051 4498 3099 4528 Du
3125 4499 3203 4533 darfst
3230 4498 3289 4533 auch
3315 4499 3379 4531 nicht
3397 4499 3489 4534 sagen:
3525 4498 3571 4529 So
3589 4499 3636 4534 bist
3654 4499 3705 4529 Du

2851 4538 2939 4572 Einer,
2957 4538 3006 4567 das
3024 4540 3096 4574 taugt
3112 4538 3200 4573 nichts,
3228 4538 3336 4572 sondern
3353 4539 3402 4568 Du
3430 4539 3504 4574 mußt
3531 4538 3586 4575 ihm
3611 4539 3704 4575 zeigen,

2850 4579 2898 4608 wie
2915 4587 2942 4608 er
2958 4581 2988 4608 es
3004 4586 3062 4614 zum
3079 4577 3197 4614 Besseren
3214 4578 3319 4609 wenden
3335 4579 3428 4609 kann."

2905 4618 2968 4654 „Ich
2995 4618 3050 4647 will
3073 4618 3117 4654 ihn
3144 4619 3222 4654 sofort
3249 4619 3405 4655 aufsuchen",
3435 4619 3516 4654 sprach
3533 4619 3623 4655 Björn
3649 4620 3704 4651 und

2849 4659 2911 4695 ging
2928 4667 2986 4694 zum
3002 4659 3118 4693 Zimmer
3136 4659 3243 4693 hinaus.

2901 4699 2994 4734 Hinter
3019 4698 3074 4728 dem
3092 4699 3174 4734 Hause
3201 4699 3263 4734 fand
3287 4707 3314 4730 er
3341 4699 3427 4736 richtig
3452 4700 3545 4731 Brune
3573 4702 3602 4731 in
3629 4702 3708 4737 tiefen

2848 4738 2984 4769 Gedanken
3009 4737 3126 4774 dasitzend
3152 4738 3205 4768 und
3232 4740 3305 4769 einen
3329 4740 3416 4775 kahlen
3435 4740 3527 4776 Gipfel
3543 4742 3707 4777 betrachtend,

2847 4778 2890 4809 der
2907 4779 3009 4814 jenseits
3032 4778 3075 4808 der
3093 4779 3211 4815 schmalen
3230 4780 3339 4816 Straße,
3367 4782 3455 4815 welche
3483 4781 3523 4812 die
3538 4782 3618 4818 Insel
3646 4791 3707 4813 vom

2846 4818 2978 4854 Festlande
2996 4820 3091 4854 trennt,
3117 4820 3191 4856 gleich
3217 4821 3300 4851 einem
3316 4822 3376 4853 Keil
3401 4823 3452 4853 alle
3469 4823 3582 4854 anderen
3599 4824 3707 4860 Spitzen

2847 4859 2988 4895 überragte.

2901 4899 3004 4935 „Willst
3029 4899 3079 4929 Du
3104 4900 3152 4930 den
3178 4900 3237 4931 Keil
3263 4902 3364 4939 messen,
3392 4904 3463 4934 mein
3485 4904 3617 4941 Junge?"
3646 4904 3708 4940 frug

2846 4939 2932 4975 Björn
2950 4939 3087 4976 freundlich
3113 4941 3168 4971 und
3190 4942 3241 4977 ließ
3258 4942 3304 4977 sich
3322 4952 3359 4974 an
3377 4944 3495 4975 Brune's
3514 4944 3590 4976 Seite
3606 4945 3704 4975 nieder.

2901 4980 3004 5016 „Ich?"
3023 4980 3084 5016 fuhr
3100 4981 3144 5012 der
3161 4981 3251 5013 Knabe
3271 4983 3397 5021 betroffen
3414 4985 3470 5020 auf.

2900 5020 3002 5057 „Bleib'
3031 5029 3086 5052 nur
3114 5023 3192 5060 ruhig
3221 5024 3318 5061 sitzen",
3349 5026 3426 5060 lachte
3442 5025 3531 5061 Björn
3546 5026 3706 5063 gutmüthig.

2848 5061 2911 5097 „Ich
2927 5061 3009 5096 dachte
3026 5070 3087 5099 nur,
3114 5064 3163 5094 Du
3182 5066 3291 5101 wolltest
3308 5066 3356 5097 das
3375 5056 3453 5102 Maß
3453 5056 3509 5102 des
3528 5066 3628 5104 Berges
3647 5067 3706 5103 neh¬

2845 5110 2913 5137 men,
2930 5110 2977 5132 um
2996 5103 3078 5138 später
3095 5105 3161 5141 Dich
3179 5106 3250 5142 selbst
3268 5106 3350 5138 daran
3367 5116 3398 5144 zu
3416 5107 3533 5143 messen."

2901 5143 2965 5179 „Ich
2983 5143 3064 5180 dachte
3082 5147 3141 5176 eben
3159 5155 3196 5177 an
3213 5147 3331 5185 Nichts",
3349 5149 3432 5184 sprach
3450 5149 3493 5179 der
3511 5147 3608 5180 Knabe.

2901 5185 2966 5221 „Ja,
2983 5185 3054 5221 siehst
3072 5186 3131 5223 Du,
3157 5188 3206 5218 das
3225 5197 3282 5219 war
3299 5189 3365 5220 denn
3384 5198 3437 5220 von
3455 5190 3507 5220 mir
3525 5189 3583 5226 doch
3599 5190 3666 5226 nicht
3682 5191 3710 5226 so

2846 5224 2936 5256 dumm
2954 5227 3078 5263 gedacht",
3097 5229 3157 5265 fuhr
3174 5229 3263 5266 Björn
3281 5230 3341 5265 fort.
3368 5231 3443 5267 „Der
3460 5231 3531 5268 Berg
3550 5231 3632 5267 schaut
3650 5232 3712 5267 auch

2845 5266 2927 5303 drein,
2954 5268 2998 5298 als
3025 5269 3100 5307 trüge
3127 5279 3154 5300 er
3180 5271 3225 5306 sich
3251 5272 3299 5301 mit
3316 5273 3397 5303 einem
3415 5272 3710 5309 Allerweltsgedanken;

2846 5308 2907 5339 aber
2924 5317 2951 5339 er
2969 5310 3041 5340 denkt
3059 5310 3115 5346 doch
3134 5312 3223 5345 nicht."

2900 5350 3021 5387 Fragend
3039 5351 3082 5388 sah
3100 5352 3143 5383 der
3160 5352 3250 5384 Knabe
3266 5353 3354 5389 Björn
3372 5362 3417 5385 an.
