3794 5551
141 107 831 149 Nr. 405 Erstes Morgenblatt.
1546 102 2192 142 Der Zürcher Zeitung 140. Jahrgang.
148 164 3592 544 Neue Zürcher Zeitung
964 570 1315 599 1 3 6 12
928 595 1349 625 Monat Monate Monate Monate
392 588 749 610 Abonnementspreise:
229 636 1326 657 Zürich bei der Administration oder Ablage abgeholt Fr. 2.50 6.50 11.50 23.—
328 667 1327 687 durch die Austräger ins Haus gebracht ... ... „ 3.— 8.— 15.— 29.—
229 699 1326 723 Schweiz Bestellung beim Postbureau ... ... ... ... ... „ 3.— 8.— 15.— 29.—
327 730 1327 753 mit Bezug unter Privatadresse (Streifband) „ 3.70 10.30 20.— 30.—
229 763 1327 789 Ausland, mit Bezug unter Privatadresse (Streifb.) „ 5.70 16.— 31.— 61.—
1422 572 2254 651 und schweizerisches Handelsblatt
1621 665 2059 703 Täglich 3 Ausgaben
1689 724 1985 741 Telephon: Hottingen
1423 745 2253 772 Redaktion 7100-7102, (nachts 7103), Druckerei 4488, Falkenstr. 11.
1422 773 2252 792 Administration 6090, Expedition 6109, Annoncen-Abtlg. 6934.
2894 97 3529 138 Mittwoch, 19. März 1919.
2408 568 3376 588 Bei den Postämtern kann abonniert werden: in Deutschland, Frankreich
2342 599 3380 620 Italien, Oesterreich, Ungarn, Holland, Dänemark, Schweden, Norwegen usw.
2342 628 3382 658 Die postamtlichen Abonnementspreise werden von den Postverwaltungen der
2341 659 3380 689 vorgenannten Länder festgesetzt. Die Preise, die auf den Umrechnungskursen
2562 690 3162 715 basieren, sind bei den Postämtern zu erfragen.
2656 728 3547 751 Die einspaltige Grundzeile 50 Rp., lokale Geschäftsempfehlungen 40 Rp.,
2341 732 2645 770 Insertionspreise:
2644 758 3548 777 Anzeigen ausländischen Ursprungs 75 Rp., Reklamen per Zeile Fr. 2.50.
137 895 978 929 Der Anschluß von Deutschösterreich an Deutschland.
203 966 981 1002 H. H. Art. 11 des Pariser Entwurfes ent¬
135 1003 975 1040 hält den neuen völkerrechtlichen Standpunkt,
139 1041 977 1080 daß jeder Krieg oder jede Kriegsdrohung,
144 1081 981 1119 welche mittelbar oder unmittelbar ein Mitglied
142 1120 980 1159 bedrohen, in Zukunft als Angelegenheit des
138 1159 979 1198 Bundes betrachtet und demgemäß behandelt
137 1199 976 1237 werden sollen. Logischerweise gilt dieser Grund¬
139 1238 978 1276 satz auch für alle Angelegenheiten, welche vor¬
139 1277 979 1315 aussichtlich zu Differenzen führen werden. Dar¬
143 1316 981 1354 aus folgt das Recht für Dritte, zu Fragen ande¬
141 1355 981 1394 rer Länder sich zu äußern. Es besteht nun kein
143 1394 981 1433 Zweifel, daß die Art der Lösung des Anschlus¬
144 1434 981 1471 ses Oesterreichs auf die Friedensbedingungen
142 1472 980 1511 und mittelbar auf die zukünftigen Friedensaus¬
139 1511 979 1550 sichten von großer Bedeutung ist und darum als
142 1551 980 1590 wichtiges aktuelles Geschäft die allgemeine Be¬
145 1591 442 1622 achtung verdient.
202 1636 984 1674 Theoretisch wird gemäß dem proklamierten
142 1675 981 1712 Grundsatz der Selbstbestimmung mit Recht nie¬
147 1713 985 1751 mand Deutschösterreich das Recht bestreiten dür¬
145 1752 983 1790 fen, Anschluß an Deutschland zu suchen; frag¬
145 1791 982 1829 lich ist deshalb nur, ob der Anschluß für beide
147 1830 985 1869 Teile vorteilhaft ist. Es hat Prof. Förster vor
144 1869 982 1908 einiger Zeit in diesem Blatte ausgeführt, daß
149 1909 985 1948 durch einen solchen Anschluß Oesterreich seine
146 1946 984 1988 Mission als verbindendes Glied zwischen Zen¬
143 1989 983 2026 tral- und West-Europa und dem Osten einbüßen
149 2026 985 2065 müßte und aus diesen Erwägungen die Bewe¬
149 2066 985 2104 gung bekämpft als unglücklich für Oesterreich.
149 2105 985 2144 Die folgenden Ausführungen beschränken sich
146 2144 984 2184 deshalb auf die Rückwirkungen auf Deutsch¬
145 2184 230 2213 land.
202 2221 987 2265 Die Vereinigung aller deutschsprechenden
145 2261 983 2302 Stämme kann gewiß als ein Ideal aufgefaßt
149 2298 986 2341 werden; ob sie zur möglichst hohen Kulturent¬
145 2339 984 2380 wicklung der einzelnen Teile und des ganzen
147 2375 984 2419 Sprachstammes ene Notwendigkeit ist, bleibe
147 2416 983 2459 dahingestellt. Werden die Grundsätze der Un¬
146 2454 986 2499 verletzlichkeit der territorialen Grenzen und des
145 2494 986 2538 Schutzes der Minderheiten im zukünftigen Völ¬
147 2533 988 2577 kerbunde Gesetz, so wird man möglicherweise in
147 2575 985 2617 nicht allzu ferner Zukunft diese Fragen anders
147 2610 988 2657 beurteilen. Aber selbst wenn wir die zwin¬
148 2651 988 2695 gende Notwendigkeit eines Zusammenschlusses
146 2691 989 2732 einsehen konnten, so blieben Bedenken schwer¬
149 2733 903 2761 wiegender Art gegen dessen Ausführung.
204 2777 986 2813 Einmal darf nicht geleugnet werden, daß als
151 2812 990 2852 Motiv dieses Anschlusses auf deutscher Seite im
152 2853 991 2891 Vordergrund steht die Ueberlegung, daß nach
149 2891 990 2930 Verlust von Elsaß-Lothringen und des polni¬
150 2931 988 2969 schen Gebietes Deutschland mit Deutschöster¬
149 2969 989 3008 reich immerhin wieder eine Großmacht mit
152 3009 991 3048 einer respektablen Anzahl von Millionen Ein¬
148 3048 985 3087 wohner sein werde und damit als Machtfaktor
151 3088 991 3126 bestehen bleibe. Daß diese Erwägung aus altem
151 3126 990 3166 Geiste stammt und dem neuen Rechtsgedanken
153 3166 991 3206 wenig Rechnung trägt, das ist klar, hat aber
151 3206 989 3245 wenig Bedeutung gegenüber den Gefühlen,
152 3246 990 3284 welche diese Ueberlegungen auslösen bei den
156 3284 993 3323 Gegnern und vor allem bei den Franzosen und
153 3324 990 3362 gegenüber den Abwehrmaßregeln, welche die
151 3363 990 3401 unvermeidliche Konsequenz sein werden. Wenn
155 3402 991 3442 man bedenkt, daß das Gefühl der zahlenmäßi¬
157 3443 994 3480 gen Minderheit der stagnierenden französischen
157 3480 994 3519 Bevölkerung gegenüber der wachsenden deut¬
157 3520 994 3559 schen Nation der Ausgangspunkt der äußern
160 3559 995 3599 Politik wurde, welche Schutz bei Rußland und
159 3599 995 3639 später bei England suchte und fand und wenn
158 3639 994 3678 man heute aus vielen offiziellen Aeußerungen
158 3679 992 3717 unzweideutig schließen muß, daß selbst der
158 3717 994 3756 niedergeworfene deutsche Riese dem siegreichen
164 3757 995 3795 Frankreich noch große Furcht einflößt, so er¬
161 3796 995 3835 cheint jede Absicht, diese Furcht zu fördern, ja
161 3835 995 3874 schon jede Kundgebung, die Berechtigung dieser
161 3875 995 3914 Furcht zu stützen, im höchsten Maße unklug, ja
161 3915 995 3954 geradezu verhängnisvoll. Aus dieser Erkennt¬
158 3955 993 3984 nis heraus sind auch alle die französischen Be¬
1013 852 1854 895 strebungen wohl begreiflich, die als Gegenmaß¬
1013 890 1854 935 regeln darauf hinausgehen, Deutschlands Groß¬
1014 928 1857 974 macht mit allen Mitteln zu vermindern. Da
1014 968 1855 1013 Frankreich sein gewichtiges Wort bei der Fest¬
1016 1009 1859 1053 setzung der Friedensbedingungen in die Wag¬
1016 1048 1857 1092 schale legt, so ist es nicht verwunderlich, wenn
1015 1087 1858 1131 in den letzten Tagen Projekte auftauchen, welche
1015 1126 1856 1170 Deutschland im Osten (Danzig) und im Westen
1018 1165 1856 1210 (selbständige Rheinprovinz) beschneiden wollen.
1016 1204 1860 1249 Daß bei diesen Plänen und Ueberlegungen auch
1018 1243 1854 1289 der alte Geist der Macht wirkt und entscheidet,
1017 1283 1856 1328 ist Nebensache und wird Deutschland vor den
1018 1323 1856 1366 harten Bedingungen nicht schützen. Wer die
1018 1363 1857 1406 wahrscheinliche zukünftige Karte Europas ledig¬
1019 1398 1856 1445 lich vom kulturellen Standpunkt unter der Herr¬
1019 1440 1859 1484 schaft eines wirklichen zukünftigen Völkerbun¬
1020 1478 1859 1523 des betrachtet, der wird einmal im Zusammen¬
1018 1517 1860 1563 schluß von Deutschland mit Deutschösterreich
1018 1557 1861 1602 keine entscheidende Tat erblicken können und
1020 1596 1861 1641 anderseits auch einer unabhängigen Republik
1020 1637 1858 1680 des Rheinlandes die kulturellen Entwicklungs¬
1018 1674 1858 1720 möglichkeiten nicht absprechen; aber vom Stand¬
1019 1717 1858 1759 punkt des Dauerfriedens aus erscheint diese
1021 1752 1863 1798 ganze Entwicklung in ganz anderem Lichte. Die
1019 1792 1860 1837 Wilsonschen Grundsätze: Selbstbestimmungsrecht
1022 1831 1865 1876 der Völker, welcher das Fundament des zukünf¬
1022 1872 1856 1916 tigen Völkerbundes sein soll, darf bei der
1021 1909 1862 1955 Gründung nicht verletzt werden, sonst sind die
1021 1948 1861 1994 Vorbedingungen für das Bestehen und Gedei¬
1022 1987 1860 2033 hen derselben nicht gegeben. Eine ungerechte
1022 2027 1865 2073 Lösung der östlichen Grenzfragen wird Ver¬
1022 2066 1864 2112 stimmung und Bitterkeit hinterlassen, eine ge¬
1022 2106 1863 2151 waltsame Zerstückelung Deutschlands durch Ab¬
1022 2145 1862 2191 trennung der Rheinlande müßte notwendiger¬
1022 2186 1738 2221 weise den Keim zukünftiger Kriege legen.
1082 2227 1866 2269 Ist der Zusammenschluß der deutschen
1023 2263 1863 2309 Stämme dieses Opfer wert? Je nachdem die
1024 2302 1866 2348 leitenden Kreise in Berlin und Wien diese
1023 2343 1868 2387 Lebensfrage beantworten, werden sie handeln
1023 2381 1862 2427 müssen. Könnten eventuell die Friedensbedin¬
1025 2422 1862 2466 gungen durch einen Verzicht so verbessert wer¬
1027 2461 1865 2505 den, daß für die spätere Versöhnung und für
1022 2501 1864 2544 ein einträchtliches Zusammenarbeiten im Völ¬
1026 2539 1865 2583 kerbunde eine sichere Grundlage geschaffen wer¬
1026 2581 1867 2620 den kann, dann sollten sich die verantwortlichen
1027 2621 1867 2658 Führer nicht durch momentan wohl begreifliche,
1029 2659 1867 2698 aber im Grunde doch recht unklare Gefüihle vor¬
1029 2698 1289 2729 zeitig festlegen.
1079 2789 1823 2823 Schweizerische Kohlengenossenschaft.
1090 2846 1866 2881 Bern, 18. März. ag (Mitg.) Unter dem Vorsitz
1035 2881 1871 2920 von Bundesrat Schultheß hat am 17. März
1034 2921 1872 2959 in Bern die zahlreich besuchte konstituie¬
1030 2960 1866 2999 rende Generalversammlung, der
1030 2999 1867 3039 Schweizerischen Kohlengenossenschaft stattgefun¬
1036 3040 1872 3079 den. Die vom schweizerischen Volkswirtschafts¬
1032 3080 1868 3118 departement vorgelegten Statuten wurden mit
1033 3119 1868 3158 geringfügigen Abänderungen angenommen. Der
1031 3159 1867 3198 Verwaltungsrat, der aus siebzehn Mit¬
1036 3199 1870 3237 gliedern besteht, wurde wie folgt zusammen¬
1035 3238 1867 3278 gesetzt: Zum Präsidenten, der statutengemäß
1033 3279 1867 3318 vom Bundesrat zu bezeichnen ist, wurde Herr
1032 3319 1867 3357 Generaldirektor Leopold Dubois, Delegierter
1033 3358 1868 3397 des Verwaltungsrates des Schweizerischen
1032 3398 1866 3438 Bankvereins in Basel, ernannt. Nach den Sta¬
1034 3438 1868 3477 tuten hatte der Bundesrat weitere sechs Ver¬
1037 3478 1869 3517 walungsratsmitglieder zu bezeichnen. Es sind
1033 3518 1866 3558 dies die Herren: Staatsratspräsident Gignoux
1037 3558 1868 3597 (Genf), Nationalrat Maillefer (Lausanne),
1036 3598 1869 3637 Stadtpräsident Roussy, Direktor der Nestlé-¬
1035 3638 1867 3680 Gesellschaft in Vevey, Stadtpräsident Schlat¬
1038 3681 1870 3716 ler (Schaffhausen), Direktor Bachmann
1038 3717 1869 3756 (Glarus), Fürsprecher Stucki, General¬
1039 3756 1872 3796 sekretär des schweizerischen Volkswirtschafts¬
1042 3796 1873 3835 departements (Bern). — Die Versammlung
1034 3836 1869 3874 hatte ihrerseits zehn weitere Mitglieder zu
1033 3875 1864 3915 wählen. Die Wahlen fielen auf die Herren
1038 3916 1873 3955 Nationalrat Speiser (Basel), Zurlinden
1036 3956 1869 3988 (Aarau), Dubied (Couvet), Traboult (Genf),
1891 854 2724 889 Nationalrat Hirter (Bern), Jörin (Basel), Na¬
1892 890 2725 928 tionalrat Gaudard (Vevey), Direktor Roth
1895 925 2726 970 (Zürich), Generaldirektor Zingg (Bern), Bar¬
1893 971 2725 1007 bey, Präsident der schweizerischen Nebenbahnen
1898 1008 2727 1047 (Ste.-Croix). — Unmittelbar nach Schluß der
1894 1047 2727 1087 Generalversammlung konstituierte sich der Ver¬
1896 1088 2727 1128 waltungsrat. Er bezeichnete seinen geschäfts¬
1895 1128 2727 1167 leitenden Ausschuß aus den Herren Dubois,
1895 1168 2727 1207 Jörin, Traboult, Speiser, Roth, Zurlinden,
1895 1207 2728 1247 Bachmann. Die Genossenschaft wird ihre Tätig¬
1896 1248 2728 1288 keit möglichst rasch aufnehmen. Der Sitz ist
1895 1287 1993 1321 Basel.
2036 1379 2576 1427 Eidgenossenschaft.
1955 1457 2730 1498 Abbau der Einschränkungs-Maßnahmen.
1898 1494 2732 1539 Bern, 18. März. ag Das schweizerische
1897 1536 2733 1579 Volkswirtschaftsdepartement verfügt, daß vom
1902 1574 2729 1618 16. März 1919 hinweg der Handel mit Lum¬
1897 1615 2732 1657 pen, Stoffabfällen, unter vorläufiger Beibe¬
1897 1658 2729 1695 haltung der Konzessionspflicht für Sortieran¬
1899 1696 2732 1735 stalten und Zwischenhändler, freigegeben
1901 1736 2732 1774 wird. Ferner verfügt das Departement, daß
1899 1774 2730 1814 seine Verfügungen vom 3. Januar 1918 und
1900 1814 2732 1853 vom 15. Juli 1918 über die Einschrän¬
1902 1854 2734 1893 kungen des Papierverbrauches der
1900 1894 2733 1933 Zeitungen, Zeitschriften und andern perio¬
1903 1934 2735 1973 dischen Publikationen aufgehoben sind.
1901 1973 2734 2013 Für die gestützt auf Art. 10 des Bundesratsbe¬
1904 2013 2735 2052 schlusses vom 10. November 1917 bewiligten
1902 2053 2734 2092 Publikationen bleiben die jeweils festgesetzten
1904 2093 2275 2125 Kontingente in Kraft.
2116 2209 2507 2252 Kantone.
2245 2287 2385 2311 Zürich.
1954 2328 2735 2362 Frauenstimmrecht. Die kantonsrätliche Kom¬
1903 2362 2734 2402 mission betreffend das Frauenstimmrecht hat nach
1905 2402 2736 2442 dem „Landboten", mit acht gegen fünf Stimmen
1907 2442 2737 2481 beschlossen, dem Kantonsrat die Ablehnung
1906 2482 2739 2520 der sozialdemokratischen Initiative
1906 2521 2737 2559 zu beantragen. Einstimmigkeit bestand in der
1910 2560 2739 2600 Kommission darin, daß im Interesse einer ein¬
1907 2600 2738 2640 fachen und klaren Abstimmung nicht beide Vor¬
1907 2641 2737 2681 lagen zugleich dem Volke des Kantons Zürich vor¬
1910 2682 2740 2719 gelegt werden sollen, sondern daß dem Initiativ¬
1907 2719 2740 2758 begehren nach dieser Richtung hin die Priorität
1908 2759 2743 2798 zukomme. Für die sozialdemokratische Initiative
1908 2798 2741 2838 traten sämtliche Sozialdemokraten ein, während
1910 2838 2742 2877 für die Ablehnung derselben alle Vertreter der bür¬
1908 2878 2740 2917 gerlichen Fraktionen stimmten, einschließlich der
1910 2918 2742 2957 Christlichsozialen, aber mit Ausnahme eines städ¬
1909 2958 2741 2996 tischen Demokraten, der ausdrücklich erklärte, daß
1908 2997 2741 3035 durch die Einreichung der sozialistischen Initiative
1908 3036 2741 3076 selbst für die Freunde des Frauenstimmrechts eine
1907 3077 2741 3117 Zwangslage geschaffen worden sei, und daß er es
1908 3117 2743 3156 vorgezogen hätte, wenn die regierungsrätliche Vor¬
1906 3157 2741 3196 lage auf Einführung des stufenweisen Auf- und
1907 3196 2744 3236 Ausbaues des Frauenstimmrechtes dem Zürcher
1910 3234 2743 3275 Volk hätte zur Abstimmung unterbreitet werden
1909 3276 2026 3301 können.
1957 3313 2747 3359 Richterswil, 17. März. pt Die Budgetgemeinde
1910 3354 2749 3399 Richterswil genehmigte am Sonntag die Voran¬
1907 3392 2749 3440 schläge der verschiedenen Gemeindegüter, die zu¬
1905 3433 2749 3480 sammen eine nach dem alten Steuergesetz be¬
1909 3472 2749 3520 rechnete Gesamtsteuer von 16 Fr. pro Faktor vor¬
1909 3515 2749 3560 sehen. Den Gemeindebeamten wurden außer den im
1906 3555 2750 3601 Budget vorgemerkten Besoldungserhöhungen noch
1909 3592 2750 3641 Teuerungszulagen im Betrage von 2800 Fr. zuge¬
1914 3635 2751 3681 sprochen. Das Krankenasyl sieht einen Fehlbetrag
1906 3675 2751 3721 von 18,000 Fr. vor, der zur Hälfte von der politi¬
1912 3714 2751 3761 schen Gemeinde zu decken ist. Dem Gemeinderat
1907 3755 2750 3802 wurde der geforderte Kredit von 22,800 Fr. für
1908 3796 2752 3843 den von der Gemeinde zu übernehmenden Anteil
1911 3833 2752 3884 der Kosten des Vermessungswerkes, sowie ein Be¬
1912 3877 2754 3922 triebsdefizit von 75,000 Fr. für denselben Zweck
1912 3916 2754 3962 bewilligt. Die Schulgemeinde sanktionierte die be¬
1909 3956 2753 3993 antragte Zulage an die Lehrkräfte. Es erhalten
2764 850 3594 884 inskünftig die Primarlehrer eine Besoldung von
2766 885 3596 923 4100 Fr. bis 7500 Fr., die Arbeitslehrerinnen bis
2764 924 3597 963 3900 Fr. und die Kindergärtnerinnen bis zu
2764 964 2900 996 2900 Fr.
2819 1009 3598 1047 Stäfa, 17. März. pt Die Erneuerungswahlen
2765 1046 3603 1087 der hiesigen Gemeindebehörden vollzogen sich am
2772 1086 3607 1127 Sonntag kampflos nach der von einer öffentlichen
2771 1126 3606 1167 Wahlversammlung aufgestellten Liste. Dem Ver¬
2770 1165 3606 1207 langen der organisierten Arbeiterschaft um Ueber¬
2770 1205 3602 1247 lassung von je zwei Sitzen in Gemeinderat und
2771 1244 3608 1287 Schulpflege sowie eines solchen in der Gesund¬
2769 1283 3359 1318 heitskommission wurde entsprochen.
3083 1344 3295 1367 Baselstadt.
2820 1381 3607 1416 Basel, 18. März.  Der Basler Hausbe¬
2766 1414 3607 1450 sitzerverein, der zurzeit über 2000 Mitglieder
2770 1448 3607 1486 zählt, nahm in seiner gestrigen Generalversamm¬
2771 1484 3606 1522 lung Stellung gegen das Basler kantonale Miet¬
2770 1519 3609 1557 amt, dem vorgeworfen wurde, daß es die Mieter¬
2769 1556 3610 1592 schutzverordnung des Bundesrates einseitig zu¬
2771 1591 3606 1627 gunsten der Mieter auslege und die berechtigten
2770 1625 3611 1663 Interessen der Hausbesitzer schwer schädige. Die
2771 1662 3608 1697 Versammlung genehmigte einstimmig folgende
2771 1695 3609 1732 Resolution: „Die Versammlung des Hausbesitzer¬
2770 1731 3609 1768 vereins Basel protestiert gegen die Eingriffe des
2773 1768 3610 1803 Staates in die Rechte der Hausbesitzer, speziell
2774 1803 3611 1839 gegen die fortwährende Verschärfung der Vor¬
2772 1836 3610 1874 schriften. Sie protestiert gegen die willkürliche
2771 1873 3610 1910 Auslegung dieser Vorschriften und des Wohnungs¬
2775 1910 3611 1945 nachweises durch das Basler Mietamt und be¬
2773 1943 3607 1980 schließt: 1. Die Entsendung einer Delegation an
2774 1978 3611 2015 den Bundesrat zur Feststellung des ursprünglichen
2774 2012 3612 2051 Sinnes und Zweckes der Mietschutzverordnung
2775 2049 3614 2086 gegenüber der Praxis des Basler Mietamtes. 2.
2776 2084 3614 2121 Eine Eingabe an die hiesige Regierung gegen die
2772 2120 3607 2156 genannten Kompetenzüberschreitungen und gegen
2774 2154 3614 2192 die Verschärfung der Mietschutzbestimmungen wie
2774 2191 3611 2228 sie in der Verordnung vom 18. Februar 1919
2775 2226 3613 2263 publiziert wurden." Die Versammlung wählte als
2776 2261 3610 2298 Delegierte die Herren Amtmann L. Pfenninger,
2774 2295 3610 2334 Dr. Peter und Architekt Doppler. Im weitern soll
2775 2335 3611 2369 noch eine Massenpetition in die Wege geleitet wer¬
2773 2367 3612 2404 den und die Unterstützung der Hausbesitzervereine
2777 2404 3616 2440 unseres Kantons für die Aktion an den Bundes¬
2779 2441 3197 2468 rat angenommen werden.
3079 2484 3310 2507 Neuenburg.
2837 2526 3614 2562 Neuenburg, 18. März. ag Der Große Rat
2778 2562 3613 2602 beriet einen Gesetzentwurf über die administra¬
2779 2602 3613 2642 tive Versorgung von Trinkern. Mit 75 gegen
2779 2642 3615 2681 2 Stimmen wurde beschlossen, im Schoße des
2779 2682 3614 2721 Großen Rates alljährlich mindestens einmal die
2781 2721 3617 2761 eidgenössischen Angelegenheiten
2784 2760 3018 2795 zu besprechen.
3002 2855 3432 2899 Stadt Zürich.
2837 2935 3618 2968 Die „Zürcher Volkszeitung" begann am 15.
2786 2969 3617 3008 März ihr Dasein und ist nun bereits in drei
2784 3009 3616 3048 Nummern erschienen. Die städtische Abstimmung
2784 3048 3616 3088 bot gute Gelegenheit zur Eröffnung der politischen
2786 3088 3617 3128 Tätigkeit, dazu gerade in dem Wirkungskreise, den
2784 3128 3617 3168 das neue Blatt als seinen vornehmsten erkoren
2786 3168 3618 3208 hat. Aber auch sonst bieten die erschienenen Aus¬
2786 3208 3618 3248 gaben mannigfaltigen Lesestoff. Die Ziele des
2788 3248 3619 3287 neuen Untermehmens entsprechen, so wie sie in dem
2787 3288 3621 3327 einführenden Artikel „Was wir wollen", dar¬
2789 3328 3620 3367 gelegt werden, denen einer gut freisinnigen, den
2786 3368 3621 3407 Bedürfnissen einer neuen Zeit angepaßten Politik
2787 3407 3620 3447 und der Partei, die sie verficht. „Der Name ist
2787 3447 3620 3487 gleichzeitig ein Programm. Das Blatt soll ein
2787 3487 3621 3527 Organ für die nationalgesinnte Bevölkerung un¬
2787 3527 3621 3567 serer Stadt und ihres Umkreises sein, die In¬
2788 3567 3622 3607 teresse für eine ausgesprochen bürgerlich-fortschritt¬
2789 3607 3622 3647 liche Politik besitzt. Sie wird nicht bloß politische,
2789 3647 3623 3687 sonderm mit Vorliebe auch wirtschaftliche und so¬
2789 3687 3622 3726 ziale Fragen in den Bereich ihrer Betrachtungen
2789 3727 3623 3766 ziehen." Im besondern wird dann die Stellung
2791 3766 3625 3806 des Blattes zu Kapital, Wirtschafts- und Arbeits¬
2791 3806 3626 3846 verhältnissen, Ernährungs- und Wohnungsaus¬
2792 3846 3626 3886 gaben, Sozialreform und Fremdenfrage dargetan.
2792 3886 3627 3926 Für die Redaktion verantwortlich ist eine Kom¬
2796 3924 3627 3966 mission, in deren Namen die Herren Dr. H. Weis¬
2794 3962 3592 3996 flog, Dr. P. Rütsche und Ad. Baumann zeichnen.
411 4062 749 4106 Feuilleton.
340 4193 811 4217 Das italienische Volkslied.
362 4252 791 4275 Von Louis Gauchat.
206 4318 995 4358 Wenn die leichte Form des einstrophigen Liedes
161 4359 998 4395 dieser ganzen Volkskunst eine große Originalität
162 4396 995 4435 verleiht, ihr etwas Beschwingtes, Graziöses gibt,
163 4435 996 4475 so will ich nicht verkennen, daß sie auch ihre Nach¬
165 4476 998 4516 teile und ihre Gefahren in sich birgt. Sie macht
162 4516 995 4556 ein längeres Festhalten einer Stimmung, eine ener¬
162 4553 995 4596 gische Ausgabe von poetischer Kraft unmöglich.
169 4596 1001 4636 Sie verführt leicht zur Formelhaftigkeit, also zur
165 4637 997 4676 Leere, anderseits zur Preziosität, da man manchen
161 4677 995 4716 Einfall reimt, der bei einem längen Gedicht ver¬
163 4716 994 4755 worfen würde. Es braucht einer nur anzufangen:
158 4756 993 4795 Tu sei bella come stella diana, so stellen sich gleich
161 4796 995 4836 bekannte Reime ein und das Gedicht macht sich wie
163 4837 998 4877 von selbst. Stoffe wie dieser: Und wenn du auf
161 4878 996 4916 der Gant versteigert würdest, ich würde dich nicht
163 4917 996 4956 kaufen, da ich dich nicht mehr liebe, oder dieser:
163 4957 998 4996 ein unfruchtbarer Birnbaum ist umgeholzt worden,
166 4997 1000 5036 und man hat ein Kruzifix daraus geformt und
161 5037 995 5076 sagt zu ihm: Birnen hast du nicht gemacht, und
165 5076 1001 5116 Wunder willst du nun verrichten? Solche Stoffe
165 5116 1001 5156 sind Gedankensplitter und haben mit Poesie wenig
163 5156 998 5196 mehr zu tun. Die kurze Gestalt des Liedes war
164 5196 999 5236 aber eine große Hilfe für das Gedächtnis und
162 5232 998 5277 sorgte für rasche Verbreitung in ganz Italien. Die
164 5278 999 5317 beliebtesten Motive sind überall zu treffen. Das
165 5317 999 5348 Volkslied hat viele Hunderte von Jahren vor der
1039 4054 1874 4086 politischen Einheit Italiens seine künstlerische Ein¬
1042 4087 1876 4125 heit zustande gebracht, eine Verheißung besserer
1040 4126 1874 4165 Tage. Aber diese Einheit ist zugleich eine Vielheit,
1042 4166 1876 4206 und es ist reizvoll, demselben Thema in allen Pro¬
1038 4206 1874 4246 vinzen nachzuspüren und zu beobachten, wie jede
1041 4246 1876 4286 Landschaft ihm ihren Geist verleiht, Venedig seine
1041 4286 1876 4326 heitere, schaukelnde Ironie, die Toscana ihre Bil¬
1038 4326 1873 4366 dung, ihre kunstvolle Grazie, Rom seine vornehme
1041 4366 1876 4405 Würde, Neapel seine sybaritische Ueppigkeit, Sizi¬
1039 4406 1874 4444 lien, wo der Aetna grollt, seine Leidenschaft, seine
1037 4445 1344 4474 Bilder, seine Glut.
1092 4487 1874 4526 Man darf überhaupt diese einstrophigen Lieder
1040 4524 1873 4566 nicht einzeln werten, man muß sie in ihrer ganzen
1038 4558 1874 4608 erstaunlichen Fülle nehmen. Was ist eine Orangen¬
1036 4600 1873 4648 blüte, eine Kamelie? Ein Park voll leuchtenden
1038 4640 1874 4688 Rots, eine Luft, wo man mit jedem Atemzug be¬
1038 4679 1873 4727 rauschenden Balsam einzieht, das ist Italien. Lio¬
1036 4719 1873 4767 nardo Vigo hat in seiner Raccolta amplissima di
1036 4758 1873 4807 canti popolari siciliani gegen 6000 Lieder heraus¬
1040 4796 1874 4847 gegeben. Und wenn der unkritische Sammler da¬
1039 4838 1874 4887 bei eine Menge von unechtem Zeug, ja sogar Ueber¬
1040 4878 1874 4927 setzungen von Gedichten des Königs Ludwig l.
1036 4918 1874 4966 von Bayern ausgenommen hat, so glaube ich doch
1036 4959 1874 5006 nicht, daß sich manche Volksliedersammlung der
1042 4999 1874 5043 Welt mit diesem Schttz sizilianischer Poesie an Um¬
1044 5044 1338 5068 fang messen kann.
1093 5079 1874 5125 Das Volk hat auch die Kurzatmigkeit seines ein¬
1039 5119 1874 5165 strophigen Liedes dadurch zu verbessern gesucht,
1039 5160 1876 5205 daß es nachher Lieder ähnlichen Inhaltes zusam¬
1040 5200 1874 5245 menkoppelte. Da jedes Strambotto gleich gebaut
1039 5236 1875 5285 ist und die Melodie des einen also theoretisch auf
1039 5278 1873 5325 jedes andere anwendbar ist, steht nichts im Wege.
1040 5319 1874 5355 Es entstanden so Kränze von Liedern. Ein hüb¬
1911 4054 2751 4094 sches Beispiel dieses Koppelungsverfahrens bietet
1911 4091 2751 4134 das Lied Non mi chiamate più biondina bella. Nicht
1913 4128 2753 4175 nur war die zweite Strope ursprünglich ein Lied
1915 4169 2753 4214 für sich, und wird noch isoliert gesungen, sondern
1917 4211 2752 4253 auch die erste ist aus mehreren Bestandteilen zu¬
1911 4248 2753 4295 sammengesetzt. Die Reime bella, -isventurata, die
1914 4290 2752 4335 nachher nicht wiederkehren, zeigen, daß der Kopf
1913 4330 2751 4375 des Gedichtes einem fremden Liede entnommen
1911 4369 2752 4415 ist, wo sie ihre Entsprechung hatten. Auf bella
1917 4409 2753 4455 reimte der Name Isabella, und man hat ge¬
1911 4451 2751 4495 forscht, um welche unglückliche Dame dieses
1914 4489 2751 4534 Namens es sich wohl handeln könnte. Eine zu¬
1914 4530 2751 4573 fällige Notiz des zeitgenössischen Novellisten Saba¬
1911 4568 2751 4614 dino degli Arienti hat uns verraten, daß es Isa¬
1914 4611 2750 4654 bella, die Gemahlin Renés von Anjou ist, die im
1916 4649 2747 4693 14. Jahrhundert im Kampfe gegen Alfons von
1913 4694 2747 4731 Aragon Apulien und die Basilicata verlor, die in
1917 4726 2747 4774 dem betreffenden Liede erwähnt werden. Hat in
1914 4769 2746 4813 diesem Falle die Mosaikarbeit zu einem geradezu
1915 4809 2747 4853 schönen Text verholfen, so bringt die Koppelung oft
1911 4846 2748 4892 genug Inkongruität und Unklarheit hervor. Das
1914 4889 2748 4931 Lied Quattro cavai che trottano, das nach unserer
1911 4932 2743 4970 Entdeckung des Tessins während der Grenz¬
1913 4963 2747 5012 besetzung eine rasche Verbreitung über unser Land
1913 5009 2746 5051 erfuhr, führt sich mit vier Rößlein, welche traben,
1914 5047 2747 5092 ein, von denen nachher nicht mehr die Rede ist und
1913 5087 2747 5132 die nicht im geringsten zur Gondel des Kehrreims
1916 5127 2747 5172 passen wollen, in der mit der Lisetta gekost wird.
1917 5168 2749 5210 Die vier Rößlein habe ich im Trentino allein tra¬
1918 5211 2751 5247 bend wiedergefunden, wo es heißt: Quatro cavai
1914 5243 2748 5290 che trota — Soto la timonella: —  A rivederei, bela
1917 5287 2747 5330 — Quando che 'l ciel vorrà. Damit ist das Lied
1912 5327 2748 5361 aus, das auch nach einer ganz andern Melodie ge¬
2793 4063 3625 4098 sungen wird. Der Text ist verdorben, wie es leider
2793 4098 3627 4138 bei den ausgewanderten Liedern oft der Fall ist,
2794 4138 3627 4177 aber die Musik ist so packend, so einschmeichelnd,
2793 4178 3627 4216 daß man darüber hinwegsingt und der Schwächen
2794 4217 3248 4246 des Textes nicht inne wird.
2843 4258 3626 4297 Aber eine natürliche Art der Koppelung von
2793 4296 3626 4337 Strambotti, Rispetti oder Vilote ist in Italien
2792 4333 3627 4377 gegeben durch das Wettsingen. Abends, in der
2794 4373 3628 4417 Spinnstube, pflegte irgend einer ein Lied wie zur
2791 4414 3625 4457 Herausforderung hinzuwerfen, woraus sofort ein
2791 4453 3627 4497 Bube oder ein Mädchen die Fehde aufnahm und
2789 4493 3626 4537 mit einem Lied antwortete, das durch das erste in
2790 4534 3628 4577 Erinnerung gerufen wurde. Und der Sängerstreit
2790 4574 3628 4617 setzte sich fort, bis niemand mehr etwas einfiel.
2791 4614 3627 4657 Ebenso sangen die Schiffer einander von einer
2790 4654 3626 4697 Barke zur andern zu. Wenn ein Hirte oder eine
2787 4695 3626 4737 Hirtin auf ihrer Alp laut zu singen anhub, waren
2791 4732 3626 4777 alle sicher, von der benachbarten Weide oder von
2789 4773 3626 4817 jenseits des Tales die Antwort zu erhalten. Auch
2787 4813 3627 4857 eine Rast bei der Feldarbeit wurde mit Wett¬
2790 4853 3626 4897 singen ausgefüllt. Zwischen die Lieder pflegte man
2790 4893 3626 4937 das sogenannte Ritornell zu legen, welche Aufgabe
2791 4931 3625 4977 dem Chor zufiel, wenn einer da war. Dieser war
2789 4973 3623 5017 musikalisch schnell bewegt, während die Melodien
2791 5012 3623 5057 der Lieder gewöhnlich gedehnt und melancholisch
2792 5053 3623 5097 sind. Beim Wettsingen taten sich Sänger mit
2788 5093 3621 5127 gutem Gedächtnis hervor. So behauptete einer:
2843 5150 3514 5176 Die Ritornelle hab' ich gleich in Säcken:
2844 5184 3550 5211 Lüd' ich sie auf, ich könnte sie nicht tragen.
2844 5218 3549 5245 Die deinen kann ich in ein Sacktuch stecken.
2843 5263 3619 5296 Wer noch geschickter war, improvisierte gleich
2790 5297 3619 5336 sein Lied. Diese Kunst war in Italien sehr aus¬
2792 5334 3623 5366 gebildet, und die Namen vieler solcher Improvi¬
