4110 5551
132 133 972 200 Nr. 229 Erstes Blatt.
630 229 828 275 (Nr. 1153)
1599 125 2508 193 Der Zürcher Zeitung 133. Jahrgang.
2868 126 3878 192 Sonntag, 18. August 1912.
148 272 3878 688 Neue Zürcher Zeitung
233 706 1183 736 Abonnementspreise. 3 Monate 6 Monate 12 Monate
154 737 1148 769 Zürich wenn die Zeitung abgeholt wird . Fr. 5.50 10.— 20.—
189 765 1153 795 do. ins Haus gebracht . . . . „ 6.30 12.— 24.—
153 792 1153 823 Schweiz Bestellung beim Postbureau . . „ 6.50 12.50 25.—
211 822 1152 846 do. mit Bezug unter Privatadresse . „ 8.— 15.— 30.—
155 843 863 876 Deutschland Bestellung beim Postamt . Mk. 6.05
279 867 861 902 Oesterreich do. . Kr. 11.87
155 900 1151 928 Italien do. . Fr. 8.15 15.50 30.85
153 925 1152 953 Rußland do. . Rbl. 3.05 6.12 12.24
153 953 1155 978 Uebrige Staaten des Weltpostvereins . Fr. 12.50 24.— 48.—
1304 765 2715 909 und schweizerisches Handelsblatt.
3161 762 3602 789 Insertionspreise:
3011 794 3745 822 Per einspaltige Kolonelzeile oder deren Raum 25 Rp.,
3012 820 3739 850 Für Anzeigen ausländischen Ursprungs 40 Rp.,
3177 856 3583 880 Reklamen Fr. 1.— per Zeile.
2956 911 3803 942 Alleinige Annoncen-Regie: Rudolf Mosse
2955 948 3803 976 Annoncen-Expedition für alle schweizer, n. ausländ Zeitungen.
138 1010 3876 1046 Redaktion (Teleph. 650) und Druckerei (Teleph. 5788): Falkenstraße 11. <> Administration (Teleph. 2060) und Expedition (Teleph. 10163): Goethestraße 10. <> Inseraten-Annahme (Teleph. 660): Theaterstraße 5 / Goethestraße 10.
321 1132 861 1168 Zur Familienväterinitiative.
196 1201 1041 1241 Dr. M. S. Hin und her wird in der letzten
129 1242 1042 1286 Zeit gestritten über die Tragweite des Para¬
132 1287 1040 1330 graphen 126, Ziffer 4, des zürcherischen Einfüh¬
133 1331 1043 1376 rungsgesetzes zum Schweizerischen Zivilgesetz¬
131 1377 1043 1422 buch, welcher die Inventarisation des Vermö¬
135 1420 1040 1467 gens minderjähriger Kinder im Falle des Todes
138 1468 1044 1510 eines Elternteiles vorsieht und welcher auf dem
125 1511 1043 1556 Wege der Initiative wieder aufgehoben werden
127 1557 1041 1600 soll. Hüben und drüben scheint man sich über die
131 1601 1044 1644 durch den Paragraphen 126, Ziffer 4 1. c. ge¬
130 1645 1043 1688 schaffene Lage nicht im klaren zu sein, und es ist
129 1689 1041 1732 daher angezeigt, die bestehenden Mißverständ¬
129 1733 477 1766 nisse zu beseitigen.
199 1781 1044 1822 Bei der Auslegung eines Gesetzes ist nicht in
131 1823 1039 1867 erster Linie maßgebend die Absicht des Gesetz¬
127 1868 1040 1911 gebers, sondern Wortlaut und Inhalt der Ge¬
132 1912 1042 1955 setzesbestimmung. Wenn die Absicht des Gesetz¬
128 1956 1040 2000 gebers mit dem Wortlaut des Gesetzes nicht
127 2001 1038 2044 übereinstimmt, so bleibt nichts anderes übrig,
130 2045 1039 2090 als entweder das Gesetz so anzuwenden, wie es
131 2091 1040 2134 lautet, oder es zu ändern. Durch die in Frage
127 2135 1036 2178 stehende Gesetzesbestimmung wird ganz allge¬
132 2179 1039 2222 mein ein „Inventar" vorgeschrieben. Das Gesetz
131 2223 1037 2267 erklärt nicht einmal ausdrücklich, daß sich das
130 2268 1038 2313 Inventar beschränke auf das Vermögen der zu
129 2314 1036 2356 bevormundenden Personen oder der Minderjäh¬
129 2357 1037 2401 rigen, deren vermögensrechtliche Interessen ge¬
130 2402 1036 2447 wahrt werden sollen. Das ist an sich ein Man¬
132 2448 1036 2492 gel, denn eine Auslegung in dem Sinne, daß
131 2493 1035 2536 nur das Vermögen der schutzbedürftigen Per¬
129 2537 1035 2581 sonen festgestellt werden solle, ist keineswegs
129 2582 444 2617 selbstverständlich.
192 2632 1036 2670 Der Wortlaut des Gesetzes räumt den Behör¬
126 2671 1033 2714 den ganz allgemein das Recht ein, ein „Inven¬
126 2715 1032 2758 tar" aufzunehmen. Unter diesen Umständen ist
128 2759 1034 2802 nicht ausgeschlossen, daß trotz allen gegenteiligen
126 2803 1035 2846 Versicherungen nach und nach aus diesem Rechte
127 2847 1035 2890 die Pflicht der Behörde gefolgert werde, im
128 2891 1036 2934 Falle des Todes des einen Elternteiles das Ver¬
126 2935 1028 2978 mögen beider Eltern beim Vorhandensein min¬
127 2979 786 3012 derjähriger Kinder zu inventieren.
188 3029 1030 3069 Unsere Steuerbehörden haben in letzter Zeit
125 3070 1031 3113 die sonderbarsten Gesetzesauslegungen vorge¬
129 3114 1032 3158 nommen, um dem Fiskus zu vermehrten
127 3159 1036 3202 Steuereinnahmen zu verhelfen. Ob die Macht
126 3203 1031 3248 des Bundesgerichtes im vorliegenden Falle so
125 3249 1031 3292 weit reichen würde, eine angeblich nicht beabsich¬
124 3293 1031 3337 tigte Ausdehnung des Inventarisationsrechtes
125 3338 1033 3383 zu verhindern, erscheint sehr fraglich. Man denke
125 3380 1031 3429 an die beruhigenden Erklärungen, welche seiner¬
125 3426 1034 3473 zeit bei Einführung der Liegenschaftensteuer ge¬
122 3470 1031 3519 geben wurden und wonach die Taxation für diese
124 3515 1031 3564 Steuer nicht nur keinen Einfluß auf die Ver¬
123 3558 1033 3610 mögenssteuer ausüben, sondern sogar streng dis¬
124 3608 1031 3654 kret behandelt werden sollte. Heute muß jeder
124 3650 1032 3700 vor die Steuerkommission geladene Grund¬
123 3692 1034 3744 besitzer die unangenehme Erfahrung machen, daß
123 3739 1031 3788 ihm die Taxation seines Grundbesitzes, welche er
119 3780 1031 3834 wegen des verhältnismäßig geringen Betrages
119 3828 1035 3878 der Liegenschaftensteuer anerkannt hatte, vorge¬
118 3869 1028 3921 halten und zur Grundlage für die Feststellung
119 3921 736 3952 seines Vermögens gemacht wird.
187 3961 1028 4000 Nehmen wir aber an, Paragraph 126, Zif¬
1087 1108 1994 1150 fer 4 sehe wirklich nur die Aufnahme eines In¬
1081 1151 1991 1195 ventars über das Vermögen der minderjährigen
1083 1196 1993 1238 Kinder vor. Auch in iesem Falle wäre der Be¬
1083 1234 1992 1284 hörde nicht nur das Recht gewährt, sondern ge¬
1083 1285 1993 1328 radezu die Pflicht auferlegt, das Vermögen des
1082 1329 1992 1373 überlebenden Elternteiles zu inventieren. Dabei
1085 1371 1994 1418 muß freilich die Einschränkung gemacht werden,
1082 1414 1994 1464 daß dies nur zutrifft in denjenigen Fällen, wo
1083 1463 1992 1508 die Ehe nach dem 1. Januar 1912 eingegangen
1080 1504 1989 1553 wurde oder wo die Ehegatten ihre güterrecht¬
1082 1554 1989 1597 lichen Beziehungen durch ausdrückliche Erklä¬
1083 1598 1992 1642 rung dem neuen Rechte unterstellt haben. Zieht
1085 1643 1992 1686 man in Erwägung, was zum Vermögen der
1083 1687 1992 1731 Minderjährigen zu rechnen ist, so ist der Art. 214
1084 1732 1990 1776 des Zivilgesetzbuches zu beachten, welcher von
1083 1777 1991 1821 dem während der Dauer der Ehe gemachten
1086 1822 1990 1865 Vorschlag handelt und welcher der Ehefrau
1085 1866 1990 1911 einen Drittel dieses Vorschlages zuspricht. Zum
1081 1912 1986 1956 Nachlaß der Ehefrau gehört bei denjenigen
1082 1957 1988 2001 Ehen, welche in güterrechtlicher Beziehung dem
1085 2002 1991 2045 neuen Rechte unterstehen, auch der Anteil an
1083 2046 1987 2090 dem während der Dauer der Ehe erzielten Vor¬
1078 2091 1984 2134 schlag. Dieser Anteil geht beim Ableben der
1080 2135 1985 2180 Mutter auf deren Kinder als Erben über und
1079 2181 1985 2225 bildet daher einen Bestandteil ihres Vermögens.
1083 2226 1988 2269 Wenn die Vormundschaftsbehörden nach Para¬
1080 2270 1984 2314 graph 126 Ziffer 4 die Pflicht haben, das Ver¬
1079 2315 1983 2358 mögen der Kinder festzustellen, so müssen sie, um
1078 2359 1982 2402 es tun zu können, den der Mutter zukommenden
1079 2403 1983 2448 Anteil am Vorschlag berechnen. Wie das ohne
1076 2449 1980 2494 Inventarisation des Vermögens des überleben¬
1074 2495 1978 2538 den Vaters möglich sei, wäre interessant zu ver¬
1078 2539 1982 2582 nehmen. Es müßte sogar nicht nur die Höhe
1076 2583 1982 2626 des Vermögens des Vaters im Zeitpunkt des
1074 2627 1976 2671 Todes der Ehefrau festgestellt werden, sondern
1077 2672 1982 2714 es müßten auch Erhebungen über den Umfang
1076 2715 1983 2758 dieses Vermögens zur Zeit des Eheabschlusses
1078 2759 1375 2792 gemacht werden.
1139 2810 1984 2849 Durch den Paragraph 126, Ziffer 4, wird
1079 2850 1985 2893 also der Vormundschaftsbehörde, wenn sie sich
1074 2890 1986 2939 ihrer Aufgabe gewissenhaft entledigen will, die
1076 2937 1982 2982 Pflicht auferlegt, das Vermögen des Vaters zur
1075 2983 1979 3025 Feststellung des den Kindern zukommenden An¬
1074 3023 1981 3070 teils am Vorschlag von Beginn der Ehe an auf
1071 3069 1978 3116 das Genaueste zu untersuchen. Welche Folgen
1071 3114 1974 3160 diese Rechtslage haben würde, braucht nicht wei¬
1071 3161 1687 3194 ter auseinandergesetzt zu werden.
1136 3208 1978 3251 Soviel ist sicher, daß der Art. 553, Abs. 3 des
1071 3248 1978 3296 Zivilgesetzbuches, welcher den Kantonen das
1072 3295 1982 3340 Recht einräumt, die Aufnahme eines Inventars
1071 3336 1975 3385 auch „für weitere Fälle" vorzuschreiben, einen so
1071 3382 1982 3431 weitgehenden Eingriff der Behörden in die per¬
1073 3428 1978 3475 sönlichen Verhältnisse volljähriger und hand¬
1071 3473 1912 3510 lungsfähiger Personen nicht beabsichtigt hat.
1260 3559 1801 3594 Zu Poincarés Rußlandreise.
1570 3622 1948 3647 < Prais, 16. Aug.
1140 3660 1985 3705 Poincaré, der schlagfertige Advokat, der
1074 3703 1983 3750 brillante Redner und Politiker, der geistvolle
1067 3748 1984 3796 Schriftsteller und Akademiker — er darf sich mit
1071 3791 1983 3842 einem Kokowzew unterhalten, welche Begeben¬
1070 3837 1984 3886 heit! So schrieb ein spöttischer Feuilletonist zur
1071 3881 1985 3931 russischen Entrevue. Man hat auch in Frank¬
1070 3923 1982 3976 reich das Augenmaß für die tatsächliche Bedeu¬
1069 3970 1982 4009 tung des Ereignisses nicht völlig verloren und
2034 1110 2935 1148 die Uebertreibungen, die dabei mit unterliefen,
2037 1149 2936 1192 sind zumeist aufs Konto gallischer Ueberschweng¬
2035 1193 2934 1237 lichkeit zu setzen. Anderseits muß gesagt wer¬
2034 1238 2934 1282 den, daß ein Teil der deutschen Presse der intel¬
2035 1283 2935 1326 lektuellen und moralischen Autorität des gegen¬
2030 1327 2934 1370 wärtigen französischen Ministerpräsidenten kaum
2034 1371 2935 1415 ganz gerecht wird, wenn sie seiner Rußlandreise
2034 1416 2936 1459 eine größere politische Tragweite, absprechen
2032 1460 2937 1504 will. Poincaré ist nicht der Mann, der sich zur
2033 1505 2937 1549 bloßen Parade hergibt und er hat in seiner
2034 1550 2936 1594 glänzenden Karriere zu oft bewiesen, daß er
2032 1595 2935 1640 ganze Arbeit leistet, wo immer man ihn hinstellt,
2034 1641 2936 1685 sei es am Barreau, sei es auf der Tribüne des
2032 1686 2934 1729 Parlaments, als Finanzminister oder als Di¬
2034 1730 2935 1775 plomat. Dilettantismus liegt seinem Geiste
2034 1776 2933 1819 fern. Daher das tiefwurzelnde Vertrauen, das
2031 1820 2931 1864 Frankreich ihm entgegenbringt und das unwill¬
2033 1865 2929 1909 kürlich auf die Beziehungen zum Ausland zu¬
2031 1910 2929 1954 rückwirkt. Als Interpreten bestehender Be¬
2029 1955 2927 2000 sorgnisse und leiser Zweifel hat ihn sein Land
2030 2001 2928 2044 zu der „befreundeten und verbündeten Nation"
2031 2045 2929 2089 gesandt, nachdem die Einladung von dieser selbst
2030 2090 2929 2135 ausgegangen war. Der „Temps" hat das von
2028 2136 2927 2179 Ribot zuerst ausgesprochene Wort „von der nicht
2028 2180 2926 2224 immer genügend praktizierten Allianz" in seine
2026 2225 2926 2269 Leitartikel aufgenommen und auf die natürliche
2024 2270 2923 2313 Verschiedenheit des demokratisch-französischen
2025 2314 2925 2358 und aristokratisch-russischen Milieus hingewie¬
2022 2359 2925 2403 sen, das den Anlaß zu dem Zwischenfall Louis
2025 2404 2098 2437 gab.
2086 2454 2926 2493 Vor allem der Hinblick auf das enge Freund¬
2024 2494 2927 2537 schaftsbündnis zwischen Deutschland und Oester¬
2024 2538 2927 2581 reich ließ eine ähnliche Intimität, zwischen
2023 2582 2929 2625 Frankreich und Rußland wünschenswert erschei¬
2025 2626 2931 2670 nen, um so mehr, als die nicht ganz zuverlässige
2025 2671 2933 2714 Entente cordiale mit England für den Mangel
2029 2715 2934 2759 keinen hinreichenden Ersatz zu bieten vermochte.
2025 2760 2932 2804 Frankreich weiß längst, daß Rußland nicht Hand
2027 2805 2934 2848 zur Wiedereroberung von Elsaß-Lothringen bie¬
2028 2849 2934 2892 ten wird. Es sind außereuropäische Fragen, die
2026 2893 2932 2936 heute die Politiker beschäftigen. Sie aber können
2024 2937 2929 2980 eine befriedigende Lösung nur auf Grund des
2024 2981 2928 3024 Prinzips des europäischen Gleichgewichtes fin¬
2024 3025 2930 3069 den. Die beiden Bündnissysteme, die sich die
2023 3070 2929 3113 Wage halten sollen, bergen heterogene Elemente
2022 3114 2925 3158 in sich; das Verhältnis von Oesterreich zu Ita¬
2023 3159 2927 3204 lien innerhalb des Dreibundes findet beinahe
2021 3205 2925 3249 sein Spiegelbild in dem Rußlands zu England.
2022 3250 2926 3294 Man brauchte, um sich dessen zu vergewissern,
2023 3295 2926 3338 dieser Tage nur einen Blick in die englische
2021 3339 2926 3384 Presse zu tun. Frankreich spielt ähnlich wie
2021 3385 2926 3429 Deutschland die Rolle des Mittlers; um sie er¬
2022 3430 2925 3472 folgreich durchführen zu können, stellt sich ihm
2024 3473 2928 3519 aber die Konsolidierung seines Bündnisses mit
2022 3520 2928 3563 Rußland als die wichtigste Aufgabe dar, weil sie
2024 3564 2929 3610 die Basis des Systems bildet. Man darf über¬
2026 3611 2928 3655 zeugt sein, daß Poincaré sein ganzes diplomati¬
2025 3656 2933 3699 sches Können, die Gaben seiner persönlichen
2024 3700 2928 3744 Ueberzeugungskraft in den Dienst dieses Ge¬
2023 3745 2397 3778 dankens gestellt hat.
2089 3806 2930 3845 Das ist die „persönliche Fühlung", welche
2028 3846 2931 3890 die öffentliche Meinung von dieser Reise erwar¬
2027 3891 2932 3935 tet und die vielleicht bedeutungsvoller ist als die
2028 3936 2931 3979 formelle Einigung über die Orientpolitik und
2024 3980 2931 4015 die chinesische Anleihe, denen zweifellos die aus¬
2974 1110 3886 1153 gezeichnete Sachkenntnis des französischen
2973 1150 3886 1198 Staatsmannes, der auf diesem Gebiete Spezia¬
2974 1196 3885 1243 list ist, zugute kam. Sie wird ihre Wirkung
2974 1240 3885 1288 äußern, sobald die Interventionsfrage in die
2978 1282 3883 1333 innere oder äußere Politik der Türkei, die Dar¬
2979 1329 3736 1366 danellenfrage zur Entscheidung kommen.
3036 1378 3883 1422 Der Reise Poincarés friedensfeindliche Mo¬
2979 1418 3883 1466 tive zu unterschieben, wird einem unparteiischen
2976 1462 3884 1511 Zuschauer kaum einfallen. Die unerfreuliche
2975 1507 3885 1556 Preßhetze diesseits und jenseits der Vogesen, die
2975 1551 3883 1601 sie einleitete, war ihm wohl selbst am peinlich¬
2979 1598 3884 1644 sten. Es ist ein gutes Zeichen, wenn die „Hu¬
2980 1645 3886 1689 manité" dem derzeitigen Lenker der französischen
2976 1686 3885 1736 Politik das Zeugnis ausstellt, daß er stets den
2978 1734 3884 1781 Chauvinisten die Stirn geboten und in der Füh¬
2974 1777 3884 1826 rung der Diplomatie den Mut zum bon sens
2973 1823 3881 1871 besessen habe. Ein freundliches Zusammentreffen
2973 1867 3880 1917 war es auch, daß seinem Schiffe von einem deut¬
2975 1914 3879 1961 schen Geschwader auf der Höhe von Mecklenburg
2974 1957 3879 2007 Ehren erwiesen wurden, für die sich die Fran¬
2973 2002 3882 2051 zosen sehr empfänglich zeigten. Das Bleibende
2970 2047 3881 2096 an Poincarés Rußlandreise wird zweifellos die
2966 2092 3882 2141 Herstellung einer klareren Situation in Europa
2967 2138 3883 2185 sein und dafür kann ihm auch der Gegner Dank
2966 2183 3091 2217 wissen.
3026 2231 3880 2277 Kaum je zuvor ist der Gedanke des oben ent¬
2965 2272 3882 2322 wickelten Grundprinzips der beiden Bündnis¬
2965 2319 3881 2366 systeme von der europäischen Presse so gut ver¬
2969 2362 3882 2412 standen worden. Während man sie bisher vor¬
2969 2408 3881 2457 wiegend als Kriegsinstrumente betrachtete, be¬
2968 2453 3882 2501 ginnt man die ihnen innewohnenden Kräfte und
2971 2498 3885 2546 Garantien friedlicher Entwicklung zu erkennen
2968 2542 3885 2591 und zu schätzen. Und so wie im Innern der Staa¬
2969 2587 3885 2636 ten die Politiker entgegengesetzter Parteien und
2971 2632 3887 2680 Parteigruppen gut Freund sein und sich gemein¬
2974 2675 3887 2725 samer Interessen bewußt werden können, mag
2974 2720 3890 2770 auch Rußland sein gutes Einvernehmen mit dem
2972 2764 3890 2815 deutschen Nachbar, Italien seine Sympathie für
2975 2811 3889 2860 das stammverwandte Frankreich pflegen. Des¬
2977 2853 3888 2904 wegen gleich Mißtrauen zu zeigen und von un¬
2970 2901 3888 2949 zuverlässigen Bundesgenossen zu sprechen, zeugt
2973 2943 3887 2994 nicht von Verständnis für die politischen und
2970 2990 3885 3038 wirtschaftlichen Realitäten, die kein Pergament
2969 3032 3883 3083 aus der Welt schaffen kann. Anläßlich der Be¬
2970 3079 3884 3128 sprechung von Churchills Flottenrede hat der
2968 3123 3883 3174 „Temps" die von ihm selbst bisher nicht immer
2965 3168 3882 3218 beachtete These aufgestellt: die Frage der Rü¬
2965 3212 3882 3263 stungen darf nicht in unmittelbaren Zusammen¬
2965 3258 3882 3308 hang mit der Bündnispolitik gebracht werden.
2967 3303 3879 3353 Erstere ist eine rein nationale Angelegenheit;
2968 3349 3880 3398 erst wenn die Staaten sich stark fühlen, sind sie
2970 3392 3881 3443 bereit, sich gegenseitig zu versprechen, ihre Kraft
2970 3438 3879 3488 nicht in den Dienst einer streitsüchtigen Sonder¬
2965 3483 3878 3533 politik zu stellen. Mit andern Worten: ver¬
2969 3527 3878 3579 mehrte Rüstungen zu Land oder zur See brau¬
2965 3574 3881 3624 chen nicht an sich schon als ein Akt der Feindselig¬
2970 3621 3882 3670 keit aufgefaßt zu werden; auch sie können dem
2965 3664 3883 3715 europäischen Gleichgewicht und damit dem Welt¬
2967 3714 3259 3749 frieden dienen.
3209 3798 3637 3845 Kantone.
3237 3872 3613 3898 Appenzell I.-Rh.
3024 3907 3883 3950 Säntisbahn. (Korr.) Die Kantonsregierung
2972 3946 3883 3991 hat nun über den Winterbetrieb auf der Strecke
2972 3988 3884 4022 Appenzell-Wasserauen der Säntisbahn Beschluß ge¬
392 4083 764 4130 Feuilleton.
404 4197 762 4230 Kunstchronik
312 4255 844 4281 Im Zürcher Kunsthaus.
177 4300 1030 4343 T. Es ist eine stille, ernste, schwerblütige Kunst,
118 4337 1028 4385 die Hans Brühlmanns. Man spürt einen unge¬
115 4375 1028 4424 wöhnlichen Menschen hinter diesen Arbeiten, einen
120 4419 1027 4464 Künstler, den es zum Großen, Wesentlichen, Kern¬
120 4457 1030 4504 haften zog; dem alles Spielerische und Niedliche
117 4499 1027 4545 alles nach dem großen Publikum und dem billigen
118 4538 1027 4585 Geschmack Blinzeln ein Greuel war. Italien und
115 4580 1028 4625 Paris hatten ihm weite Perspekliven voll fruchtbarster
120 4621 1029 4665 Anregungen eröffnet. Wohl mit sein schönstes Glück
117 4659 1026 4706 war es dann, daß er in Stuttgart mit einem Archi¬
119 4695 1024 4748 tekten großen Stils, mit Theodor Fischer, in enge Be¬
118 4738 1027 4787 rührung zu treten Gelegenheit fand: hier lernte er
119 4778 1026 4826 einen Meister des großen, einfachen, rhythmisch be¬
121 4820 1028 4869 lebten Schaffens kennen; einen, der den feinsten Sinn
114 4855 1027 4910 besaß für den Zusammenhang und Zusammenklang
115 4895 1027 4952 der Künste; mit einem Wort monumental emp¬
114 4941 1024 4990 fand und gestaltete. Die Lehre fiel auf guten Boden
115 4978 1029 5032 bei Brühlmann; die Wandmalereien für die Pfullin¬
114 5018 1028 5072 ger Hallen, Fischers Schöpfung, brachte den Ausweis.
114 5059 1027 5112 In unserm Kunsthaus sollte er, gereift in seinem for¬
114 5098 1025 5154 malen Können und in seinem farbigen Empfinden,
114 5139 1026 5193 eine weitere Probe einer der Architektur stilvoll sich
114 5183 1025 5232 einordnenden Maerei zeigen. Die großen weiblichen
114 5222 1025 5272 Alte, die im Herbst 1909 entstanden sind, wie z. B.
113 5262 1025 5313 das Mädchen mit Aepfeln, die Schlafende und der
115 5304 1024 5353 sitzende Akt Nr. 8 in unserer Kollektion, sie stehen mit
111 5343 1024 5393 dieser ihm übertragenen Aufgabe für Zürich zusam¬
114 5383 1025 5425 men und wecken keine geringen Hoffnungen für das
1073 4064 1981 4117 Werk, das hätte entstehen sollen, aber durch die un¬
1072 4105 1982 4156 heilbare Krankheit und den Tod Brühlmanns ver¬
1071 4147 1982 4194 eitelt worden ist. Es sind durchgehend groß gesehene
1073 4185 1980 4233 Formen, und stark in das Gefühl des Künstlers für
1069 4225 1980 4273 den klaren, organischen Zusammenhang des Körpers.
1073 4266 1980 4314 Zugleich geht er überall darauf aus, farbige Reize in
1075 4306 1978 4353 sein Werk hineinzutragen. Hier macht sich der Ein¬
1072 4343 1978 4395 fluß von Paris geltend. Es lebte in Brühlmann ein
1066 4385 1979 4435 Bedürfnis nach malerischer Bereicherung, nach Mit¬
1073 4422 1979 4477 teln, den Fleischton in seiner Eigenart fühlbar zu
1075 4466 1980 4517 machen durch die Wahl der umgebenden farbigen
1068 4504 1977 4556 Akzidentien, durch einen Teppich, durch kühles wei¬
1070 4550 1978 4594 ßes Linnen, durch Früchte. Besonders reich im Be¬
1069 4584 1979 4636 wegungs-Motiv und glücklich farbig belebt ist die
1067 4626 1979 4675 Schlafende (Nr. 14), die ich an erste Stelle unter den
1067 4668 1975 4714 Aktfiguren (die meist doch schon so merkwürdig über
1070 4706 1977 4757 das Studienmäßige der Aktmalerei hinausgehoben,
1068 4747 1977 4797 hinaufgesteigert sind) rücken würde. Malerisch noch
1066 4789 1975 4837 weicher, mürber, man möchte freilich auch sagen: um
1066 4829 1975 4877 einen Grad naturalistischer ist die Aktstudie (von 1907)
1069 4867 1977 4918 der Sitzenden, die ihren Kopf auf die Stuhllehne
1066 4908 1976 4957 stützt; sie zeigt, auf welcher Basis soliden Studiums
1066 4954 1978 4996 der später aufs Einfachere, Größere, Flächenhaftere
1069 4987 1976 5039 gerichtete Stil des Künstlers sich aufbaut. Nicht ver¬
1067 5033 1975 5079 gessen sei übrigens noch die im Négligé bei einem
1067 5073 1976 5119 leinen eisernen Ofen und einer Schüssel sihzende
1065 5112 1974 5160 Frau (Nr. 20); hier sind die Karnation, das Linnen¬
1069 5154 1977 5201 hemd, das ganze helle kühlfarbige Milieu zu einer
1068 5195 1974 5238 lichten Harmonie von wahrhaft delikaler Schönheit
1067 5239 1227 5264 gestimmt.
1123 5274 1976 5324 Neben den Einzelfiguren in lebensgroßem Format
1067 5314 1976 5365 finden wir dann eine Anzahl kleinerer Kompositions¬
1069 5356 1976 5405 studien: ganz im Sinne von Marées ein Gruppieren
1064 5397 1977 5433 nackter Körper in der Landschaft, ohne allen bestimmten
2024 4080 2932 4122 Sachinhalt, bloß die wohlige Existenz einer aus der
2025 4116 2931 4163 Alltäglichkeit und ihren Bedürfnissen losgelösten, ins
2023 4157 2929 4203 Große stilisierten Menschheit, ein Zusammensein nach
2022 4194 2930 4243 höhern Gesetzen, eines Natur und Menschen verbin¬
2026 4235 2928 4285 denden innern Rhythmus. Es sei etwa hingewiesen
2022 4274 2929 4324 auf Nr. 4, ber auf Nr. 24, wo die zwei Akte mit
2023 4319 2927 4362 den roten Stämmchen in der satten blauen Landschaft
2024 4358 2801 4393 farbig ungemein schön zusammengesehen sind.
2078 4400 2927 4445 Ein paar Porträte sind da. Das Individuelle hat
2022 4437 2928 4485 Brühlmann wohl immer weniger interessiert als das
2019 4480 2924 4523 Typische. Abgesehen von dem farbig schönen Porträt
2025 4517 2925 4563 der Frau seien die zwei männlichen Porträte im
2020 4559 2924 4602 Oktogonraum hervorgehoben; sie sind aus der Farbe
2018 4595 2599 4633 heraus kühn und stark aufgebaut.
2077 4641 2924 4682 Ein paar rein malerisch feine, kleine figürliche
2016 4676 2923 4722 Sachen seien noch genannt: der liegende kleine Akt
2017 4717 2923 4762 Nr. 88; der weibliche Akt mit blauer Vase (Nr. 68),
2019 4758 2923 4803 der weibliche Akt mit Hund (Nr. 60), wo man beinahe
2016 4796 2923 4844 an modernste geistreiche Franzosen wie Bonnard den¬
2016 4838 2830 4874 ken möchte; die Dame im Pelzmantel (Nr. 26).
2066 4881 2920 4923 Die Landschaft hat Brühlmann auch gepflegt;
2013 4919 2925 4966 aber die Landschaftsmalerei spielte doch wohl nur eine
2015 4956 2926 5006 sekundäre Rolle bei ihm. Er hat in den letzten Zeit,
2017 4998 2926 5047 wohl nicht ohne Einfluß von van Gogh her, eine
2014 5035 2926 5090 knappe, wesenhafte Ausdrucksform für die farbige Na¬
2013 5078 2927 5130 turvision gesucht. Man sieht das auch bei den Zeich¬
2015 5120 2928 5171 nungen, die noch im Frühjahr 1910 in Bättis ent¬
2017 5162 2929 5212 standen sind. Damit soll aber z. B. das Verdienst der
2019 5202 2931 5253 großen Filderlandschaft (von 1905) nicht geleugnet
2018 5242 2932 5292 sein: sie hat eine freie, sonnige Weite, die das Auge
2017 5288 2358 5319 mit Behagen erfüllt.
2071 5324 2932 5376 Vielleicht am stärksten tritt die malerische Potenz
2017 5365 2933 5417 in Brühlmann bei seinen Stilleben zutage. Er hat
2017 5407 2931 5447 Cêzanne tüchtig sudiert und verleugnet das nicht.
2974 4090 3881 4130 Seine kraftvoll gefunden Fruchtstücke sind ein
2969 4128 3880 4170 sprechender Beleg dafür. Die Blumenstücke, gerne in
2973 4169 3879 4209 Verbindung mit einem farbigen Tuch, entwickeln eine
2974 4208 3878 4249 saftige Farbigkeit, und wieder weist auf die Lehre des
2972 4247 3877 4289 großen Franzosen die kraftvolle Art des Zusammen¬
2974 4286 3877 4330 fassens der Farbenkomplexe zu starker Intensität,
2972 4327 3876 4369 die Rücksicht auf die malerische Gesamtwirkung.
2971 4367 3876 4409 Sachen wie die Nummern 29, 37, 39, 52, 53, 54, 63
2970 4405 3876 4449 — um nur beispielshalber einige dieser Stilleben
2968 4447 3874 4487 herauszugreifen — sind Leistungen von höchst statt¬
2970 4488 3876 4527 licher malerischer Kultur, die Kunstliebhaber wohl
2969 4528 3875 4567 reizen dürften. Schade, daß die Preise im Durch¬
2969 4568 3424 4597 schnitt so hoch gestellt sind.
3020 4610 3876 4652 Unter den figürlichen Zeichnungen sind ent¬
2964 4647 3878 4692 zückend rasch und sicher hingeschriebene Studien von
2965 4689 3399 4721 echt künstlerischer Faktur.
3020 4732 3878 4774 Des Künstlers Gattin, Frau Nina Brühl¬
2964 4768 3879 4815 mann, ist mit einer Anzahl ihrer ausgezeichneten,
2964 4809 3879 4855 charaktervollen Schmucksachen vertreten, wie wir
2968 4850 3880 4896 deren schon früher in unserm Kunsthaus gesehen
2964 4889 3882 4937 haben. Ketten und Broschen von massivem, schwerem
2967 4931 3884 4978 Gefüge sind in einer Vitrine des getäferten linken
2964 4972 3884 5019 Eingangsraums zur Ausstellung bereinigt. Die Er¬
2966 5011 3884 5060 zeugnisse der Künstlerin haben mit den Gemälden
2969 5054 3886 5099 ihres Gatten den Zug zur ernsten, einfachen Größe
2969 5099 3114 5129 gemein.
3220 5172 3640 5201 Kleine Chronik.
3027 5214 3888 5257 — Aus Mailand wird uns vom 12. August
2970 5255 3890 5296 geschrieben: Die reiche Tätigkeit der alten Meister
2973 5297 3889 5336 der italienischen Malerei erstreckte sich nicht nur
2973 5336 3888 5375 auf die großen Städte, in denen mächtige Herrscher
2973 5375 3888 5416 oder freigebige Aristokraten die bildenden Künste
2971 5413 3887 5450 beschirmten, auch in so manchem Dörfchen Italiens,
