2637 3484
222 42 490 83 Pränumeration.

156 109 501 144 Jährlich.............8
521 111 562 141 Fr.

156 142 503 179 Halbjährlich..........4
523 145 564 176 Fr.

2003 50 2360 92 Insertions-Gebühren.

1983 116 2035 144 Die
2052 116 2114 144 Zeile
2131 115 2144 140 6
2162 116 2389 150 Zürcher-Kreuzer.

1984 151 2068 181 Briefe
2088 150 2136 178 und
2154 150 2242 179 Gelder
2267 153 2389 182 franco.

337 190 828 372 Neue
923 205 2206 425 Zürcher-Zeitung.

209 488 474 532 Sonnabend

1174 490 1282 538 Nro.
1319 490 1408 537 17.

783 591 886 626 (Druck
913 591 963 621 und
993 591 1090 628 Verlag
1116 593 1167 622 von
1193 593 1307 628 Orell,
1336 592 1438 627 Füßli
1466 593 1516 622 und
1543 594 1777 632 Compagnie.)

1861 498 1933 533 den
1949 494 2017 542 28.
2017 494 2214 542 Februar
2245 499 2375 541 1829.

213 694 403 721 Schweizerische
418 695 646 724 Eidgenossenschaft
669 697 871 724 (Kreisschreiben
889 699 931 721 des
951 698 1057 721 Vororts
1081 697 1128 720 und
1148 699 1189 720 der
1211 697 1350 724 Regierung
1371 698 1413 719 des
1429 697 1540 720 Standes
1564 700 1660 725 Luzern.
1690 700 1894 728 Verhandlungen
1911 702 1950 724 der
1966 701 2055 728 großen
2071 703 2148 727 Räthe
2170 703 2210 727 der
2226 705 2336 729 Kantone
2352 705 2398 729 St.

242 724 331 747 Gallen
348 725 396 746 und
412 725 508 751 Luzern.
545 727 672 753 Rechnung
696 727 738 749 der
752 726 971 752 Schuldentilgung
989 726 1036 748 des
1045 726 1153 749 Kantons
1170 726 1276 752 Aargau.
1315 725 1494 749 Verschiedenes
1510 728 1553 749 aus
1569 727 1612 749 den
1628 730 1762 751 Kantonen.
1799 729 1891 754 Zürich,
1918 731 2006 755 Luzern
2029 731 2074 752 und
2096 731 2263 759 Neuenburg).
2306 732 2397 758 Türkey

241 752 370 775 (Gerüchte
386 757 431 775 von
448 755 543 781 einigen
558 760 598 777 am
612 755 707 779 Balkan
723 759 881 779 errungenen
895 754 1138 781 Kriegsvorteilen).
1169 754 1262 778 Italien
1278 754 1341 780 (aus
1341 754 1463 780 Bologna
1474 756 1520 777 und
1537 755 1631 779 Turin).
1659 756 1813 781 Deutschland
1827 757 2064 786 (braunschweigische
2080 758 2245 786 Streitsache).
2279 760 2398 787 Großbri¬

242 779 341 802 tannien
357 780 495 809 (Cannings
512 782 605 806 Trauer
620 782 664 807 auf
678 783 729 805 dem
745 782 888 808 Todtbette).
918 782 1027 805 Neuestes
1044 782 1099 806 (aut
1115 782 1332 807 Konstaninopel).

381 862 661 900 Schweizerische
690 862 1041 899 Eidgenossenschaft.

207 904 296 936 Durch
311 905 512 939 Kreisschreiben
531 914 589 936 vom
611 909 655 935 19.
671 906 785 941 Februar
804 904 946 940 übermacht
964 906 1007 935 der
1020 905 1200 941 Geheimerath
1217 905 1261 934 des

157 948 325 979 Vororts
325 948 432 979 Bern
459 949 504 980 den
526 951 708 988 Regierungen
728 950 771 978 der
789 949 910 981 Kantone
930 950 965 979 die
987 950 1061 982 durch
1081 950 1150 978 einen
1171 950 1262 980 Eilbo¬

156 994 199 1021 ten
220 991 261 1020 der
281 992 430 1022 Nuntiatur
449 998 499 1023 aus
520 995 616 1030 Luzern
637 995 762 1030 erhaltene
785 994 922 1029 Nachricht
942 1000 992 1023 von
1012 993 1067 1021 dem
1087 993 1199 1023 Ableben
1219 991 1275 1021 des

157 1035 287 1070 Pabstes,
307 1036 398 1067 welche
417 1035 496 1070 durch
516 1037 554 1067 ein
574 1045 615 1066 am
637 1043 685 1066 11.
706 1036 822 1071 Februar
842 1038 869 1065 in
887 1037 957 1066 Rom
977 1044 1034 1065 vom
1054 1036 1202 1072 Kollegium
1221 1036 1262 1065 der

157 1079 300 1109 Kardinäle
328 1080 503 1116 ausgestelltes
538 1081 679 1114 Schreiben
706 1080 749 1108 der
779 1079 1025 1118 Eidgenossenschaft
1058 1079 1122 1108 kund
1151 1082 1261 1116 gemacht

157 1122 233 1150 wird.
273 1123 331 1151 Mit
351 1123 405 1151 dem
424 1123 480 1158 Zoll
501 1124 544 1152 der
561 1124 769 1161 Huldigungen,
801 1122 839 1152 die
867 1123 912 1151 den
940 1123 1108 1155 Verdiensten
1135 1122 1177 1152 des
1207 1131 1262 1153 ver¬

155 1165 264 1200 ewigten
283 1167 403 1201 Hauptes
421 1165 464 1194 der
483 1164 616 1200 römischen
635 1167 727 1200 Kirche
747 1164 893 1202 gebühren,
915 1168 958 1201 hat
978 1166 1020 1195 der
1034 1168 1136 1196 Vorort
1154 1168 1189 1196 im
1205 1169 1261 1197 Na¬

154 1215 213 1235 men
232 1208 275 1235 der
294 1208 403 1238 Stande
422 1209 486 1237 diese
503 1210 708 1245 Kundmachung
728 1208 880 1245 ungesäumt
897 1210 1037 1239 erwiedert.
1060 1225 1095 1231 —
1114 1210 1262 1247 Hinwieder

155 1250 206 1284 setzt
225 1251 285 1283 auch
306 1252 344 1280 die
364 1251 517 1288 Regierung
538 1253 586 1283 von
616 1253 748 1287 Luzern
778 1253 816 1282 die
837 1253 982 1285 Mitstände
1002 1254 1075 1283 durch
1094 1254 1262 1289 Rundschrei¬

156 1296 203 1323 ben
223 1300 281 1323 vom
303 1299 347 1323 18.
364 1294 479 1328 Februar
499 1295 526 1324 in
546 1295 702 1331 Kenntniß,
724 1295 772 1329 daß
793 1296 824 1332 sie
844 1304 889 1332 zur
902 1298 1044 1334 Beehrung
1065 1297 1106 1325 des
1127 1298 1261 1335 abgeschie¬

157 1338 233 1366 denen
253 1337 473 1372 Kirchenhauptes
493 1338 533 1368 die
552 1340 704 1375 Abhaltung
727 1340 792 1368 einer
810 1340 983 1375 Todtenfeyer
1008 1341 1162 1378 angeordnet
1190 1342 1260 1376 habe,

156 1382 195 1410 die
216 1381 242 1410 in
262 1381 304 1410 der
323 1381 491 1415 Stiftskirche
512 1391 559 1411 von
582 1384 636 1414 Sr.
658 1382 784 1420 Leodegas
803 1391 836 1413 an
865 1384 919 1413 dem
945 1393 974 1420 zu
1003 1386 1105 1420 gleicher
1127 1385 1208 1419 Feyer
1226 1385 1261 1414 im

156 1424 286 1461 Bisthum
305 1425 384 1458 Basel
405 1424 479 1460 durch
500 1426 546 1455 den
566 1427 673 1461 Bischof
690 1427 884 1463 festzusetzenden
904 1429 978 1465 Tage
999 1428 1140 1462 stattfinden
1159 1429 1235 1458 wird.

216 1470 257 1499 Es
277 1469 306 1498 ist
326 1469 352 1497 in
373 1468 415 1497 der
434 1472 564 1504 vorletzten
586 1471 784 1507 Versammlung
804 1470 847 1500 des
870 1472 933 1503 St.
953 1472 1145 1505 Gallischen
1166 1473 1260 1509 großen

159 1513 250 1547 Raths
269 1512 306 1541 die
325 1512 411 1549 Frage
431 1513 491 1542 über
518 1514 596 1549 dessen
616 1513 772 1552 Befugniß,
806 1514 852 1549 bey
883 1515 1045 1552 dringlichen
1064 1515 1182 1548 Anlässen
1211 1522 1260 1544 aus

158 1558 246 1594 eigner
276 1557 586 1594 Machtvollkommenheit
622 1559 1014 1595 Untersuchungskominissionen
1053 1559 1258 1596 niederzusetzen,

147 1608 229 1636 zwar
247 1600 349 1628 berührt
368 1601 426 1629 aber
447 1602 515 1635 nicht
535 1602 640 1631 erörtert
659 1602 782 1635 worden,
807 1603 867 1631 weil
887 1603 927 1631 die
947 1602 1098 1638 Mitglieder
1118 1602 1159 1632 der
1177 1604 1258 1637 Rech¬

158 1644 421 1680 nungskonnnission,
441 1647 530 1678 welche
550 1646 597 1680 auf
616 1647 653 1674 die
673 1646 837 1682 Ernennung
857 1646 926 1674 eines
941 1647 1101 1681 Ausschusses
1123 1653 1167 1681 zur
1180 1647 1259 1677 Sich¬

156 1691 222 1723 tung
242 1688 283 1716 der
303 1689 452 1724 gesammten
474 1690 772 1725 Mililäreinrichtungen
794 1693 949 1726 angetragen
968 1688 1079 1724 hatten,
1079 1688 1170 1724 diesen
1190 1690 1259 1725 ihren

156 1733 261 1767 Antrag
281 1732 356 1766 theils
376 1731 547 1768 ausdrücklich
566 1734 643 1768 theils
663 1733 868 1770 stillschweigend
893 1734 967 1766 fallen
994 1733 1092 1767 ließen,
1125 1734 1178 1762 und
1205 1734 1260 1764 weil

157 1775 228 1807 selbst
248 1775 290 1803 der
311 1775 458 1805 obstinatere
480 1778 696 1810 Berichterstatter
714 1785 756 1806 am
778 1776 853 1807 Ende
873 1777 996 1806 erklärte:
1030 1778 1082 1811 ihm
1101 1776 1163 1813 liege
1184 1778 1261 1806 weni¬

156 1825 202 1854 ger
221 1825 253 1845 an
273 1818 314 1846 der
334 1819 414 1851 Form
432 1821 475 1847 als
492 1828 527 1848 an
546 1821 588 1849 der
608 1822 712 1853 Sache;
746 1820 826 1849 werde
853 1821 894 1853 für
913 1820 973 1851 diese
995 1823 1104 1857 gcthan,
1140 1825 1196 1849 was
1215 1821 1261 1849 das

157 1859 304 1893 Bedürfniß
325 1858 462 1894 erheische,
495 1861 520 1894 so
546 1861 620 1889 wolle
639 1867 664 1888 er
684 1857 791 1888 darüber
811 1862 880 1893 nicht
904 1864 1017 1893 rechten,
1052 1866 1101 1888 von
1132 1867 1195 1889 wem
1224 1860 1261 1888 die

156 1902 325 1935 Kommission
345 1910 375 1937 zu
397 1903 508 1935 bestellen
529 1904 580 1938 sey.
618 1904 712 1937 Dessen
734 1905 883 1939 ungeachtet
899 1904 978 1940 wiege
998 1911 1056 1932 man
1077 1904 1123 1938 sich
1149 1905 1176 1936 ja
1196 1904 1261 1936 nicht

157 1948 184 1976 in
206 1946 251 1975 den
272 1945 410 1977 Gedanken
430 1946 490 1980 ein,
512 1946 579 1980 daß,
590 1947 649 1975 wie
667 1947 801 1979 vorschnell
821 1948 956 1982 behauptet
975 1948 1097 1980 worden,
1132 1947 1170 1976 die
1190 1949 1261 1976 Aus¬

158 1991 247 2026 übung
266 1990 337 2023 jenes
356 1996 407 2018 von
427 1989 469 2018 der
481 1990 647 2023 Kommission
667 1992 854 2026 angetragenen
869 1990 1029 2025 Verfahrens
1043 1991 1094 2019 eine
1109 1991 1261 2026 Verletzung

157 2034 200 2064 der
220 2033 499 2070 verfassungsmäßigen
513 2034 645 2069 Ordnung
665 2032 744 2068 wäre,
765 2032 817 2062 und
838 2041 887 2062 nur
905 2033 958 2066 jene
977 2034 1071 2070 irrigen
1083 2035 1201 2070 Begriffe
1214 2042 1262 2064 von

159 2076 367 2112 unbeschränkter
387 2077 530 2111 Initiative
550 2076 591 2106 der
611 2077 816 2113 Regierungen,
850 2076 888 2105 die
913 2077 948 2105 im
967 2078 1080 2114 Verfolg
1104 2078 1264 2115 aufgeregter

159 2123 209 2153 mit
228 2120 423 2158 mannigfachen
442 2121 608 2157 Drangsalen
627 2120 786 2155 kämpfender
805 2120 890 2156 Zeiten
909 2121 1048 2156 allzuleicht
1061 2122 1167 2156 Wurzel
1187 2122 1268 2156 fassen,

159 2167 288 2200 konnten,
315 2163 407 2201 mögen
427 2164 530 2199 Ursache
550 2165 631 2200 seyn,
658 2164 704 2198 daß
726 2165 778 2199 hier
798 2164 850 2194 und
870 2165 900 2193 da
920 2165 957 2194 die
975 2165 1070 2201 großen
1089 2166 1176 2202 Räthe
1196 2166 1264 2199 selbst

160 2215 199 2240 an
214 2210 285 2245 ihren
305 2208 446 2242 wirklichen
467 2209 641 2246 Befugsamen
662 2208 787 2245 zweifeln.
825 2209 911 2237 Allein
931 2210 991 2243 auch
1012 2209 1049 2237 die
1070 2209 1123 2239 St.
1138 2210 1264 2244 Gallische

160 2254 321 2290 Verfassung
341 2252 479 2288 bezeichnet
498 2260 544 2289 zur
563 2251 675 2290 Genüge
700 2252 738 2281 die
757 2252 890 2281 Attribute
919 2252 961 2280 des
987 2253 1081 2290 großen
1103 2253 1194 2289 Raths
1219 2254 1267 2288 auf

161 2298 205 2328 der
225 2298 317 2332 einen,
344 2296 398 2326 und
418 2295 456 2326 die
477 2296 672 2334 nothwendigen
692 2296 843 2332 Befugnisse
863 2296 907 2325 des
927 2296 1019 2325 kleinen
1038 2297 1140 2331 Rathes
1159 2297 1204 2331 auf
1223 2296 1265 2325 der

161 2342 256 2372 andern
270 2341 366 2375 Seite,
389 2341 415 2370 in
434 2340 514 2376 ihrem
530 2341 626 2370 Artikel
646 2344 692 2369 22.
733 2340 786 2371 Sie
805 2341 877 2377 sagt:
897 2340 937 2369 ein
956 2340 1044 2377 großer
1058 2341 1130 2375 Rath
1149 2347 1200 2369 von
1212 2343 1265 2369 150

163 2385 333 2422 Mitgliedern
354 2382 413 2414 übt
431 2384 483 2415 die
503 2383 624 2421 höchste
644 2384 784 2416 Gewalt
804 2390 884 2418 aus;
903 2385 937 2419 sie
954 2385 1008 2420 sagt
1028 2384 1125 2418 ferner:
1149 2385 1189 2413 ein
1208 2380 1265 2414 klei¬

164 2436 208 2458 ner
228 2430 300 2463 Rath
318 2434 367 2458 von
388 2429 541 2467 wenigstens
560 2437 626 2459 neun
646 2427 818 2465 Mitgliedern
839 2428 884 2457 des
902 2429 995 2465 großen
1010 2428 1109 2463 Rathes
1129 2429 1185 2463 hat
1205 2428 1265 2458 den

164 2472 353 2509 Vorschlag
373 2473 427 2509 der
427 2473 590 2509 Gesetze,
610 2473 756 2505 Dekrete
777 2472 841 2502 und
856 2472 1263 2509 Steuerverordnungen.

163 2518 216 2553 Im
237 2516 378 2553 Vorschlag
398 2516 439 2546 der
460 2518 573 2553 Gesetze,
594 2517 702 2549 Dekrete
723 2516 775 2546 und
795 2516 1104 2553 Steuerverordnungen,
1136 2516 1162 2547 in
1183 2517 1266 2552 nichts

164 2561 279 2592 Anderm
299 2561 367 2596 also,
387 2561 480 2597 besteht
499 2561 546 2591 das
564 2562 764 2597 Initiativrecht
782 2561 824 2590 des
843 2561 938 2590 kleinen
956 2562 1076 2595 Rathes;
1094 2561 1268 2599 gewissenhaft

162 2607 194 2640 ist
215 2605 316 2639 dasselbe
335 2612 367 2641 zu
387 2607 484 2640 achten.
537 2606 579 2638 Es
607 2606 637 2640 ist
661 2605 718 2635 aber
745 2606 888 2642 umgekehrt
911 2607 970 2637 auch
993 2604 1029 2635 die
1048 2605 1202 2642 Kompetenz
1222 2605 1265 2634 des

160 2650 257 2688 großen
276 2650 378 2685 Rathes
397 2650 542 2686 unversehrt
560 2657 591 2686 zu
610 2649 744 2686 erhalten,
777 2649 815 2679 die
840 2650 993 2686 keineswegs
1019 2649 1107 2684 darauf
1127 2648 1266 2685 beschränkt

162 2693 212 2730 ist,
232 2694 386 2729 Gesetzes-,
406 2694 525 2725 Steuer-
545 2694 598 2724 und
611 2694 966 2732 Begnadigungsvorschläge
987 2693 1037 2723 und
1058 2693 1207 2731 dergleichen
1220 2701 1266 2724 an¬

162 2741 302 2775 zunehmen
319 2737 374 2767 und
394 2744 425 2773 zu
443 2739 581 2773 verwerfen
599 2759 609 2774 ,
641 2739 745 2772 sondern
765 2739 800 2768 im
819 2739 995 2776 Allgemeinen
1014 2738 1073 2768 über
1092 2737 1129 2767 die
1147 2739 1266 2776 gesamm¬

162 2784 207 2811 ten
227 2781 457 2814 Staatsinteressen
477 2784 538 2815 nach
557 2783 659 2821 Pflicht
678 2783 731 2813 und
751 2782 805 2813 Eid
830 2790 861 2819 zu
882 2784 992 2815 wachen.
1031 2784 1151 2817 Erachtet
1169 2791 1194 2813 er
1214 2791 1265 2813 nun

163 2822 256 2860 irgend
275 2822 346 2852 einen
368 2823 645 2864 Verwaltungszweig
664 2827 691 2856 in
711 2827 812 2861 solchem
832 2827 963 2863 Zustand,
983 2827 1088 2864 bringen
1107 2827 1267 2863 Kommissio¬

164 2875 215 2898 nen
235 2865 293 2896 ober
311 2866 421 2902 einzelne
434 2867 587 2904 Mitglieder
607 2870 713 2900 darüber
731 2872 807 2905 solche
820 2874 995 2909 Anregungen
1009 2892 1019 2908 ,
1039 2869 1086 2906 daß
1106 2871 1160 2903 eine
1179 2874 1267 2908 nähere

165 2912 331 2947 Erörterung
350 2907 469 2944 desselben
489 2918 521 2948 zu
540 2913 675 2950 allseitiger
693 2915 859 2953 Aufklärung
885 2916 1040 2952 erforderlich
1059 2918 1172 2954 gehalten
1190 2917 1267 2952 wird,

163 2957 190 2993 so
210 2955 258 2986 übt
276 2954 320 2985 der
338 2953 416 2991 große
433 2953 525 2989 Rath,
545 2960 619 2985 wenn
638 2964 663 2985 er
684 2965 714 2994 zu
734 2958 893 2997 solchartiger
905 2961 1109 2996 Einsichtnahme
1122 2961 1268 2996 Ausschüsse

164 3002 281 3036 bestellt,
313 2999 344 3030 in
361 2997 405 3028 der
422 2997 544 3033 Absicht,
574 2999 621 3033 auf
638 3001 708 3035 ihren
727 3002 835 3038 Bericht
861 3005 906 3041 hin
924 3005 978 3035 dem
999 3005 1094 3035 kleinen
1114 3005 1188 3043 Rath
1208 3006 1269 3040 seine

164 3047 311 3083 Anliegen,
333 3043 461 3077 Wünsche
480 3039 532 3073 und
550 3043 689 3080 Begehren
707 3052 753 3081 zur
772 3047 948 3086 Berathung,
966 3050 1040 3086 und,
1062 3051 1102 3080 als
1115 3050 1196 3087 Folge
1215 3050 1268 3080 der¬

163 3092 264 3127 selben,
284 3096 331 3127 zur
349 3086 529 3125 Bearbeitung
552 3095 625 3118 neuer
639 3089 736 3125 Gesetze
755 3088 809 3127 (die
824 3089 906 3132 dann
906 3089 1067 3132 allerdings,
1086 3095 1109 3129 so
1130 3095 1178 3125 wie
1196 3093 1269 3128 deren

166 3136 324 3173 Vorlegung
342 3131 398 3164 und
416 3132 625 3172 Vertheidigung
653 3132 681 3164 in
706 3132 754 3165 den
772 3135 943 3175 Befugnissen
968 3138 1016 3170 des
1042 3138 1139 3170 kleinen
1163 3139 1269 3176 Rathes

1299 863 1373 898 liegt)
1395 862 1500 891 bekannt
1519 870 1550 898 zu
1570 866 1687 898 machen,
1719 865 1746 893 in
1766 865 1936 899 Wirklichkeit
1952 866 2014 900 seine
2035 868 2196 899 souverainen
2215 870 2310 904 Rechte
2328 875 2397 907 aus;

1298 913 1324 934 er
1344 906 1371 937 ist
1393 905 1501 935 alsdann
1522 907 1549 935 in
1569 907 1611 936 der
1629 907 1701 942 That
1720 908 1771 936 und
1791 912 1958 945 permanent,
1988 911 2058 942 nicht
2077 911 2135 940 aber
2155 911 2264 945 insofern
2283 914 2336 943 und
2353 914 2396 948 für

1299 950 1323 982 so
1344 949 1417 986 lange
1436 950 1586 985 souverain,
1606 952 1645 980 als
1666 957 1692 980 es
1712 951 1765 980 dem
1786 952 1878 981 kleinen
1897 953 1983 988 Rathe
2003 954 2110 989 beliebt,
2142 954 2185 990 ihn
2204 957 2301 986 mittels
2323 959 2396 988 Vor¬

1300 993 1395 1030 legung
1415 999 1464 1021 von
1478 994 1746 1032 Gesetzesvorschlägen
1765 999 1908 1025 momentan
1928 996 1973 1025 den
1989 997 2139 1028 Souverain
2160 999 2250 1034 spielen
2263 1008 2293 1036 zu
2304 1003 2393 1036 lassen.

1299 1036 1362 1069 Daß
1383 1035 1421 1064 die
1441 1036 1544 1074 richtige
1558 1038 1655 1075 Lösung
1675 1039 1716 1067 der
1731 1039 1814 1076 Frage
1831 1046 1882 1068 von
1901 1042 1976 1074 hoher
1990 1041 2153 1078 Wichtigkeit
2170 1043 2227 1079 sey,
2248 1048 2306 1081 geht
2325 1046 2395 1079 schon

1299 1079 1396 1110 daraus
1414 1081 1520 1115 hervor,
1539 1082 1588 1114 daß
1608 1089 1681 1111 wenn
1701 1085 1769 1118 jenes
1790 1081 1884 1118 höchste
1903 1084 1984 1117 Recht
2003 1084 2046 1114 des
2065 1085 2159 1121 großen
2178 1088 2270 1124 Raths
2288 1090 2394 1126 geläug¬

1300 1126 1342 1151 net
1360 1122 1415 1152 und
1433 1123 1614 1161 preisgegeben
1635 1124 1743 1160 würde,
1762 1127 1789 1155 in
1809 1128 1875 1156 allen
1888 1128 1998 1162 Fällen,
2017 1135 2057 1157 wo
2077 1128 2119 1157 der
2137 1128 2213 1159 kleine
2227 1132 2300 1167 Rath
2319 1132 2395 1169 durch

1300 1167 1338 1195 die
1357 1167 1554 1203 Beschaffenheit
1573 1168 1617 1197 des
1636 1170 1829 1206 Gegenständes
1854 1174 1922 1207 mehr
1948 1171 2007 1201 oder
2026 1172 2137 1208 weniger
2156 1173 2237 1204 Tadel
2261 1177 2396 1213 ausgesetzt

1299 1219 1332 1247 zu
1351 1210 1410 1245 seyn
1427 1216 1550 1240 erwarten
1568 1212 1645 1247 muß,
1678 1213 1729 1245 sein
1748 1214 1860 1248 Einfluß
1885 1214 1933 1249 auf
1956 1215 2012 1244 eine
2033 1222 2085 1244 von
2104 1216 2155 1251 ihm
2174 1221 2295 1248 ernannte
2313 1221 2395 1251 Kom¬

1299 1254 1396 1286 mission
1416 1261 1464 1290 gar
1482 1256 1549 1290 wohl
1568 1255 1630 1291 dazu
1649 1257 1791 1285 verwendet
1810 1257 1906 1287 werden
1927 1258 2029 1293 dürfte,
2066 1258 2108 1287 der
2127 1261 2213 1295 Sache
2233 1263 2321 1299 irgend
2341 1264 2394 1293 eine

1299 1298 1338 1326 die
1357 1299 1491 1334 Begehren
1512 1300 1555 1327 des
1575 1299 1670 1336 großen
1684 1301 1785 1334 Rathes
1806 1302 2000 1337 ausweichende,
2021 1304 2093 1336 somit
2113 1303 2166 1332 dem
2185 1307 2313 1342 gemeinen
2332 1308 2395 1337 We¬

1299 1342 1338 1372 sen
1357 1341 1455 1369 minder
1475 1339 1615 1375 förderliche
1634 1343 1772 1381 Wendung
1793 1352 1823 1380 zu
1852 1346 1940 1381 geben.
1986 1347 2027 1380 In
2049 1347 2203 1383 Gemäßheit
2231 1349 2275 1379 des
2298 1351 2396 1388 großen

1299 1385 1531 1420 Rathsbeschlusses
1552 1389 1595 1418 hat
1614 1394 1665 1415 nun
1685 1388 1808 1423 übrigens
1834 1389 1877 1418 der
1902 1390 1977 1419 kleine
1998 1391 2070 1425 Rath
2093 1391 2144 1419 eine
2163 1392 2328 1428 Kommission
2349 1402 2395 1430 zur

1297 1429 1422 1462 Revision
1443 1429 1484 1457 der
1504 1430 1800 1468 Militäreinrichtungen
1820 1433 1930 1464 bestellt.
1961 1433 2004 1463 Es
2028 1433 2139 1467 befinden
2160 1435 2204 1471 sich
2225 1438 2253 1466 in
2273 1438 2395 1471 derselben

1297 1479 1366 1507 zwey
1377 1472 1531 1508 Mitglieder
1550 1474 1596 1502 des
1616 1475 1710 1503 kleinen
1724 1476 1824 1510 Raths,
1845 1483 1915 1513 zwey
1930 1477 2083 1513 Mitglieder
2097 1478 2139 1506 der
2153 1480 2395 1519 Militäraufsichts¬

1297 1514 1402 1549 behörde
1420 1516 1473 1544 und
1494 1517 1555 1550 drey
1574 1517 1663 1546 andere
1682 1519 1823 1555 Miglieder
1838 1519 1881 1549 des
1899 1520 1994 1556 großen
2014 1522 2122 1556 Raths,
2143 1523 2193 1552 und
2212 1532 2245 1562 zu
2264 1527 2395 1561 wünschen

1296 1559 1327 1591 ist
1346 1567 1391 1588 vor
1411 1559 1454 1588 der
1472 1560 1551 1598 Hand
1570 1562 1669 1597 einzig,
1704 1562 1752 1595 daß
1777 1563 1817 1592 die
1844 1564 2031 1598 Kommission,
2065 1565 2107 1593 der
2132 1566 2323 1607 Erwartungen
2349 1570 2396 1601 des

1296 1605 1390 1639 großen
1411 1603 1497 1636 Raths
1515 1604 1666 1641 eingedenk,
1700 1606 1853 1644 wenigstens
1873 1608 1905 1636 im
1925 1609 2001 1640 Laufe
2020 1608 2064 1638 des
2084 1610 2184 1648 Jahres
2184 1610 2270 1648 ihren
2282 1615 2393 1650 Aufträ¬

1300 1653 1349 1682 gen
1368 1645 1522 1681 erschöpfend
1543 1647 1652 1685 Genüge
1673 1649 1758 1684 leiste,
1790 1651 1842 1680 und
1870 1651 1916 1685 daß
1943 1652 2051 1680 alsdann
2081 1652 2123 1682 der
2149 1654 2223 1685 kleine
2242 1658 2315 1693 Rath
2342 1666 2394 1688 von

1298 1690 1367 1724 ihren
1388 1691 1509 1719 Arbeiten
1530 1692 1622 1724 solchen
1642 1692 1777 1728 Gebrauch
1798 1696 1899 1730 mache,
1930 1695 1967 1724 die
1987 1696 2032 1725 den
2053 1697 2146 1733 großen
2165 1699 2239 1736 Rath
2259 1701 2303 1731 des
2322 1703 2393 1736 schon

1298 1738 1485 1769 angetragenen
1506 1729 1771 1771 Selbsteinschreitens
1791 1736 1936 1774 überheben.
1987 1741 2164 1771 Mittlerweile
2188 1744 2250 1777 diese
2270 1747 2393 1782 Betrach¬

1299 1780 1397 1813 tungen
1417 1778 1520 1812 flössen,
1558 1781 1601 1812 hat
1625 1779 1663 1808 die
1687 1788 1736 1808 von
1757 1780 1892 1807 nämlicher
1909 1784 2107 1818 Versammlung
2126 1786 2169 1815 des
2188 1789 2285 1819 großen
2303 1790 2393 1819 Raths

1297 1826 1495 1857 ausgegangene
1512 1818 1677 1852 Kommission
1697 1823 1743 1852 zur
1760 1814 1885 1851 Prüfung
1904 1814 1949 1843 des
1969 1821 2047 1843 neuen
2059 1815 2394 1855 Brandassekuranzgesetzes

1299 1865 1367 1893 schon
1388 1869 1438 1894 ihre
1460 1866 1603 1896 Sitzungen
1622 1858 1757 1895 gehalten;
1776 1865 1806 1887 es
1824 1858 1959 1894 unterliegt
1977 1857 2069 1885 keinem
2089 1856 2208 1892 Zweifel,
2227 1857 2277 1891 daß
2295 1859 2326 1893 sie
2345 1857 2393 1888 den

1298 1907 1484 1940 angetragenen
1502 1903 1643 1937 Grundsatz
1663 1902 1705 1932 der
1724 1901 1912 1937 Klassifikation
1932 1900 1973 1930 der
1992 1900 2119 1931 Gebäude
2137 1903 2185 1937 gut
2197 1902 2285 1936 heißt;
2304 1902 2393 1939 hinge¬

1298 1956 1347 1984 gen
1366 1945 1449 1981 dürfte
1470 1950 1495 1975 es
1514 1947 1596 1976 weder
1615 1947 1641 1976 in
1661 1947 1731 1981 ihren
1752 1949 1814 1979 noch
1832 1947 1861 1975 in
1880 1945 1924 1975 den
1939 1945 2123 1981 Gesinnungen
2137 1944 2180 1974 des
2194 1946 2290 1982 großen
2302 1946 2395 1981 Raths

1300 1992 1400 2028 liegen,
1420 1991 1460 2020 die
1473 1990 1642 2025 Ratifikation
1663 1990 1704 2020 der
1717 1991 1892 2027 Rechnungen
1912 1989 2013 2023 (womit
2032 1988 2173 2025 begreiflich
2191 1990 2252 2025 auch
2272 1989 2309 2019 die
2321 1988 2393 2026 Prü¬

1301 2035 1364 2072 fung
1387 2034 1430 2063 des
1452 2034 1714 2071 Vermögenstandes
1734 2034 1775 2064 der
1795 2034 1896 2067 Anstalt
1914 2031 2058 2062 verbunden
2083 2032 2128 2066 ist)
2159 2035 2218 2068 auch
2239 2033 2319 2068 ferner
2339 2033 2395 2064 dem

1301 2079 1394 2108 kleinen
1415 2078 1501 2113 Rathe
1522 2086 1552 2114 zu
1573 2079 1720 2114 überlassen,
1740 2078 1798 2108 weil
1818 2077 1857 2108 die
1875 2078 1920 2112 auf
1937 2077 1991 2106 dem
2011 2076 2104 2113 großen
2123 2077 2194 2113 Rath
2214 2078 2329 2114 haftende
2341 2086 2395 2108 mo¬

1300 2123 1401 2157 ralische
1419 2121 1684 2157 Verantwortlichkeit
1702 2130 1781 2160 gegen
1802 2121 1847 2150 den
1868 2122 1991 2155 Kanton,
2022 2120 2138 2149 worüber
2163 2120 2200 2151 die
2225 2123 2342 2159 Begriffe
2367 2123 2396 2153 in

1302 2168 1355 2198 St.
1375 2166 1475 2197 Gallen
1494 2167 1540 2195 wie
1560 2166 1705 2197 allerwärts
1723 2167 1768 2203 sich
1788 2167 1839 2202 sehr
1860 2165 1982 2203 geläutert
2001 2164 2099 2200 haben,
2125 2165 2149 2199 so
2168 2165 2319 2204 unbedingte
2339 2168 2396 2199 De¬

1302 2211 1414 2247 legation
1433 2210 1499 2243 nicht
1519 2210 1631 2247 zugiebt.

1353 2250 1420 2276 Aus
1437 2248 1630 2284 Veranlassung
1650 2246 1694 2276 der
1711 2246 1880 2283 eingeleiteten
1892 2245 2038 2281 Trennung
2057 2242 2100 2274 der
2110 2246 2250 2277 Gewalten
2268 2248 2303 2277 im
2321 2248 2396 2279 Kan¬

1302 2284 1347 2315 ton
1366 2284 1512 2320 Luzern,
1533 2287 1576 2319 hat
1595 2286 1633 2314 ein
1654 2283 1806 2318 öffentliches
1820 2284 1899 2313 Blatt
1920 2283 1964 2316 sich
1985 2282 2060 2317 dahin
2074 2283 2210 2318 geäußert:
2232 2286 2312 2320 „Die
2327 2286 2397 2315 Ver¬

1301 2321 1404 2358 fassung
1422 2321 1486 2350 wird
1504 2322 1625 2354 vielleicht
1641 2322 1703 2350 viele
1711 2320 1922 2354 Modifikationen
1936 2319 2066 2356 erleiden,
2087 2319 2163 2352 dieses
2181 2321 2248 2351 kann
2267 2323 2325 2352 aber
2346 2331 2396 2352 nur

1301 2358 1348 2391 auf
1366 2358 1421 2387 dem
1440 2359 1535 2396 legalen
1557 2358 1638 2394 Wege
1656 2357 1699 2387 der
1716 2355 1920 2394 vollständigsten
1941 2356 2086 2391 Initiative
2105 2357 2149 2386 des
2168 2360 2292 2396 täglichen
2305 2360 2397 2393 Raths

1302 2395 1466 2431 geschehen."
1503 2397 1572 2426 Was
1592 2395 1645 2424 will
1666 2401 1723 2424 man
1742 2397 1818 2423 unter
1836 2394 1891 2422 dem
1910 2393 2043 2423 Ausdruck
2063 2395 2277 2432 „vollständigste
2295 2397 2398 2432 Initia¬

1303 2433 1376 2461 tive"
1390 2433 1538 2466 verstehen?
1559 2432 1650 2462 Weder
1670 2432 1696 2461 in
1715 2430 1757 2460 der
1770 2430 2016 2467 Staatsverfassung
2035 2431 2079 2460 des
2093 2433 2215 2464 Kantons
2227 2434 2321 2469 Luzern
2336 2435 2396 2469 noch

1303 2469 1330 2499 in
1351 2469 1430 2499 einem
1449 2470 1525 2503 seiner
1546 2469 1817 2505 Fundamentalgesetze
1834 2468 1925 2498 kommt
1945 2469 2020 2500 dieser
2032 2469 2163 2499 Ausdruck
2176 2479 2234 2506 zum
2248 2472 2397 2504 Vorschein.

1298 2507 1389 2536 Wenn
1411 2510 1436 2535 es
1456 2506 1576 2537 Kantone
1603 2506 1691 2543 giebt,
1721 2512 1763 2535 wo
1781 2513 1840 2535 man
1861 2510 1936 2535 unter
1955 2507 2010 2535 dem
2039 2507 2150 2541 „Recht
2168 2508 2209 2538 der
2226 2509 2399 2544 Initiative"

1304 2543 1352 2572 das
1370 2544 1453 2577 Recht
1471 2544 1594 2578 versteht,
1616 2542 1687 2573 einen
1700 2542 1868 2580 Gegenstand
1887 2544 1913 2572 in
1923 2546 2070 2581 Anregung
2091 2552 2122 2580 zu
2142 2544 2247 2582 bringen
2257 2546 2308 2576 und
2328 2553 2398 2582 zwar

1303 2581 1331 2609 in
1351 2580 1406 2610 dem
1425 2580 1527 2616 Maße,
1557 2579 1605 2613 daß
1624 2587 1675 2609 nur
1692 2579 1818 2618 diejenige
1836 2581 1942 2617 Stelle,
1961 2582 2051 2612 welche
2069 2580 2117 2610 das
2135 2582 2217 2616 Recht
2235 2582 2279 2612 der
2295 2584 2399 2618 Initia¬

1303 2618 1355 2647 tive
1380 2620 1442 2654 hat,
1475 2618 1543 2646 einen
1569 2617 1660 2650 solchen
1686 2618 1852 2655 Gegenstand
1880 2625 1924 2655 zur
1948 2619 2104 2655 Berathung
2128 2621 2260 2657 vorlegen
2260 2621 2317 2657 und
2336 2623 2397 2654 auch

1303 2654 1395 2683 wieder
1417 2651 1585 2691 zurückziehen
1605 2654 1690 2689 kann,
1709 2658 1772 2691 ohne
1792 2654 1838 2690 daß
1859 2654 1896 2685 die
1915 2656 2093 2693 gesetzgebende
2107 2657 2306 2694 Versammlung
2317 2661 2399 2688 etwas

1303 2692 1397 2720 anders
1417 2692 1458 2720 als
1477 2692 1521 2727 Ja
1540 2691 1598 2722 oder
1618 2692 1707 2722 Nein
1727 2692 1790 2730 dazu
1811 2700 1841 2729 zu
1861 2693 1934 2729 sagen
1954 2695 2018 2728 hat,
2043 2694 2067 2727 so
2086 2693 2151 2723 kann
2171 2695 2318 2732 zuverlässig
2338 2697 2398 2729 nach

1304 2728 1359 2758 dem
1377 2729 1547 2760 Staatsrecht
1566 2728 1609 2758 des
1629 2729 1753 2760 Kantons
1772 2730 1870 2767 Luzern
1888 2730 1929 2760 ein
1948 2731 2037 2764 solches
2055 2730 2248 2767 Initiativrecht
2266 2733 2318 2762 dem
2339 2732 2399 2769 täg¬

1304 2766 1380 2799 lichen
1402 2767 1476 2800 Rath
1497 2766 1565 2799 nicht
1583 2766 1709 2802 zustehen.
1747 2767 1806 2798 Der
1825 2767 1922 2798 Artikel
1941 2769 1987 2798 19.
2008 2766 2050 2796 der
2070 2768 2225 2805 Verfassung
2249 2769 2303 2806 sagt
2321 2768 2399 2805 bloß,

1304 2803 1353 2836 daß
1372 2802 1416 2832 der
1432 2801 1509 2832 kleine
1529 2804 1603 2837 Rath
1623 2803 1677 2833 dem
1697 2804 1790 2841 großen
1811 2803 1849 2835 die
1869 2805 1981 2840 Gesetze,
2001 2803 2109 2835 Dekrete
2127 2807 2177 2834 und
2192 2807 2400 2845 Verordnungen

1304 2840 1457 2876 vorschlage.
1496 2841 1557 2873 Also
1577 2841 1617 2870 ein
1636 2841 1911 2877 „Vorschlagsrecht"
1936 2845 1979 2876 hat
1999 2841 2040 2871 der
2058 2841 2134 2872 kleine
2153 2843 2246 2878 Rath;
2279 2845 2337 2874 aber
2355 2846 2402 2875 da¬

1305 2879 1355 2907 mit
1372 2877 1403 2912 ist
1423 2877 1578 2914 keineswegs
1597 2879 1699 2921 gesagt,
1720 2878 1767 2911 daß
1788 2879 1830 2908 der
1848 2879 1924 2916 große
1936 2880 2009 2914 Rath
2022 2885 2054 2907 an
2068 2880 2137 2909 einen
2150 2880 2243 2913 solchen
2257 2882 2400 2919 Vorschlag

1305 2914 1445 2951 unbedingt
1464 2915 1597 2952 gebunden
1612 2920 1667 2951 sey.
1705 2915 1785 2950 Jeder
1803 2916 1968 2953 Gegenstand
1985 2915 2046 2949 muß
2064 2923 2115 2946 von
2133 2916 2188 2947 dem
2206 2919 2302 2949 kleinen
2313 2920 2402 2955 Rathe

1305 2953 1468 2987 vorberathen
1487 2952 1610 2987 werden,
1636 2953 1711 2982 allein
1731 2952 1777 2983 das
1796 2953 1896 2985 hindert
1914 2954 2002 2988 nicht,
2021 2953 2088 2988 daß,
2110 2955 2226 2988 nachdem
2247 2956 2307 2990 diese
2327 2958 2410 2991 Vor¬

1305 2991 1446 3026 berathung
1468 2990 1559 3019 einmal
1579 2990 1638 3021 statt
1655 2990 1779 3027 gefunden
1799 2991 1862 3027 hat,
1893 2991 1939 3025 bey
1965 2991 2020 3021 dem
2042 2992 2135 3027 großen
2155 2993 2240 3030 Rathe
2261 2995 2327 3029 nicht
2346 2996 2399 3025 eine

1306 3028 1373 3063 freye
1386 3028 1545 3065 Berathung
1565 3027 1624 3059 statt
1642 3027 1726 3063 finden
1744 3026 1833 3057 könne.
1871 3029 1932 3063 Also
1951 3029 2004 3058 eine
2016 3028 2157 3063 Initiative
2176 3031 2210 3061 im
2230 3032 2320 3063 Sinne
2333 3033 2401 3062 einer

1307 3065 1527 3102 Vorberathung,
1562 3065 1620 3094 aber
1646 3065 1714 3099 nicht
1738 3065 1789 3094 eine
1809 3064 1950 3100 Initiative
1974 3066 2012 3096 im
2034 3067 2097 3096 oben
2116 3069 2289 3107 angegebenen
2307 3070 2399 3102 Sinne

1306 3103 1375 3132 einer
1394 3102 1610 3136 ausschließlichen
1624 3101 1782 3140 Anregung
1782 3101 1853 3140 steht
1866 3102 1920 3133 dem
1939 3103 2065 3141 täglichen
2077 3105 2163 3141 Rathe
2176 3114 2218 3144 zu.
2259 3108 2331 3140 Nach
2344 3106 2399 3137 dem

1306 3139 1406 3174 Artikel
1425 3141 1473 3170 15.
1491 3138 1534 3171 der
1553 3139 1711 3178 Verfassung
1728 3142 1771 3178 hat
1794 3139 1864 3175 jedes
1889 3140 2016 3181 Mitglied
2043 3142 2088 3173 des
2116 3143 2209 3181 großen
2233 3144 2323 3183 Raths
2350 3137 2410 3174 das
