4110 5551
167 171 1170 243 Nr. 173 Erstes Abendblatt.
1593 168 2496 220 Der Zürcher Zeitung 123. Jahrgang.
2924 158 3888 208 Dienstag, 24. Juni 1902.
167 357 3903 725 Neue Zürcher Zeitung
250 786 1189 831 Abonnementspreise. 3 Monate 6 Monate 12 Monate
173 820 1159 864 Zürich wenn die Zeitung abgeholt wird . Fr. 5.50 10.— 20.—
3156 836 3689 864 Per einspaltige Petitzeile oder deren Raum
211 859 694 890 do. ins Haus gebracht . . . . . „ 6.50 11.50 23.—
174 867 1162 916 Schweiz Bestellung beim Postbureau . . „ 6.50 12.50 25.—
231 897 1163 942 do. mit Bezug unter Privatadresse . „ 8.— 15.— 30.—
174 942 878 971 Deutschland Bestellung beim Postamt . Mk. 6.—
175 971 877 996 Oesterreich-Ungarn do. . Kr. 7.62
177 973 1166 1024 Italien-Aegypten do. . Fr. 8.10 15.50 31.—
178 1001 1152 1051 Rußland do. . Rbl. 3.06 6.12 12.14
178 1032 1167 1078 Uebrige Staaten des Weltpostvereins . Fr. 12.50 24.— 48.—
1350 874 2750 997 und schweizerisches Handelsblatt.
336 1073 1022 1110 5 Theaterstr. Redaktionsbureau Goethestr. 10
3093 861 3739 891 für die Schweiz 25 Rp., für das Ausland 40 Rp.,
2909 891 3934 919 Lokal-Inserate 20 Rp. (exkl. Finanz- u. Chiffre-Anzeigen, sowie f. Aktien-Ges.)
3228 782 3607 834 Insertionspreise:
3235 914 3612 946 Reklamen Fr. 1.— per Zeile.
3215 948 3640 973 Alleinige Inseraten-Annahme:
3259 980 3585 1015 Rudolf Mosse
2942 1016 3892 1045 Annoncen-Expedition für alle schweizerischen und ausländischen Zeitungen
3177 1046 3656 1079 5 Theaterstr. Zürich Goethestr. 10
332 1197 896 1250 Tagesbericht
480 1277 759 1306 vom 24. Juni.
239 1330 1072 1386 In Bayern führt die klerikale Partei
172 1371 1074 1427 einen so lebhaften Kampf gegen Liberalismus
171 1413 1069 1472 und Protestantismus, daß es am Platze ist,
171 1460 1067 1516 hin und wieder darauf aufmerksam zu machen.
171 1504 1071 1561 Die Angriffe, welche namentlich von der ultra¬
172 1549 1078 1606 montanen Kammermehrheit ausgehen, sind um
171 1593 1073 1651 so auffallender, als, wie aus der Aachener Rede
172 1641 1076 1695 des Kaisers hervorgeht, selbst der Papst zuge¬
173 1682 1077 1740 stehen mußte, die katholische Kirche habe über
175 1729 1079 1785 Deutschland nicht zu klagen. Eine lebendige
178 1776 1080 1830 Schilderung des Kampfes in Bayern nun giebt
177 1818 1076 1874 die Rede, welche der liberale Abgeordnete
178 1867 1081 1919 Wirth in der Abgeordnetenkammer zu München
180 1909 1079 1954 letzten Samstag gehalten hat. Er führte aus:
236 1957 1078 2011 Ich trete für den konfessionellen Frieden ein, aber
182 1999 1077 2051 nach dem, was in den letzten Tagen vorgekommen ist,
182 2041 1085 2091 kann ein Mann, wie ich, unmöglich schweigen. Es kann
183 2079 1085 2131 der Beste nicht in Frieden leben, wenn es dem bösen
183 2121 1086 2162 Nachbar nicht gefällt. (Sehr wahr! rechts und links.)
239 2165 1087 2211 Es ist richtig, daß die Los von Rom-Be¬
184 2202 1087 2252 wegung in Oesterreich ihren ersten Anfang genommen
185 2242 1087 2293 hat aus politischen Gründen, aber im Laufe der Jahre
186 2284 1086 2334 und sehr bald hat diese Bewegung sich ganz entschieden
188 2323 1085 2374 geläutert: aus der politischen Bewegung ist eine Be¬
186 2363 1088 2413 wegung der Gewissen geworden. (Gelächter rechts.)
188 2407 1085 2452 Ich gebe zu, daß die Bewegung von Deutschland aus
188 2443 1085 2495 unterstüzt wird, aber geschieht es denn nicht überall,
189 2487 1088 2536 daß die Glaubensgenossen eines Landes ihren Glaubens¬
189 2524 1086 2576 genossen in einem andern Lande zu Hilfe kommen,
189 2567 1089 2617 wenn es notthut? Gehen denn nicht von Ihrer Seite
191 2606 1091 2657 (zum Centrum) solche Vereine auch hinaus in andere
191 2646 1090 2697 Länder? Kein Mensch wird Ihnen das Recht dazu be¬
193 2687 1092 2736 streiten, aber wir wahren uns dieses Recht auch.
192 2725 1093 2775 (Sehr richtig! links.) Der Los von Rom-Bewegung in
190 2765 1089 2814 Oesterreich ist vorgeworfen worden, sie sei Hochverrat.
191 2805 1095 2853 Wer das sagt, der identifiziert das Haus Habsburg
191 2845 1093 2893 vollständig mit dem päpstlichen Stuhl; damit wird
192 2883 1093 2933 wohl Kaiser Franz Joseph nicht einverstanden sein, der
195 2924 1094 2974 einmal gesagt hat, er sei überzeugt von dem Patriotis¬
195 2964 1089 3014 mus und der Vaterlandsliebe der evangelischen Christen,
196 3001 1093 3054 auf die er sich auch in Zukunft verlassen könne. Das
195 3046 1097 3094 klingt doch nicht wie das Wort eines Kaisers an
198 3083 1096 3135 Hochverräter! Nach Bayern ist die Los von Rom-¬
196 3126 1097 3175 Bewegung nicht verpflanzt worden. Wenn hier in Ver¬
198 3164 1096 3215 sammlungen und Predigten über die Los von Rom-¬
202 3206 1098 3254 Bewegung gesprochen wurde, so geschah das nur für
201 3243 1096 3297 Protestanten, um diese über die österreichische Bewegung
200 3286 1099 3338 in Kenntnis zu setzen. Graf Paul Hoensbroech hat hier
199 3329 1100 3378 in München die Los von Rom-Bewegung gar nicht
199 3366 1098 3418 berührt, sondern nur über den Toleranzantrag ge¬
199 3408 1101 3458 sprochen, der vom Centrum im Reichstage eingebracht
199 3450 1102 3500 war. Wenn der Evangelische Bund in der neueren
199 3492 1097 3541 Zeit eine scharfe Sprache führt, so hat er Grund dazu.
199 3529 1106 3581 Er ist entstanden zur Abwehr gegen Angriffe, die von
200 3571 1103 3621 hohen katholischen Stellen, ja von Rom selber gegen
201 3610 1102 3661 den Protestantismus gerichtet worden sind. Aus der
203 3651 1102 3702 neueren Zeit erinnere ich an die Lehre des Jesuiten de
203 3693 1107 3743 Luca über die Verbrennung der Ketzer und an jenen
203 3732 1103 3784 Hirtenbrief, in dem die gemischten Ehen als ver¬
204 3773 1102 3824 brecherische und schimpfliche Verbindungen bezeichnet
203 3816 1104 3864 worden sind. Die „Wartburg" (Das Organ der
203 3857 1106 3904 Los von Rom-Bewegung. Die Red.), in der vieles
204 3893 1106 3944 veröffentlicht wird, was da und dort im Centrums¬
206 3935 1107 3984 lager gegen unsere Kirche geschehen und gesprochen
206 3976 1105 4025 worden ist, hat sich niemals eine Beschimpfung oder
207 4017 1108 4056 Schmähung der katholischen Kirche zu schulden
1115 1131 2016 1183 kommen lassen. Der Ton der „Wartburg" ist ein nobler
1117 1171 2024 1224 (Widerspruch im Centrum), den Sie (das Centrum)
1118 1211 2027 1263 wohl in Ihren eigenen Preßerzeugnissen nachahmen
1119 1255 2023 1303 könnten. (Zuruf links: Das bringen Sie gar nicht
1119 1293 2027 1344 fertig!) Man hat gesagt, eine Los von Rom-Bewegung
1122 1332 2025 1385 sei in Bayern durch Flugblätter von protestantischer
1124 1374 2026 1425 Seite aus geschürt worden. Interessant ist dabei
1124 1417 2025 1466 immerhin, daß keiner von Ihnen (zur Rechten ge¬
1121 1454 2026 1509 wendet) daraus etwas vorlesen konnte, das eine Be¬
1124 1499 2032 1549 schimpfung Roms enthalten hätte. Diese Flugblätter
1119 1538 2032 1589 enthalten nur Aufforderungen zum Festhalten an der
1126 1577 2026 1631 evangelischen Kirche. Setzen Sie statt „evangelisch"
1126 1632 2032 1675 oder „protestantisch", „katholisch", so können Sie die
1127 1668 1714 1702 Flugblätter für Ihre Leute benützen.
1184 1699 2034 1753 Nun komme ich zu dem Flugblatt „Treu zu
1127 1740 2036 1795 Rom". Es hat eigentlich einen schönen Titel. Wenn
1130 1783 2033 1834 man das so liest, sollte man denken, da werden Er¬
1130 1823 2029 1875 mahnungen darin stehen, als guter katholischer Christ
1133 1865 2037 1915 sich zu betragen u. s. w. Aber davon steht nichts
1130 1901 2037 1958 darinnen. Dr. Pichler hat gesagt, es stünden nur
1129 1943 2040 1997 Wahrheiten darinnen. Ja, das gebe ich zu, die einzelnen
1131 1988 2036 2037 Punkte sind objektive Thatsachen. Aber das ist nun die
1129 2029 2033 2077 jesuitische Kunst, mit der die Sachen so schlau zu¬
1134 2068 2037 2119 sammengestellt sind, die Aussprüche auseinander ge¬
1135 2109 2036 2160 rissen, die Thatsachen so hingestellt, daß sie giftig
1135 2151 2040 2199 wirken müssen. Wir könnten mit ähnlichem entgegnen:
1134 2190 2042 2241 Lebensgeschichte verschiedener Päpste, die bekannte
1134 2230 2039 2281 Taxilgeschichte u. s. w. Aber in einem Flugblatt ge¬
1136 2273 2037 2320 schrieben, wäre es nicht das richtige Bild der katho¬
1138 2308 2041 2363 lischen Kirche. Also schreiben Sie auch nicht so, daß
1134 2353 2043 2404 unsere Kirche so entstellt wird. Statt auf solche
1139 2396 2043 2444 Sachen zu verweisen, wäre es doch besser gewesen, zu
1140 2432 2043 2487 sagen: In München sind fünf oder sechs protestantische
1139 2475 2040 2526 Kirchen, da geht einmal hinein und seht, was Prote¬
1139 2520 2041 2564 stantismus ist. Oder man hätte einmal das Evangelische
1144 2565 1584 2596 Sonntagsblatt lesen sollen.
1199 2596 2041 2647 Der „Odin" geht uns nichts an und Graßmanns
1138 2638 2047 2688 Werk war sein eigenes Werk. Weiter wird in dem
1143 2678 2045 2728 Flugblatt von Geschichtslügen gesprochen. Döllinger
1140 2720 2042 2766 will aber weder Jansen noch Pastor beistimmen. Mit
1142 2757 2041 2808 Geschichtslügen dürfen Sie uns also nicht kommen.
1141 2795 2041 2847 Weiter wird von der „Art" des Protestantismus ge¬
1141 2839 2050 2886 sprochen. Das ist aber gerade die Art des evangelischen
1144 2876 2041 2925 Wesens, daß es dem Einzelnen die Freiheit seines
1138 2919 2047 2964 Gewissens überläßt. Wenn dann im Laufe der Zeit
1142 2956 2046 3005 verschiedene, evangelische Kirchengemeinschaften sich
1143 2998 2047 3045 herausgebildet haben, so ist die Frage, zu welcher Art
1138 3039 2048 3085 von Portestantismus man halten soll, objektiv be¬
1143 3077 2051 3126 rechtigt, zu dem höhnischen Tone aber, der darin
1144 3117 2048 3166 liegt, hatten Sie kein Recht. Giebt es denn in der
1146 3158 2049 3205 katholischen Kirche nicht genau dasselbe, z. B. die
1148 3200 2052 3245 große Spaltung der römisch- und griechisch-katholischen
1145 3245 1793 3276 Kirche, den Altkatholizismus u. s. w.?
1205 3283 2052 3328 Das Flugblatt und Herr Dr. Pichler haben dann
1148 3322 2051 3369 verschiedene Aussprüche Luthers gebracht, um
1147 3363 2052 3410 nachzuweisen, daß die protestantische Kirche ein ver¬
1148 3403 2057 3449 rottetes Institut ist und wir nicht viel wert sind. Die
1150 3446 2052 3488 Aussprüche Dr. Luthers, die Dr. Pichler editiert hat,
1150 3489 2056 3530 sind objektiv volkommen richtig. Aber aus dem Zu¬
1152 3527 2057 3569 sammenhang sind sie gerissen. Und in welcher Zeit
1150 3563 2059 3611 wurden sie gethan? Zu einer Zeit, wo man viel
1149 3607 2059 3651 derber in der Rede war, wo das sittliche Leben auf
1151 3651 2058 3691 einer sehr niedrigen Stufe stand. Aus den vielen
1157 3686 2058 3732 Schriften und Briefen Luthers darf man doch nicht
1155 3733 2064 3770 die einzelne Sache herausgreifen und sagen: So ist
1156 3766 2061 3813 der Mann gewesen! Nein, man muß das ganze
1159 3806 2060 3854 Charakterbild Luthers betrachten. Bei dem Doppelehefall
1156 3855 2061 3894 hat Luther nur so gehandelt, um durch ein kleines
1156 3894 2064 3934 ein größeres Uebel zu verhüten. Hier hat Luther geirrt
1154 3935 2061 3975 und gefehlt, er stand aber unter dem Einflusse seiner
1154 3976 2062 4015 Zeit, der momentanen Verhältnisse. In seinen Aus¬
1154 4015 2063 4047 sprüchen ist seine Lehre nicht enthalten, wohl aber in
2071 1125 2985 1171 seinem kleinen Katechismus. Luthers Worte sind für
2069 1164 2979 1211 uns Menschenworte, unsere Kirche hingegen stellt sich
2077 1207 2980 1250 auf Gottes Wort, und darum können wir wohl zuge¬
2075 1245 2984 1292 stehen, daß der große Mann sich in den einzelnen
2080 1283 2983 1334 Stücken einmal geirrt hat. Aber durch sein ganzen
2077 1328 2981 1373 Leben hat er bewiesen, daß er ein ganz anderer, ein
2076 1367 2985 1414 sittenreiner, charakterfester Mann ist. Das Flugblatt
2080 1407 2984 1454 hat versucht, unseren Luther herabzusetzen; das hilft
2078 1447 2983 1496 Ihnen nichts, uns schadet es nichts. Der Mann steht
2074 1487 2986 1536 doch in seiner ganzen Charaktergröße als er der deutsche
2080 1527 2982 1577 Mann mit seinem kindlich-frommen Herzen vor uns.
2079 1569 2982 1617 Er war ein Mann des Gebetes,  der heiligen Schrift.
2083 1607 2985 1659 Diese Achtung lassen wir uns durch nichts verkümmern.
2081 1649 2984 1700 Die Kleinigkeiten lassen wir gelten; Luther ist kein
2080 1692 2985 1741 Heiliger gewesen, in der heiligen Schrift steht: Es
2085 1730 2990 1781 giebt keine Heiligen. Was Luther war, war er ganz
2083 1771 2989 1821 und groß. Döllinger ist immer mehr und mehr zur
2084 1811 2980 1863 Anerkennung der Bedeutung Luthers gekommen (Ab¬
2084 1855 2990 1903 warten! rechts.) Nein, der Mann ist gestorben, da ist
2084 1904 2481 1933 nichts mehr abzuwarten.
2138 1934 2982 1984 Wenn die Sache so steht, so werden wir uns nicht
2087 1974 2991 2025 weiter darum bekümmern, daß man in  Flugblättern
2088 2020 2991 2065 auf verschiedene protestantische Theologen, die in ver¬
2088 2059 2993 2105 schiedener Weise aufgetreten sind und sich nicht immer
2086 2096 2988 2148 auf positivem Boden befunden haben, hinweist. Ich
2086 2137 2990 2188 stimme diesen nicht bei, ich stehe auf positivem Boden.
2087 2179 2994 2229 Aber es liegt eben gerade in unserm protestantischen
2093 2218 2993 2271 Glauben, daß man dem Einzelnen das Wort nicht
2088 2261 2992 2311 verbietet, wir haben Gewissensfreiheit. Sind denn diese
2086 2301 2995 2350 Männer, diese Professoren die Kirche, die Vertreter
2089 2347 2988 2389 unserer Kirche? Nein! Bei Ihnen ist die Sache anders.
2091 2383 2996 2431 Wollen Sie von unserer Kirchenlehre reden, dann
2090 2424 2990 2471 nehmen Sie doch unser Bekenntis her; erst dann
2090 2472 2811 2501 können Sie sagen: das ist Protestantismus.
2145 2505 2994 2554 Wenn wir das alles so zusammennehmen und be¬
2089 2545 3000 2594 trachten dann, wie in der Presse alles gezeigt worden
2092 2587 2996 2634 ist, so ist zu sagen, man darf doch nicht jeden Artikel
2091 2625 2994 2674 der Kirche oder den Behörden zuschreiben. Unser
2094 2666 2995 2715 Kirchenregiment hat nicht den geringsten Anteil an der
2094 2707 2996 2755 Aufregung, die jetzt im Lande künstlich gezüchtet wird.
2093 2746 3007 2794 Wir wissen nichts von einer Los von Rom-Bewegung
2098 2789 2998 2832 hier in Bayern. Sie können im ganzen Lande suchen,
2104 2825 2995 2871 Sie werden aber nichts findnen, in keiner Gemeinde,
2091 2872 2789 2902 nirgends; wir wollen die Bewegung nicht.
2147 2911 3005 2952 Wozu denn alles? Wir werden Sie nich bekehren
2091 2946 3005 2992 und Sie uns nicht. Sie sagen, Sie habe haben die allein¬
2092 2992 2997 3032 seligmachende Kirche und wir sagen, wir haben die
2092 3032 3000 3072 reine Lehre. Die Entscheidung wird eimal an einem
2096 3072 3000 3112 andern Tage kommen. Wollen wir doch nicht mit so
2094 3113 2998 3153 ganz unfruchtbaren Anfeindungen uns das Leben ver¬
2097 3153 3003 3193 bittern, wir haben wahrhaftig Besseres zu thun. Einen
2097 3194 3000 3235 Kampf wollen wir führen, aber einen Wettkampf zum
2098 3230 3003 3278 Guten, zur sittlichen Ausbildung der Glieder der
2100 3272 2993 3318 Kirche. Wir erkennen an, daß  bei Ihnen viel Gutes
2099 3314 2992 3358 ist. Gönnen Sie uns doch diese Anerkennung auch.
2099 3352 3004 3401 Davon war hier aber in den letzten Tagen nichts zu
2103 3401 2212 3431 spüren.
2156 3443 3005 3479 Daß es jetzt bei uns in Deutschland mit der
2104 3480 3008 3520 Sittlichkeit nicht so schlecht steht, dafür zeugt ein Aus¬
2106 3521 3012 3561 spruch, unter den Sie sich beugen müssen, der Aus¬
2104 3561 3010 3601 spruch des Papstes, den dieser an den Kaiser
2107 3602 2431 3634 hat bestellen lassen:
2164 3645 3012 3685 „Das Land in Europa, wo noch Zucht, Ordnung
2111 3685 3012 3725 und Disziplin herrsche, Respekt vor der Obrigkeit,
2108 3725 3014 3765 Achtung vor der Kirche, und wo jeder Katholik un¬
2110 3766 3015 3807 gestört frei seinem Glauben leben könne, das sei das
2108 3807 3009 3838 Deutsche Reich und das danke er dem heutigen Kaiser."
2165 3848 3010 3888 Das sind schöne Worte und sie sind wahr. Wenn
2110 3886 3017 3929 die Sache so steht, wäre es dann nicht besser, wenn
2110 3929 3016 3969 man alle diese gehässigen Anfeindungen beseitigte? Wir
2112 3965 3008 4012 Protestanten in Bayern wollen nur unser gutes Recht,
2111 4007 3016 4044 die Anerkennung unserer Kirche. Man achte gegenseitig
3033 1115 3935 1163 seine Rechte, dann wird es gut werden. Wir wollen
3031 1154 3933 1203 mit unsern katholischen Mitbürgern in Frieden leben,
3030 1199 3935 1244 aber wir wollen uns auch nicht an die Wand drücken
3030 1244 3137 1280 lassen.
3292 1322 3678 1365 Kantone.
3384 1386 3555 1413 Luzern
3095 1416 3939 1466 (O Korr.) Seit dem letzten Spätherbst sind die
3035 1458 3942 1505 Arbeiten für Reparatur des alten Rathauses
3037 1497 3938 1544 am Kormmarkt in Luzern, welches Eigentum der Ein¬
3037 1538 3942 1584 wohnergemeinde ist, im Gange. Dieses Rathaus ist
3037 1577 3952 1625 nicht nur ein hochbedeutsames historisches Gebäude, in
3039 1615 3950 1667 dem sich manches nicht unwichtige Stück Schweizer¬
3036 1657 3948 1707 geschichte abgespielt hat, sondern auch eines der bedeu¬
3038 1698 3941 1748 tendsten Denkmäler der schweizerischen Renaissance-Archi¬
3034 1742 3948 1788 tektur. Sein künstlerischer und kunsthistorischer Wert
3040 1780 3941 1828 ist über jeden Zweifel erhaben; jede Kunstgeschichte giebt
3043 1819 3946 1869 hievon Zeugnis, wie nicht minder die vielen Besuche
3041 1858 3940 1909 kunstsinniger Fachmänner, welche allen Details des
3039 1899 3944 1951 Bauwerkes hohes Lob spenden. Schon im Jahre 1895
3041 1941 3956 1991 hat der Stadtrat durch eine Expertenkommission, be¬
3042 1985 3944 2031 stehend aus den Herren Regierungsrat Reese in Basel,
3044 2023 3946 2073 Professor Rahn in Zürich und Architekt H. von Segesser
3042 2064 3949 2113 in Luzern, ein Gutachten über die Restauration der drei
3046 2107 3949 2153 Fassaden ausarbeiten lassen, welches eine Ausgabe von
3045 2148 3946 2193 80,000 Fr. in Anschlag bringt. Auf dieses Gutachten
3046 2185 3953 2234 hin hat der Bundesrat eine Subvention von
3043 2226 3954 2276 10,000 Fr. bewilligt, unter Bedingungen, die nichts
3043 2266 3956 2316 weniger denn drückend oder lästig sind. Sie lauten
3046 2306 3948 2356 nämlich: „Der Stadtrat verpflichtet sich, gegenüber dem
3042 2346 3948 2398 eidgenössischen Departement des Innern, daß das Ge¬
3045 2389 3945 2438 bäude stets nur zu solchen städtischen Verwaltungs¬
3043 2428 3953 2481 zwecken benüzt werden soll, die der künstlerischen und
3043 2469 3949 2521 historischen Bedeutung des Gebäudes angemessen sind.
3043 2513 3956 2561 Der Stadtrat verpflichtet sich ferner, daß das Gebäude
3047 2547 3952 2603 niemals durch Aufbau eines Geschosses erweitert und
3046 2592 3955 2642 daß im übrigen an und in demselben keine baulichen
3047 2633 3956 2682 Veränderungen vorgenommen werden dürfen, ohne daß
3053 2672 3956 2723 hiefür die Bewilligung des eidgenössischen Departe¬
3058 2716 3635 2754 mentes des Innern eingeholt wird."
3111 2758 3964 2802 Trotz diesen sachgemäßen und augenscheinlich nichts
3052 2795 3963 2841 weniger als lästigen Bedingungen hat seiner Zeit ein
3051 2837 3958 2881 konservatives Mitglied des Großen Stadtrates bei Be¬
3047 2874 3952 2921 handlung dieser Angelegenheit den übeln Einfall gehabt,
3052 2916 3954 2962 die Bundessubvention als ein „Linsenmus" zu bezeich¬
3053 2954 3958 3003 nen, welcher Ausdruck dann allerdings vom Präsidenten
3047 3000 3958 3042 und Vicepräsidenten des Stadtrates zurückgewiesen wurde.
3054 3038 3963 3084 Wenn eine Subvention, durch welche die volle
3048 3076 3954 3126 Hälfte der Kosten gedeckt wird, als ein „Linsenmus"
3048 3120 3957 3166 zu bezeichnen ist, welchen Namen verdient dann der „Bei¬
3054 3160 3962 3206 trag" des Kantons an die Reparatur dieses hochbedeut¬
3053 3201 3964 3248 samen Bauwerkes? Ein solcher Beitrag existiert näm¬
3052 3243 3964 3288 lich nicht nur nicht, sondern der Kanton hat sich für
3051 3283 3964 3328 den Verzicht auf die ihm am genannten Gebäude zu¬
3053 3318 3957 3368 stehende Servitut (Unterbringung des Ober- und Kri¬
3057 3363 3960 3409 minalgerichts) auch noch mit 80,000 Fr. bezahlen lassen,
3054 3405 3964 3450 also genau mit der Summe, welche die Reparatur in
3059 3443 3961 3491 Anspruch nimmt und um welche sie hätte bewerkstelligt
3057 3484 3785 3523 werden können, und zwar ohne Bundeshülfe.
3115 3528 3966 3573 Ich habe dieses kleine, aber doch recht bezeichnende
3062 3567 3968 3613 Vorkommnis nachträglich erwähnen wollen, weil es die
3073 3614 3969 3653 Rolle zeigt, welche die Eidgenossenschaft und welche die
3066 3646 3963 3696 Kantone — nicht alle, aber zumeist gerade die konser¬
3064 3692 3963 3735 vativen — bei der Erhaltung schweizerischer Kunstdenk¬
3063 3732 3286 3767 mäler spielen.
3476 3779 3565 3805 Uri.
3132 3821 3962 3861 Attilio Müller, der ungetreue Buch¬
3062 3861 3972 3908 halter der Ersparniskasse Uri, ist am 21. Juni
3065 3901 3964 3954 in Bellinzona verhaftet und bereits nach Alt¬
3062 3952 3969 3999 dorf verbracht worden. Er ist nicht weit ge¬
3062 3995 3214 4033 kommen.
225 4135 813 4192 2 Feuilleton.
603 4210 1085 4233 Nachdruck verboten.
511 4262 813 4288 Die „Hauß"
208 4303 1109 4341 Skizze aus dem Bauernleben von A. Huggenberger.
266 4371 1109 4411 Der Eindruck, den die Neuigkeit auf die einzelnen
209 4404 1113 4453 macht, ist verschieden. Der Friedli steht betroffen. An
208 4448 600 4485 den hat er nicht gedacht.
262 4496 1111 4533 Nun weiß er plötzlich, warum der Müller Lebrecht
208 4534 1114 4574 ihm heute Mut zugeredet: Der „Heinimucher" und Leb¬
215 4575 1118 4612 rechts Vater haben vor nicht langer Zeit einen Prozeß¬
207 4613 1115 4653 handel mit einander gehabt, da thut man sich gern
210 4654 1118 4694 gegenseitig einen Gefallen. Denn daß Lebrecht das mit
213 4695 1118 4734 dem jungen Steinli schon gewußt hat, das sieht man
210 4735 620 4768 jetzt auf den ersten Blick.
266 4780 1116 4819 Den andern muß es unerwartet kommen. Man hört
212 4819 626 4849 Ausdrücke des Staunens.
244 4859 1122 4899 Der Brunschhofer-Karl hebt den Zeigefinger in die
210 4900 1117 4940 Höhe. „Merkt ihrs nun bald, was der „Heinimucher"
211 4941 1119 4981 in letzter Zeit immer beim Brüggliwirt unten zu thun
209 4982 1120 5019 gehabt und warum er hin und wieder einen Doppelliter
214 5020 1123 5060 hat fliegen lassen? Gut Wetter wollt' er machen, sonst
211 5061 328 5092 nichts."
270 5105 1119 5143 „Der Steinli ist reich" meint der Glättli-Franz,
210 5143 1000 5175 indem er nach dem Annenfriedli hinüberblinzelt.
265 5186 1117 5223 „Und woher fragt niemand", ergänzt Lebrecht bos¬
208 5224 1120 5265 haft. „Und wir Brunnacher Bursche können Tauner¬
208 5265 1059 5297 kinder*) heiraten, das heißt, wenn sie uns nehmen."
268 5309 1051 5338 „Gehen wir hinein", sagt jetzt Friedli bestimmt.
272 5380 1122 5417 *) „Tauner" heißen im Volksmund etwa Kleinbauern
214 5418 458 5445 und Taglöhner
1220 4112 2068 4149 „Tätsch muß er haben!" fügt der Weierkaspar ge¬
1158 4149 1377 4180 wichtig hinzu.
1212 4193 2063 4230 Einer hinter dem andern setzt sich nun das Trüpp¬
1162 4226 2069 4271 chen in Bewegung. Der Glättli-Franz, als der erste, steigt
1165 4272 2069 4310 von der steinernen Treppe aus auf die halbaufgebaute
1159 4311 1372 4344 Scheiterbeige.
1220 4357 2069 4394 „Steht dort an", sagt er leise, „die Beige ist nicht
1165 4395 1451 4426 ganz bombenfest."
1218 4438 2070 4475 Aber schon ist jetzt der Weierkaspar neben ihn auf
1162 4476 2069 4515 die Scheiter geklettert. „Wart, Heinimucher! Dir will
1162 4516 2070 4555 ich s'Handwerk — " er redet nicht aus, die Beige
1163 4556 2070 4597 geht mit großem Gepolter auseinander. Ein Teil derselben
1165 4598 2035 4628 ruscht in den daneben befindlichen Kellerhals hinunter.
1225 4640 2073 4677 Die Nachtbuben machen sich flüchtig, sammeln sich
1165 4678 2072 4718 aber gleich wieder hinter dem Miststock. Auch der
1166 4719 2071 4760 Weierkaspar hinkt, nachdem er mühsam aus dem Keller¬
1173 4761 2074 4802 loch herausgekrochen, dem duftigen Versteck zu und giebt
1167 4802 2074 4842 sich dort Mühe, sein arg zerknittertes Steifhütchen wieder
1167 4842 1695 4873 in die richtige Form zu bringen.
1230 4888 1558 4913 Alle halten sich still.
1229 4927 2076 4964 Da geht die Hausthüre ein wenig auf. „Wer ist
1168 4965 2074 4996 draußen?" läßt sich eine näselnde Mädchenstimme hören.
1232 5009 2077 5047 Niemand regt sich. Die Thüre schließt sich wieder
1168 5048 1722 5080 und ein Riegel wird vorgeschoben.
1225 5092 2070 5130 „Nun wird's mir aber zu dumm", meint der Annen¬
1170 5130 2074 5170 friedli nach einer Weile und geht auf die Thüre zu.
1172 5170 2077 5210 „Wollt ihr kommen, so ist's recht. Im andern Fall geh'
1175 5211 1347 5242 ich allein."
1230 5254 2077 5284 Die andern folgen seiner Aufforderung ohne weiteres.
1231 5295 2079 5323 „Hat's dir etwas gethan, Kaspar?" fragt Lebrecht leise.
1230 5335 2077 5372 „Macht nichts", erwidert der, sich die Stirne reibend.
1172 5373 2079 5413 „Hier eine Beule, wird schon wieder vergehn. Und den
1172 5414 1759 5447 Fuß hab ich ein wenig ausgerenkt."
2174 4100 3024 4143 „Zwei Hinker geben auch ein Paar", spottet der
2114 4144 3017 4183 Brunschhofer-Karl, während Friedli nun festen Schrittes
2117 4184 3025 4224 die Treppe hinaufsteigt und an die Thüre pocht, erst
2122 4225 2959 4257 leise, dann energischer, zuletzt mit den Schuhspitzen.
2173 4270 3022 4306 Wieder hört man eine Mädchenstimme  im Haus¬
2119 4307 3024 4338 gang, aber eine andere, frischere. „Wer ist draußen?"
2173 4352 2894 4378 „Aufmachen!" ruft Friedli gedämpft zurück.
2176 4392 3024 4428 Sogleich wird ein Riegel zurückgeschobel und die
2123 4428 3025 4468 Thüre halb geöffnet. „Du bist es doch, Friedli?"
2116 4469 3023 4510 kommt es in vertraulichem Flüsterton aus dem Dunkel
2116 4505 3025 4552 des Hausganges. Eine weiche, warme Hand faßt die
2116 4553 2629 4584 seinige und zieht ihn vorwärts.
2175 4592 3018 4633 „Ist recht, daß ihr kommt, wir glaubten bald, ihr
2119 4626 3018 4666 wollet der Schwester nicht einmal die Ehr anthun."
2177 4673 3024 4715 „Ist recht, daß ihr kommt" — es ist ihm immer, das
2122 4711 3025 4757 Wort komme nicht aus ihrem Herzen. Es liegt etwas
2126 4751 2794 4789 Fremdes, gezwungen Freundliches darin.
2179 4794 3024 4839 Seine Führerin öffnet nun die Stubenthür und
2125 4835 3026 4879 tritt etwas zurück, um die späten Gäste an sich vorbei
2121 4880 2270 4911 zu lassen.
2178 4916 3027 4961 Ja, das Luischen ist hübsch! Eigentlich ist es ja
2122 4954 3027 5003 kein Luischen mehr. Schön schlank gewachsen, weiß sie
2125 4995 3026 5042 auch, wie sich ein junges Mädchen tragen muß und
2126 5037 3025 5082 was ihr gut steht. Für jeden Eintretenden hat sie ein
2124 5073 3027 5124 Scherzwort, und ihre graublauen Aeuglein fliegen von
2124 5118 3020 5164 einem zum andern. „Die hat gut freundlich zu sein",
2125 5156 3024 5205 denkt einer und der andere. „Kein einziger sagt darum
2122 5199 3022 5248 nachher: habt ihr gesehen! Sie ist verkracht in mich,
2123 5243 2790 5279 sie wußte nicht, wie thun, als ich kam."
2183 5282 3026 5329 Aus der geräumigen Stube kommt eine feucht¬
2125 5321 3023 5370 warme Luft. Sie riecht ein wenig nach den Stall¬
2125 5362 2921 5402 kleidern, die da und dort an der Wand hangen.
2181 5406 3032 5442 Zu unterst an dem langen, harthölzernen Tisch, im
3069 4095 3971 4139 sogenannten Brautwinkel sitzt der Hochzeiter, ein an¬
3068 4132 3968 4178 gehender Vierziger mit ungeheurem Schnurrbart, der
3070 4179 3973 4216 fast wie eine unter der Nase festgewachsene Wurst
3068 4217 3972 4259 anzusehen ist. Man meint jeden Augenblick, nun werde
3073 4249 3972 4302 er sich vergessen und abbeißen. Den stolzen männlichen
3069 4296 3969 4342 Schmuck weggerechnet, kann man von diesem Gesicht
3073 4338 3972 4381 nicht viel sagen, als daß es stets denselben gelang¬
3068 4374 3971 4423 weilten Ausdruck hat. Für dumm kann den Mathis
3074 4424 3975 4461 indes niemand halten; wenn man die neben ihm
3072 4457 3973 4504 sitzende Braut näher ansieht, kommt man zur Einsicht:
3074 4500 3973 4546 dieser Mensch muß rechnen können. Die Kathrine ist
3073 4542 3979 4586 nicht seine erste Liebe. Schon mit zweiundzwanzig
3071 4582 3978 4626 Jahren hat er es bei der Tochter seines Nachbarn, des
3069 4624 3975 4667 Herrenbauers versucht. Aber die schützte allzugroße
3072 4668 3980 4708 Jugend vor und verlobte sich acht Tage später mit
3072 4709 3980 4747 dem eben angekommenen jungen Lehrer. Nachher fing
3073 4743 3975 4789 sein Herz im Lauf der Jahre noch neunzehnmal ernstlich
3076 4783 3976 4830 Feuer, erholte sich aber bei schwerer Kost und Arbeit
3076 4826 3976 4870 meistens ziemlich rasch. Es kam sogar vor, daß er im
3070 4866 3979 4911 Lauf eines Monats sein Glück an zwei Orten ver¬
3076 4905 3976 4953 suchen konnte. Oft wunderten sich die Leute, daß er
3079 4948 3977 4993 nie an Gegenständen seiner Neigung auskomme. Das
3074 4987 3978 5032 war aber ganz einfach: er besaß ein Verzeichnis von
3079 5033 3981 5071 sämtlichen heiratsfähigen Töchtern der Umgegend und
3074 5067 3978 5113 benuzte jede Gelegenheit, sich über deren Verhältnisse zu
3075 5109 3985 5155 erkundigen, wobei ihm sein Vater geschickt Beistand
3076 5149 3983 5197 leistete. Wo die Auskunft günstig lautete, wurde der
3075 5198 3984 5236 betreffende Name unterstrichen und mit einer be¬
3077 5237 3982 5277 zeichnenden Zahl versehen. In nicht ganz sichern
3078 5278 3989 5319 Fällen gab es ein Fragezeichen; andere wurden unbarm¬
3076 5320 3985 5360 herzig ausgelöscht. Sein Herz besaß merkwürdigerweise
3084 5361 3989 5402 die Eigenschaft, sich in weniger gut situierte Personen
3076 5400 3333 5434 nie zu verlieben.
