<?xml version="1.0" encoding="UTF-8" standalone="yes"?>
<PcGts xmlns="http://schema.primaresearch.org/PAGE/gts/pagecontent/2013-07-15" xmlns:xsi="http://www.w3.org/2001/XMLSchema-instance" xsi:schemaLocation="http://schema.primaresearch.org/PAGE/gts/pagecontent/2013-07-15 http://schema.primaresearch.org/PAGE/gts/pagecontent/2013-07-15/pagecontent.xsd">
    <Metadata>
        <Creator>prov=University of Rostock/Institute of Mathematics/CITlab/Gundram Leifert/gundram.leifert@uni-rostock.de:name=NZZ 0.1(htr_id=3096)::chars.txt::v=?1.0.2
prov=University of Rostock/Institute of Mathematics/CITlab/Tobias Gruening/tobias.gruening@uni-rostock.de:name=de.uro.citlab.module.baseline2polygon.B2PSeamMultiOriented:v=?1.0.1
</Creator>
        <Created>2017-12-08T13:22:20.442+01:00</Created>
        <LastChange>2018-12-29T22:20:48.589+01:00</LastChange>
        <Comments>
                Measurement unit: pixel
                PrimaryLanguage: German
                Language: GermanStandard
                Producer: ABBYY FineReader Engine 11</Comments>
<!--         _TranskribusMetadata docId="49765" pageId="3966065" pageNr="136" tsid="6622072" status="GT" userId="10620" imgUrl="https://dbis-thure.uibk.ac.at/f/Get?id=LBLPXTMQGPODOLVZALVMECZM&amp;fileType=view" xmlUrl="https://dbis-thure.uibk.ac.at/f/Get?id=MEDQIUTMTCAVUCGURTHLEFGE" imageId="2208145"/_ -->
    </Metadata>
    <Page imageFilename="nzz_19340618_0_0_a1_p1_1.tif" imageWidth="3937" imageHeight="5551">
        <PrintSpace>
            <Coords points="-48,-28 3889,-28 3889,5486 -48,5486"/>
        </PrintSpace>
        <ReadingOrder>
            <OrderedGroup id="ro_1547415863610" caption="Regions reading order">
                <RegionRefIndexed index="0" regionRef="r_1_1"/>
                <RegionRefIndexed index="1" regionRef="r_2_1"/>
                <RegionRefIndexed index="2" regionRef="r_3_1"/>
                <RegionRefIndexed index="3" regionRef="r_3_2"/>
                <RegionRefIndexed index="4" regionRef="r_5_1"/>
                <RegionRefIndexed index="5" regionRef="r_6_1"/>
                <RegionRefIndexed index="6" regionRef="r_6_2"/>
                <RegionRefIndexed index="7" regionRef="r_7_1"/>
                <RegionRefIndexed index="8" regionRef="r_7_2"/>
                <RegionRefIndexed index="9" regionRef="r_7_3"/>
                <RegionRefIndexed index="10" regionRef="r_7_4"/>
                <RegionRefIndexed index="11" regionRef="r_7_5"/>
                <RegionRefIndexed index="12" regionRef="r_8_1"/>
                <RegionRefIndexed index="13" regionRef="r_8_2"/>
                <RegionRefIndexed index="14" regionRef="r_8_3"/>
                <RegionRefIndexed index="15" regionRef="r_8_4"/>
                <RegionRefIndexed index="16" regionRef="TextRegion_1534333657215_1"/>
                <RegionRefIndexed index="17" regionRef="r_10_2"/>
                <RegionRefIndexed index="18" regionRef="r_10_3"/>
                <RegionRefIndexed index="19" regionRef="r_10_4"/>
                <RegionRefIndexed index="20" regionRef="r_11_1"/>
                <RegionRefIndexed index="21" regionRef="r_11_2"/>
                <RegionRefIndexed index="22" regionRef="r_12_1"/>
                <RegionRefIndexed index="23" regionRef="r_13_1"/>
                <RegionRefIndexed index="24" regionRef="r_13_2"/>
                <RegionRefIndexed index="25" regionRef="r_13_3"/>
                <RegionRefIndexed index="26" regionRef="TextRegion_1534333670983_2"/>
                <RegionRefIndexed index="27" regionRef="r_15_2"/>
                <RegionRefIndexed index="28" regionRef="r_16_1"/>
                <RegionRefIndexed index="29" regionRef="r_16_2"/>
                <RegionRefIndexed index="30" regionRef="r_16_3"/>
                <RegionRefIndexed index="31" regionRef="r_16_4"/>
                <RegionRefIndexed index="32" regionRef="r_16_5"/>
                <RegionRefIndexed index="33" regionRef="r_16_6"/>
                <RegionRefIndexed index="34" regionRef="r_16_7"/>
                <RegionRefIndexed index="35" regionRef="r_17_1"/>
                <RegionRefIndexed index="36" regionRef="r_18_1"/>
                <RegionRefIndexed index="37" regionRef="r_19_1"/>
                <RegionRefIndexed index="38" regionRef="r_19_2"/>
            </OrderedGroup>
        </ReadingOrder>
        <TextRegion type="paragraph" id="r_1_1" custom="readingOrder {index:0;}">
            <Coords points="295,108 656,108 656,291 295,291"/>
            <TextLine id="tl_1" primaryLanguage="German" custom="readingOrder {index:0;}">
                <Coords points="388,107 568,107 568,157 388,157"/>
                <Baseline points="388,152 568,152"/>
                <TextEquiv>
                    <Unicode>Montag</Unicode>
                </TextEquiv>
                <TextStyle fontFamily="Arial" fontSize="7.5" bold="true"/>
            </TextLine>
            <TextLine id="tl_2" primaryLanguage="German" custom="readingOrder {index:1;}">
                <Coords points="296,170 655,170 654,227 295,227"/>
                <Baseline points="295,222 654,222"/>
                <TextEquiv>
                    <Unicode>18. Juni 1934</Unicode>
                </TextEquiv>
                <TextStyle fontFamily="Arial" fontSize="7.5" bold="true"/>
            </TextLine>
            <TextLine id="tl_3" primaryLanguage="German" custom="readingOrder {index:2;}">
                <Coords points="566,243 390,243 390,289 566,289"/>
                <Baseline points="390,289 566,289"/>
                <TextEquiv>
                    <Unicode>Blatt 2</Unicode>
                </TextEquiv>
                <TextStyle fontFamily="Arial" fontSize="6.5" bold="true"/>
            </TextLine>
            <TextEquiv>
                <Unicode>Montag
18. Juni 1934
Blatt 2</Unicode>
            </TextEquiv>
        </TextRegion>
        <TextRegion type="paragraph" id="r_2_1" custom="readingOrder {index:1;}">
            <Coords points="916,76 2847,76 2847,353 916,353"/>
            <TextLine id="tl_4" primaryLanguage="German" custom="readingOrder {index:0;}">
                <Coords points="2848,84 922,84 921,307 2847,307"/>
                <Baseline points="921,287 2847,287"/>
                <TextEquiv>
                    <Unicode>Neue Zürcher Zeitung</Unicode>
                </TextEquiv>
                <TextStyle fontFamily="Arial" fontSize="37.0"/>
            </TextLine>
            <TextEquiv>
                <Unicode>Neue Zürcher Zeitung</Unicode>
            </TextEquiv>
        </TextRegion>
        <TextRegion type="paragraph" id="r_3_1" custom="readingOrder {index:2;}">
            <Coords points="3105,150 3469,150 3469,200 3105,200"/>
            <TextLine id="tl_5" primaryLanguage="German" custom="readingOrder {index:0;}">
                <Coords points="3469,149 3107,149 3106,192 3468,192"/>
                <Baseline points="3106,189 3468,189"/>
                <TextEquiv>
                    <Unicode>Morgenausgabe</Unicode>
                </TextEquiv>
                <TextStyle fontFamily="Arial" fontSize="6.5" bold="true"/>
            </TextLine>
            <TextEquiv>
                <Unicode>Morgenausgabe</Unicode>
            </TextEquiv>
        </TextRegion>
        <TextRegion type="paragraph" id="r_3_2" custom="readingOrder {index:3;}">
            <Coords points="3184,228 3384,228 3384,272 3184,272"/>
            <TextLine id="tl_6" primaryLanguage="German" custom="readingOrder {index:0;}">
                <Coords points="3385,227 3187,227 3185,271 3383,271"/>
                <Baseline points="3185,271 3383,271"/>
                <TextEquiv>
                    <Unicode>Nr. 1093</Unicode>
                </TextEquiv>
            </TextLine>
            <TextEquiv>
                <Unicode>Nr. 1093</Unicode>
            </TextEquiv>
        </TextRegion>
        <TextRegion type="paragraph" id="r_5_1" custom="readingOrder {index:4;}">
            <Coords points="255,441 1767,441 1767,521 255,521"/>
            <TextLine id="tl_8" primaryLanguage="German" custom="readingOrder {index:0;}">
                <Coords points="1766,462 255,452 255,503 1766,513"/>
                <Baseline points="255,500 1766,510"/>
                <TextEquiv>
                    <Unicode>Freisinniger Parteitag des Kantons Zürich</Unicode>
                </TextEquiv>
                <TextStyle fontFamily="Arial" fontSize="11.0"/>
            </TextLine>
            <TextEquiv>
                <Unicode>Freisinniger Parteitag des Kantons Zürich</Unicode>
            </TextEquiv>
        </TextRegion>
        <TextRegion type="paragraph" id="r_6_1" custom="readingOrder {index:5;}">
            <Coords points="156,543 997,543 997,1298 156,1298"/>
            <TextLine id="tl_9" primaryLanguage="German" custom="readingOrder {index:0;}">
                <Coords points="996,555 211,545 211,582 996,592"/>
                <Baseline points="211,571 996,581"/>
                <TextEquiv>
                    <Unicode>Th. Das herrliche Sommersonntagswetter bildete</Unicode>
                </TextEquiv>
                <TextStyle fontFamily="Arial" fontSize="4.5"/>
            </TextLine>
            <TextLine id="tl_10" primaryLanguage="German" custom="readingOrder {index:1;}">
                <Coords points="995,593 161,582 161,621 995,632"/>
                <Baseline points="161,609 995,620"/>
                <TextEquiv>
                    <Unicode>für eine stattliche Zahl von Mitgliedern der Frei¬</Unicode>
                </TextEquiv>
                <TextStyle fontFamily="Arial" fontSize="4.5"/>
            </TextLine>
            <TextLine id="tl_11" primaryLanguage="German" custom="readingOrder {index:2;}">
                <Coords points="996,632 163,623 163,663 996,672"/>
                <Baseline points="163,651 996,660"/>
                <TextEquiv>
                    <Unicode>sinnigen Partei keinen Grund, ihr Interesse für unser</Unicode>
                </TextEquiv>
                <TextStyle fontFamily="Arial" fontSize="4.5"/>
            </TextLine>
            <TextLine id="tl_12" primaryLanguage="German" custom="readingOrder {index:3;}">
                <Coords points="995,672 158,660 158,699 995,711"/>
                <Baseline points="158,688 995,700"/>
                <TextEquiv>
                    <Unicode>Staatsleben hintanzustellen; über 200 Mann fanden</Unicode>
                </TextEquiv>
                <TextStyle fontFamily="Arial" fontSize="4.5"/>
            </TextLine>
            <TextLine id="tl_13" primaryLanguage="German" custom="readingOrder {index:4;}">
                <Coords points="995,712 161,703 161,741 995,750"/>
                <Baseline points="161,729 995,738"/>
                <TextEquiv>
                    <Unicode>sich nach 2 Uhr nachmittags im Saale des Hotels zum</Unicode>
                </TextEquiv>
                <TextStyle fontFamily="Arial" fontSize="4.5"/>
            </TextLine>
            <TextLine id="tl_14" primaryLanguage="German" custom="readingOrder {index:5;}">
                <Coords points="995,750 158,738 158,778 995,790"/>
                <Baseline points="158,766 995,778"/>
                <TextEquiv>
                    <Unicode>Kreuz in Uster ein. Den ersten Gruß entbot der</Unicode>
                </TextEquiv>
            </TextLine>
            <TextLine id="tl_15" primaryLanguage="German" custom="readingOrder {index:6;}">
                <Coords points="995,791 163,778 163,818 995,831"/>
                <Baseline points="163,807 995,820"/>
                <TextEquiv>
                    <Unicode>Parteipräsident, Redaktor Theodor Gut aus</Unicode>
                </TextEquiv>
                <TextStyle fontFamily="Arial" fontSize="4.5"/>
            </TextLine>
            <TextLine id="tl_16" primaryLanguage="German" custom="readingOrder {index:7;}">
                <Coords points="995,832 159,822 159,860 995,870"/>
                <Baseline points="159,848 995,858"/>
                <TextEquiv>
                    <Unicode>Stäfa. Damit verband er herzliche Worte dankbaren</Unicode>
                </TextEquiv>
                <TextStyle fontFamily="Arial" fontSize="4.5"/>
            </TextLine>
            <TextLine id="tl_17" primaryLanguage="German" custom="readingOrder {index:8;}">
                <Coords points="995,870 156,862 156,902 995,910"/>
                <Baseline points="156,890 995,898"/>
                <TextEquiv>
                    <Unicode>Gedenkens an den kürzlich verstorbenen Dr. Robert</Unicode>
                </TextEquiv>
                <TextStyle fontFamily="Arial" fontSize="4.5"/>
            </TextLine>
            <TextLine id="tl_18" primaryLanguage="German" custom="readingOrder {index:9;}">
                <Coords points="995,910 159,902 159,942 995,950"/>
                <Baseline points="159,930 995,938"/>
                <TextEquiv>
                    <Unicode>Schmid in Zürich, der sich als einer der verdientesten</Unicode>
                </TextEquiv>
                <TextStyle fontFamily="Arial" fontSize="4.5"/>
            </TextLine>
            <TextLine id="tl_19" primaryLanguage="German" custom="readingOrder {index:10;}">
                <Coords points="996,951 158,940 158,980 996,991"/>
                <Baseline points="158,968 996,979"/>
                <TextEquiv>
                    <Unicode>Parteigenossen in führenden Stellugen, als Vorbild</Unicode>
                </TextEquiv>
                <TextStyle fontFamily="Arial" fontSize="4.5"/>
            </TextLine>
            <TextLine id="tl_20" primaryLanguage="German" custom="readingOrder {index:11;}">
                <Coords points="996,991 163,979 163,1019 996,1031"/>
                <Baseline points="163,1007 996,1019"/>
                <TextEquiv>
                    <Unicode>der Pflichttreue, unvergängliche Dankbarkeit, der</Unicode>
                </TextEquiv>
                <TextStyle fontFamily="Arial" fontSize="4.5"/>
            </TextLine>
            <TextLine id="tl_21" primaryLanguage="German" custom="readingOrder {index:12;}">
                <Coords points="996,1031 157,1020 157,1059 996,1070"/>
                <Baseline points="157,1048 996,1059"/>
                <TextEquiv>
                    <Unicode>Partei gesichert hat. Die Versammlung bestätigte diese</Unicode>
                </TextEquiv>
                <TextStyle fontFamily="Arial" fontSize="4.5"/>
            </TextLine>
            <TextLine id="tl_22" primaryLanguage="German" custom="readingOrder {index:13;}">
                <Coords points="995,1071 163,1062 163,1101 995,1110"/>
                <Baseline points="163,1089 995,1098"/>
                <TextEquiv>
                    <Unicode>Ehrung durch Erheben von den Sitzen. Auch einem</Unicode>
                </TextEquiv>
                <TextStyle fontFamily="Arial" fontSize="4.5"/>
            </TextLine>
            <TextLine id="tl_23" primaryLanguage="German" custom="readingOrder {index:14;}">
                <Coords points="994,1111 156,1099 156,1139 994,1151"/>
                <Baseline points="156,1127 994,1139"/>
                <TextEquiv>
                    <Unicode>Lebenden wurde wohlverdienter Dank abgestattet</Unicode>
                </TextEquiv>
                <TextStyle fontFamily="Arial" fontSize="4.5"/>
            </TextLine>
            <TextLine id="tl_24" primaryLanguage="German" custom="readingOrder {index:15;}">
                <Coords points="995,1151 162,1141 162,1181 995,1191"/>
                <Baseline points="162,1169 995,1179"/>
                <TextEquiv>
                    <Unicode>unserem ehemaligen Präsidenten Dr. Weisflog, der</Unicode>
                </TextEquiv>
                <TextStyle fontFamily="Arial" fontSize="4.5"/>
            </TextLine>
            <TextLine id="tl_25" primaryLanguage="German" custom="readingOrder {index:16;}">
                <Coords points="995,1191 158,1181 158,1221 995,1231"/>
                <Baseline points="158,1209 995,1219"/>
                <TextEquiv>
                    <Unicode>durch die ausgezeichnete Präsidialführung des Kan¬</Unicode>
                </TextEquiv>
                <TextStyle fontFamily="Arial" fontSize="4.5"/>
            </TextLine>
            <TextLine id="tl_26" primaryLanguage="German" custom="readingOrder {index:17;}">
                <Coords points="996,1232 162,1221 162,1257 996,1268"/>
                <Baseline points="162,1249 996,1260"/>
                <TextEquiv>
                    <Unicode>tonsrates im abgelaufenen Amtsjahre grossen Dank</Unicode>
                </TextEquiv>
                <TextStyle fontFamily="Arial" fontSize="4.5"/>
            </TextLine>
            <TextLine id="tl_27" primaryLanguage="German" custom="readingOrder {index:18;}">
                <Coords points="360,1269 164,1269 164,1292 360,1292"/>
                <Baseline points="164,1289 360,1289"/>
                <TextEquiv>
                    <Unicode>verdient hat.</Unicode>
                </TextEquiv>
                <TextStyle fontFamily="Arial" fontSize="4.5"/>
            </TextLine>
            <TextEquiv>
                <Unicode>Th. Das herrliche Sommersonntagswetter bildete
für eine stattliche Zahl von Mitgliedern der Frei¬
sinnigen Partei keinen Grund, ihr Interesse für unser
Staatsleben hintanzustellen; über 200 Mann fanden
sich nach 2 Uhr nachmittags im Saale des Hotels zum
Kreuz in Uster ein. Den ersten Gruß entbot der
Parteipräsident, Redaktor Theodor Gut aus
Stäfa. Damit verband er herzliche Worte dankbaren
Gedenkens an den kürzlich verstorbenen Dr. Robert
Schmid in Zürich, der sich als einer der verdientesten
Parteigenossen in führenden Stellugen, als Vorbild
der Pflichttreue, unvergängliche Dankbarkeit, der
Partei gesichert hat. Die Versammlung bestätigte diese
Ehrung durch Erheben von den Sitzen. Auch einem
Lebenden wurde wohlverdienter Dank abgestattet
unserem ehemaligen Präsidenten Dr. Weisflog, der
durch die ausgezeichnete Präsidialführung des Kan¬
tonsrates im abgelaufenen Amtsjahre grossen Dank
verdient hat.</Unicode>
            </TextEquiv>
        </TextRegion>
        <TextRegion type="paragraph" id="r_6_2" custom="readingOrder {index:6;}">
            <Coords points="164,1308 997,1308 997,1392 164,1392"/>
            <TextLine id="tl_28" primaryLanguage="German" custom="readingOrder {index:0;}">
                <Coords points="996,1321 202,1311 202,1350 996,1360"/>
                <Baseline points="202,1339 996,1349"/>
                <TextEquiv>
                    <Unicode>Dann fesselte Präsident Gut die Aufmerksamkeit</Unicode>
                </TextEquiv>
                <TextStyle fontFamily="Arial" fontSize="4.5"/>
            </TextLine>
            <TextLine id="tl_29" primaryLanguage="German" custom="readingOrder {index:1;}">
                <Coords points="774,1361 164,1352 164,1379 774,1388"/>
                <Baseline points="164,1378 774,1387"/>
                <TextEquiv>
                    <Unicode>der Zuhörer mit einer Beleuchtung der</Unicode>
                </TextEquiv>
                <TextStyle fontFamily="Arial" fontSize="4.5"/>
            </TextLine>
            <TextEquiv>
                <Unicode>Dann fesselte Präsident Gut die Aufmerksamkeit
der Zuhörer mit einer Beleuchtung der</Unicode>
            </TextEquiv>
        </TextRegion>
        <TextRegion type="paragraph" id="r_7_1" custom="readingOrder {index:7;}">
            <Coords points="163,1417 996,1417 996,1518 163,1518"/>
            <TextLine id="tl_30" primaryLanguage="German" custom="readingOrder {index:0;}">
                <Coords points="995,1431 163,1421 163,1467 995,1477"/>
                <Baseline points="163,1453 995,1463"/>
                <TextEquiv>
                    <Unicode>Stellung der Freisinnigen Partei zu den</Unicode>
                </TextEquiv>
                <TextStyle fontFamily="Arial" fontSize="6.5" bold="true"/>
            </TextLine>
            <TextLine id="tl_31" primaryLanguage="German" custom="readingOrder {index:1;}">
                <Coords points="834,1478 331,1471 331,1505 834,1512"/>
                <Baseline points="331,1503 834,1510"/>
                <TextEquiv>
                    <Unicode>politischen Tagesfragen.</Unicode>
                </TextEquiv>
                <TextStyle fontFamily="Arial" fontSize="6.5" bold="true"/>
            </TextLine>
            <TextEquiv>
                <Unicode>Stellung der Freisinnigen Partei zu den
politischen Tagesfragen.</Unicode>
            </TextEquiv>
        </TextRegion>
        <TextRegion type="paragraph" id="r_7_2" custom="readingOrder {index:8;}">
            <Coords points="160,1531 1000,1531 1000,2808 160,2808"/>
            <TextLine id="tl_32" primaryLanguage="German" custom="readingOrder {index:0;}">
                <Coords points="998,1544 215,1535 215,1573 998,1582"/>
                <Baseline points="215,1563 998,1572"/>
                <TextEquiv>
                    <Unicode>Einleitend erinnerte er an den Zeitpunkt,</Unicode>
                </TextEquiv>
                <TextStyle fontFamily="Arial" fontSize="4.5"/>
            </TextLine>
            <TextLine id="tl_33" primaryLanguage="German" custom="readingOrder {index:1;}">
                <Coords points="996,1583 160,1573 160,1608 996,1618"/>
                <Baseline points="160,1598 996,1608"/>
                <TextEquiv>
                    <Unicode>seit dem nun etwa ein Jahr verflossen ist, jene Zeit</Unicode>
                </TextEquiv>
                <TextStyle fontFamily="Arial" fontSize="4.5"/>
            </TextLine>
            <TextLine id="tl_34" primaryLanguage="German" custom="readingOrder {index:2;}">
                <Coords points="995,1619 161,1612 161,1645 995,1652"/>
                <Baseline points="161,1635 995,1642"/>
                <TextEquiv>
                    <Unicode>der stürmischen Aufmärsche von Fronten und Bünden</Unicode>
                </TextEquiv>
                <TextStyle fontFamily="Arial" fontSize="4.5"/>
            </TextLine>
            <TextLine id="tl_35" primaryLanguage="German" custom="readingOrder {index:3;}">
                <Coords points="997,1653 164,1644 164,1678 997,1687"/>
                <Baseline points="164,1668 997,1677"/>
                <TextEquiv>
                    <Unicode>und der schweren Angriffe auf den Liberalismus.</Unicode>
                </TextEquiv>
                <TextStyle fontFamily="Arial" fontSize="4.5"/>
            </TextLine>
            <TextLine id="tl_36" primaryLanguage="German" custom="readingOrder {index:4;}">
                <Coords points="996,1688 160,1678 160,1711 996,1721"/>
                <Baseline points="160,1701 996,1711"/>
                <TextEquiv>
                    <Unicode>Seither ist ein Jahr der Klärung verstrichen, ein</Unicode>
                </TextEquiv>
                <TextStyle fontFamily="Arial" fontSize="4.5"/>
            </TextLine>
            <TextLine id="tl_37" primaryLanguage="German" custom="readingOrder {index:5;}">
                <Coords points="996,1722 160,1713 160,1747 996,1756"/>
                <Baseline points="160,1737 996,1746"/>
                <TextEquiv>
                    <Unicode>Jahr zugleich der Abnützung für Schlagworte. Und</Unicode>
                </TextEquiv>
                <TextStyle fontFamily="Arial" fontSize="4.5"/>
            </TextLine>
            <TextLine id="tl_38" primaryLanguage="German" custom="readingOrder {index:6;}">
                <Coords points="995,1757 160,1745 160,1779 995,1791"/>
                <Baseline points="160,1769 995,1781"/>
                <TextEquiv>
                    <Unicode>dabei können wir feststellen, daß die freisinnige Front</Unicode>
                </TextEquiv>
                <TextStyle fontFamily="Arial" fontSize="4.5"/>
            </TextLine>
            <TextLine id="tl_39" primaryLanguage="German" custom="readingOrder {index:7;}">
                <Coords points="996,1792 160,1781 160,1814 996,1825"/>
                <Baseline points="160,1804 996,1815"/>
                <TextEquiv>
                    <Unicode>an keiner Stelle durchbrochen werden konnte, so</Unicode>
                </TextEquiv>
                <TextStyle fontFamily="Arial" fontSize="4.5"/>
            </TextLine>
            <TextLine id="tl_40" primaryLanguage="German" custom="readingOrder {index:8;}">
                <Coords points="996,1826 164,1817 164,1849 996,1858"/>
                <Baseline points="164,1840 996,1849"/>
                <TextEquiv>
                    <Unicode>wuchtig und rücksichtslos die Angriffe auch von ver¬</Unicode>
                </TextEquiv>
                <TextStyle fontFamily="Arial" fontSize="4.5"/>
            </TextLine>
            <TextLine id="tl_41" primaryLanguage="German" custom="readingOrder {index:9;}">
                <Coords points="998,1859 161,1852 161,1886 998,1893"/>
                <Baseline points="161,1875 998,1882"/>
                <TextEquiv>
                    <Unicode>schiedenen Seiten geführt worden sind. Gewiß hat</Unicode>
                </TextEquiv>
                <TextStyle fontFamily="Arial" fontSize="4.5"/>
            </TextLine>
            <TextLine id="tl_42" primaryLanguage="German" custom="readingOrder {index:10;}">
                <Coords points="996,1894 163,1882 163,1917 996,1929"/>
                <Baseline points="163,1907 996,1919"/>
                <TextEquiv>
                    <Unicode>unsere Partei Verluste erlitten; aber ihr Kampfwille</Unicode>
                </TextEquiv>
                <TextStyle fontFamily="Arial" fontSize="4.5"/>
            </TextLine>
            <TextLine id="tl_43" primaryLanguage="German" custom="readingOrder {index:11;}">
                <Coords points="996,1930 160,1921 160,1955 996,1964"/>
                <Baseline points="160,1945 996,1954"/>
                <TextEquiv>
                    <Unicode>ist unerschütterlich. Die Fronten aber haben, das soll</Unicode>
                </TextEquiv>
                <TextStyle fontFamily="Arial" fontSize="4.5"/>
            </TextLine>
            <TextLine id="tl_44" primaryLanguage="German" custom="readingOrder {index:12;}">
                <Coords points="996,1965 165,1955 165,1988 996,1998"/>
                <Baseline points="165,1978 996,1988"/>
                <TextEquiv>
                    <Unicode>zugegeben werden, veranlaßt, daß man in unsern</Unicode>
                </TextEquiv>
                <TextStyle fontFamily="Arial" fontSize="4.5"/>
            </TextLine>
            <TextLine id="tl_45" primaryLanguage="German" custom="readingOrder {index:13;}">
                <Coords points="997,1999 166,1985 166,2018 997,2032"/>
                <Baseline points="166,2008 997,2022"/>
                <TextEquiv>
                    <Unicode>Reihen gelernt hat, daß man des Wesens und der</Unicode>
                </TextEquiv>
                <TextStyle fontFamily="Arial" fontSize="4.5"/>
            </TextLine>
            <TextLine id="tl_46" primaryLanguage="German" custom="readingOrder {index:14;}">
                <Coords points="997,2033 163,2027 163,2061 997,2067"/>
                <Baseline points="163,2051 997,2057"/>
                <TextEquiv>
                    <Unicode>Ziele des Liberalismus besser bewußt geworden ist, und</Unicode>
                </TextEquiv>
                <TextStyle fontFamily="Arial" fontSize="4.5"/>
            </TextLine>
            <TextLine id="tl_47" primaryLanguage="German" custom="readingOrder {index:15;}">
                <Coords points="997,2068 160,2059 160,2092 997,2101"/>
                <Baseline points="160,2082 997,2091"/>
                <TextEquiv>
                    <Unicode>besonders auch der Pflichten, die aus dem von ihm</Unicode>
                </TextEquiv>
                <TextStyle fontFamily="Arial" fontSize="4.5"/>
            </TextLine>
            <TextLine id="tl_48" primaryLanguage="German" custom="readingOrder {index:16;}">
                <Coords points="998,2102 160,2091 160,2125 998,2136"/>
                <Baseline points="160,2115 998,2126"/>
                <TextEquiv>
                    <Unicode>verliehenen Rechten hervorgehen. Heute, nachdem die</Unicode>
                </TextEquiv>
                <TextStyle fontFamily="Arial" fontSize="4.5"/>
            </TextLine>
            <TextLine id="tl_49" primaryLanguage="German" custom="readingOrder {index:17;}">
                <Coords points="997,2137 164,2128 164,2161 997,2170"/>
                <Baseline points="164,2151 997,2160"/>
                <TextEquiv>
                    <Unicode>Kritiker doch bereits ein Jahr und mehr Zeit gehabt</Unicode>
                </TextEquiv>
                <TextStyle fontFamily="Arial" fontSize="4.5"/>
            </TextLine>
            <TextLine id="tl_50" primaryLanguage="German" custom="readingOrder {index:18;}">
                <Coords points="997,2171 160,2163 160,2197 997,2205"/>
                <Baseline points="160,2187 997,2195"/>
                <TextEquiv>
                    <Unicode>haben, wenigstens etwas von ihren großen Wor¬</Unicode>
                </TextEquiv>
            </TextLine>
            <TextLine id="tl_51" primaryLanguage="German" custom="readingOrder {index:19;}">
                <Coords points="998,2206 161,2197 161,2230 998,2239"/>
                <Baseline points="161,2221 998,2230"/>
                <TextEquiv>
                    <Unicode>ten wahr zu machen, wollen mir auch einmml fest¬</Unicode>
                </TextEquiv>
            </TextLine>
            <TextLine id="tl_52" primaryLanguage="German" custom="readingOrder {index:20;}">
                <Coords points="997,2240 160,2233 160,2266 997,2273"/>
                <Baseline points="160,2256 997,2263"/>
                <TextEquiv>
                    <Unicode>stellen, daß die Worte forderhand Worte und die</Unicode>
                </TextEquiv>
                <TextStyle fontFamily="Arial" fontSize="4.5"/>
            </TextLine>
            <TextLine id="tl_53" primaryLanguage="German" custom="readingOrder {index:21;}">
                <Coords points="999,2274 160,2264 160,2299 999,2309"/>
                <Baseline points="160,2289 999,2299"/>
                <TextEquiv>
                    <Unicode>Versprechungen Papier geblieben sind, während die</Unicode>
                </TextEquiv>
                <TextStyle fontFamily="Arial" fontSize="4.5"/>
            </TextLine>
            <TextLine id="tl_54" primaryLanguage="German" custom="readingOrder {index:22;}">
                <Coords points="999,2310 163,2301 163,2334 999,2343"/>
                <Baseline points="163,2324 999,2333"/>
                <TextEquiv>
                    <Unicode>verleumdeten Parteien, die Parlamente und die Be¬</Unicode>
                </TextEquiv>
                <TextStyle fontFamily="Arial" fontSize="4.5"/>
            </TextLine>
            <TextLine id="tl_55" primaryLanguage="German" custom="readingOrder {index:23;}">
                <Coords points="999,2344 162,2334 162,2367 999,2377"/>
                <Baseline points="162,2357 999,2367"/>
                <TextEquiv>
                    <Unicode>hörden unterdessen gearbeitet und das Schiff trotz</Unicode>
                </TextEquiv>
                <TextStyle fontFamily="Arial" fontSize="4.5"/>
            </TextLine>
            <TextLine id="tl_56" primaryLanguage="German" custom="readingOrder {index:24;}">
                <Coords points="999,2378 160,2368 160,2402 999,2412"/>
                <Baseline points="160,2392 999,2402"/>
                <TextEquiv>
                    <Unicode>Sturm in einem fahrbaren Kurs gehalten haben. Zu¬</Unicode>
                </TextEquiv>
                <TextStyle fontFamily="Arial" fontSize="4.5"/>
            </TextLine>
            <TextLine id="tl_57" primaryLanguage="German" custom="readingOrder {index:25;}">
                <Coords points="999,2413 161,2406 161,2439 999,2446"/>
                <Baseline points="161,2429 999,2436"/>
                <TextEquiv>
                    <Unicode>letzt wird es immerhin auf diese Arbeit ankom¬</Unicode>
                </TextEquiv>
                <TextStyle fontFamily="Arial" fontSize="4.5"/>
            </TextLine>
            <TextLine id="tl_58" primaryLanguage="German" custom="readingOrder {index:26;}">
                <Coords points="998,2447 161,2438 161,2471 998,2480"/>
                <Baseline points="161,2461 998,2470"/>
                <TextEquiv>
                    <Unicode>men. Es wird heute zu viel kritisiert, als daß jede</Unicode>
                </TextEquiv>
                <TextStyle fontFamily="Arial" fontSize="4.5"/>
            </TextLine>
            <TextLine id="tl_59" primaryLanguage="German" custom="readingOrder {index:27;}">
                <Coords points="998,2481 161,2470 161,2504 998,2515"/>
                <Baseline points="161,2494 998,2505"/>
                <TextEquiv>
                    <Unicode>Kritik wertvoll sein könnte; es ist zu viel neu ge¬</Unicode>
                </TextEquiv>
                <TextStyle fontFamily="Arial" fontSize="4.5"/>
            </TextLine>
            <TextLine id="tl_60" primaryLanguage="German" custom="readingOrder {index:28;}">
                <Coords points="999,2516 161,2505 161,2538 999,2549"/>
                <Baseline points="161,2528 999,2539"/>
                <TextEquiv>
                    <Unicode>gründet worden, als daß es ernst zu nehmen wäre.</Unicode>
                </TextEquiv>
                <TextStyle fontFamily="Arial" fontSize="4.5"/>
            </TextLine>
            <TextLine id="tl_61" primaryLanguage="German" custom="readingOrder {index:29;}">
                <Coords points="999,2550 160,2540 160,2574 999,2584"/>
                <Baseline points="160,2564 999,2574"/>
                <TextEquiv>
                    <Unicode>Auf die Länge wird es dem Volk nicht entgehen, wo</Unicode>
                </TextEquiv>
                <TextStyle fontFamily="Arial" fontSize="4.5"/>
            </TextLine>
            <TextLine id="tl_62" primaryLanguage="German" custom="readingOrder {index:30;}">
                <Coords points="998,2585 163,2575 163,2609 998,2619"/>
                <Baseline points="163,2599 998,2609"/>
                <TextEquiv>
                    <Unicode>wirkliche Arbeit geleistet wird. Es wird erkennen,</Unicode>
                </TextEquiv>
                <TextStyle fontFamily="Arial" fontSize="4.5"/>
            </TextLine>
            <TextLine id="tl_63" primaryLanguage="German" custom="readingOrder {index:31;}">
                <Coords points="999,2620 165,2609 165,2642 999,2653"/>
                <Baseline points="165,2632 999,2643"/>
                <TextEquiv>
                    <Unicode>daß die aus der Notlage heraus erklärliche Ver¬</Unicode>
                </TextEquiv>
                <TextStyle fontFamily="Arial" fontSize="4.5"/>
            </TextLine>
            <TextLine id="tl_64" primaryLanguage="German" custom="readingOrder {index:32;}">
                <Coords points="998,2654 160,2643 160,2676 998,2687"/>
                <Baseline points="160,2666 998,2677"/>
                <TextEquiv>
                    <Unicode>ärgerug, die manche veranlaßte, den Parteien den</Unicode>
                </TextEquiv>
                <TextStyle fontFamily="Arial" fontSize="4.5"/>
            </TextLine>
            <TextLine id="tl_65" primaryLanguage="German" custom="readingOrder {index:33;}">
                <Coords points="999,2688 164,2676 164,2710 999,2722"/>
                <Baseline points="164,2700 999,2712"/>
                <TextEquiv>
                    <Unicode>Rücken zu kehren, keinen Silberstreifen am wirt¬</Unicode>
                </TextEquiv>
                <TextStyle fontFamily="Arial" fontSize="4.5"/>
            </TextLine>
            <TextLine id="tl_66" primaryLanguage="German" custom="readingOrder {index:34;}">
                <Coords points="999,2723 165,2713 165,2747 999,2757"/>
                <Baseline points="165,2737 999,2747"/>
                <TextEquiv>
                    <Unicode>schaftlichen Himmel heraufzuführen vermochte, son¬</Unicode>
                </TextEquiv>
                <TextStyle fontFamily="Arial" fontSize="4.5"/>
            </TextLine>
            <TextLine id="tl_67" primaryLanguage="German" custom="readingOrder {index:35;}">
                <Coords points="999,2758 163,2750 163,2779 999,2787"/>
                <Baseline points="163,2773 999,2781"/>
                <TextEquiv>
                    <Unicode>dern daß nur geduldige, treue Arbeit weiterhelfen</Unicode>
                </TextEquiv>
                <TextStyle fontFamily="Arial" fontSize="4.5"/>
            </TextLine>
            <TextLine id="tl_68" primaryLanguage="German" custom="readingOrder {index:36;}">
                <Coords points="243,2788 164,2788 164,2805 243,2805"/>
                <Baseline points="164,2804 243,2804"/>
                <TextEquiv>
                    <Unicode>kann.</Unicode>
                </TextEquiv>
                <TextStyle fontFamily="Arial" fontSize="4.5"/>
            </TextLine>
            <TextEquiv>
                <Unicode>Einleitend erinnerte er an den Zeitpunkt,
seit dem nun etwa ein Jahr verflossen ist, jene Zeit
der stürmischen Aufmärsche von Fronten und Bünden
und der schweren Angriffe auf den Liberalismus.
Seither ist ein Jahr der Klärung verstrichen, ein
Jahr zugleich der Abnützung für Schlagworte. Und
dabei können wir feststellen, daß die freisinnige Front
an keiner Stelle durchbrochen werden konnte, so
wuchtig und rücksichtslos die Angriffe auch von ver¬
schiedenen Seiten geführt worden sind. Gewiß hat
unsere Partei Verluste erlitten; aber ihr Kampfwille
ist unerschütterlich. Die Fronten aber haben, das soll
zugegeben werden, veranlaßt, daß man in unsern
Reihen gelernt hat, daß man des Wesens und der
Ziele des Liberalismus besser bewußt geworden ist, und
besonders auch der Pflichten, die aus dem von ihm
verliehenen Rechten hervorgehen. Heute, nachdem die
Kritiker doch bereits ein Jahr und mehr Zeit gehabt
haben, wenigstens etwas von ihren großen Wor¬
ten wahr zu machen, wollen mir auch einmml fest¬
stellen, daß die Worte forderhand Worte und die
Versprechungen Papier geblieben sind, während die
verleumdeten Parteien, die Parlamente und die Be¬
hörden unterdessen gearbeitet und das Schiff trotz
Sturm in einem fahrbaren Kurs gehalten haben. Zu¬
letzt wird es immerhin auf diese Arbeit ankom¬
men. Es wird heute zu viel kritisiert, als daß jede
Kritik wertvoll sein könnte; es ist zu viel neu ge¬
gründet worden, als daß es ernst zu nehmen wäre.
Auf die Länge wird es dem Volk nicht entgehen, wo
wirkliche Arbeit geleistet wird. Es wird erkennen,
daß die aus der Notlage heraus erklärliche Ver¬
ärgerug, die manche veranlaßte, den Parteien den
Rücken zu kehren, keinen Silberstreifen am wirt¬
schaftlichen Himmel heraufzuführen vermochte, son¬
dern daß nur geduldige, treue Arbeit weiterhelfen
kann.</Unicode>
            </TextEquiv>
        </TextRegion>
        <TextRegion type="paragraph" id="r_7_3" custom="readingOrder {index:9;}">
            <Coords points="160,2811 1005,2811 1005,3953 160,3953"/>
            <TextLine id="tl_69" primaryLanguage="German" custom="readingOrder {index:0;}">
                <Coords points="999,2823 209,2814 209,2851 999,2860"/>
                <Baseline points="209,2841 999,2850"/>
                <TextEquiv>
                    <Unicode>Noch sind wir allerdings nicht so weit. Während</Unicode>
                </TextEquiv>
                <TextStyle fontFamily="Arial" fontSize="4.5"/>
            </TextLine>
            <TextLine id="tl_70" primaryLanguage="German" custom="readingOrder {index:1;}">
                <Coords points="1000,2861 160,2850 160,2884 1000,2895"/>
                <Baseline points="160,2874 1000,2885"/>
                <TextEquiv>
                    <Unicode>der Bundesrat, in Sorge um unsere guten nachbar¬</Unicode>
                </TextEquiv>
                <TextStyle fontFamily="Arial" fontSize="4.5"/>
            </TextLine>
            <TextLine id="tl_71" primaryLanguage="German" custom="readingOrder {index:2;}">
                <Coords points="1000,2896 163,2888 163,2921 1000,2929"/>
                <Baseline points="163,2911 1000,2919"/>
                <TextEquiv>
                    <Unicode>lichen Beziehungen, mit gutem Recht und einigem</Unicode>
                </TextEquiv>
                <TextStyle fontFamily="Arial" fontSize="4.5"/>
            </TextLine>
            <TextLine id="tl_72" primaryLanguage="German" custom="readingOrder {index:3;}">
                <Coords points="1000,2930 160,2921 160,2954 1000,2963"/>
                <Baseline points="160,2944 1000,2953"/>
                <TextEquiv>
                    <Unicode>Nachdruck aufs jene Grenzen der Preßfreiheit hin¬</Unicode>
                </TextEquiv>
                <TextStyle fontFamily="Arial" fontSize="4.5"/>
            </TextLine>
            <TextLine id="tl_73" primaryLanguage="German" custom="readingOrder {index:4;}">
                <Coords points="1000,2964 162,2955 162,2988 1000,2997"/>
                <Baseline points="162,2978 1000,2987"/>
                <TextEquiv>
                    <Unicode>weist, wo die Freiheit in Frechheit übergeht, und</Unicode>
                </TextEquiv>
                <TextStyle fontFamily="Arial" fontSize="4.5"/>
            </TextLine>
            <TextLine id="tl_74" primaryLanguage="German" custom="readingOrder {index:5;}">
                <Coords points="998,2998 165,2991 165,3024 998,3031"/>
                <Baseline points="165,3014 998,3021"/>
                <TextEquiv>
                    <Unicode>während dieser Bundesrat von einem führenden</Unicode>
                </TextEquiv>
                <TextStyle fontFamily="Arial" fontSize="4.5"/>
            </TextLine>
            <TextLine id="tl_75" primaryLanguage="German" custom="readingOrder {index:6;}">
                <Coords points="1001,3032 162,3026 162,3058 1001,3064"/>
                <Baseline points="162,3049 1001,3055"/>
                <TextEquiv>
                    <Unicode>Zürcher Sozialdemokraten deshalb zur Rede</Unicode>
                </TextEquiv>
            </TextLine>
            <TextLine id="tl_76" primaryLanguage="German" custom="readingOrder {index:7;}">
                <Coords points="1001,3065 162,3058 162,3090 1001,3097"/>
                <Baseline points="162,3081 1001,3088"/>
                <TextEquiv>
                    <Unicode>gestellt und gerügt wird, gegen dieselben Genossen hin</Unicode>
                </TextEquiv>
                <TextStyle fontFamily="Arial" fontSize="4.5"/>
            </TextLine>
            <TextLine id="tl_77" primaryLanguage="German" custom="readingOrder {index:8;}">
                <Coords points="1001,3098 174,3094 174,3127 1001,3131"/>
                <Baseline points="174,3117 1001,3121"/>
                <TextEquiv>
                    <Unicode>und heben das Recht der Versammlungsfrei¬</Unicode>
                </TextEquiv>
            </TextLine>
            <TextLine id="tl_78" primaryLanguage="German" custom="readingOrder {index:9;}">
                <Coords points="996,3132 164,3124 164,3158 996,3166"/>
                <Baseline points="164,3149 996,3157"/>
                <TextEquiv>
                    <Unicode>heit kurzerhand auf! Diese Gleichzeitigkeit ist un¬</Unicode>
                </TextEquiv>
            </TextLine>
            <TextLine id="tl_79" primaryLanguage="German" custom="readingOrder {index:10;}">
                <Coords points="1000,3167 160,3162 160,3195 1000,3200"/>
                <Baseline points="160,3185 1000,3190"/>
                <TextEquiv>
                    <Unicode>geheuer kennzeichnend für die Tiefe des Tobels, an</Unicode>
                </TextEquiv>
                <TextStyle fontFamily="Arial" fontSize="4.5"/>
            </TextLine>
            <TextLine id="tl_80" primaryLanguage="German" custom="readingOrder {index:11;}">
                <Coords points="1000,3201 168,3196 168,3230 1000,3235"/>
                <Baseline points="168,3219 1000,3224"/>
                <TextEquiv>
                    <Unicode>dessen Rand die Marxisten marschieren. Nur der</Unicode>
                </TextEquiv>
                <TextStyle fontFamily="Arial" fontSize="4.5"/>
            </TextLine>
            <TextLine id="tl_81" primaryLanguage="German" custom="readingOrder {index:12;}">
                <Coords points="1002,3236 170,3228 170,3262 1002,3270"/>
                <Baseline points="170,3253 1002,3261"/>
                <TextEquiv>
                    <Unicode>Grundsatz: „Recht ist, was der Partei dient", läßt</Unicode>
                </TextEquiv>
                <TextStyle fontFamily="Arial" fontSize="4.5"/>
            </TextLine>
            <TextLine id="tl_82" primaryLanguage="German" custom="readingOrder {index:13;}">
                <Coords points="1005,3271 162,3265 162,3298 1005,3304"/>
                <Baseline points="162,3288 1005,3294"/>
                <TextEquiv>
                    <Unicode>die rechtsungleiche Behandlung verschiedener Ver¬</Unicode>
                </TextEquiv>
                <TextStyle fontFamily="Arial" fontSize="4.5"/>
            </TextLine>
            <TextLine id="tl_83" primaryLanguage="German" custom="readingOrder {index:14;}">
                <Coords points="1002,3305 170,3301 170,3334 1002,3338"/>
                <Baseline points="170,3324 1002,3328"/>
                <TextEquiv>
                    <Unicode>sammlungen im Zürich erklären, nur sie die in dieser</Unicode>
                </TextEquiv>
                <TextStyle fontFamily="Arial" fontSize="4.5"/>
            </TextLine>
            <TextLine id="tl_84" primaryLanguage="German" custom="readingOrder {index:15;}">
                <Coords points="1005,3339 169,3335 169,3368 1005,3372"/>
                <Baseline points="169,3358 1005,3362"/>
                <TextEquiv>
                    <Unicode>krassen Nacktheit noch kaum je dagewesene Kund¬</Unicode>
                </TextEquiv>
                <TextStyle fontFamily="Arial" fontSize="4.5"/>
            </TextLine>
            <TextLine id="tl_85" primaryLanguage="German" custom="readingOrder {index:16;}">
                <Coords points="1003,3373 172,3367 172,3401 1003,3407"/>
                <Baseline points="172,3391 1003,3397"/>
                <TextEquiv>
                    <Unicode>gebung einer sozialistischen Parteiversammlung, wo¬</Unicode>
                </TextEquiv>
                <TextStyle fontFamily="Arial" fontSize="4.5"/>
            </TextLine>
            <TextLine id="tl_86" primaryLanguage="German" custom="readingOrder {index:17;}">
                <Coords points="1004,3408 170,3403 170,3437 1004,3442"/>
                <Baseline points="170,3427 1004,3432"/>
                <TextEquiv>
                    <Unicode>nach die Partei massgebend sei, nicht Pflichtenheft</Unicode>
                </TextEquiv>
                <TextStyle fontFamily="Arial" fontSize="4.5"/>
            </TextLine>
            <TextLine id="tl_87" primaryLanguage="German" custom="readingOrder {index:18;}">
                <Coords points="1005,3443 170,3438 170,3471 1005,3476"/>
                <Baseline points="170,3461 1005,3466"/>
                <TextEquiv>
                    <Unicode>und Amtsgelübde der Mandatare. Das sollte Blinde</Unicode>
                </TextEquiv>
                <TextStyle fontFamily="Arial" fontSize="4.5"/>
            </TextLine>
            <TextLine id="tl_88" primaryLanguage="German" custom="readingOrder {index:19;}">
                <Coords points="1003,3477 170,3474 170,3507 1003,3510"/>
                <Baseline points="170,3497 1003,3500"/>
                <TextEquiv>
                    <Unicode>sehend machen! Das ist nicht mehr ein Symptom,</Unicode>
                </TextEquiv>
                <TextStyle fontFamily="Arial" fontSize="4.5"/>
            </TextLine>
            <TextLine id="tl_89" primaryLanguage="German" custom="readingOrder {index:20;}">
                <Coords points="1005,3511 177,3505 177,3540 1005,3546"/>
                <Baseline points="177,3530 1005,3536"/>
                <TextEquiv>
                    <Unicode>sondern ist der Beweis dafür, daß eine solche Sozial¬</Unicode>
                </TextEquiv>
                <TextStyle fontFamily="Arial" fontSize="4.5"/>
            </TextLine>
            <TextLine id="tl_90" primaryLanguage="German" custom="readingOrder {index:21;}">
                <Coords points="1005,3547 169,3541 169,3574 1005,3580"/>
                <Baseline points="169,3564 1005,3570"/>
                <TextEquiv>
                    <Unicode>demokratie als Partei würdig und unfähig ist zur</Unicode>
                </TextEquiv>
                <TextStyle fontFamily="Arial" fontSize="4.5"/>
            </TextLine>
            <TextLine id="tl_91" primaryLanguage="German" custom="readingOrder {index:22;}">
                <Coords points="1005,3581 168,3576 168,3611 1005,3616"/>
                <Baseline points="168,3600 1005,3605"/>
                <TextEquiv>
                    <Unicode>Regierung lund Verantwortung für das Volkeganze,</Unicode>
                </TextEquiv>
                <TextStyle fontFamily="Arial" fontSize="4.5"/>
            </TextLine>
            <TextLine id="tl_92" primaryLanguage="German" custom="readingOrder {index:23;}">
                <Coords points="1002,3617 168,3611 168,3645 1002,3651"/>
                <Baseline points="168,3636 1002,3642"/>
                <TextEquiv>
                    <Unicode>wie wir es verstehen: Beweis auch dafür, daß in</Unicode>
                </TextEquiv>
                <TextStyle fontFamily="Arial" fontSize="4.5"/>
            </TextLine>
            <TextLine id="tl_93" primaryLanguage="German" custom="readingOrder {index:24;}">
                <Coords points="1003,3652 167,3647 167,3679 1003,3684"/>
                <Baseline points="167,3669 1003,3674"/>
                <TextEquiv>
                    <Unicode>gar keiner Weise mit ihr paktiert werden kann. Ueber</Unicode>
                </TextEquiv>
                <TextStyle fontFamily="Arial" fontSize="4.5"/>
            </TextLine>
            <TextLine id="tl_94" primaryLanguage="German" custom="readingOrder {index:25;}">
                <Coords points="1005,3685 163,3680 163,3713 1005,3718"/>
                <Baseline points="163,3703 1005,3708"/>
                <TextEquiv>
                    <Unicode>dieses Tobel führt keine Brücke. Wie Dr. Wiesendanger</Unicode>
                </TextEquiv>
                <TextStyle fontFamily="Arial" fontSize="4.5"/>
            </TextLine>
            <TextLine id="tl_95" primaryLanguage="German" custom="readingOrder {index:26;}">
                <Coords points="1000,3719 175,3715 175,3748 1000,3752"/>
                <Baseline points="175,3738 1000,3742"/>
                <TextEquiv>
                    <Unicode>sagte, daß für ihn und Walter nicht gleichzeitig Platz</Unicode>
                </TextEquiv>
                <TextStyle fontFamily="Arial" fontSize="4.5"/>
            </TextLine>
            <TextLine id="tl_96" primaryLanguage="German" custom="readingOrder {index:27;}">
                <Coords points="1005,3753 167,3748 167,3782 1005,3787"/>
                <Baseline points="167,3772 1005,3777"/>
                <TextEquiv>
                    <Unicode>sei in der Partei, so sagen wir: es ist im Schweizer¬</Unicode>
                </TextEquiv>
                <TextStyle fontFamily="Arial" fontSize="4.5"/>
            </TextLine>
            <TextLine id="tl_97" primaryLanguage="German" custom="readingOrder {index:28;}">
                <Coords points="998,3788 168,3784 168,3817 998,3821"/>
                <Baseline points="168,3807 998,3811"/>
                <TextEquiv>
                    <Unicode>land micht gleichzeitig Platz für eine marristische</Unicode>
                </TextEquiv>
                <TextStyle fontFamily="Arial" fontSize="4.5"/>
            </TextLine>
            <TextLine id="tl_98" primaryLanguage="German" custom="readingOrder {index:29;}">
                <Coords points="1005,3822 176,3819 176,3852 1005,3855"/>
                <Baseline points="176,3842 1005,3845"/>
                <TextEquiv>
                    <Unicode>Politik, wie sie in Zürich offenbar wurde, und für</Unicode>
                </TextEquiv>
                <TextStyle fontFamily="Arial" fontSize="4.5"/>
            </TextLine>
            <TextLine id="tl_99" primaryLanguage="German" custom="readingOrder {index:30;}">
                <Coords points="1005,3856 172,3856 172,3890 1005,3890"/>
                <Baseline points="172,3879 1005,3879"/>
                <TextEquiv>
                    <Unicode>eine vaterländische Volkspolitik. Das eine oder das</Unicode>
                </TextEquiv>
                <TextStyle fontFamily="Arial" fontSize="4.5"/>
            </TextLine>
            <TextLine id="tl_100" primaryLanguage="German" custom="readingOrder {index:31;}">
                <Coords points="1005,3891 170,3887 170,3921 1005,3925"/>
                <Baseline points="170,3912 1005,3916"/>
                <TextEquiv>
                    <Unicode>andere, es drängt zur Entscheidung, und sie wird</Unicode>
                </TextEquiv>
                <TextStyle fontFamily="Arial" fontSize="4.5"/>
            </TextLine>
            <TextLine id="tl_101" primaryLanguage="German" custom="readingOrder {index:32;}">
                <Coords points="425,3925 169,3925 169,3948 425,3948"/>
                <Baseline points="169,3946 425,3946"/>
                <TextEquiv>
                    <Unicode>kommen müssen.</Unicode>
                </TextEquiv>
                <TextStyle fontFamily="Arial" fontSize="4.5"/>
            </TextLine>
            <TextEquiv>
                <Unicode>Noch sind wir allerdings nicht so weit. Während
der Bundesrat, in Sorge um unsere guten nachbar¬
lichen Beziehungen, mit gutem Recht und einigem
Nachdruck aufs jene Grenzen der Preßfreiheit hin¬
weist, wo die Freiheit in Frechheit übergeht, und
während dieser Bundesrat von einem führenden
Zürcher Sozialdemokraten deshalb zur Rede
gestellt und gerügt wird, gegen dieselben Genossen hin
und heben das Recht der Versammlungsfrei¬
heit kurzerhand auf! Diese Gleichzeitigkeit ist un¬
geheuer kennzeichnend für die Tiefe des Tobels, an
dessen Rand die Marxisten marschieren. Nur der
Grundsatz: „Recht ist, was der Partei dient", läßt
die rechtsungleiche Behandlung verschiedener Ver¬
sammlungen im Zürich erklären, nur sie die in dieser
krassen Nacktheit noch kaum je dagewesene Kund¬
gebung einer sozialistischen Parteiversammlung, wo¬
nach die Partei massgebend sei, nicht Pflichtenheft
und Amtsgelübde der Mandatare. Das sollte Blinde
sehend machen! Das ist nicht mehr ein Symptom,
sondern ist der Beweis dafür, daß eine solche Sozial¬
demokratie als Partei würdig und unfähig ist zur
Regierung lund Verantwortung für das Volkeganze,
wie wir es verstehen: Beweis auch dafür, daß in
gar keiner Weise mit ihr paktiert werden kann. Ueber
dieses Tobel führt keine Brücke. Wie Dr. Wiesendanger
sagte, daß für ihn und Walter nicht gleichzeitig Platz
sei in der Partei, so sagen wir: es ist im Schweizer¬
land micht gleichzeitig Platz für eine marristische
Politik, wie sie in Zürich offenbar wurde, und für
eine vaterländische Volkspolitik. Das eine oder das
andere, es drängt zur Entscheidung, und sie wird
kommen müssen.</Unicode>
            </TextEquiv>
        </TextRegion>
        <TextRegion type="paragraph" id="r_7_4" custom="readingOrder {index:10;}">
            <Coords points="170,3950 1009,3950 1009,4699 170,4699"/>
            <TextLine id="tl_102" primaryLanguage="German" custom="readingOrder {index:0;}">
                <Coords points="1004,3961 223,3958 223,3990 1004,3993"/>
                <Baseline points="223,3981 1004,3984"/>
                <TextEquiv>
                    <Unicode>Im Interesse des Ansehens unserer Hauptstadt</Unicode>
                </TextEquiv>
                <TextStyle fontFamily="Arial" fontSize="4.5"/>
            </TextLine>
            <TextLine id="tl_103" primaryLanguage="German" custom="readingOrder {index:1;}">
                <Coords points="1004,3994 170,3993 170,4025 1004,4026"/>
                <Baseline points="170,4015 1004,4016"/>
                <TextEquiv>
                    <Unicode>darf mam begrüßen, dass das Verbot wieder aufge¬</Unicode>
                </TextEquiv>
                <TextStyle fontFamily="Arial" fontSize="4.5"/>
            </TextLine>
            <TextLine id="tl_104" primaryLanguage="German" custom="readingOrder {index:2;}">
                <Coords points="1009,4027 170,4026 170,4058 1009,4059"/>
                <Baseline points="170,4049 1009,4050"/>
                <TextEquiv>
                    <Unicode>hoben worden ist. An dem grundsätzlichen Betrach¬</Unicode>
                </TextEquiv>
                <TextStyle fontFamily="Arial" fontSize="4.5"/>
            </TextLine>
            <TextLine id="tl_105" primaryLanguage="German" custom="readingOrder {index:3;}">
                <Coords points="1000,4060 170,4056 170,4089 1000,4093"/>
                <Baseline points="170,4079 1000,4083"/>
                <TextEquiv>
                    <Unicode>tungen ändert diese Tatsache aber nichts. Ein Ver¬</Unicode>
                </TextEquiv>
                <TextStyle fontFamily="Arial" fontSize="4.5"/>
            </TextLine>
            <TextLine id="tl_106" primaryLanguage="German" custom="readingOrder {index:4;}">
                <Coords points="1000,4094 173,4092 173,4125 1000,4127"/>
                <Baseline points="173,4115 1000,4117"/>
                <TextEquiv>
                    <Unicode>sammlungsverbot wäre nicht notwendig geworden,</Unicode>
                </TextEquiv>
                <TextStyle fontFamily="Arial" fontSize="4.5"/>
            </TextLine>
            <TextLine id="tl_107" primaryLanguage="German" custom="readingOrder {index:5;}">
                <Coords points="1007,4128 174,4125 174,4159 1007,4162"/>
                <Baseline points="174,4149 1007,4152"/>
                <TextEquiv>
                    <Unicode>wenn der städtischen Polizei nicht schon lange durch</Unicode>
                </TextEquiv>
                <TextStyle fontFamily="Arial" fontSize="4.5"/>
            </TextLine>
            <TextLine id="tl_108" primaryLanguage="German" custom="readingOrder {index:6;}">
                <Coords points="1003,4163 174,4158 174,4192 1003,4197"/>
                <Baseline points="174,4183 1003,4188"/>
                <TextEquiv>
                    <Unicode>ihre Behörde eine Hand gebunden gewesen wäre.</Unicode>
                </TextEquiv>
                <TextStyle fontFamily="Arial" fontSize="4.5"/>
            </TextLine>
            <TextLine id="tl_109" primaryLanguage="German" custom="readingOrder {index:7;}">
                <Coords points="1002,4198 173,4192 173,4224 1002,4230"/>
                <Baseline points="173,4215 1002,4221"/>
                <TextEquiv>
                    <Unicode>Es ist nicht so, daß die Nationale Front das Ver¬</Unicode>
                </TextEquiv>
                <TextStyle fontFamily="Arial" fontSize="4.5"/>
            </TextLine>
            <TextLine id="tl_110" primaryLanguage="German" custom="readingOrder {index:8;}">
                <Coords points="1003,4231 180,4226 180,4259 1003,4264"/>
                <Baseline points="180,4249 1003,4254"/>
                <TextEquiv>
                    <Unicode>sammlungsverbot notwendig gemacht hätte. Der tie¬</Unicode>
                </TextEquiv>
                <TextStyle fontFamily="Arial" fontSize="4.5"/>
            </TextLine>
            <TextLine id="tl_111" primaryLanguage="German" custom="readingOrder {index:9;}">
                <Coords points="1007,4265 174,4262 174,4295 1007,4298"/>
                <Baseline points="174,4285 1007,4288"/>
                <TextEquiv>
                    <Unicode>fere Grund liegt in der seit Jahren betriebene</Unicode>
                </TextEquiv>
                <TextStyle fontFamily="Arial" fontSize="4.5"/>
            </TextLine>
            <TextLine id="tl_112" primaryLanguage="German" custom="readingOrder {index:10;}">
                <Coords points="1008,4299 173,4296 173,4328 1008,4331"/>
                <Baseline points="173,4319 1008,4322"/>
                <TextEquiv>
                    <Unicode>sozialistischen Eventualpolitik: heute</Unicode>
                </TextEquiv>
                <TextStyle fontFamily="Arial" fontSize="4.5"/>
            </TextLine>
            <TextLine id="tl_113" primaryLanguage="German" custom="readingOrder {index:11;}">
                <Coords points="1007,4332 173,4331 173,4364 1007,4365"/>
                <Baseline points="173,4354 1007,4355"/>
                <TextEquiv>
                    <Unicode>für die Demokratie, morgen gegen die Demokratie.</Unicode>
                </TextEquiv>
                <TextStyle fontFamily="Arial" fontSize="4.5"/>
            </TextLine>
            <TextLine id="tl_114" primaryLanguage="German" custom="readingOrder {index:12;}">
                <Coords points="1008,4366 173,4363 173,4397 1008,4400"/>
                <Baseline points="173,4388 1008,4391"/>
                <TextEquiv>
                    <Unicode>„Die demokratisch und freiheitlich gesinnten Kräfte in</Unicode>
                </TextEquiv>
                <TextStyle fontFamily="Arial" fontSize="4.5"/>
            </TextLine>
            <TextLine id="tl_115" primaryLanguage="German" custom="readingOrder {index:13;}">
                <Coords points="1009,4401 170,4399 170,4432 1009,4434"/>
                <Baseline points="170,4422 1009,4424"/>
                <TextEquiv>
                    <Unicode>unserem Land sind derzeit noch so stark, das wir mit</Unicode>
                </TextEquiv>
                <TextStyle fontFamily="Arial" fontSize="4.5"/>
            </TextLine>
            <TextLine id="tl_116" primaryLanguage="German" custom="readingOrder {index:14;}">
                <Coords points="1009,4435 174,4430 174,4463 1009,4468"/>
                <Baseline points="174,4454 1009,4459"/>
                <TextEquiv>
                    <Unicode>ihnen des Frontenfascismus unbedingt Herr werden."</Unicode>
                </TextEquiv>
                <TextStyle fontFamily="Arial" fontSize="4.5"/>
            </TextLine>
            <TextLine id="tl_117" primaryLanguage="German" custom="readingOrder {index:15;}">
                <Coords points="1009,4469 171,4466 171,4498 1009,4501"/>
                <Baseline points="171,4489 1009,4492"/>
                <TextEquiv>
                    <Unicode>So schrieb dieser Tage das „Volksrecht" und warnte</Unicode>
                </TextEquiv>
                <TextStyle fontFamily="Arial" fontSize="4.5"/>
            </TextLine>
            <TextLine id="tl_118" primaryLanguage="German" custom="readingOrder {index:16;}">
                <Coords points="1008,4502 176,4498 176,4531 1008,4535"/>
                <Baseline points="176,4521 1008,4525"/>
                <TextEquiv>
                    <Unicode>die Genossen vor Unbedachtsamkeiten und Revolu¬</Unicode>
                </TextEquiv>
                <TextStyle fontFamily="Arial" fontSize="4.5"/>
            </TextLine>
            <TextLine id="tl_119" primaryLanguage="German" custom="readingOrder {index:17;}">
                <Coords points="1006,4536 170,4534 170,4566 1006,4568"/>
                <Baseline points="170,4557 1006,4559"/>
                <TextEquiv>
                    <Unicode>tionsmethoden. Welche Wirkung will man einer sol¬</Unicode>
                </TextEquiv>
                <TextStyle fontFamily="Arial" fontSize="4.5"/>
            </TextLine>
            <TextLine id="tl_120" primaryLanguage="German" custom="readingOrder {index:18;}">
                <Coords points="1005,4569 180,4564 180,4596 1005,4601"/>
                <Baseline points="180,4587 1005,4592"/>
                <TextEquiv>
                    <Unicode>chen Warnung zubilligen an Leute, die man auf ein</Unicode>
                </TextEquiv>
                <TextStyle fontFamily="Arial" fontSize="4.5"/>
            </TextLine>
            <TextLine id="tl_121" primaryLanguage="German" custom="readingOrder {index:19;}">
                <Coords points="1006,4602 176,4598 176,4631 1006,4635"/>
                <Baseline points="176,4621 1006,4625"/>
                <TextEquiv>
                    <Unicode>Programm des Klassenkampfes und der Diktatur sich</Unicode>
                </TextEquiv>
                <TextStyle fontFamily="Arial" fontSize="4.5"/>
            </TextLine>
            <TextLine id="tl_122" primaryLanguage="German" custom="readingOrder {index:20;}">
                <Coords points="1008,4636 174,4634 174,4667 1008,4669"/>
                <Baseline points="174,4658 1008,4660"/>
                <TextEquiv>
                    <Unicode>verpflichten läßt und jahrzehntelang auf Haß und</Unicode>
                </TextEquiv>
                <TextStyle fontFamily="Arial" fontSize="4.5"/>
            </TextLine>
            <TextLine id="tl_123" primaryLanguage="German" custom="readingOrder {index:21;}">
                <Coords points="544,4670 178,4670 178,4694 544,4694"/>
                <Baseline points="178,4692 544,4692"/>
                <TextEquiv>
                    <Unicode>Gewalt eingedrillt hat?</Unicode>
                </TextEquiv>
                <TextStyle fontFamily="Arial" fontSize="4.5"/>
            </TextLine>
            <TextEquiv>
                <Unicode>Im Interesse des Ansehens unserer Hauptstadt
darf mam begrüßen, dass das Verbot wieder aufge¬
hoben worden ist. An dem grundsätzlichen Betrach¬
tungen ändert diese Tatsache aber nichts. Ein Ver¬
sammlungsverbot wäre nicht notwendig geworden,
wenn der städtischen Polizei nicht schon lange durch
ihre Behörde eine Hand gebunden gewesen wäre.
Es ist nicht so, daß die Nationale Front das Ver¬
sammlungsverbot notwendig gemacht hätte. Der tie¬
fere Grund liegt in der seit Jahren betriebene
sozialistischen Eventualpolitik: heute
für die Demokratie, morgen gegen die Demokratie.
„Die demokratisch und freiheitlich gesinnten Kräfte in
unserem Land sind derzeit noch so stark, das wir mit
ihnen des Frontenfascismus unbedingt Herr werden."
So schrieb dieser Tage das „Volksrecht" und warnte
die Genossen vor Unbedachtsamkeiten und Revolu¬
tionsmethoden. Welche Wirkung will man einer sol¬
chen Warnung zubilligen an Leute, die man auf ein
Programm des Klassenkampfes und der Diktatur sich
verpflichten läßt und jahrzehntelang auf Haß und
Gewalt eingedrillt hat?</Unicode>
            </TextEquiv>
        </TextRegion>
        <TextRegion type="paragraph" id="r_7_5" custom="readingOrder {index:11;}">
            <Coords points="173,4697 1013,4697 1013,5345 173,5345"/>
            <TextLine id="tl_124" primaryLanguage="German" custom="readingOrder {index:0;}">
                <Coords points="1008,4707 227,4707 227,4738 1008,4738"/>
                <Baseline points="227,4728 1008,4728"/>
                <TextEquiv>
                    <Unicode>Man muß vor alllem unsere Jugend verstehen,</Unicode>
                </TextEquiv>
            </TextLine>
            <TextLine id="tl_125" primaryLanguage="German" custom="readingOrder {index:1;}">
                <Coords points="1007,4739 174,4735 174,4767 1007,4771"/>
                <Baseline points="174,4758 1007,4762"/>
                <TextEquiv>
                    <Unicode>wenn sie aus diesem latenten Bürgerkrieg heraus</Unicode>
                </TextEquiv>
                <TextStyle fontFamily="Arial" fontSize="4.5"/>
            </TextLine>
            <TextLine id="tl_126" primaryLanguage="German" custom="readingOrder {index:2;}">
                <Coords points="1011,4772 177,4772 177,4804 1011,4804"/>
                <Baseline points="177,4794 1011,4794"/>
                <TextEquiv>
                    <Unicode>will, wenn ihr diese Unfruchtbarkeit und Zerrissen¬</Unicode>
                </TextEquiv>
                <TextStyle fontFamily="Arial" fontSize="4.5"/>
            </TextLine>
            <TextLine id="tl_127" primaryLanguage="German" custom="readingOrder {index:3;}">
                <Coords points="1008,4805 176,4805 176,4838 1008,4838"/>
                <Baseline points="176,4828 1008,4828"/>
                <TextEquiv>
                    <Unicode>heit Ekel erregt. Und alle muß man verstehen, die</Unicode>
                </TextEquiv>
                <TextStyle fontFamily="Arial" fontSize="4.5"/>
            </TextLine>
            <TextLine id="tl_128" primaryLanguage="German" custom="readingOrder {index:4;}">
                <Coords points="1010,4839 178,4839 178,4872 1010,4872"/>
                <Baseline points="178,4862 1010,4862"/>
                <TextEquiv>
                    <Unicode>der Meinung sind, man sehe dem Treilben jenes</Unicode>
                </TextEquiv>
                <TextStyle fontFamily="Arial" fontSize="4.5"/>
            </TextLine>
            <TextLine id="tl_129" primaryLanguage="German" custom="readingOrder {index:5;}">
                <Coords points="1010,4873 180,4873 180,4906 1010,4906"/>
                <Baseline points="180,4896 1010,4896"/>
                <TextEquiv>
                    <Unicode>„Kampfbundes" zu lange zu, und man habe die</Unicode>
                </TextEquiv>
                <TextStyle fontFamily="Arial" fontSize="4.5"/>
            </TextLine>
            <TextLine id="tl_130" primaryLanguage="German" custom="readingOrder {index:6;}">
                <Coords points="1011,4907 179,4907 179,4939 1011,4939"/>
                <Baseline points="179,4930 1011,4930"/>
                <TextEquiv>
                    <Unicode>Langmut gegenüber dem „Kämpfer" und der Kom¬</Unicode>
                </TextEquiv>
                <TextStyle fontFamily="Arial" fontSize="4.5"/>
            </TextLine>
            <TextLine id="tl_131" primaryLanguage="German" custom="readingOrder {index:7;}">
                <Coords points="1011,4940 179,4940 179,4973 1011,4973"/>
                <Baseline points="179,4963 1011,4963"/>
                <TextEquiv>
                    <Unicode>munistischen Partei zu weit getrieben. Wo das Ver¬</Unicode>
                </TextEquiv>
                <TextStyle fontFamily="Arial" fontSize="4.5"/>
            </TextLine>
            <TextLine id="tl_132" primaryLanguage="German" custom="readingOrder {index:8;}">
                <Coords points="1007,4974 174,4974 174,5007 1007,5007"/>
                <Baseline points="174,4997 1007,4997"/>
                <TextEquiv>
                    <Unicode>brechen in den Straßen den Kopf unverschämt erhebt,</Unicode>
                </TextEquiv>
                <TextStyle fontFamily="Arial" fontSize="4.5"/>
            </TextLine>
            <TextLine id="tl_133" primaryLanguage="German" custom="readingOrder {index:9;}">
                <Coords points="1013,5008 184,5008 184,5041 1013,5041"/>
                <Baseline points="184,5032 1013,5032"/>
                <TextEquiv>
                    <Unicode>wie es in Zürich der Fall war, da lassen Staats¬</Unicode>
                </TextEquiv>
                <TextStyle fontFamily="Arial" fontSize="4.5"/>
            </TextLine>
            <TextLine id="tl_134" primaryLanguage="German" custom="readingOrder {index:10;}">
                <Coords points="1011,5042 180,5042 180,5074 1011,5074"/>
                <Baseline points="180,5064 1011,5064"/>
                <TextEquiv>
                    <Unicode>raison und Selbstachtung nur noch den einen Weg</Unicode>
                </TextEquiv>
                <TextStyle fontFamily="Arial" fontSize="4.5"/>
            </TextLine>
            <TextLine id="tl_135" primaryLanguage="German" custom="readingOrder {index:11;}">
                <Coords points="1013,5075 182,5075 182,5108 1013,5108"/>
                <Baseline points="182,5098 1013,5098"/>
                <TextEquiv>
                    <Unicode>zu: das Eingreifen mit den staatlichen Machtmitteln.</Unicode>
                </TextEquiv>
                <TextStyle fontFamily="Arial" fontSize="4.5"/>
            </TextLine>
            <TextLine id="tl_136" primaryLanguage="German" custom="readingOrder {index:12;}">
                <Coords points="1013,5109 182,5109 182,5141 1013,5141"/>
                <Baseline points="182,5132 1013,5132"/>
                <TextEquiv>
                    <Unicode>Ich möchte darum hier die positive Forderung</Unicode>
                </TextEquiv>
            </TextLine>
            <TextLine id="tl_137" primaryLanguage="German" custom="readingOrder {index:13;}">
                <Coords points="1011,5142 179,5142 179,5175 1011,5175"/>
                <Baseline points="179,5165 1011,5165"/>
                <TextEquiv>
                    <Unicode>erheben: Der Kampfbund gegen Krieg und</Unicode>
                </TextEquiv>
            </TextLine>
            <TextLine id="tl_138" primaryLanguage="German" custom="readingOrder {index:14;}">
                <Coords points="1012,5176 181,5176 181,5209 1012,5209"/>
                <Baseline points="181,5200 1012,5200"/>
                <TextEquiv>
                    <Unicode>Fascismus ist, als eine schlecht getarnte Terror¬</Unicode>
                </TextEquiv>
            </TextLine>
            <TextLine id="tl_139" primaryLanguage="German" custom="readingOrder {index:15;}">
                <Coords points="1013,5210 183,5210 183,5242 1013,5242"/>
                <Baseline points="183,5233 1013,5233"/>
                <TextEquiv>
                    <Unicode>gruppe, von der kantonalen Regierung zu verbie¬</Unicode>
                </TextEquiv>
                <TextStyle fontFamily="Arial" fontSize="4.5"/>
            </TextLine>
            <TextLine id="tl_140" primaryLanguage="German" custom="readingOrder {index:16;}">
                <Coords points="1013,5243 187,5243 187,5276 1013,5276"/>
                <Baseline points="187,5266 1013,5266"/>
                <TextEquiv>
                    <Unicode>ten. Mit Genugtuung nehmen wir Kenntnis, daß</Unicode>
                </TextEquiv>
                <TextStyle fontFamily="Arial" fontSize="4.5"/>
            </TextLine>
            <TextLine id="tl_141" primaryLanguage="German" custom="readingOrder {index:17;}">
                <Coords points="1013,5277 182,5277 182,5311 1013,5311"/>
                <Baseline points="182,5302 1013,5302"/>
                <TextEquiv>
                    <Unicode>auf Grund unserer Volksinitiative zum Schutze der</Unicode>
                </TextEquiv>
                <TextStyle fontFamily="Arial" fontSize="4.5"/>
            </TextLine>
            <TextLine id="tl_142" primaryLanguage="German" custom="readingOrder {index:18;}">
                <Coords points="1011,5312 182,5312 182,5337 1011,5337"/>
                <Baseline points="182,5334 1011,5334"/>
                <TextEquiv>
                    <Unicode>öffentlichen Ordnung nächstens ein regierungsrät¬</Unicode>
                </TextEquiv>
                <TextStyle fontFamily="Arial" fontSize="4.5"/>
            </TextLine>
            <TextEquiv>
                <Unicode>Man muß vor alllem unsere Jugend verstehen,
wenn sie aus diesem latenten Bürgerkrieg heraus
will, wenn ihr diese Unfruchtbarkeit und Zerrissen¬
heit Ekel erregt. Und alle muß man verstehen, die
der Meinung sind, man sehe dem Treilben jenes
„Kampfbundes" zu lange zu, und man habe die
Langmut gegenüber dem „Kämpfer" und der Kom¬
munistischen Partei zu weit getrieben. Wo das Ver¬
brechen in den Straßen den Kopf unverschämt erhebt,
wie es in Zürich der Fall war, da lassen Staats¬
raison und Selbstachtung nur noch den einen Weg
zu: das Eingreifen mit den staatlichen Machtmitteln.
Ich möchte darum hier die positive Forderung
erheben: Der Kampfbund gegen Krieg und
Fascismus ist, als eine schlecht getarnte Terror¬
gruppe, von der kantonalen Regierung zu verbie¬
ten. Mit Genugtuung nehmen wir Kenntnis, daß
auf Grund unserer Volksinitiative zum Schutze der
öffentlichen Ordnung nächstens ein regierungsrät¬</Unicode>
            </TextEquiv>
        </TextRegion>
        <TextRegion type="paragraph" id="r_8_1" custom="readingOrder {index:12;}">
            <Coords points="1035,551 1869,551 1869,864 1035,864"/>
            <TextLine id="tl_143" primaryLanguage="German" custom="readingOrder {index:0;}">
                <Coords points="1868,561 1039,558 1039,588 1868,591"/>
                <Baseline points="1039,579 1868,582"/>
                <TextEquiv>
                    <Unicode>licher Vorschlag herauskommen soll. Leicht könnte</Unicode>
                </TextEquiv>
                <TextStyle fontFamily="Arial" fontSize="4.5"/>
            </TextLine>
            <TextLine id="tl_144" primaryLanguage="German" custom="readingOrder {index:1;}">
                <Coords points="1867,592 1037,592 1037,623 1867,623"/>
                <Baseline points="1037,613 1867,613"/>
                <TextEquiv>
                    <Unicode>es aber möglich sein, daß das Friedenstempo unserer</Unicode>
                </TextEquiv>
                <TextStyle fontFamily="Arial" fontSize="4.5"/>
            </TextLine>
            <TextLine id="tl_145" primaryLanguage="German" custom="readingOrder {index:2;}">
                <Coords points="1868,624 1038,624 1038,658 1868,658"/>
                <Baseline points="1038,648 1868,648"/>
                <TextEquiv>
                    <Unicode>Gesetzgebung durch den Ablauf der Ereignisse über¬</Unicode>
                </TextEquiv>
                <TextStyle fontFamily="Arial" fontSize="4.5"/>
            </TextLine>
            <TextLine id="tl_146" primaryLanguage="German" custom="readingOrder {index:3;}">
                <Coords points="1868,659 1039,659 1039,691 1868,691"/>
                <Baseline points="1039,682 1868,682"/>
                <TextEquiv>
                    <Unicode>holt und plötzliches Handeln nötig wird. Die Ge¬</Unicode>
                </TextEquiv>
                <TextStyle fontFamily="Arial" fontSize="4.5"/>
            </TextLine>
            <TextLine id="tl_147" primaryLanguage="German" custom="readingOrder {index:4;}">
                <Coords points="1869,692 1039,692 1039,725 1869,725"/>
                <Baseline points="1039,715 1869,715"/>
                <TextEquiv>
                    <Unicode>schichte beweist, daß es in solchen Zeiten auf die Ent¬</Unicode>
                </TextEquiv>
                <TextStyle fontFamily="Arial" fontSize="4.5"/>
            </TextLine>
            <TextLine id="tl_148" primaryLanguage="German" custom="readingOrder {index:5;}">
                <Coords points="1869,726 1040,726 1040,759 1869,759"/>
                <Baseline points="1040,749 1869,749"/>
                <TextEquiv>
                    <Unicode>schlußkraft der Persönlichkeit ankommt. Darum rufen</Unicode>
                </TextEquiv>
                <TextStyle fontFamily="Arial" fontSize="4.5"/>
            </TextLine>
            <TextLine id="tl_149" primaryLanguage="German" custom="readingOrder {index:6;}">
                <Coords points="1869,760 1038,760 1038,793 1869,793"/>
                <Baseline points="1038,783 1869,783"/>
                <TextEquiv>
                    <Unicode>wir unserem Regierungspräsidenten zu: Handeln Sie</Unicode>
                </TextEquiv>
                <TextStyle fontFamily="Arial" fontSize="4.5"/>
            </TextLine>
            <TextLine id="tl_150" primaryLanguage="German" custom="readingOrder {index:7;}">
                <Coords points="1869,794 1041,794 1041,826 1869,826"/>
                <Baseline points="1041,817 1869,817"/>
                <TextEquiv>
                    <Unicode>nach Recht und Gerechtigkeit, und Sie werden das</Unicode>
                </TextEquiv>
                <TextStyle fontFamily="Arial" fontSize="4.5"/>
            </TextLine>
            <TextLine id="tl_151" primaryLanguage="German" custom="readingOrder {index:8;}">
                <Coords points="1684,827 1037,827 1037,854 1684,854"/>
                <Baseline points="1037,850 1684,850"/>
                <TextEquiv>
                    <Unicode>Volk mit Begeisterung hinter sich haben!</Unicode>
                </TextEquiv>
                <TextStyle fontFamily="Arial" fontSize="4.5"/>
            </TextLine>
            <TextEquiv>
                <Unicode>licher Vorschlag herauskommen soll. Leicht könnte
es aber möglich sein, daß das Friedenstempo unserer
Gesetzgebung durch den Ablauf der Ereignisse über¬
holt und plötzliches Handeln nötig wird. Die Ge¬
schichte beweist, daß es in solchen Zeiten auf die Ent¬
schlußkraft der Persönlichkeit ankommt. Darum rufen
wir unserem Regierungspräsidenten zu: Handeln Sie
nach Recht und Gerechtigkeit, und Sie werden das
Volk mit Begeisterung hinter sich haben!</Unicode>
            </TextEquiv>
        </TextRegion>
        <TextRegion type="paragraph" id="r_8_2" custom="readingOrder {index:13;}">
            <Coords points="1033,855 1873,855 1873,1773 1033,1773"/>
            <TextLine id="tl_152" primaryLanguage="German" custom="readingOrder {index:0;}">
                <Coords points="1870,865 1090,865 1090,895 1870,895"/>
                <Baseline points="1090,886 1870,886"/>
                <TextEquiv>
                    <Unicode>Wo steht die freisinnige Pariei, im</Unicode>
                </TextEquiv>
            </TextLine>
            <TextLine id="tl_153" primaryLanguage="German" custom="readingOrder {index:1;}">
                <Coords points="1871,896 1040,896 1040,929 1871,929"/>
                <Baseline points="1040,919 1871,919"/>
                <TextEquiv>
                    <Unicode>Kampf? Wohl stehen wir zwischen Fronten und</Unicode>
                </TextEquiv>
                <TextStyle fontFamily="Arial" fontSize="4.5"/>
            </TextLine>
            <TextLine id="tl_154" primaryLanguage="German" custom="readingOrder {index:2;}">
                <Coords points="1871,930 1039,930 1039,963 1871,963"/>
                <Baseline points="1039,954 1871,954"/>
                <TextEquiv>
                    <Unicode>Marxisten, aber nicht aus einem durch diese Extreme</Unicode>
                </TextEquiv>
                <TextStyle fontFamily="Arial" fontSize="4.5"/>
            </TextLine>
            <TextLine id="tl_155" primaryLanguage="German" custom="readingOrder {index:3;}">
                <Coords points="1871,964 1038,964 1038,996 1871,996"/>
                <Baseline points="1038,987 1871,987"/>
                <TextEquiv>
                    <Unicode>bestimmten neutralen Halbierungspunkt der Strecke,</Unicode>
                </TextEquiv>
                <TextStyle fontFamily="Arial" fontSize="4.5"/>
            </TextLine>
            <TextLine id="tl_156" primaryLanguage="German" custom="readingOrder {index:4;}">
                <Coords points="1871,997 1037,997 1037,1030 1871,1030"/>
                <Baseline points="1037,1020 1871,1020"/>
                <TextEquiv>
                    <Unicode>sondern auf denm von uns selber gewählten, uns durch</Unicode>
                </TextEquiv>
                <TextStyle fontFamily="Arial" fontSize="4.5"/>
            </TextLine>
            <TextLine id="tl_157" primaryLanguage="German" custom="readingOrder {index:5;}">
                <Coords points="1873,1031 1040,1031 1040,1064 1873,1064"/>
                <Baseline points="1040,1055 1873,1055"/>
                <TextEquiv>
                    <Unicode>unser Bekenntnis und politisches Aufbauprogramm</Unicode>
                </TextEquiv>
                <TextStyle fontFamily="Arial" fontSize="4.5"/>
            </TextLine>
            <TextLine id="tl_158" primaryLanguage="German" custom="readingOrder {index:6;}">
                <Coords points="1870,1065 1036,1065 1036,1096 1870,1096"/>
                <Baseline points="1036,1087 1870,1087"/>
                <TextEquiv>
                    <Unicode>agewiesenen Platz. Der Nationalen Front</Unicode>
                </TextEquiv>
            </TextLine>
            <TextLine id="tl_159" primaryLanguage="German" custom="readingOrder {index:7;}">
                <Coords points="1871,1097 1039,1097 1039,1130 1871,1130"/>
                <Baseline points="1039,1120 1871,1120"/>
                <TextEquiv>
                    <Unicode>haben wir die Vaterlandsliebe nie abgesprochen,</Unicode>
                </TextEquiv>
                <TextStyle fontFamily="Arial" fontSize="4.5"/>
            </TextLine>
            <TextLine id="tl_160" primaryLanguage="German" custom="readingOrder {index:8;}">
                <Coords points="1870,1131 1038,1131 1038,1165 1870,1165"/>
                <Baseline points="1038,1156 1870,1156"/>
                <TextEquiv>
                    <Unicode>ebensowenig ihren Willen, den Klassenlampf über¬</Unicode>
                </TextEquiv>
                <TextStyle fontFamily="Arial" fontSize="4.5"/>
            </TextLine>
            <TextLine id="tl_161" primaryLanguage="German" custom="readingOrder {index:9;}">
                <Coords points="1872,1166 1039,1166 1039,1198 1872,1198"/>
                <Baseline points="1039,1188 1872,1188"/>
                <TextEquiv>
                    <Unicode>winden zu wollen. In dieser Zielsetzung trennt uns</Unicode>
                </TextEquiv>
                <TextStyle fontFamily="Arial" fontSize="4.5"/>
            </TextLine>
            <TextLine id="tl_162" primaryLanguage="German" custom="readingOrder {index:10;}">
                <Coords points="1870,1199 1039,1199 1039,1232 1870,1232"/>
                <Baseline points="1039,1222 1870,1222"/>
                <TextEquiv>
                    <Unicode>nichts. Das Vaterland liebten wir allerdings auch</Unicode>
                </TextEquiv>
                <TextStyle fontFamily="Arial" fontSize="4.5"/>
            </TextLine>
            <TextLine id="tl_163" primaryLanguage="German" custom="readingOrder {index:11;}">
                <Coords points="1873,1233 1043,1233 1043,1266 1873,1266"/>
                <Baseline points="1043,1256 1873,1256"/>
                <TextEquiv>
                    <Unicode>schon vor 1933, und was die politische Methodik der</Unicode>
                </TextEquiv>
                <TextStyle fontFamily="Arial" fontSize="4.5"/>
            </TextLine>
            <TextLine id="tl_164" primaryLanguage="German" custom="readingOrder {index:12;}">
                <Coords points="1873,1267 1041,1267 1041,1299 1873,1299"/>
                <Baseline points="1041,1290 1873,1290"/>
                <TextEquiv>
                    <Unicode>Nationalen Front anbelangt, so lehnen wir sie nach</Unicode>
                </TextEquiv>
                <TextStyle fontFamily="Arial" fontSize="4.5"/>
            </TextLine>
            <TextLine id="tl_165" primaryLanguage="German" custom="readingOrder {index:13;}">
                <Coords points="1873,1300 1041,1300 1041,1333 1873,1333"/>
                <Baseline points="1041,1323 1873,1323"/>
                <TextEquiv>
                    <Unicode>wie vor mit aller Bestimmtheit ab. Es gibt bürger¬</Unicode>
                </TextEquiv>
                <TextStyle fontFamily="Arial" fontSize="4.5"/>
            </TextLine>
            <TextLine id="tl_166" primaryLanguage="German" custom="readingOrder {index:14;}">
                <Coords points="1873,1334 1044,1334 1044,1368 1873,1368"/>
                <Baseline points="1044,1358 1873,1358"/>
                <TextEquiv>
                    <Unicode>liche Kreise in Zürich, und zwar keine kleinen, die</Unicode>
                </TextEquiv>
                <TextStyle fontFamily="Arial" fontSize="4.5"/>
            </TextLine>
            <TextLine id="tl_167" primaryLanguage="German" custom="readingOrder {index:15;}">
                <Coords points="1871,1369 1038,1369 1038,1402 1871,1402"/>
                <Baseline points="1038,1393 1871,1393"/>
                <TextEquiv>
                    <Unicode>derzeit des lebhaftesten mit der Front sympathisieren.</Unicode>
                </TextEquiv>
                <TextStyle fontFamily="Arial" fontSize="4.5"/>
            </TextLine>
            <TextLine id="tl_168" primaryLanguage="German" custom="readingOrder {index:16;}">
                <Coords points="1873,1403 1041,1403 1041,1436 1873,1436"/>
                <Baseline points="1041,1426 1873,1426"/>
                <TextEquiv>
                    <Unicode>Diesen Leuten ist in Erinnerung zu rufen, daß der</Unicode>
                </TextEquiv>
                <TextStyle fontFamily="Arial" fontSize="4.5"/>
            </TextLine>
            <TextLine id="tl_169" primaryLanguage="German" custom="readingOrder {index:17;}">
                <Coords points="1871,1437 1038,1437 1038,1470 1871,1470"/>
                <Baseline points="1038,1460 1871,1460"/>
                <TextEquiv>
                    <Unicode>Frontenkampf nur gerade jezt fast ausschließlich dem</Unicode>
                </TextEquiv>
                <TextStyle fontFamily="Arial" fontSize="4.5"/>
            </TextLine>
            <TextLine id="tl_170" primaryLanguage="German" custom="readingOrder {index:18;}">
                <Coords points="1871,1471 1038,1471 1038,1504 1871,1504"/>
                <Baseline points="1038,1494 1871,1494"/>
                <TextEquiv>
                    <Unicode>Marxismus gilt; es wird keinen Monat dauern, bis</Unicode>
                </TextEquiv>
                <TextStyle fontFamily="Arial" fontSize="4.5"/>
            </TextLine>
            <TextLine id="tl_171" primaryLanguage="German" custom="readingOrder {index:19;}">
                <Coords points="1871,1505 1039,1505 1039,1538 1871,1538"/>
                <Baseline points="1039,1529 1871,1529"/>
                <TextEquiv>
                    <Unicode>die hasserfüllteste Polemik gegen den Freisinn im be¬</Unicode>
                </TextEquiv>
                <TextStyle fontFamily="Arial" fontSize="4.5"/>
            </TextLine>
            <TextLine id="tl_172" primaryLanguage="German" custom="readingOrder {index:20;}">
                <Coords points="1873,1539 1040,1539 1040,1572 1873,1572"/>
                <Baseline points="1040,1562 1873,1562"/>
                <TextEquiv>
                    <Unicode>sondern wieder einsetzt. Die Front hat gesagt, was</Unicode>
                </TextEquiv>
                <TextStyle fontFamily="Arial" fontSize="4.5"/>
            </TextLine>
            <TextLine id="tl_173" primaryLanguage="German" custom="readingOrder {index:21;}">
                <Coords points="1871,1573 1040,1573 1040,1606 1871,1606"/>
                <Baseline points="1040,1596 1871,1596"/>
                <TextEquiv>
                    <Unicode>sie will: die Zertrümmerung des Marxismus und</Unicode>
                </TextEquiv>
                <TextStyle fontFamily="Arial" fontSize="4.5"/>
            </TextLine>
            <TextLine id="tl_174" primaryLanguage="German" custom="readingOrder {index:22;}">
                <Coords points="1870,1607 1038,1607 1038,1639 1870,1639"/>
                <Baseline points="1038,1630 1870,1630"/>
                <TextEquiv>
                    <Unicode>des freiheitlichen Bürgertums, des letzteren nicht</Unicode>
                </TextEquiv>
                <TextStyle fontFamily="Arial" fontSize="4.5"/>
            </TextLine>
            <TextLine id="tl_175" primaryLanguage="German" custom="readingOrder {index:23;}">
                <Coords points="1873,1640 1039,1640 1039,1673 1873,1673"/>
                <Baseline points="1039,1663 1873,1663"/>
                <TextEquiv>
                    <Unicode>weniger als des ersteren. Und die ihr jezt den Saum</Unicode>
                </TextEquiv>
                <TextStyle fontFamily="Arial" fontSize="4.5"/>
            </TextLine>
            <TextLine id="tl_176" primaryLanguage="German" custom="readingOrder {index:24;}">
                <Coords points="1872,1674 1039,1674 1039,1707 1872,1707"/>
                <Baseline points="1039,1698 1872,1698"/>
                <TextEquiv>
                    <Unicode>der Fronten-Toga glauben küssen zu müssen, wer¬</Unicode>
                </TextEquiv>
                <TextStyle fontFamily="Arial" fontSize="4.5"/>
            </TextLine>
            <TextLine id="tl_177" primaryLanguage="German" custom="readingOrder {index:25;}">
                <Coords points="1872,1708 1037,1708 1037,1741 1872,1741"/>
                <Baseline points="1037,1731 1872,1731"/>
                <TextEquiv>
                    <Unicode>den gelegentlich die genagelten Stiefel wieder zu</Unicode>
                </TextEquiv>
                <TextStyle fontFamily="Arial" fontSize="4.5"/>
            </TextLine>
            <TextLine id="tl_178" primaryLanguage="German" custom="readingOrder {index:26;}">
                <Coords points="1290,1742 1038,1742 1038,1767 1290,1767"/>
                <Baseline points="1038,1765 1290,1765"/>
                <TextEquiv>
                    <Unicode>sehen bekommen.</Unicode>
                </TextEquiv>
                <TextStyle fontFamily="Arial" fontSize="4.5"/>
            </TextLine>
            <TextEquiv>
                <Unicode>Wo steht die freisinnige Pariei, im
Kampf? Wohl stehen wir zwischen Fronten und
Marxisten, aber nicht aus einem durch diese Extreme
bestimmten neutralen Halbierungspunkt der Strecke,
sondern auf denm von uns selber gewählten, uns durch
unser Bekenntnis und politisches Aufbauprogramm
agewiesenen Platz. Der Nationalen Front
haben wir die Vaterlandsliebe nie abgesprochen,
ebensowenig ihren Willen, den Klassenlampf über¬
winden zu wollen. In dieser Zielsetzung trennt uns
nichts. Das Vaterland liebten wir allerdings auch
schon vor 1933, und was die politische Methodik der
Nationalen Front anbelangt, so lehnen wir sie nach
wie vor mit aller Bestimmtheit ab. Es gibt bürger¬
liche Kreise in Zürich, und zwar keine kleinen, die
derzeit des lebhaftesten mit der Front sympathisieren.
Diesen Leuten ist in Erinnerung zu rufen, daß der
Frontenkampf nur gerade jezt fast ausschließlich dem
Marxismus gilt; es wird keinen Monat dauern, bis
die hasserfüllteste Polemik gegen den Freisinn im be¬
sondern wieder einsetzt. Die Front hat gesagt, was
sie will: die Zertrümmerung des Marxismus und
des freiheitlichen Bürgertums, des letzteren nicht
weniger als des ersteren. Und die ihr jezt den Saum
der Fronten-Toga glauben küssen zu müssen, wer¬
den gelegentlich die genagelten Stiefel wieder zu
sehen bekommen.</Unicode>
            </TextEquiv>
        </TextRegion>
        <TextRegion type="paragraph" id="r_8_3" custom="readingOrder {index:14;}">
            <Coords points="1037,1769 1874,1769 1874,2351 1037,2351"/>
            <TextLine id="tl_179" primaryLanguage="German" custom="readingOrder {index:0;}">
                <Coords points="1874,1779 1093,1779 1093,1810 1874,1810"/>
                <Baseline points="1093,1800 1874,1800"/>
                <TextEquiv>
                    <Unicode>Wir werden fortfahren müssen in unserem selb¬</Unicode>
                </TextEquiv>
                <TextStyle fontFamily="Arial" fontSize="4.5"/>
            </TextLine>
            <TextLine id="tl_180" primaryLanguage="German" custom="readingOrder {index:1;}">
                <Coords points="1872,1811 1039,1811 1039,1843 1872,1843"/>
                <Baseline points="1039,1834 1872,1834"/>
                <TextEquiv>
                    <Unicode>ständigen Kampf gege alle Klassenkämpferei,</Unicode>
                </TextEquiv>
            </TextLine>
            <TextLine id="tl_181" primaryLanguage="German" custom="readingOrder {index:2;}">
                <Coords points="1872,1844 1039,1844 1039,1877 1872,1877"/>
                <Baseline points="1039,1867 1872,1867"/>
                <TextEquiv>
                    <Unicode>einem Kampf, den wir übrigens jahrzehntelang ohne</Unicode>
                </TextEquiv>
                <TextStyle fontFamily="Arial" fontSize="4.5"/>
            </TextLine>
            <TextLine id="tl_182" primaryLanguage="German" custom="readingOrder {index:3;}">
                <Coords points="1873,1878 1040,1878 1040,1911 1873,1911"/>
                <Baseline points="1040,1901 1873,1901"/>
                <TextEquiv>
                    <Unicode>die Fronten zu führen hatten und auch geführt haben,</Unicode>
                </TextEquiv>
                <TextStyle fontFamily="Arial" fontSize="4.5"/>
            </TextLine>
            <TextLine id="tl_183" primaryLanguage="German" custom="readingOrder {index:4;}">
                <Coords points="1873,1912 1041,1912 1041,1944 1873,1944"/>
                <Baseline points="1041,1935 1873,1935"/>
                <TextEquiv>
                    <Unicode>bevor viele jener jungen Leute den Weg vom Fuß¬</Unicode>
                </TextEquiv>
                <TextStyle fontFamily="Arial" fontSize="4.5"/>
            </TextLine>
            <TextLine id="tl_184" primaryLanguage="German" custom="readingOrder {index:5;}">
                <Coords points="1874,1945 1045,1945 1045,1978 1874,1978"/>
                <Baseline points="1045,1968 1874,1968"/>
                <TextEquiv>
                    <Unicode>ballplatz in die Politik gefunden hatten. Und im</Unicode>
                </TextEquiv>
                <TextStyle fontFamily="Arial" fontSize="4.5"/>
            </TextLine>
            <TextLine id="tl_185" primaryLanguage="German" custom="readingOrder {index:6;}">
                <Coords points="1872,1979 1038,1979 1038,2012 1872,2012"/>
                <Baseline points="1038,2002 1872,2002"/>
                <TextEquiv>
                    <Unicode>Kampf gegen den Marxismus werden wir nie</Unicode>
                </TextEquiv>
            </TextLine>
            <TextLine id="tl_186" primaryLanguage="German" custom="readingOrder {index:7;}">
                <Coords points="1872,2013 1039,2013 1039,2046 1872,2046"/>
                <Baseline points="1039,2037 1872,2037"/>
                <TextEquiv>
                    <Unicode>vergessen wollen, daß hinter dieser Fehlführung Men¬</Unicode>
                </TextEquiv>
                <TextStyle fontFamily="Arial" fontSize="4.5"/>
            </TextLine>
            <TextLine id="tl_187" primaryLanguage="German" custom="readingOrder {index:8;}">
                <Coords points="1874,2047 1042,2047 1042,2080 1874,2080"/>
                <Baseline points="1042,2070 1874,2070"/>
                <TextEquiv>
                    <Unicode>schen stehen, Schweizer Arbeiter und achtbare Mit¬</Unicode>
                </TextEquiv>
                <TextStyle fontFamily="Arial" fontSize="4.5"/>
            </TextLine>
            <TextLine id="tl_188" primaryLanguage="German" custom="readingOrder {index:9;}">
                <Coords points="1873,2081 1040,2081 1040,2114 1873,2114"/>
                <Baseline points="1040,2105 1873,2105"/>
                <TextEquiv>
                    <Unicode>bürger, zu denen wir den Weg zu suchen haben durch</Unicode>
                </TextEquiv>
                <TextStyle fontFamily="Arial" fontSize="4.5"/>
            </TextLine>
            <TextLine id="tl_189" primaryLanguage="German" custom="readingOrder {index:10;}">
                <Coords points="1874,2115 1042,2115 1042,2148 1874,2148"/>
                <Baseline points="1042,2138 1874,2138"/>
                <TextEquiv>
                    <Unicode>Wegräumen von Hindernissen, an deren Bestehen</Unicode>
                </TextEquiv>
                <TextStyle fontFamily="Arial" fontSize="4.5"/>
            </TextLine>
            <TextLine id="tl_190" primaryLanguage="German" custom="readingOrder {index:11;}">
                <Coords points="1872,2149 1039,2149 1039,2182 1872,2182"/>
                <Baseline points="1039,2172 1872,2172"/>
                <TextEquiv>
                    <Unicode>auch wir mitschuldig sind. Da nützen keine großen</Unicode>
                </TextEquiv>
                <TextStyle fontFamily="Arial" fontSize="4.5"/>
            </TextLine>
            <TextLine id="tl_191" primaryLanguage="German" custom="readingOrder {index:12;}">
                <Coords points="1874,2183 1041,2183 1041,2216 1874,2216"/>
                <Baseline points="1041,2206 1874,2206"/>
                <TextEquiv>
                    <Unicode>Worte, sondern nur Taten, die aus einer anständi¬</Unicode>
                </TextEquiv>
                <TextStyle fontFamily="Arial" fontSize="4.5"/>
            </TextLine>
            <TextLine id="tl_192" primaryLanguage="German" custom="readingOrder {index:13;}">
                <Coords points="1874,2217 1042,2217 1042,2250 1874,2250"/>
                <Baseline points="1042,2240 1874,2240"/>
                <TextEquiv>
                    <Unicode>gen Gesinnung, auch in der Wirtschaft, fließen. Der</Unicode>
                </TextEquiv>
                <TextStyle fontFamily="Arial" fontSize="4.5"/>
            </TextLine>
            <TextLine id="tl_193" primaryLanguage="German" custom="readingOrder {index:14;}">
                <Coords points="1873,2251 1041,2251 1041,2284 1873,2284"/>
                <Baseline points="1041,2274 1873,2274"/>
                <TextEquiv>
                    <Unicode>Freisinn lebt von der Respektierung der Freiheit des</Unicode>
                </TextEquiv>
                <TextStyle fontFamily="Arial" fontSize="4.5"/>
            </TextLine>
            <TextLine id="tl_194" primaryLanguage="German" custom="readingOrder {index:15;}">
                <Coords points="1872,2285 1039,2285 1039,2318 1872,2318"/>
                <Baseline points="1039,2308 1872,2308"/>
                <TextEquiv>
                    <Unicode>Nächsten und sozial Schwächern. Das muß der Kern¬</Unicode>
                </TextEquiv>
                <TextStyle fontFamily="Arial" fontSize="4.5"/>
            </TextLine>
            <TextLine id="tl_195" primaryLanguage="German" custom="readingOrder {index:16;}">
                <Coords points="1512,2319 1045,2319 1045,2345 1512,2345"/>
                <Baseline points="1045,2342 1512,2342"/>
                <TextEquiv>
                    <Unicode>punkt unserer Konfession sein.</Unicode>
                </TextEquiv>
                <TextStyle fontFamily="Arial" fontSize="4.5"/>
            </TextLine>
            <TextEquiv>
                <Unicode>Wir werden fortfahren müssen in unserem selb¬
ständigen Kampf gege alle Klassenkämpferei,
einem Kampf, den wir übrigens jahrzehntelang ohne
die Fronten zu führen hatten und auch geführt haben,
bevor viele jener jungen Leute den Weg vom Fuß¬
ballplatz in die Politik gefunden hatten. Und im
Kampf gegen den Marxismus werden wir nie
vergessen wollen, daß hinter dieser Fehlführung Men¬
schen stehen, Schweizer Arbeiter und achtbare Mit¬
bürger, zu denen wir den Weg zu suchen haben durch
Wegräumen von Hindernissen, an deren Bestehen
auch wir mitschuldig sind. Da nützen keine großen
Worte, sondern nur Taten, die aus einer anständi¬
gen Gesinnung, auch in der Wirtschaft, fließen. Der
Freisinn lebt von der Respektierung der Freiheit des
Nächsten und sozial Schwächern. Das muß der Kern¬
punkt unserer Konfession sein.</Unicode>
            </TextEquiv>
        </TextRegion>
        <TextRegion type="paragraph" id="r_8_4" custom="readingOrder {index:15;}">
            <Coords points="1037,2346 1875,2346 1875,2555 1037,2555"/>
            <TextLine id="tl_196" primaryLanguage="German" custom="readingOrder {index:0;}">
                <Coords points="1872,2356 1091,2356 1091,2387 1872,2387"/>
                <Baseline points="1091,2378 1872,2378"/>
                <TextEquiv>
                    <Unicode>Wir werden nach wie vor jeden Terror ablehnen,</Unicode>
                </TextEquiv>
                <TextStyle fontFamily="Arial" fontSize="4.5"/>
            </TextLine>
            <TextLine id="tl_197" primaryLanguage="German" custom="readingOrder {index:1;}">
                <Coords points="1874,2388 1042,2388 1042,2421 1874,2421"/>
                <Baseline points="1042,2411 1874,2411"/>
                <TextEquiv>
                    <Unicode>komm er, woher er wolle. Unser Wall ist unsere</Unicode>
                </TextEquiv>
                <TextStyle fontFamily="Arial" fontSize="4.5"/>
            </TextLine>
            <TextLine id="tl_198" primaryLanguage="German" custom="readingOrder {index:2;}">
                <Coords points="1875,2422 1044,2422 1044,2454 1875,2454"/>
                <Baseline points="1044,2445 1875,2445"/>
                <TextEquiv>
                    <Unicode>Verfassung, unsere Waffe das Gesetz, unsere Führung</Unicode>
                </TextEquiv>
                <TextStyle fontFamily="Arial" fontSize="4.5"/>
            </TextLine>
            <TextLine id="tl_199" primaryLanguage="German" custom="readingOrder {index:3;}">
                <Coords points="1873,2455 1041,2455 1041,2488 1873,2488"/>
                <Baseline points="1041,2478 1873,2478"/>
                <TextEquiv>
                    <Unicode>die vom Volk bestellten Behörden, unser Schutz die</Unicode>
                </TextEquiv>
                <TextStyle fontFamily="Arial" fontSize="4.5"/>
            </TextLine>
            <TextLine id="tl_200" primaryLanguage="German" custom="readingOrder {index:4;}">
                <Coords points="1875,2489 1043,2489 1043,2523 1875,2523"/>
                <Baseline points="1043,2513 1875,2513"/>
                <TextEquiv>
                    <Unicode>Armee. Das ist guter vaterländischer Boden mit</Unicode>
                </TextEquiv>
                <TextStyle fontFamily="Arial" fontSize="4.5"/>
            </TextLine>
            <TextLine id="tl_201" primaryLanguage="German" custom="readingOrder {index:5;}">
                <Coords points="1463,2524 1043,2524 1043,2549 1463,2549"/>
                <Baseline points="1043,2547 1463,2547"/>
                <TextEquiv>
                    <Unicode>sauber gezogenen Grenzen.</Unicode>
                </TextEquiv>
                <TextStyle fontFamily="Arial" fontSize="4.5"/>
            </TextLine>
            <TextEquiv>
                <Unicode>Wir werden nach wie vor jeden Terror ablehnen,
komm er, woher er wolle. Unser Wall ist unsere
Verfassung, unsere Waffe das Gesetz, unsere Führung
die vom Volk bestellten Behörden, unser Schutz die
Armee. Das ist guter vaterländischer Boden mit
sauber gezogenen Grenzen.</Unicode>
            </TextEquiv>
        </TextRegion>
        <TextRegion type="paragraph" id="TextRegion_1534333657215_1" custom="readingOrder {index:16;}">
            <Coords points="1036,2549 1876,2549 1878,3004 1878,3918 1037,3918 1036,2939"/>
            <TextLine id="tl_202" primaryLanguage="German" custom="readingOrder {index:0;}">
                <Coords points="1874,2558 1091,2558 1091,2589 1874,2589"/>
                <Baseline points="1091,2579 1874,2579"/>
                <TextEquiv>
                    <Unicode>Von hier, von Uster aus ging im letzten Herbst</Unicode>
                </TextEquiv>
                <TextStyle fontFamily="Arial" fontSize="4.5"/>
            </TextLine>
            <TextLine id="tl_203" primaryLanguage="German" custom="readingOrder {index:1;}">
                <Coords points="1874,2590 1039,2590 1039,2625 1874,2625"/>
                <Baseline points="1039,2615 1874,2615"/>
                <TextEquiv>
                    <Unicode>der Gedanke der Konzentration der bsürger¬</Unicode>
                </TextEquiv>
                <TextStyle fontFamily="Arial" fontSize="4.5"/>
            </TextLine>
            <TextLine id="tl_204" primaryLanguage="German" custom="readingOrder {index:2;}">
                <Coords points="1877,2626 1042,2626 1042,2660 1877,2660"/>
                <Baseline points="1042,2650 1877,2650"/>
                <TextEquiv>
                    <Unicode>lichen Parteien aus, in seiner letzten Konsequenz</Unicode>
                </TextEquiv>
                <TextStyle fontFamily="Arial" fontSize="4.5"/>
            </TextLine>
            <TextLine id="tl_205" primaryLanguage="German" custom="readingOrder {index:3;}">
                <Coords points="1873,2661 1037,2661 1037,2695 1873,2695"/>
                <Baseline points="1037,2685 1873,2685"/>
                <TextEquiv>
                    <Unicode>als Möglichkeit einer zürcherischen Volkspartei erwo¬</Unicode>
                </TextEquiv>
                <TextStyle fontFamily="Arial" fontSize="4.5"/>
            </TextLine>
            <TextLine id="tl_206" primaryLanguage="German" custom="readingOrder {index:4;}">
                <Coords points="1871,2696 1037,2696 1037,2729 1871,2729"/>
                <Baseline points="1037,2719 1871,2719"/>
                <TextEquiv>
                    <Unicode>gen. Zu Unrecht haben mache gemeint, derartiges</Unicode>
                </TextEquiv>
                <TextStyle fontFamily="Arial" fontSize="4.5"/>
            </TextLine>
            <TextLine id="tl_207" primaryLanguage="German" custom="readingOrder {index:5;}">
                <Coords points="1870,2730 1037,2730 1037,2765 1870,2765"/>
                <Baseline points="1037,2755 1870,2755"/>
                <TextEquiv>
                    <Unicode>lasse sich kurzerhand beschliessen und durchführen, eben¬</Unicode>
                </TextEquiv>
                <TextStyle fontFamily="Arial" fontSize="4.5"/>
            </TextLine>
            <TextLine id="tl_208" primaryLanguage="German" custom="readingOrder {index:6;}">
                <Coords points="1878,2766 1045,2766 1045,2800 1878,2800"/>
                <Baseline points="1045,2790 1878,2790"/>
                <TextEquiv>
                    <Unicode>falls zu Unrecht glaubten andere, es handle sich um</Unicode>
                </TextEquiv>
                <TextStyle fontFamily="Arial" fontSize="4.5"/>
            </TextLine>
            <TextLine id="tl_209" primaryLanguage="German" custom="readingOrder {index:7;}">
                <Coords points="1877,2801 1041,2801 1041,2836 1877,2836"/>
                <Baseline points="1041,2826 1877,2826"/>
                <TextEquiv>
                    <Unicode>ein totgeborenes Kind. Es ist um diese Idee nicht</Unicode>
                </TextEquiv>
            </TextLine>
            <TextLine id="tl_210" primaryLanguage="German" custom="readingOrder {index:8;}">
                <Coords points="1875,2837 1041,2837 1041,2870 1875,2870"/>
                <Baseline points="1041,2860 1875,2860"/>
                <TextEquiv>
                    <Unicode>mehr still geworden und wird kaum mehr still wer¬</Unicode>
                </TextEquiv>
                <TextStyle fontFamily="Arial" fontSize="4.5"/>
            </TextLine>
            <TextLine id="tl_211" primaryLanguage="German" custom="readingOrder {index:9;}">
                <Coords points="1874,2871 1040,2871 1040,2906 1874,2906"/>
                <Baseline points="1040,2896 1874,2896"/>
                <TextEquiv>
                    <Unicode>den. Der Gedanke lebt, weil er weder eine mechanische</Unicode>
                </TextEquiv>
                <TextStyle fontFamily="Arial" fontSize="4.5"/>
            </TextLine>
            <TextLine id="tl_212" primaryLanguage="German" custom="readingOrder {index:10;}">
                <Coords points="1875,2907 1039,2905 1039,2940 1875,2942"/>
                <Baseline points="1039,2930 1875,2932"/>
                <TextEquiv>
                    <Unicode>Theorie noch ein bloßes Additions-Exempel ist, son¬</Unicode>
                </TextEquiv>
                <TextStyle fontFamily="Arial" fontSize="4.5"/>
            </TextLine>
            <TextLine id="tl_213" primaryLanguage="German" custom="readingOrder {index:11;}">
                <Coords points="1875,2943 1041,2943 1041,2976 1875,2976"/>
                <Baseline points="1041,2966 1875,2966"/>
                <TextEquiv>
                    <Unicode>dern von der Pflicht zur Verteidigung eines gemein¬</Unicode>
                </TextEquiv>
                <TextStyle fontFamily="Arial" fontSize="4.5"/>
            </TextLine>
            <TextLine id="tl_214" primaryLanguage="German" custom="readingOrder {index:12;}">
                <Coords points="1874,2977 1039,2977 1039,3011 1874,3011"/>
                <Baseline points="1039,3001 1874,3001"/>
                <TextEquiv>
                    <Unicode>samen Ideengutes ausgeht. Von dieser Idee des</Unicode>
                </TextEquiv>
                <TextStyle fontFamily="Arial" fontSize="4.5"/>
            </TextLine>
            <TextLine id="tl_215" primaryLanguage="German" custom="readingOrder {index:13;}">
                <Coords points="1878,3012 1043,3012 1043,3046 1878,3046"/>
                <Baseline points="1043,3036 1878,3036"/>
                <TextEquiv>
                    <Unicode>bürgerlichen Zusammenschlusses haben Abneigung</Unicode>
                </TextEquiv>
                <TextStyle fontFamily="Arial" fontSize="4.5"/>
            </TextLine>
            <TextLine id="tl_216" primaryLanguage="German" custom="readingOrder {index:14;}">
                <Coords points="1876,3047 1041,3047 1041,3080 1876,3080"/>
                <Baseline points="1041,3070 1876,3070"/>
                <TextEquiv>
                    <Unicode>und Unverständnis Zerrbilder gezeichnet. Wir wissen</Unicode>
                </TextEquiv>
                <TextStyle fontFamily="Arial" fontSize="4.5"/>
            </TextLine>
            <TextLine id="tl_217" primaryLanguage="German" custom="readingOrder {index:15;}">
                <Coords points="1874,3081 1040,3081 1040,3116 1874,3116"/>
                <Baseline points="1040,3106 1874,3106"/>
                <TextEquiv>
                    <Unicode>ganz genau, daß der gemeinsane Glaube die Voraus¬</Unicode>
                </TextEquiv>
                <TextStyle fontFamily="Arial" fontSize="4.5"/>
            </TextLine>
            <TextLine id="tl_218" primaryLanguage="German" custom="readingOrder {index:16;}">
                <Coords points="1876,3117 1041,3117 1041,3151 1876,3151"/>
                <Baseline points="1041,3141 1876,3141"/>
                <TextEquiv>
                    <Unicode>setzung zur gemeinsamen kraftvollen Tat ist und daß</Unicode>
                </TextEquiv>
                <TextStyle fontFamily="Arial" fontSize="4.5"/>
            </TextLine>
            <TextLine id="tl_219" primaryLanguage="German" custom="readingOrder {index:17;}">
                <Coords points="1874,3152 1040,3152 1040,3185 1874,3185"/>
                <Baseline points="1040,3175 1874,3175"/>
                <TextEquiv>
                    <Unicode>immer noch historische Mißverständnisse, Hindernisse</Unicode>
                </TextEquiv>
                <TextStyle fontFamily="Arial" fontSize="4.5"/>
            </TextLine>
            <TextLine id="tl_220" primaryLanguage="German" custom="readingOrder {index:18;}">
                <Coords points="1877,3186 1044,3186 1044,3220 1877,3220"/>
                <Baseline points="1044,3211 1877,3211"/>
                <TextEquiv>
                    <Unicode>und Vorurteile wegzuräumen sind. Die kantonalen</Unicode>
                </TextEquiv>
                <TextStyle fontFamily="Arial" fontSize="4.5"/>
            </TextLine>
            <TextLine id="tl_221" primaryLanguage="German" custom="readingOrder {index:19;}">
                <Coords points="1876,3221 1041,3221 1041,3255 1876,3255"/>
                <Baseline points="1041,3244 1876,3244"/>
                <TextEquiv>
                    <Unicode>Präsidenten der Bauern, Demokraten und Freisinnigen</Unicode>
                </TextEquiv>
                <TextStyle fontFamily="Arial" fontSize="4.5"/>
            </TextLine>
            <TextLine id="tl_222" primaryLanguage="German" custom="readingOrder {index:20;}">
                <Coords points="1875,3256 1041,3256 1041,3291 1875,3291"/>
                <Baseline points="1041,3281 1875,3281"/>
                <TextEquiv>
                    <Unicode>haben die Auffassung, daß schrittweises Vorgehen</Unicode>
                </TextEquiv>
                <TextStyle fontFamily="Arial" fontSize="4.5"/>
            </TextLine>
            <TextLine id="tl_223" primaryLanguage="German" custom="readingOrder {index:21;}">
                <Coords points="1877,3292 1043,3292 1043,3325 1877,3325"/>
                <Baseline points="1043,3315 1877,3315"/>
                <TextEquiv>
                    <Unicode>angemessen ist. Ausgegangen werden soll von den drei</Unicode>
                </TextEquiv>
                <TextStyle fontFamily="Arial" fontSize="4.5"/>
            </TextLine>
            <TextLine id="tl_224" primaryLanguage="German" custom="readingOrder {index:22;}">
                <Coords points="1873,3326 1039,3326 1039,3361 1873,3361"/>
                <Baseline points="1039,3351 1873,3351"/>
                <TextEquiv>
                    <Unicode>Parteien des Ustertages. Darin liegt keine Spitze gegen</Unicode>
                </TextEquiv>
                <TextStyle fontFamily="Arial" fontSize="4.5"/>
            </TextLine>
            <TextLine id="tl_225" primaryLanguage="German" custom="readingOrder {index:23;}">
                <Coords points="1875,3362 1040,3362 1040,3396 1875,3396"/>
                <Baseline points="1040,3385 1875,3385"/>
                <TextEquiv>
                    <Unicode>unsere christlichsozialen Mitbürger, deren Staatstreue</Unicode>
                </TextEquiv>
                <TextStyle fontFamily="Arial" fontSize="4.5"/>
            </TextLine>
            <TextLine id="tl_226" primaryLanguage="German" custom="readingOrder {index:24;}">
                <Coords points="1878,3397 1042,3395 1042,3430 1878,3432"/>
                <Baseline points="1042,3420 1878,3422"/>
                <TextEquiv>
                    <Unicode>und aufbauender Arbeit wir stets Hochachtung ent¬</Unicode>
                </TextEquiv>
                <TextStyle fontFamily="Arial" fontSize="4.5"/>
            </TextLine>
            <TextLine id="tl_227" primaryLanguage="German" custom="readingOrder {index:25;}">
                <Coords points="1878,3433 1041,3432 1041,3466 1878,3467"/>
                <Baseline points="1041,3456 1878,3457"/>
                <TextEquiv>
                    <Unicode>gegenbringen. Sondern es handelt sich um die Re¬</Unicode>
                </TextEquiv>
                <TextStyle fontFamily="Arial" fontSize="4.5"/>
            </TextLine>
            <TextLine id="tl_228" primaryLanguage="German" custom="readingOrder {index:26;}">
                <Coords points="1876,3468 1043,3468 1043,3501 1876,3501"/>
                <Baseline points="1043,3491 1876,3491"/>
                <TextEquiv>
                    <Unicode>spektierung weltanschaulicher Trennugsstriche. Das</Unicode>
                </TextEquiv>
                <TextStyle fontFamily="Arial" fontSize="4.5"/>
            </TextLine>
            <TextLine id="tl_229" primaryLanguage="German" custom="readingOrder {index:27;}">
                <Coords points="1875,3502 1044,3502 1044,3536 1875,3536"/>
                <Baseline points="1044,3526 1875,3526"/>
                <TextEquiv>
                    <Unicode>schließt keineswegs aus, mit allen, die gleichen und</Unicode>
                </TextEquiv>
                <TextStyle fontFamily="Arial" fontSize="4.5"/>
            </TextLine>
            <TextLine id="tl_230" primaryLanguage="German" custom="readingOrder {index:28;}">
                <Coords points="1876,3537 1042,3537 1042,3571 1876,3571"/>
                <Baseline points="1042,3561 1876,3561"/>
                <TextEquiv>
                    <Unicode>guten Willens sind, von Fall zu Fall die Verständi¬</Unicode>
                </TextEquiv>
                <TextStyle fontFamily="Arial" fontSize="4.5"/>
            </TextLine>
            <TextLine id="tl_231" primaryLanguage="German" custom="readingOrder {index:29;}">
                <Coords points="1876,3572 1047,3572 1047,3607 1876,3607"/>
                <Baseline points="1047,3597 1876,3597"/>
                <TextEquiv>
                    <Unicode>gung zu suchen und die Zusammenarbeit sicherzu¬</Unicode>
                </TextEquiv>
                <TextStyle fontFamily="Arial" fontSize="4.5"/>
            </TextLine>
            <TextLine id="tl_232" primaryLanguage="German" custom="readingOrder {index:30;}">
                <Coords points="1873,3608 1045,3608 1045,3642 1873,3642"/>
                <Baseline points="1045,3632 1873,3632"/>
                <TextEquiv>
                    <Unicode>stellen. die Selbstsändigkeit der Organisation und Ar¬</Unicode>
                </TextEquiv>
                <TextStyle fontFamily="Arial" fontSize="4.5"/>
            </TextLine>
            <TextLine id="tl_233" primaryLanguage="German" custom="readingOrder {index:31;}">
                <Coords points="1878,3643 1047,3643 1047,3676 1878,3676"/>
                <Baseline points="1047,3666 1878,3666"/>
                <TextEquiv>
                    <Unicode>beit muß auch den Ustertag-Parteien gewahrt bleiben.</Unicode>
                </TextEquiv>
                <TextStyle fontFamily="Arial" fontSize="4.5"/>
            </TextLine>
            <TextLine id="tl_234" primaryLanguage="German" custom="readingOrder {index:32;}">
                <Coords points="1878,3677 1047,3677 1047,3710 1878,3710"/>
                <Baseline points="1047,3701 1878,3701"/>
                <TextEquiv>
                    <Unicode>Es handelt sich also um das Abwägen der nicht leichten</Unicode>
                </TextEquiv>
                <TextStyle fontFamily="Arial" fontSize="4.5"/>
            </TextLine>
            <TextLine id="tl_235" primaryLanguage="German" custom="readingOrder {index:33;}">
                <Coords points="1878,3711 1045,3711 1045,3744 1878,3744"/>
                <Baseline points="1045,3734 1878,3734"/>
                <TextEquiv>
                    <Unicode>Frage wie weit die Verteidigung höchster gemeinsamer</Unicode>
                </TextEquiv>
                <TextStyle fontFamily="Arial" fontSize="4.5"/>
            </TextLine>
            <TextLine id="tl_236" primaryLanguage="German" custom="readingOrder {index:34;}">
                <Coords points="1875,3745 1047,3744 1047,3779 1875,3780"/>
                <Baseline points="1047,3769 1875,3770"/>
                <TextEquiv>
                    <Unicode>Interessen und der gemeinsame offensive Zielwille den</Unicode>
                </TextEquiv>
                <TextStyle fontFamily="Arial" fontSize="4.5"/>
            </TextLine>
            <TextLine id="tl_237" primaryLanguage="German" custom="readingOrder {index:35;}">
                <Coords points="1876,3781 1041,3780 1041,3815 1876,3816"/>
                <Baseline points="1041,3805 1876,3806"/>
                <TextEquiv>
                    <Unicode>Verzicht auf gewisse Rechte geraten erscheinen lasse,</Unicode>
                </TextEquiv>
                <TextStyle fontFamily="Arial" fontSize="4.5"/>
            </TextLine>
            <TextLine id="tl_238" primaryLanguage="German" custom="readingOrder {index:36;}">
                <Coords points="1877,3817 1045,3815 1045,3850 1877,3852"/>
                <Baseline points="1045,3840 1877,3842"/>
                <TextEquiv>
                    <Unicode>und auf welche Art, daß die Willensbildung der</Unicode>
                </TextEquiv>
                <TextStyle fontFamily="Arial" fontSize="4.5"/>
            </TextLine>
            <TextLine id="tl_239" primaryLanguage="German" custom="readingOrder {index:37;}">
                <Coords points="1874,3853 1044,3849 1044,3884 1874,3888"/>
                <Baseline points="1044,3874 1874,3878"/>
                <TextEquiv>
                    <Unicode>gemeinsamen Gruppe der drei Parteien zu erfolgen</Unicode>
                </TextEquiv>
                <TextStyle fontFamily="Arial" fontSize="4.5"/>
            </TextLine>
            <TextLine id="tl_240" primaryLanguage="German" custom="readingOrder {index:38;}">
                <Coords points="1791,3889 1045,3886 1045,3911 1791,3914"/>
                <Baseline points="1045,3910 1791,3913"/>
                <TextEquiv>
                    <Unicode>habe. Das ist gegenwärtig Sache des Studiums.</Unicode>
                </TextEquiv>
                <TextStyle fontFamily="Arial" fontSize="4.5"/>
            </TextLine>
            <TextEquiv>
                <Unicode>Von hier, von Uster aus ging im letzten Herbst
der Gedanke der Konzentration der bsürger¬
lichen Parteien aus, in seiner letzten Konsequenz
als Möglichkeit einer zürcherischen Volkspartei erwo¬
gen. Zu Unrecht haben mache gemeint, derartiges
lasse sich kurzerhand beschliessen und durchführen, eben¬
falls zu Unrecht glaubten andere, es handle sich um
ein totgeborenes Kind. Es ist um diese Idee nicht
mehr still geworden und wird kaum mehr still wer¬
den. Der Gedanke lebt, weil er weder eine mechanische
Theorie noch ein bloßes Additions-Exempel ist, son¬
dern von der Pflicht zur Verteidigung eines gemein¬
samen Ideengutes ausgeht. Von dieser Idee des
bürgerlichen Zusammenschlusses haben Abneigung
und Unverständnis Zerrbilder gezeichnet. Wir wissen
ganz genau, daß der gemeinsane Glaube die Voraus¬
setzung zur gemeinsamen kraftvollen Tat ist und daß
immer noch historische Mißverständnisse, Hindernisse
und Vorurteile wegzuräumen sind. Die kantonalen
Präsidenten der Bauern, Demokraten und Freisinnigen
haben die Auffassung, daß schrittweises Vorgehen
angemessen ist. Ausgegangen werden soll von den drei
Parteien des Ustertages. Darin liegt keine Spitze gegen
unsere christlichsozialen Mitbürger, deren Staatstreue
und aufbauender Arbeit wir stets Hochachtung ent¬
gegenbringen. Sondern es handelt sich um die Re¬
spektierung weltanschaulicher Trennugsstriche. Das
schließt keineswegs aus, mit allen, die gleichen und
guten Willens sind, von Fall zu Fall die Verständi¬
gung zu suchen und die Zusammenarbeit sicherzu¬
stellen. die Selbstsändigkeit der Organisation und Ar¬
beit muß auch den Ustertag-Parteien gewahrt bleiben.
Es handelt sich also um das Abwägen der nicht leichten
Frage wie weit die Verteidigung höchster gemeinsamer
Interessen und der gemeinsame offensive Zielwille den
Verzicht auf gewisse Rechte geraten erscheinen lasse,
und auf welche Art, daß die Willensbildung der
gemeinsamen Gruppe der drei Parteien zu erfolgen
habe. Das ist gegenwärtig Sache des Studiums.</Unicode>
            </TextEquiv>
        </TextRegion>
        <TextRegion type="paragraph" id="r_10_2" custom="readingOrder {index:17;}">
            <Coords points="1041,3916 1877,3916 1877,4127 1041,4127"/>
            <TextLine id="tl_241" primaryLanguage="German" custom="readingOrder {index:0;}">
                <Coords points="1873,3926 1095,3923 1095,3954 1873,3957"/>
                <Baseline points="1095,3945 1873,3948"/>
                <TextEquiv>
                    <Unicode>Immer wieder feststellen müssen wir, daß die</Unicode>
                </TextEquiv>
                <TextStyle fontFamily="Arial" fontSize="4.5"/>
            </TextLine>
            <TextLine id="tl_242" primaryLanguage="German" custom="readingOrder {index:1;}">
                <Coords points="1877,3958 1043,3958 1043,3990 1877,3990"/>
                <Baseline points="1043,3980 1877,3980"/>
                <TextEquiv>
                    <Unicode>Zersplitterung des Bürgertums eine wesent¬</Unicode>
                </TextEquiv>
            </TextLine>
            <TextLine id="tl_243" primaryLanguage="German" custom="readingOrder {index:2;}">
                <Coords points="1872,3991 1044,3991 1044,4025 1872,4025"/>
                <Baseline points="1044,4015 1872,4015"/>
                <TextEquiv>
                    <Unicode>liche Ursache des Hochkommens der marxistischen</Unicode>
                </TextEquiv>
                <TextStyle fontFamily="Arial" fontSize="4.5"/>
            </TextLine>
            <TextLine id="tl_244" primaryLanguage="German" custom="readingOrder {index:3;}">
                <Coords points="1875,4023 1046,4026 1046,4062 1875,4059"/>
                <Baseline points="1046,4051 1875,4048"/>
                <TextEquiv>
                    <Unicode>Gruppe ist. Solange diese Zersplitterung in der heuti¬</Unicode>
                </TextEquiv>
                <TextStyle fontFamily="Arial" fontSize="4.5"/>
            </TextLine>
            <TextLine id="tl_245" primaryLanguage="German" custom="readingOrder {index:4;}">
                <Coords points="1875,4063 1043,4057 1043,4092 1875,4098"/>
                <Baseline points="1043,4083 1875,4089"/>
                <TextEquiv>
                    <Unicode>gen Form andauert, solange werden die Marxisten</Unicode>
                </TextEquiv>
                <TextStyle fontFamily="Arial" fontSize="4.5"/>
            </TextLine>
            <TextLine id="tl_246" primaryLanguage="German" custom="readingOrder {index:5;}">
                <Coords points="1422,4099 1042,4098 1042,4122 1422,4123"/>
                <Baseline points="1042,4120 1422,4121"/>
                <TextEquiv>
                    <Unicode>Nutznießer der Lage sein.</Unicode>
                </TextEquiv>
                <TextStyle fontFamily="Arial" fontSize="4.5"/>
            </TextLine>
            <TextEquiv>
                <Unicode>Immer wieder feststellen müssen wir, daß die
Zersplitterung des Bürgertums eine wesent¬
liche Ursache des Hochkommens der marxistischen
Gruppe ist. Solange diese Zersplitterung in der heuti¬
gen Form andauert, solange werden die Marxisten
Nutznießer der Lage sein.</Unicode>
            </TextEquiv>
        </TextRegion>
        <TextRegion type="paragraph" id="r_10_3" custom="readingOrder {index:18;}">
            <Coords points="1043,4125 1879,4125 1879,5105 1043,5105"/>
            <TextLine id="tl_247" primaryLanguage="German" custom="readingOrder {index:0;}">
                <Coords points="1876,4136 1093,4133 1093,4166 1876,4169"/>
                <Baseline points="1093,4156 1876,4159"/>
                <TextEquiv>
                    <Unicode>Zum Schlusse seiner scharf geprägten, überzeugen¬</Unicode>
                </TextEquiv>
                <TextStyle fontFamily="Arial" fontSize="4.5"/>
            </TextLine>
            <TextLine id="tl_248" primaryLanguage="German" custom="readingOrder {index:1;}">
                <Coords points="1876,4170 1043,4168 1043,4201 1876,4203"/>
                <Baseline points="1043,4191 1876,4193"/>
                <TextEquiv>
                    <Unicode>den Betrachtungen berührte Parteipräsident Gut die</Unicode>
                </TextEquiv>
                <TextStyle fontFamily="Arial" fontSize="4.5"/>
            </TextLine>
            <TextLine id="tl_249" primaryLanguage="German" custom="readingOrder {index:2;}">
                <Coords points="1877,4204 1044,4201 1044,4235 1877,4238"/>
                <Baseline points="1044,4225 1877,4228"/>
                <TextEquiv>
                    <Unicode>Frage der Revision der Bundesverfas¬</Unicode>
                </TextEquiv>
            </TextLine>
            <TextLine id="tl_250" primaryLanguage="German" custom="readingOrder {index:3;}">
                <Coords points="1876,4239 1046,4236 1046,4270 1876,4273"/>
                <Baseline points="1046,4260 1876,4263"/>
                <TextEquiv>
                    <Unicode>sung. Wir sind, so sagte er, im Gegensatz zu unseren</Unicode>
                </TextEquiv>
                <TextStyle fontFamily="Arial" fontSize="4.5"/>
            </TextLine>
            <TextLine id="tl_251" primaryLanguage="German" custom="readingOrder {index:4;}">
                <Coords points="1875,4274 1044,4270 1044,4304 1875,4308"/>
                <Baseline points="1044,4294 1875,4298"/>
                <TextEquiv>
                    <Unicode>demokratischen Freunden in der schweizerischen Partei</Unicode>
                </TextEquiv>
                <TextStyle fontFamily="Arial" fontSize="4.5"/>
            </TextLine>
            <TextLine id="tl_252" primaryLanguage="German" custom="readingOrder {index:5;}">
                <Coords points="1877,4309 1047,4305 1047,4339 1877,4343"/>
                <Baseline points="1047,4329 1877,4333"/>
                <TextEquiv>
                    <Unicode>dafür eingetreten, daß der ganze gewaltige Fragen¬</Unicode>
                </TextEquiv>
                <TextStyle fontFamily="Arial" fontSize="4.5"/>
            </TextLine>
            <TextLine id="tl_253" primaryLanguage="German" custom="readingOrder {index:6;}">
                <Coords points="1877,4344 1047,4340 1047,4373 1877,4377"/>
                <Baseline points="1047,4363 1877,4367"/>
                <TextEquiv>
                    <Unicode>lomplex erst gründlich abgeklärt werde, bevor der</Unicode>
                </TextEquiv>
                <TextStyle fontFamily="Arial" fontSize="4.5"/>
            </TextLine>
            <TextLine id="tl_254" primaryLanguage="German" custom="readingOrder {index:7;}">
                <Coords points="1878,4378 1047,4372 1047,4407 1878,4413"/>
                <Baseline points="1047,4397 1878,4403"/>
                <TextEquiv>
                    <Unicode>die Revision beschließende Entscheid fallen dürfe. Diese</Unicode>
                </TextEquiv>
                <TextStyle fontFamily="Arial" fontSize="4.5"/>
            </TextLine>
            <TextLine id="tl_255" primaryLanguage="German" custom="readingOrder {index:8;}">
                <Coords points="1877,4414 1045,4408 1045,4442 1877,4448"/>
                <Baseline points="1045,4432 1877,4438"/>
                <TextEquiv>
                    <Unicode>Abklärung ist nun im Gang, und es besteht auch über</Unicode>
                </TextEquiv>
                <TextStyle fontFamily="Arial" fontSize="4.5"/>
            </TextLine>
            <TextLine id="tl_256" primaryLanguage="German" custom="readingOrder {index:9;}">
                <Coords points="1877,4449 1045,4445 1045,4479 1877,4483"/>
                <Baseline points="1045,4469 1877,4473"/>
                <TextEquiv>
                    <Unicode>Fragen von allergrößter Tragweite noch keine Einig¬</Unicode>
                </TextEquiv>
                <TextStyle fontFamily="Arial" fontSize="4.5"/>
            </TextLine>
            <TextLine id="tl_257" primaryLanguage="German" custom="readingOrder {index:10;}">
                <Coords points="1877,4484 1043,4478 1043,4512 1877,4518"/>
                <Baseline points="1043,4502 1877,4508"/>
                <TextEquiv>
                    <Unicode>keit. Die bisherigen materiellen Vorschläge zur Re¬</Unicode>
                </TextEquiv>
                <TextStyle fontFamily="Arial" fontSize="4.5"/>
            </TextLine>
            <TextLine id="tl_258" primaryLanguage="German" custom="readingOrder {index:11;}">
                <Coords points="1878,4519 1047,4511 1047,4544 1878,4552"/>
                <Baseline points="1047,4534 1878,4542"/>
                <TextEquiv>
                    <Unicode>vision erinnern an das Bild, das wir als staunende</Unicode>
                </TextEquiv>
                <TextStyle fontFamily="Arial" fontSize="4.5"/>
            </TextLine>
            <TextLine id="tl_259" primaryLanguage="German" custom="readingOrder {index:12;}">
                <Coords points="1877,4553 1047,4548 1047,4582 1877,4587"/>
                <Baseline points="1047,4572 1877,4577"/>
                <TextEquiv>
                    <Unicode>Schüler im Kaleidoskop sahen: eine bunte Musterkarte</Unicode>
                </TextEquiv>
                <TextStyle fontFamily="Arial" fontSize="4.5"/>
            </TextLine>
            <TextLine id="tl_260" primaryLanguage="German" custom="readingOrder {index:13;}">
                <Coords points="1877,4588 1046,4582 1046,4616 1877,4622"/>
                <Baseline points="1046,4606 1877,4612"/>
                <TextEquiv>
                    <Unicode>von Ideen, die sich zum Teil gründlich widersprechen.</Unicode>
                </TextEquiv>
                <TextStyle fontFamily="Arial" fontSize="4.5"/>
            </TextLine>
            <TextLine id="tl_261" primaryLanguage="German" custom="readingOrder {index:14;}">
                <Coords points="1876,4623 1046,4618 1046,4652 1876,4657"/>
                <Baseline points="1046,4642 1876,4647"/>
                <TextEquiv>
                    <Unicode>Man muß von einem ugeheuren Optimismus getra¬</Unicode>
                </TextEquiv>
                <TextStyle fontFamily="Arial" fontSize="4.5"/>
            </TextLine>
            <TextLine id="tl_262" primaryLanguage="German" custom="readingOrder {index:15;}">
                <Coords points="1877,4658 1043,4651 1043,4685 1877,4692"/>
                <Baseline points="1043,4675 1877,4682"/>
                <TextEquiv>
                    <Unicode>gen sein, um den Glauben an das Gelingen einer</Unicode>
                </TextEquiv>
                <TextStyle fontFamily="Arial" fontSize="4.5"/>
            </TextLine>
            <TextLine id="tl_263" primaryLanguage="German" custom="readingOrder {index:16;}">
                <Coords points="1877,4693 1047,4687 1047,4721 1877,4727"/>
                <Baseline points="1047,4711 1877,4717"/>
                <TextEquiv>
                    <Unicode>Revision im erstem Anlauf hegen zu können. Aber die</Unicode>
                </TextEquiv>
                <TextStyle fontFamily="Arial" fontSize="4.5"/>
            </TextLine>
            <TextLine id="tl_264" primaryLanguage="German" custom="readingOrder {index:17;}">
                <Coords points="1876,4728 1045,4722 1045,4755 1876,4761"/>
                <Baseline points="1045,4745 1876,4751"/>
                <TextEquiv>
                    <Unicode>Revisionsbewegung wird nicht mehr zur Ruhe kom¬</Unicode>
                </TextEquiv>
                <TextStyle fontFamily="Arial" fontSize="4.5"/>
            </TextLine>
            <TextLine id="tl_265" primaryLanguage="German" custom="readingOrder {index:18;}">
                <Coords points="1877,4762 1046,4757 1046,4791 1877,4796"/>
                <Baseline points="1046,4781 1877,4786"/>
                <TextEquiv>
                    <Unicode>men; dafür wird die Jugend, auch die Jugend unserer</Unicode>
                </TextEquiv>
                <TextStyle fontFamily="Arial" fontSize="4.5"/>
            </TextLine>
            <TextLine id="tl_266" primaryLanguage="German" custom="readingOrder {index:19;}">
                <Coords points="1877,4797 1044,4792 1044,4826 1877,4831"/>
                <Baseline points="1044,4816 1877,4821"/>
                <TextEquiv>
                    <Unicode>eigenen Reihen, sorgen. Wenn der Wille sich zeigt, die</Unicode>
                </TextEquiv>
                <TextStyle fontFamily="Arial" fontSize="4.5"/>
            </TextLine>
            <TextLine id="tl_267" primaryLanguage="German" custom="readingOrder {index:20;}">
                <Coords points="1876,4832 1044,4826 1044,4860 1876,4866"/>
                <Baseline points="1044,4850 1876,4856"/>
                <TextEquiv>
                    <Unicode>aufbauenden Kräfte wieder einmal an einer politischen</Unicode>
                </TextEquiv>
                <TextStyle fontFamily="Arial" fontSize="4.5"/>
            </TextLine>
            <TextLine id="tl_268" primaryLanguage="German" custom="readingOrder {index:21;}">
                <Coords points="1877,4867 1051,4862 1051,4896 1877,4901"/>
                <Baseline points="1051,4886 1877,4891"/>
                <TextEquiv>
                    <Unicode>Frage zu messen, wenn der mächtige Wunsch besteht,</Unicode>
                </TextEquiv>
                <TextStyle fontFamily="Arial" fontSize="4.5"/>
            </TextLine>
            <TextLine id="tl_269" primaryLanguage="German" custom="readingOrder {index:22;}">
                <Coords points="1877,4902 1046,4896 1046,4929 1877,4935"/>
                <Baseline points="1046,4919 1877,4925"/>
                <TextEquiv>
                    <Unicode>über den täglichen Kampf mit vornehnmlich wirtschaft¬</Unicode>
                </TextEquiv>
                <TextStyle fontFamily="Arial" fontSize="4.5"/>
            </TextLine>
            <TextLine id="tl_270" primaryLanguage="German" custom="readingOrder {index:23;}">
                <Coords points="1877,4936 1048,4930 1048,4964 1877,4970"/>
                <Baseline points="1048,4954 1877,4960"/>
                <TextEquiv>
                    <Unicode>lichen Gegenständen wieder einmal Weltanschauung</Unicode>
                </TextEquiv>
                <TextStyle fontFamily="Arial" fontSize="4.5"/>
            </TextLine>
            <TextLine id="tl_271" primaryLanguage="German" custom="readingOrder {index:24;}">
                <Coords points="1876,4971 1049,4964 1049,4997 1876,5004"/>
                <Baseline points="1049,4987 1876,4994"/>
                <TextEquiv>
                    <Unicode>in die Politik zu tragen — soll man da davor sein?</Unicode>
                </TextEquiv>
                <TextStyle fontFamily="Arial" fontSize="4.5"/>
            </TextLine>
            <TextLine id="tl_272" primaryLanguage="German" custom="readingOrder {index:25;}">
                <Coords points="1877,5005 1047,4998 1047,5033 1877,5040"/>
                <Baseline points="1047,5023 1877,5030"/>
                <TextEquiv>
                    <Unicode>Auf keinen Fall wäre ein solches Bemühen als nutzlose</Unicode>
                </TextEquiv>
                <TextStyle fontFamily="Arial" fontSize="4.5"/>
            </TextLine>
            <TextLine id="tl_273" primaryLanguage="German" custom="readingOrder {index:26;}">
                <Coords points="1877,5041 1050,5034 1050,5067 1877,5074"/>
                <Baseline points="1050,5057 1877,5064"/>
                <TextEquiv>
                    <Unicode>Arbeit zu bewerten, selbst für den Fall nicht, das wir</Unicode>
                </TextEquiv>
                <TextStyle fontFamily="Arial" fontSize="4.5"/>
            </TextLine>
            <TextLine id="tl_274" primaryLanguage="German" custom="readingOrder {index:27;}">
                <Coords points="1809,5075 1046,5069 1046,5094 1809,5100"/>
                <Baseline points="1046,5092 1809,5098"/>
                <TextEquiv>
                    <Unicode>alle eine Totalrevision micht mehr erleben sollten.</Unicode>
                </TextEquiv>
                <TextStyle fontFamily="Arial" fontSize="4.5"/>
            </TextLine>
            <TextEquiv>
                <Unicode>Zum Schlusse seiner scharf geprägten, überzeugen¬
den Betrachtungen berührte Parteipräsident Gut die
Frage der Revision der Bundesverfas¬
sung. Wir sind, so sagte er, im Gegensatz zu unseren
demokratischen Freunden in der schweizerischen Partei
dafür eingetreten, daß der ganze gewaltige Fragen¬
lomplex erst gründlich abgeklärt werde, bevor der
die Revision beschließende Entscheid fallen dürfe. Diese
Abklärung ist nun im Gang, und es besteht auch über
Fragen von allergrößter Tragweite noch keine Einig¬
keit. Die bisherigen materiellen Vorschläge zur Re¬
vision erinnern an das Bild, das wir als staunende
Schüler im Kaleidoskop sahen: eine bunte Musterkarte
von Ideen, die sich zum Teil gründlich widersprechen.
Man muß von einem ugeheuren Optimismus getra¬
gen sein, um den Glauben an das Gelingen einer
Revision im erstem Anlauf hegen zu können. Aber die
Revisionsbewegung wird nicht mehr zur Ruhe kom¬
men; dafür wird die Jugend, auch die Jugend unserer
eigenen Reihen, sorgen. Wenn der Wille sich zeigt, die
aufbauenden Kräfte wieder einmal an einer politischen
Frage zu messen, wenn der mächtige Wunsch besteht,
über den täglichen Kampf mit vornehnmlich wirtschaft¬
lichen Gegenständen wieder einmal Weltanschauung
in die Politik zu tragen — soll man da davor sein?
Auf keinen Fall wäre ein solches Bemühen als nutzlose
Arbeit zu bewerten, selbst für den Fall nicht, das wir
alle eine Totalrevision micht mehr erleben sollten.</Unicode>
            </TextEquiv>
        </TextRegion>
        <TextRegion type="paragraph" id="r_10_4" custom="readingOrder {index:19;}">
            <Coords points="1045,5098 1878,5098 1878,5350 1045,5350"/>
            <TextLine id="tl_275" primaryLanguage="German" custom="readingOrder {index:0;}">
                <Coords points="1877,5109 1098,5103 1098,5138 1877,5144"/>
                <Baseline points="1098,5128 1877,5134"/>
                <TextEquiv>
                    <Unicode>Bestreiten kann niemand, daß Europa auf neuen</Unicode>
                </TextEquiv>
                <TextStyle fontFamily="Arial" fontSize="4.5"/>
            </TextLine>
            <TextLine id="tl_276" primaryLanguage="German" custom="readingOrder {index:1;}">
                <Coords points="1877,5145 1046,5141 1046,5174 1877,5178"/>
                <Baseline points="1046,5164 1877,5168"/>
                <TextEquiv>
                    <Unicode>Wegen in die Zukunft geht, daß eine Epoche abgeschlos¬</Unicode>
                </TextEquiv>
                <TextStyle fontFamily="Arial" fontSize="4.5"/>
            </TextLine>
            <TextLine id="tl_277" primaryLanguage="German" custom="readingOrder {index:2;}">
                <Coords points="1876,5179 1050,5172 1050,5206 1876,5213"/>
                <Baseline points="1050,5196 1876,5203"/>
                <TextEquiv>
                    <Unicode>sen ist und daß Neuorientierungen kommen müssen.</Unicode>
                </TextEquiv>
                <TextStyle fontFamily="Arial" fontSize="4.5"/>
            </TextLine>
            <TextLine id="tl_278" primaryLanguage="German" custom="readingOrder {index:3;}">
                <Coords points="1877,5214 1048,5209 1048,5242 1877,5247"/>
                <Baseline points="1048,5232 1877,5237"/>
                <TextEquiv>
                    <Unicode>Als persönliches Bekenntnis erklärte der Redner, daß</Unicode>
                </TextEquiv>
                <TextStyle fontFamily="Arial" fontSize="4.5"/>
            </TextLine>
            <TextLine id="tl_279" primaryLanguage="German" custom="readingOrder {index:4;}">
                <Coords points="1877,5248 1048,5242 1048,5276 1877,5282"/>
                <Baseline points="1048,5266 1877,5272"/>
                <TextEquiv>
                    <Unicode>er, sofern die wichtigen formalen Fragen genügend</Unicode>
                </TextEquiv>
                <TextStyle fontFamily="Arial" fontSize="4.5"/>
            </TextLine>
            <TextLine id="tl_280" primaryLanguage="German" custom="readingOrder {index:5;}">
                <Coords points="1877,5283 1049,5276 1049,5309 1877,5316"/>
                <Baseline points="1049,5299 1877,5306"/>
                <TextEquiv>
                    <Unicode>und befriedigend abgeklärt werden können, die Zu¬</Unicode>
                </TextEquiv>
                <TextStyle fontFamily="Arial" fontSize="4.5"/>
            </TextLine>
            <TextLine id="tl_281" primaryLanguage="German" custom="readingOrder {index:6;}">
                <Coords points="1877,5317 1049,5311 1049,5338 1877,5344"/>
                <Baseline points="1049,5336 1877,5342"/>
                <TextEquiv>
                    <Unicode>stimmung zur Revision als gegeben erachten würde.</Unicode>
                </TextEquiv>
                <TextStyle fontFamily="Arial" fontSize="4.5"/>
            </TextLine>
            <TextEquiv>
                <Unicode>Bestreiten kann niemand, daß Europa auf neuen
Wegen in die Zukunft geht, daß eine Epoche abgeschlos¬
sen ist und daß Neuorientierungen kommen müssen.
Als persönliches Bekenntnis erklärte der Redner, daß
er, sofern die wichtigen formalen Fragen genügend
und befriedigend abgeklärt werden können, die Zu¬
stimmung zur Revision als gegeben erachten würde.</Unicode>
            </TextEquiv>
        </TextRegion>
        <TextRegion type="paragraph" id="r_11_1" custom="readingOrder {index:20;}">
            <Coords points="1903,396 2736,396 2736,851 1903,851"/>
            <TextLine id="tl_282" primaryLanguage="German" custom="readingOrder {index:0;}">
                <Coords points="2734,405 1905,405 1905,435 2734,435"/>
                <Baseline points="1905,426 2734,426"/>
                <TextEquiv>
                    <Unicode>Unterdessen haben wir die Pflicht, im Namen der</Unicode>
                </TextEquiv>
                <TextStyle fontFamily="Arial" fontSize="4.5"/>
            </TextLine>
            <TextLine id="tl_283" primaryLanguage="German" custom="readingOrder {index:1;}">
                <Coords points="2734,436 1904,436 1904,469 2734,469"/>
                <Baseline points="1904,459 2734,459"/>
                <TextEquiv>
                    <Unicode>bestehenden Ordnung unverdrossen weiterzuarbeiten.</Unicode>
                </TextEquiv>
                <TextStyle fontFamily="Arial" fontSize="4.5"/>
            </TextLine>
            <TextLine id="tl_284" primaryLanguage="German" custom="readingOrder {index:2;}">
                <Coords points="2735,470 1906,470 1906,504 2735,504"/>
                <Baseline points="1906,494 2735,494"/>
                <TextEquiv>
                    <Unicode>Professor Böhler hat seiner jüngst erschienenen geist¬</Unicode>
                </TextEquiv>
                <TextStyle fontFamily="Arial" fontSize="4.5"/>
            </TextLine>
            <TextLine id="tl_285" primaryLanguage="German" custom="readingOrder {index:3;}">
                <Coords points="2732,505 1903,505 1903,540 2732,540"/>
                <Baseline points="1903,530 2732,530"/>
                <TextEquiv>
                    <Unicode>reichen Schrift über die korporative Wirtschaft das</Unicode>
                </TextEquiv>
                <TextStyle fontFamily="Arial" fontSize="4.5"/>
            </TextLine>
            <TextLine id="tl_286" primaryLanguage="German" custom="readingOrder {index:4;}">
                <Coords points="2736,541 1907,541 1907,574 2736,574"/>
                <Baseline points="1907,564 2736,564"/>
                <TextEquiv>
                    <Unicode>berühmte Wort Heraklits vorangestellt: „Die unsicht¬</Unicode>
                </TextEquiv>
                <TextStyle fontFamily="Arial" fontSize="4.5"/>
            </TextLine>
            <TextLine id="tl_287" primaryLanguage="German" custom="readingOrder {index:5;}">
                <Coords points="2736,575 1907,575 1907,608 2736,608"/>
                <Baseline points="1907,598 2736,598"/>
                <TextEquiv>
                    <Unicode>bare Harmonie ist stärker als die sichtbare. Für unsere</Unicode>
                </TextEquiv>
                <TextStyle fontFamily="Arial" fontSize="4.5"/>
            </TextLine>
            <TextLine id="tl_288" primaryLanguage="German" custom="readingOrder {index:6;}">
                <Coords points="2736,609 1907,609 1907,643 2736,643"/>
                <Baseline points="1907,633 2736,633"/>
                <TextEquiv>
                    <Unicode>Verhältnisse, wo alles im Fließen ist, will das heißen,</Unicode>
                </TextEquiv>
                <TextStyle fontFamily="Arial" fontSize="4.5"/>
            </TextLine>
            <TextLine id="tl_289" primaryLanguage="German" custom="readingOrder {index:7;}">
                <Coords points="2733,644 1905,644 1905,678 2733,678"/>
                <Baseline points="1905,667 2733,667"/>
                <TextEquiv>
                    <Unicode>daß der die Politik durchdringende Geist immer den</Unicode>
                </TextEquiv>
                <TextStyle fontFamily="Arial" fontSize="4.5"/>
            </TextLine>
            <TextLine id="tl_290" primaryLanguage="German" custom="readingOrder {index:8;}">
                <Coords points="2736,679 1907,679 1907,713 2736,713"/>
                <Baseline points="1907,704 2736,704"/>
                <TextEquiv>
                    <Unicode>Vortritt hat vor der Form. „Ein Freisinn, der in</Unicode>
                </TextEquiv>
                <TextStyle fontFamily="Arial" fontSize="4.5"/>
            </TextLine>
            <TextLine id="tl_291" primaryLanguage="German" custom="readingOrder {index:9;}">
                <Coords points="2734,714 1904,714 1904,747 2734,747"/>
                <Baseline points="1904,737 2734,737"/>
                <TextEquiv>
                    <Unicode>allen Fragen auch sein Herz und sein Gewissen sprechen</Unicode>
                </TextEquiv>
                <TextStyle fontFamily="Arial" fontSize="4.5"/>
            </TextLine>
            <TextLine id="tl_292" primaryLanguage="German" custom="readingOrder {index:10;}">
                <Coords points="2736,748 1910,748 1910,782 2736,782"/>
                <Baseline points="1910,772 2736,772"/>
                <TextEquiv>
                    <Unicode>läßt, ein Freisinn, der arbeitet und an seine Arbeit</Unicode>
                </TextEquiv>
                <TextStyle fontFamily="Arial" fontSize="4.5"/>
            </TextLine>
            <TextLine id="tl_293" primaryLanguage="German" custom="readingOrder {index:11;}">
                <Coords points="2732,783 1905,783 1905,817 2732,817"/>
                <Baseline points="1905,807 2732,807"/>
                <TextEquiv>
                    <Unicode>stets den Maßstab eines sittlichen Handelns legt, einem</Unicode>
                </TextEquiv>
                <TextStyle fontFamily="Arial" fontSize="4.5"/>
            </TextLine>
            <TextLine id="tl_294" primaryLanguage="German" custom="readingOrder {index:12;}">
                <Coords points="2735,818 1908,818 1908,845 2735,845"/>
                <Baseline points="1908,842 2735,842"/>
                <TextEquiv>
                    <Unicode>solchen Freisinn wird wieder die Zukunft gehören."</Unicode>
                </TextEquiv>
                <TextStyle fontFamily="Arial" fontSize="4.5"/>
            </TextLine>
            <TextEquiv>
                <Unicode>Unterdessen haben wir die Pflicht, im Namen der
bestehenden Ordnung unverdrossen weiterzuarbeiten.
Professor Böhler hat seiner jüngst erschienenen geist¬
reichen Schrift über die korporative Wirtschaft das
berühmte Wort Heraklits vorangestellt: „Die unsicht¬
bare Harmonie ist stärker als die sichtbare. Für unsere
Verhältnisse, wo alles im Fließen ist, will das heißen,
daß der die Politik durchdringende Geist immer den
Vortritt hat vor der Form. „Ein Freisinn, der in
allen Fragen auch sein Herz und sein Gewissen sprechen
läßt, ein Freisinn, der arbeitet und an seine Arbeit
stets den Maßstab eines sittlichen Handelns legt, einem
solchen Freisinn wird wieder die Zukunft gehören."</Unicode>
            </TextEquiv>
        </TextRegion>
        <TextRegion type="paragraph" id="r_11_2" custom="readingOrder {index:21;}">
            <Coords points="1904,848 2736,848 2736,956 1904,956"/>
            <TextLine id="tl_295" primaryLanguage="German" custom="readingOrder {index:0;}">
                <Coords points="2734,857 1955,857 1955,887 2734,887"/>
                <Baseline points="1955,877 2734,877"/>
                <TextEquiv>
                    <Unicode>Anhaltender Beifall bewies dem Präsidenten, wie</Unicode>
                </TextEquiv>
                <TextStyle fontFamily="Arial" fontSize="4.5"/>
            </TextLine>
            <TextLine id="tl_296" primaryLanguage="German" custom="readingOrder {index:1;}">
                <Coords points="2732,888 1904,888 1904,921 2732,921"/>
                <Baseline points="1904,911 2732,911"/>
                <TextEquiv>
                    <Unicode>sehr die Versammlung mit seiner vortrefflichen Dar¬</Unicode>
                </TextEquiv>
                <TextStyle fontFamily="Arial" fontSize="4.5"/>
            </TextLine>
            <TextLine id="tl_297" primaryLanguage="German" custom="readingOrder {index:2;}">
                <Coords points="2660,922 1906,922 1906,949 2660,949"/>
                <Baseline points="1906,946 2660,946"/>
                <TextEquiv>
                    <Unicode>stellung der politischen Verhältnisse einig ging.</Unicode>
                </TextEquiv>
                <TextStyle fontFamily="Arial" fontSize="4.5"/>
            </TextLine>
            <TextEquiv>
                <Unicode>Anhaltender Beifall bewies dem Präsidenten, wie
sehr die Versammlung mit seiner vortrefflichen Dar¬
stellung der politischen Verhältnisse einig ging.</Unicode>
            </TextEquiv>
        </TextRegion>
        <TextRegion type="paragraph" id="r_12_1" custom="readingOrder {index:22;}">
            <Coords points="1984,987 2656,987 2656,1033 1984,1033"/>
            <TextLine id="tl_298" primaryLanguage="German" custom="readingOrder {index:0;}">
                <Coords points="2652,999 1984,999 1984,1027 2652,1027"/>
                <Baseline points="1984,1025 2652,1025"/>
                <TextEquiv>
                    <Unicode>Die Tätigkeit des Kantonsrates</Unicode>
                </TextEquiv>
                <TextStyle fontFamily="Arial" fontSize="6.5" bold="true"/>
            </TextLine>
            <TextEquiv>
                <Unicode>Die Tätigkeit des Kantonsrates</Unicode>
            </TextEquiv>
        </TextRegion>
        <TextRegion type="paragraph" id="r_13_1" custom="readingOrder {index:23;}">
            <Coords points="1904,1047 2741,1047 2741,2180 1904,2180"/>
            <TextLine id="tl_299" primaryLanguage="German" custom="readingOrder {index:0;}">
                <Coords points="2734,1057 1907,1054 1907,1084 2734,1087"/>
                <Baseline points="1907,1075 2734,1078"/>
                <TextEquiv>
                    <Unicode>war Gegenstand des Referates Dr. H. Weisflogs,</Unicode>
                </TextEquiv>
                <TextStyle fontFamily="Arial" fontSize="4.5"/>
            </TextLine>
            <TextLine id="tl_300" primaryLanguage="German" custom="readingOrder {index:1;}">
                <Coords points="2736,1088 1909,1088 1909,1119 2736,1119"/>
                <Baseline points="1909,1109 2736,1109"/>
                <TextEquiv>
                    <Unicode>des Präsidenten der freisinnigen Kantonsratsfraktion.</Unicode>
                </TextEquiv>
                <TextStyle fontFamily="Arial" fontSize="4.5"/>
            </TextLine>
            <TextLine id="tl_301" primaryLanguage="German" custom="readingOrder {index:2;}">
                <Coords points="2733,1120 1904,1120 1904,1153 2733,1153"/>
                <Baseline points="1904,1143 2733,1143"/>
                <TextEquiv>
                    <Unicode>Damit verband er eine Beleuchtung der kanto¬</Unicode>
                </TextEquiv>
            </TextLine>
            <TextLine id="tl_302" primaryLanguage="German" custom="readingOrder {index:3;}">
                <Coords points="2734,1154 1907,1154 1907,1188 2734,1188"/>
                <Baseline points="1907,1178 2734,1178"/>
                <TextEquiv>
                    <Unicode>nalen Finanzlage, was sich dadurch recht¬</Unicode>
                </TextEquiv>
            </TextLine>
            <TextLine id="tl_303" primaryLanguage="German" custom="readingOrder {index:4;}">
                <Coords points="2733,1189 1906,1189 1906,1222 2733,1222"/>
                <Baseline points="1906,1212 2733,1212"/>
                <TextEquiv>
                    <Unicode>fertigt, daß sich der Katonsrat im vergangenen Ge¬</Unicode>
                </TextEquiv>
                <TextStyle fontFamily="Arial" fontSize="4.5"/>
            </TextLine>
            <TextLine id="tl_304" primaryLanguage="German" custom="readingOrder {index:5;}">
                <Coords points="2740,1223 1913,1223 1913,1257 2740,1257"/>
                <Baseline points="1913,1247 2740,1247"/>
                <TextEquiv>
                    <Unicode>schäftsjahr ausnahmsweise eingehend mit der Finanz¬</Unicode>
                </TextEquiv>
                <TextStyle fontFamily="Arial" fontSize="4.5"/>
            </TextLine>
            <TextLine id="tl_305" primaryLanguage="German" custom="readingOrder {index:6;}">
                <Coords points="2735,1258 1908,1258 1908,1290 2735,1290"/>
                <Baseline points="1908,1281 2735,1281"/>
                <TextEquiv>
                    <Unicode>lage des Kantons befaßt hat. Die Revision des</Unicode>
                </TextEquiv>
                <TextStyle fontFamily="Arial" fontSize="4.5"/>
            </TextLine>
            <TextLine id="tl_306" primaryLanguage="German" custom="readingOrder {index:7;}">
                <Coords points="2733,1291 1905,1291 1905,1324 2733,1324"/>
                <Baseline points="1905,1314 2733,1314"/>
                <TextEquiv>
                    <Unicode>Geschäftsreglements hat mehrfache, wenn</Unicode>
                </TextEquiv>
                <TextStyle fontFamily="Arial" fontSize="4.5"/>
            </TextLine>
            <TextLine id="tl_307" primaryLanguage="German" custom="readingOrder {index:8;}">
                <Coords points="2736,1325 1906,1325 1906,1359 2736,1359"/>
                <Baseline points="1906,1349 2736,1349"/>
                <TextEquiv>
                    <Unicode>auch nicht tiefgreifende Verbesserungen gebracht. Die</Unicode>
                </TextEquiv>
                <TextStyle fontFamily="Arial" fontSize="4.5"/>
            </TextLine>
            <TextLine id="tl_308" primaryLanguage="German" custom="readingOrder {index:9;}">
                <Coords points="2738,1360 1909,1360 1909,1394 2738,1394"/>
                <Baseline points="1909,1385 2738,1385"/>
                <TextEquiv>
                    <Unicode>Einschränkung der Diskussionen hat sich als sehr</Unicode>
                </TextEquiv>
                <TextStyle fontFamily="Arial" fontSize="4.5"/>
            </TextLine>
            <TextLine id="tl_309" primaryLanguage="German" custom="readingOrder {index:10;}">
                <Coords points="2733,1395 1905,1395 1905,1428 2733,1428"/>
                <Baseline points="1905,1418 2733,1418"/>
                <TextEquiv>
                    <Unicode>nützlich erwiesen: ein weiterer Abbau wäre zu be¬</Unicode>
                </TextEquiv>
                <TextStyle fontFamily="Arial" fontSize="4.5"/>
            </TextLine>
            <TextLine id="tl_310" primaryLanguage="German" custom="readingOrder {index:11;}">
                <Coords points="2737,1429 1909,1429 1909,1462 2737,1462"/>
                <Baseline points="1909,1452 2737,1452"/>
                <TextEquiv>
                    <Unicode>grüßen, insbesondere in der Richtung einer Ent¬</Unicode>
                </TextEquiv>
                <TextStyle fontFamily="Arial" fontSize="4.5"/>
            </TextLine>
            <TextLine id="tl_311" primaryLanguage="German" custom="readingOrder {index:12;}">
                <Coords points="2738,1463 1910,1463 1910,1497 2738,1497"/>
                <Baseline points="1910,1487 2738,1487"/>
                <TextEquiv>
                    <Unicode>lastung des Motionenmarktes. In der gesetz¬</Unicode>
                </TextEquiv>
            </TextLine>
            <TextLine id="tl_312" primaryLanguage="German" custom="readingOrder {index:13;}">
                <Coords points="2740,1498 1912,1498 1912,1531 2740,1531"/>
                <Baseline points="1912,1521 2740,1521"/>
                <TextEquiv>
                    <Unicode>geberischen Tätigkeit übte der Rat große</Unicode>
                </TextEquiv>
            </TextLine>
            <TextLine id="tl_313" primaryLanguage="German" custom="readingOrder {index:14;}">
                <Coords points="2737,1532 1907,1532 1907,1565 2737,1565"/>
                <Baseline points="1907,1555 2737,1555"/>
                <TextEquiv>
                    <Unicode>Zurückhaltung. Der verspätete Maifrost vom 28. Mai</Unicode>
                </TextEquiv>
                <TextStyle fontFamily="Arial" fontSize="4.5"/>
            </TextLine>
            <TextLine id="tl_314" primaryLanguage="German" custom="readingOrder {index:15;}">
                <Coords points="2737,1566 1909,1566 1909,1601 2737,1601"/>
                <Baseline points="1909,1591 2737,1591"/>
                <TextEquiv>
                    <Unicode>1933, dem das Gesetz über das öffentliche Gesund¬</Unicode>
                </TextEquiv>
                <TextStyle fontFamily="Arial" fontSize="4.5"/>
            </TextLine>
            <TextLine id="tl_315" primaryLanguage="German" custom="readingOrder {index:16;}">
                <Coords points="2741,1602 1912,1602 1912,1635 2741,1635"/>
                <Baseline points="1912,1625 2741,1625"/>
                <TextEquiv>
                    <Unicode>heitswesen, das Gesetz über die Verwaltungsrechts¬</Unicode>
                </TextEquiv>
                <TextStyle fontFamily="Arial" fontSize="4.5"/>
            </TextLine>
            <TextLine id="tl_316" primaryLanguage="German" custom="readingOrder {index:17;}">
                <Coords points="2738,1636 1910,1636 1910,1669 2738,1669"/>
                <Baseline points="1910,1659 2738,1659"/>
                <TextEquiv>
                    <Unicode>pflege sowie das dazu gehörige Verfassungsgesetz zum</Unicode>
                </TextEquiv>
                <TextStyle fontFamily="Arial" fontSize="4.5"/>
            </TextLine>
            <TextLine id="tl_317" primaryLanguage="German" custom="readingOrder {index:18;}">
                <Coords points="2739,1670 1911,1670 1911,1704 2739,1704"/>
                <Baseline points="1911,1695 2739,1695"/>
                <TextEquiv>
                    <Unicode>Opfer fielen, veranlaßte ihn, nur die allernotwendig¬</Unicode>
                </TextEquiv>
                <TextStyle fontFamily="Arial" fontSize="4.5"/>
            </TextLine>
            <TextLine id="tl_318" primaryLanguage="German" custom="readingOrder {index:19;}">
                <Coords points="2738,1705 1907,1705 1907,1737 2738,1737"/>
                <Baseline points="1907,1727 2738,1727"/>
                <TextEquiv>
                    <Unicode>sten Vorlagen in Beratung zu ziehen. Die einzige</Unicode>
                </TextEquiv>
                <TextStyle fontFamily="Arial" fontSize="4.5"/>
            </TextLine>
            <TextLine id="tl_319" primaryLanguage="German" custom="readingOrder {index:20;}">
                <Coords points="2736,1738 1906,1738 1906,1772 2736,1772"/>
                <Baseline points="1906,1762 2736,1762"/>
                <TextEquiv>
                    <Unicode>abstimmungsreif gewordene Vorlage — das Gesetz</Unicode>
                </TextEquiv>
                <TextStyle fontFamily="Arial" fontSize="4.5"/>
            </TextLine>
            <TextLine id="tl_320" primaryLanguage="German" custom="readingOrder {index:21;}">
                <Coords points="2736,1773 1906,1773 1906,1806 2736,1806"/>
                <Baseline points="1906,1796 2736,1796"/>
                <TextEquiv>
                    <Unicode>über die Gebäudeversicherung — wurde vom Volk</Unicode>
                </TextEquiv>
                <TextStyle fontFamily="Arial" fontSize="4.5"/>
            </TextLine>
            <TextLine id="tl_321" primaryLanguage="German" custom="readingOrder {index:22;}">
                <Coords points="2740,1807 1908,1807 1908,1841 2740,1841"/>
                <Baseline points="1908,1831 2740,1831"/>
                <TextEquiv>
                    <Unicode>angeommen. Die übrigen Gesetzesvorlagen, mit</Unicode>
                </TextEquiv>
                <TextStyle fontFamily="Arial" fontSize="4.5"/>
            </TextLine>
            <TextLine id="tl_322" primaryLanguage="German" custom="readingOrder {index:23;}">
                <Coords points="2740,1842 1912,1842 1912,1875 2740,1875"/>
                <Baseline points="1912,1865 2740,1865"/>
                <TextEquiv>
                    <Unicode>denen sich der Rat beschäftigte, wurden durch drin¬</Unicode>
                </TextEquiv>
                <TextStyle fontFamily="Arial" fontSize="4.5"/>
            </TextLine>
            <TextLine id="tl_323" primaryLanguage="German" custom="readingOrder {index:24;}">
                <Coords points="2738,1876 1909,1876 1909,1910 2738,1910"/>
                <Baseline points="1909,1900 2738,1900"/>
                <TextEquiv>
                    <Unicode>gende äußere Umstände veranlaßt, so die heute zur</Unicode>
                </TextEquiv>
                <TextStyle fontFamily="Arial" fontSize="4.5"/>
            </TextLine>
            <TextLine id="tl_324" primaryLanguage="German" custom="readingOrder {index:25;}">
                <Coords points="2738,1911 1907,1911 1907,1944 2738,1944"/>
                <Baseline points="1907,1934 2738,1934"/>
                <TextEquiv>
                    <Unicode>Behandlung gelangende Vorlage über die Aenderung</Unicode>
                </TextEquiv>
                <TextStyle fontFamily="Arial" fontSize="4.5"/>
            </TextLine>
            <TextLine id="tl_325" primaryLanguage="German" custom="readingOrder {index:26;}">
                <Coords points="2739,1945 1911,1945 1911,1978 2739,1978"/>
                <Baseline points="1911,1969 2739,1969"/>
                <TextEquiv>
                    <Unicode>des Gesetzes betreffend die Erbschaftssteuer, die Herab¬</Unicode>
                </TextEquiv>
                <TextStyle fontFamily="Arial" fontSize="4.5"/>
            </TextLine>
            <TextLine id="tl_326" primaryLanguage="German" custom="readingOrder {index:27;}">
                <Coords points="2740,1979 1911,1979 1911,2012 2740,2012"/>
                <Baseline points="1911,2002 2740,2002"/>
                <TextEquiv>
                    <Unicode>setzung der Besoldungen der Lehrer und Geistlichen,</Unicode>
                </TextEquiv>
                <TextStyle fontFamily="Arial" fontSize="4.5"/>
            </TextLine>
            <TextLine id="tl_327" primaryLanguage="German" custom="readingOrder {index:28;}">
                <Coords points="2740,2013 1910,2013 1910,2047 2740,2047"/>
                <Baseline points="1910,2037 2740,2037"/>
                <TextEquiv>
                    <Unicode>das Verfassungsgesetz über die Herabsetzung der Zahl</Unicode>
                </TextEquiv>
                <TextStyle fontFamily="Arial" fontSize="4.5"/>
            </TextLine>
            <TextLine id="tl_328" primaryLanguage="German" custom="readingOrder {index:29;}">
                <Coords points="2741,2048 1911,2048 1911,2081 2741,2081"/>
                <Baseline points="1911,2071 2741,2071"/>
                <TextEquiv>
                    <Unicode>der Mitglieder des Kantonsrates und die Aenderung</Unicode>
                </TextEquiv>
                <TextStyle fontFamily="Arial" fontSize="4.5"/>
            </TextLine>
            <TextLine id="tl_329" primaryLanguage="German" custom="readingOrder {index:30;}">
                <Coords points="2741,2082 1912,2082 1912,2115 2741,2115"/>
                <Baseline points="1912,2105 2741,2105"/>
                <TextEquiv>
                    <Unicode>des Organisationsgesetzes. Eine Reihe von Gesetzes¬</Unicode>
                </TextEquiv>
                <TextStyle fontFamily="Arial" fontSize="4.5"/>
            </TextLine>
            <TextLine id="tl_330" primaryLanguage="German" custom="readingOrder {index:31;}">
                <Coords points="2738,2116 1909,2116 1909,2149 2738,2149"/>
                <Baseline points="1909,2140 2738,2140"/>
                <TextEquiv>
                    <Unicode>vorlagen ist nicht abstimmungsreif, zum Teil zurück</Unicode>
                </TextEquiv>
                <TextStyle fontFamily="Arial" fontSize="4.5"/>
            </TextLine>
            <TextLine id="tl_331" primaryLanguage="German" custom="readingOrder {index:32;}">
                <Coords points="2009,2150 1912,2150 1912,2174 2009,2174"/>
                <Baseline points="1912,2171 2009,2171"/>
                <TextEquiv>
                    <Unicode>gestellt.</Unicode>
                </TextEquiv>
                <TextStyle fontFamily="Arial" fontSize="4.5"/>
            </TextLine>
            <TextEquiv>
                <Unicode>war Gegenstand des Referates Dr. H. Weisflogs,
des Präsidenten der freisinnigen Kantonsratsfraktion.
Damit verband er eine Beleuchtung der kanto¬
nalen Finanzlage, was sich dadurch recht¬
fertigt, daß sich der Katonsrat im vergangenen Ge¬
schäftsjahr ausnahmsweise eingehend mit der Finanz¬
lage des Kantons befaßt hat. Die Revision des
Geschäftsreglements hat mehrfache, wenn
auch nicht tiefgreifende Verbesserungen gebracht. Die
Einschränkung der Diskussionen hat sich als sehr
nützlich erwiesen: ein weiterer Abbau wäre zu be¬
grüßen, insbesondere in der Richtung einer Ent¬
lastung des Motionenmarktes. In der gesetz¬
geberischen Tätigkeit übte der Rat große
Zurückhaltung. Der verspätete Maifrost vom 28. Mai
1933, dem das Gesetz über das öffentliche Gesund¬
heitswesen, das Gesetz über die Verwaltungsrechts¬
pflege sowie das dazu gehörige Verfassungsgesetz zum
Opfer fielen, veranlaßte ihn, nur die allernotwendig¬
sten Vorlagen in Beratung zu ziehen. Die einzige
abstimmungsreif gewordene Vorlage — das Gesetz
über die Gebäudeversicherung — wurde vom Volk
angeommen. Die übrigen Gesetzesvorlagen, mit
denen sich der Rat beschäftigte, wurden durch drin¬
gende äußere Umstände veranlaßt, so die heute zur
Behandlung gelangende Vorlage über die Aenderung
des Gesetzes betreffend die Erbschaftssteuer, die Herab¬
setzung der Besoldungen der Lehrer und Geistlichen,
das Verfassungsgesetz über die Herabsetzung der Zahl
der Mitglieder des Kantonsrates und die Aenderung
des Organisationsgesetzes. Eine Reihe von Gesetzes¬
vorlagen ist nicht abstimmungsreif, zum Teil zurück
gestellt.</Unicode>
            </TextEquiv>
        </TextRegion>
        <TextRegion type="paragraph" id="r_13_2" custom="readingOrder {index:24;}">
            <Coords points="1910,2178 2744,2178 2744,3067 1910,3067"/>
            <TextLine id="tl_332" primaryLanguage="German" custom="readingOrder {index:0;}">
                <Coords points="2741,2188 1963,2185 1963,2217 2741,2220"/>
                <Baseline points="1963,2207 2741,2210"/>
                <TextEquiv>
                    <Unicode>Mit zahlreichen Vorlagen, die fast ausnahmslos</Unicode>
                </TextEquiv>
                <TextStyle fontFamily="Arial" fontSize="4.5"/>
            </TextLine>
            <TextLine id="tl_333" primaryLanguage="German" custom="readingOrder {index:1;}">
                <Coords points="2742,2221 1914,2221 1914,2254 2742,2254"/>
                <Baseline points="1914,2244 2742,2244"/>
                <TextEquiv>
                    <Unicode>mit der Bekämpfung der Arbeitslosigkeit im</Unicode>
                </TextEquiv>
            </TextLine>
            <TextLine id="tl_334" primaryLanguage="German" custom="readingOrder {index:2;}">
                <Coords points="2744,2255 1916,2255 1916,2287 2744,2287"/>
                <Baseline points="1916,2278 2744,2278"/>
                <TextEquiv>
                    <Unicode>Zusammenhang standen, wurden Kredite in erheb¬</Unicode>
                </TextEquiv>
                <TextStyle fontFamily="Arial" fontSize="4.5"/>
            </TextLine>
            <TextLine id="tl_335" primaryLanguage="German" custom="readingOrder {index:3;}">
                <Coords points="2744,2287 1916,2287 1916,2319 2744,2319"/>
                <Baseline points="1916,2308 2744,2308"/>
                <TextEquiv>
                    <Unicode>lichen Beträgen verlangt. Die Staatsrechnung für</Unicode>
                </TextEquiv>
                <TextStyle fontFamily="Arial" fontSize="4.5"/>
            </TextLine>
            <TextLine id="tl_336" primaryLanguage="German" custom="readingOrder {index:4;}">
                <Coords points="2741,2320 1917,2316 1917,2352 2741,2356"/>
                <Baseline points="1917,2342 2741,2346"/>
                <TextEquiv>
                    <Unicode>1932 schloß bei rund 112 Mill. Fr. Einnahmen und</Unicode>
                </TextEquiv>
                <TextStyle fontFamily="Arial" fontSize="4.5"/>
            </TextLine>
            <TextLine id="tl_337" primaryLanguage="German" custom="readingOrder {index:5;}">
                <Coords points="2742,2357 1911,2356 1911,2389 2742,2390"/>
                <Baseline points="1911,2379 2742,2380"/>
                <TextEquiv>
                    <Unicode>rund 114,3 Mill. Fr. Ausgaben mit einem Defizit</Unicode>
                </TextEquiv>
                <TextStyle fontFamily="Arial" fontSize="4.5"/>
            </TextLine>
            <TextLine id="tl_338" primaryLanguage="German" custom="readingOrder {index:6;}">
                <Coords points="2742,2391 1910,2387 1910,2420 2742,2424"/>
                <Baseline points="1910,2411 2742,2415"/>
                <TextEquiv>
                    <Unicode>von rund 2,3 Mill. Fr. nachdem die zehn voran¬</Unicode>
                </TextEquiv>
                <TextStyle fontFamily="Arial" fontSize="4.5"/>
            </TextLine>
            <TextLine id="tl_339" primaryLanguage="German" custom="readingOrder {index:7;}">
                <Coords points="2741,2425 1913,2424 1913,2457 2741,2458"/>
                <Baseline points="1913,2447 2741,2448"/>
                <TextEquiv>
                    <Unicode>gegangenen Jahre jeweils mit kleinen Ueberschüssen</Unicode>
                </TextEquiv>
                <TextStyle fontFamily="Arial" fontSize="4.5"/>
            </TextLine>
            <TextLine id="tl_340" primaryLanguage="German" custom="readingOrder {index:8;}">
                <Coords points="2741,2459 1910,2456 1910,2489 2741,2492"/>
                <Baseline points="1910,2479 2741,2482"/>
                <TextEquiv>
                    <Unicode>abgeschlossen hatten. Der Voranschlag des Regie¬	</Unicode>
                </TextEquiv>
                <TextStyle fontFamily="Arial" fontSize="4.5"/>
            </TextLine>
            <TextLine id="tl_341" primaryLanguage="German" custom="readingOrder {index:9;}">
                <Coords points="2742,2493 1910,2489 1910,2521 2742,2525"/>
                <Baseline points="1910,2512 2742,2516"/>
                <TextEquiv>
                    <Unicode>rungsrates für 1934 sah ein Anwachsen des Defizits</Unicode>
                </TextEquiv>
                <TextStyle fontFamily="Arial" fontSize="4.5"/>
            </TextLine>
            <TextLine id="tl_342" primaryLanguage="German" custom="readingOrder {index:10;}">
                <Coords points="2741,2526 1911,2525 1911,2558 2741,2559"/>
                <Baseline points="1911,2548 2741,2549"/>
                <TextEquiv>
                    <Unicode>für dieses Jahr auf rund 15,5 Mill. Fr. vor. Schon</Unicode>
                </TextEquiv>
                <TextStyle fontFamily="Arial" fontSize="4.5"/>
            </TextLine>
            <TextLine id="tl_343" primaryLanguage="German" custom="readingOrder {index:11;}">
                <Coords points="2741,2560 1914,2557 1914,2591 2741,2594"/>
                <Baseline points="1914,2582 2741,2585"/>
                <TextEquiv>
                    <Unicode>der Voranschlag für 1933 hatte ein Defizit von</Unicode>
                </TextEquiv>
                <TextStyle fontFamily="Arial" fontSize="4.5"/>
            </TextLine>
            <TextLine id="tl_344" primaryLanguage="German" custom="readingOrder {index:12;}">
                <Coords points="2742,2595 1912,2593 1912,2626 2742,2628"/>
                <Baseline points="1912,2616 2742,2618"/>
                <TextEquiv>
                    <Unicode>7 564 900 Fr. vorgesehen. Der Kantonsrat beschloß</Unicode>
                </TextEquiv>
                <TextStyle fontFamily="Arial" fontSize="4.5"/>
            </TextLine>
            <TextLine id="tl_345" primaryLanguage="German" custom="readingOrder {index:13;}">
                <Coords points="2742,2629 1912,2624 1912,2657 2742,2662"/>
                <Baseline points="1912,2647 2742,2652"/>
                <TextEquiv>
                    <Unicode>deshalb auf Antrag der Staatsrechnungsprüfungs¬</Unicode>
                </TextEquiv>
                <TextStyle fontFamily="Arial" fontSize="4.5"/>
            </TextLine>
            <TextLine id="tl_346" primaryLanguage="German" custom="readingOrder {index:14;}">
                <Coords points="2735,2663 1910,2663 1910,2695 2735,2695"/>
                <Baseline points="1910,2686 2735,2686"/>
                <TextEquiv>
                    <Unicode>kommission, den Regierungsrat einzuladen, zu prüfen</Unicode>
                </TextEquiv>
                <TextStyle fontFamily="Arial" fontSize="4.5"/>
            </TextLine>
            <TextLine id="tl_347" primaryLanguage="German" custom="readingOrder {index:15;}">
                <Coords points="2738,2696 1916,2696 1916,2729 2738,2729"/>
                <Baseline points="1916,2718 2738,2718"/>
                <TextEquiv>
                    <Unicode>und Vorsicht einzubringen, wo rasch wirksame Ein¬</Unicode>
                </TextEquiv>
            </TextLine>
            <TextLine id="tl_348" primaryLanguage="German" custom="readingOrder {index:16;}">
                <Coords points="2736,2730 1920,2726 1920,2760 2736,2764"/>
                <Baseline points="1920,2751 2736,2755"/>
                <TextEquiv>
                    <Unicode>sparungen erzielt werden könnten, und die Maß¬</Unicode>
                </TextEquiv>
            </TextLine>
            <TextLine id="tl_349" primaryLanguage="German" custom="readingOrder {index:17;}">
                <Coords points="2740,2765 1911,2765 1911,2797 2740,2797"/>
                <Baseline points="1911,2787 2740,2787"/>
                <TextEquiv>
                    <Unicode>nahmen vorzubereiten, um den Voranschlag 1934,</Unicode>
                </TextEquiv>
                <TextStyle fontFamily="Arial" fontSize="4.5"/>
            </TextLine>
            <TextLine id="tl_350" primaryLanguage="German" custom="readingOrder {index:18;}">
                <Coords points="2742,2798 1918,2795 1918,2827 2742,2830"/>
                <Baseline points="1918,2818 2742,2821"/>
                <TextEquiv>
                    <Unicode>angemessene Amortisationen inbegriffen, ins Gleich¬</Unicode>
                </TextEquiv>
                <TextStyle fontFamily="Arial" fontSize="4.5"/>
            </TextLine>
            <TextLine id="tl_351" primaryLanguage="German" custom="readingOrder {index:19;}">
                <Coords points="2742,2831 1913,2831 1913,2864 2742,2864"/>
                <Baseline points="1913,2854 2742,2854"/>
                <TextEquiv>
                    <Unicode>gewicht zu bringen. Damit hat der Katonsrat dem</Unicode>
                </TextEquiv>
                <TextStyle fontFamily="Arial" fontSize="4.5"/>
            </TextLine>
            <TextLine id="tl_352" primaryLanguage="German" custom="readingOrder {index:20;}">
                <Coords points="2742,2865 1913,2865 1913,2900 2742,2900"/>
                <Baseline points="1913,2890 2742,2890"/>
                <TextEquiv>
                    <Unicode>Regiergsrat eine völlig unlösbare Aufgabe gestellt.</Unicode>
                </TextEquiv>
                <TextStyle fontFamily="Arial" fontSize="4.5"/>
            </TextLine>
            <TextLine id="tl_353" primaryLanguage="German" custom="readingOrder {index:21;}">
                <Coords points="2738,2901 1911,2899 1911,2932 2738,2934"/>
                <Baseline points="1911,2923 2738,2925"/>
                <TextEquiv>
                    <Unicode>Der Voranschlag des Regierungsrates für 1934 zeigt,</Unicode>
                </TextEquiv>
                <TextStyle fontFamily="Arial" fontSize="4.5"/>
            </TextLine>
            <TextLine id="tl_354" primaryLanguage="German" custom="readingOrder {index:22;}">
                <Coords points="2738,2935 1911,2932 1911,2965 2738,2968"/>
                <Baseline points="1911,2955 2738,2958"/>
                <TextEquiv>
                    <Unicode>daß es umöglich war, bei der gegewärtigen Be¬</Unicode>
                </TextEquiv>
                <TextStyle fontFamily="Arial" fontSize="4.5"/>
            </TextLine>
            <TextLine id="tl_355" primaryLanguage="German" custom="readingOrder {index:23;}">
                <Coords points="2742,2969 1910,2966 1910,2998 2742,3001"/>
                <Baseline points="1910,2989 2742,2992"/>
                <TextEquiv>
                    <Unicode>anspruchung der staatlichen Mittel in der gleichen</Unicode>
                </TextEquiv>
                <TextStyle fontFamily="Arial" fontSize="4.5"/>
            </TextLine>
            <TextLine id="tl_356" primaryLanguage="German" custom="readingOrder {index:24;}">
                <Coords points="2741,3002 1911,3002 1911,3035 2741,3035"/>
                <Baseline points="1911,3025 2741,3025"/>
                <TextEquiv>
                    <Unicode>Zeit so viel Einahmen hereinzuholen, daß die</Unicode>
                </TextEquiv>
                <TextStyle fontFamily="Arial" fontSize="4.5"/>
            </TextLine>
            <TextLine id="tl_357" primaryLanguage="German" custom="readingOrder {index:25;}">
                <Coords points="2671,3036 1913,3036 1913,3061 2671,3061"/>
                <Baseline points="1913,3059 2671,3059"/>
                <TextEquiv>
                    <Unicode>Staatsrechnung ohne Defizit abschliessen würde.</Unicode>
                </TextEquiv>
                <TextStyle fontFamily="Arial" fontSize="4.5"/>
            </TextLine>
            <TextEquiv>
                <Unicode>Mit zahlreichen Vorlagen, die fast ausnahmslos
mit der Bekämpfung der Arbeitslosigkeit im
Zusammenhang standen, wurden Kredite in erheb¬
lichen Beträgen verlangt. Die Staatsrechnung für
1932 schloß bei rund 112 Mill. Fr. Einnahmen und
rund 114,3 Mill. Fr. Ausgaben mit einem Defizit
von rund 2,3 Mill. Fr. nachdem die zehn voran¬
gegangenen Jahre jeweils mit kleinen Ueberschüssen
abgeschlossen hatten. Der Voranschlag des Regie¬	
rungsrates für 1934 sah ein Anwachsen des Defizits
für dieses Jahr auf rund 15,5 Mill. Fr. vor. Schon
der Voranschlag für 1933 hatte ein Defizit von
7 564 900 Fr. vorgesehen. Der Kantonsrat beschloß
deshalb auf Antrag der Staatsrechnungsprüfungs¬
kommission, den Regierungsrat einzuladen, zu prüfen
und Vorsicht einzubringen, wo rasch wirksame Ein¬
sparungen erzielt werden könnten, und die Maß¬
nahmen vorzubereiten, um den Voranschlag 1934,
angemessene Amortisationen inbegriffen, ins Gleich¬
gewicht zu bringen. Damit hat der Katonsrat dem
Regiergsrat eine völlig unlösbare Aufgabe gestellt.
Der Voranschlag des Regierungsrates für 1934 zeigt,
daß es umöglich war, bei der gegewärtigen Be¬
anspruchung der staatlichen Mittel in der gleichen
Zeit so viel Einahmen hereinzuholen, daß die
Staatsrechnung ohne Defizit abschliessen würde.</Unicode>
            </TextEquiv>
        </TextRegion>
        <TextRegion type="paragraph" id="r_13_3" custom="readingOrder {index:25;}">
            <Coords points="1907,3056 2745,3056 2745,4004 1907,4004"/>
            <TextLine id="tl_358" primaryLanguage="German" custom="readingOrder {index:0;}">
                <Coords points="2741,3068 1960,3068 1960,3104 2741,3104"/>
                <Baseline points="1960,3093 2741,3093"/>
                <TextEquiv>
                    <Unicode>Als von vornherein ausgeschlossen bezeichnete der</Unicode>
                </TextEquiv>
            </TextLine>
            <TextLine id="tl_359" primaryLanguage="German" custom="readingOrder {index:1;}">
                <Coords points="2745,3105 1908,3102 1908,3137 2745,3140"/>
                <Baseline points="1908,3127 2745,3130"/>
                <TextEquiv>
                    <Unicode>Regierungsrat in seinem Sonderberichte, der eine</Unicode>
                </TextEquiv>
                <TextStyle fontFamily="Arial" fontSize="4.5"/>
            </TextLine>
            <TextLine id="tl_360" primaryLanguage="German" custom="readingOrder {index:2;}">
                <Coords points="2741,3141 1907,3137 1907,3171 2741,3175"/>
                <Baseline points="1907,3161 2741,3165"/>
                <TextEquiv>
                    <Unicode>wahre Fundgrube für Angaben über die Finanz¬</Unicode>
                </TextEquiv>
                <TextStyle fontFamily="Arial" fontSize="4.5"/>
            </TextLine>
            <TextLine id="tl_361" primaryLanguage="German" custom="readingOrder {index:3;}">
                <Coords points="2741,3176 1907,3174 1907,3207 2741,3209"/>
                <Baseline points="1907,3197 2741,3199"/>
                <TextEquiv>
                    <Unicode>gebarung des Kantons Zürich in den letzten zwölf</Unicode>
                </TextEquiv>
                <TextStyle fontFamily="Arial" fontSize="4.5"/>
            </TextLine>
            <TextLine id="tl_362" primaryLanguage="German" custom="readingOrder {index:4;}">
                <Coords points="2738,3210 1907,3208 1907,3242 2738,3244"/>
                <Baseline points="1907,3232 2738,3234"/>
                <TextEquiv>
                    <Unicode>Jahren darstellt, den Gedanken, das gesamte Defizit</Unicode>
                </TextEquiv>
                <TextStyle fontFamily="Arial" fontSize="4.5"/>
            </TextLine>
            <TextLine id="tl_363" primaryLanguage="German" custom="readingOrder {index:5;}">
                <Coords points="2735,3245 1907,3242 1907,3276 2735,3279"/>
                <Baseline points="1907,3266 2735,3269"/>
                <TextEquiv>
                    <Unicode>durch Steuererhöhung zu decken. Die Steuereinnah¬</Unicode>
                </TextEquiv>
                <TextStyle fontFamily="Arial" fontSize="4.5"/>
            </TextLine>
            <TextLine id="tl_364" primaryLanguage="German" custom="readingOrder {index:6;}">
                <Coords points="2740,3280 1907,3277 1907,3311 2740,3314"/>
                <Baseline points="1907,3301 2740,3304"/>
                <TextEquiv>
                    <Unicode>men für das Jahr 1934, bei einem hundertprozentigen</Unicode>
                </TextEquiv>
                <TextStyle fontFamily="Arial" fontSize="4.5"/>
            </TextLine>
            <TextLine id="tl_365" primaryLanguage="German" custom="readingOrder {index:7;}">
                <Coords points="2742,3315 1911,3311 1911,3344 2742,3348"/>
                <Baseline points="1911,3334 2742,3338"/>
                <TextEquiv>
                    <Unicode>Staatssteuerfuß auf 35 Mill. Fr. angeschlagen, hätten</Unicode>
                </TextEquiv>
                <TextStyle fontFamily="Arial" fontSize="4.5"/>
            </TextLine>
            <TextLine id="tl_366" primaryLanguage="German" custom="readingOrder {index:8;}">
                <Coords points="2739,3349 1908,3347 1908,3381 2739,3383"/>
                <Baseline points="1908,3371 2739,3373"/>
                <TextEquiv>
                    <Unicode>zur Deckung des Defizits von 15 Mill. Fr. eine Er¬</Unicode>
                </TextEquiv>
                <TextStyle fontFamily="Arial" fontSize="4.5"/>
            </TextLine>
            <TextLine id="tl_367" primaryLanguage="German" custom="readingOrder {index:9;}">
                <Coords points="2739,3384 1909,3381 1909,3414 2739,3417"/>
                <Baseline points="1909,3404 2739,3407"/>
                <TextEquiv>
                    <Unicode>höhung des Steuerfußes auf 140 bis 150 Prozent er¬</Unicode>
                </TextEquiv>
                <TextStyle fontFamily="Arial" fontSize="4.5"/>
            </TextLine>
            <TextLine id="tl_368" primaryLanguage="German" custom="readingOrder {index:10;}">
                <Coords points="2739,3418 1908,3415 1908,3450 2739,3453"/>
                <Baseline points="1908,3440 2739,3443"/>
                <TextEquiv>
                    <Unicode>fordert. Daß dies nicht möglich war, leuchtet ein.</Unicode>
                </TextEquiv>
                <TextStyle fontFamily="Arial" fontSize="4.5"/>
            </TextLine>
            <TextLine id="tl_369" primaryLanguage="German" custom="readingOrder {index:11;}">
                <Coords points="2739,3454 1907,3451 1907,3485 2739,3488"/>
                <Baseline points="1907,3475 2739,3478"/>
                <TextEquiv>
                    <Unicode>Der Regierungsrat hielt dem Kredit des Kantons</Unicode>
                </TextEquiv>
                <TextStyle fontFamily="Arial" fontSize="4.5"/>
            </TextLine>
            <TextLine id="tl_370" primaryLanguage="German" custom="readingOrder {index:12;}">
                <Coords points="2743,3489 1909,3487 1909,3520 2743,3522"/>
                <Baseline points="1909,3511 2743,3513"/>
                <TextEquiv>
                    <Unicode>durch die vorangegangene sorgfältige Finanzpolitik</Unicode>
                </TextEquiv>
                <TextStyle fontFamily="Arial" fontSize="4.5"/>
            </TextLine>
            <TextLine id="tl_371" primaryLanguage="German" custom="readingOrder {index:13;}">
                <Coords points="2744,3523 1911,3523 1911,3554 2744,3554"/>
                <Baseline points="1911,3544 2744,3544"/>
                <TextEquiv>
                    <Unicode>während der letzten Jahre für derart gefestigt, daß er</Unicode>
                </TextEquiv>
                <TextStyle fontFamily="Arial" fontSize="4.5"/>
            </TextLine>
            <TextLine id="tl_372" primaryLanguage="German" custom="readingOrder {index:14;}">
                <Coords points="2742,3555 1911,3555 1911,3590 2742,3590"/>
                <Baseline points="1911,3580 2742,3580"/>
                <TextEquiv>
                    <Unicode>glaubte, bei der Frage der Deckung des Defizits von</Unicode>
                </TextEquiv>
                <TextStyle fontFamily="Arial" fontSize="4.5"/>
            </TextLine>
            <TextLine id="tl_373" primaryLanguage="German" custom="readingOrder {index:15;}">
                <Coords points="2742,3591 1911,3591 1911,3625 2742,3625"/>
                <Baseline points="1911,3615 2742,3615"/>
                <TextEquiv>
                    <Unicode>einer Erhöhung der Staatssteuer Umgang nehmen zu</Unicode>
                </TextEquiv>
                <TextStyle fontFamily="Arial" fontSize="4.5"/>
            </TextLine>
            <TextLine id="tl_374" primaryLanguage="German" custom="readingOrder {index:16;}">
                <Coords points="2742,3626 1911,3626 1911,3661 2742,3661"/>
                <Baseline points="1911,3651 2742,3651"/>
                <TextEquiv>
                    <Unicode>dürfen. Zur Deckung des Defizits sah er dagegen ver¬</Unicode>
                </TextEquiv>
                <TextStyle fontFamily="Arial" fontSize="4.5"/>
            </TextLine>
            <TextLine id="tl_375" primaryLanguage="German" custom="readingOrder {index:17;}">
                <Coords points="2745,3662 1914,3662 1914,3694 2745,3694"/>
                <Baseline points="1914,3685 2745,3685"/>
                <TextEquiv>
                    <Unicode>schiedene Maßnahmen vor, in erster Linie einem Be¬ </Unicode>
                </TextEquiv>
                <TextStyle fontFamily="Arial" fontSize="4.5"/>
            </TextLine>
            <TextLine id="tl_376" primaryLanguage="German" custom="readingOrder {index:18;}">
                <Coords points="2742,3695 1912,3695 1912,3728 2742,3728"/>
                <Baseline points="1912,3718 2742,3718"/>
                <TextEquiv>
                    <Unicode>soldungsabbau. Dabei ging er von einem ein¬</Unicode>
                </TextEquiv>
            </TextLine>
            <TextLine id="tl_377" primaryLanguage="German" custom="readingOrder {index:19;}">
                <Coords points="2737,3729 1907,3729 1907,3764 2737,3764"/>
                <Baseline points="1907,3754 2737,3754"/>
                <TextEquiv>
                    <Unicode>heitlich fünf Prozent betragenden Abbau auf allen</Unicode>
                </TextEquiv>
                <TextStyle fontFamily="Arial" fontSize="4.5"/>
            </TextLine>
            <TextLine id="tl_378" primaryLanguage="German" custom="readingOrder {index:20;}">
                <Coords points="2742,3765 1913,3763 1913,3797 2742,3799"/>
                <Baseline points="1913,3788 2742,3790"/>
                <TextEquiv>
                    <Unicode>Gehaltsbezügen aus, soweit diese Bezüge bei Ledigen</Unicode>
                </TextEquiv>
                <TextStyle fontFamily="Arial" fontSize="4.5"/>
            </TextLine>
            <TextLine id="tl_379" primaryLanguage="German" custom="readingOrder {index:21;}">
                <Coords points="2743,3800 1911,3800 1911,3833 2743,3833"/>
                <Baseline points="1911,3823 2743,3823"/>
                <TextEquiv>
                    <Unicode>ohne Unterstützungspflicht 3000 Fr. und bei Verhei¬</Unicode>
                </TextEquiv>
                <TextStyle fontFamily="Arial" fontSize="4.5"/>
            </TextLine>
            <TextLine id="tl_380" primaryLanguage="German" custom="readingOrder {index:22;}">
                <Coords points="2741,3834 1910,3834 1910,3868 2741,3868"/>
                <Baseline points="1910,3858 2741,3858"/>
                <TextEquiv>
                    <Unicode>rateten sowie Ledigen mit Unterstützungspflicht, mit</Unicode>
                </TextEquiv>
                <TextStyle fontFamily="Arial" fontSize="4.5"/>
            </TextLine>
            <TextLine id="tl_381" primaryLanguage="German" custom="readingOrder {index:23;}">
                <Coords points="2742,3869 1911,3869 1911,3902 2742,3902"/>
                <Baseline points="1911,3892 2742,3892"/>
                <TextEquiv>
                    <Unicode>Einschluß eines allfälligen Einkommens der Ehefrau</Unicode>
                </TextEquiv>
                <TextStyle fontFamily="Arial" fontSize="4.5"/>
            </TextLine>
            <TextLine id="tl_382" primaryLanguage="German" custom="readingOrder {index:24;}">
                <Coords points="2743,3903 1912,3903 1912,3937 2743,3937"/>
                <Baseline points="1912,3927 2743,3927"/>
                <TextEquiv>
                    <Unicode>oder der Unterstützten, 4000 Fr. übersteigt. Er rech¬</Unicode>
                </TextEquiv>
                <TextStyle fontFamily="Arial" fontSize="4.5"/>
            </TextLine>
            <TextLine id="tl_383" primaryLanguage="German" custom="readingOrder {index:25;}">
                <Coords points="2743,3938 1913,3938 1913,3972 2743,3972"/>
                <Baseline points="1913,3962 2743,3962"/>
                <TextEquiv>
                    <Unicode>ete aus, daß damit eine Ersparnis von rund 1,65</Unicode>
                </TextEquiv>
                <TextStyle fontFamily="Arial" fontSize="4.5"/>
            </TextLine>
            <TextLine id="tl_384" primaryLanguage="German" custom="readingOrder {index:26;}">
                <Coords points="2298,3973 1910,3973 1910,3999 2298,3999"/>
                <Baseline points="1910,3997 2298,3997"/>
                <TextEquiv>
                    <Unicode>Mill. Fr. zu erzielen sei.</Unicode>
                </TextEquiv>
                <TextStyle fontFamily="Arial" fontSize="4.5"/>
            </TextLine>
            <TextEquiv>
                <Unicode>Als von vornherein ausgeschlossen bezeichnete der
Regierungsrat in seinem Sonderberichte, der eine
wahre Fundgrube für Angaben über die Finanz¬
gebarung des Kantons Zürich in den letzten zwölf
Jahren darstellt, den Gedanken, das gesamte Defizit
durch Steuererhöhung zu decken. Die Steuereinnah¬
men für das Jahr 1934, bei einem hundertprozentigen
Staatssteuerfuß auf 35 Mill. Fr. angeschlagen, hätten
zur Deckung des Defizits von 15 Mill. Fr. eine Er¬
höhung des Steuerfußes auf 140 bis 150 Prozent er¬
fordert. Daß dies nicht möglich war, leuchtet ein.
Der Regierungsrat hielt dem Kredit des Kantons
durch die vorangegangene sorgfältige Finanzpolitik
während der letzten Jahre für derart gefestigt, daß er
glaubte, bei der Frage der Deckung des Defizits von
einer Erhöhung der Staatssteuer Umgang nehmen zu
dürfen. Zur Deckung des Defizits sah er dagegen ver¬
schiedene Maßnahmen vor, in erster Linie einem Be¬ 
soldungsabbau. Dabei ging er von einem ein¬
heitlich fünf Prozent betragenden Abbau auf allen
Gehaltsbezügen aus, soweit diese Bezüge bei Ledigen
ohne Unterstützungspflicht 3000 Fr. und bei Verhei¬
rateten sowie Ledigen mit Unterstützungspflicht, mit
Einschluß eines allfälligen Einkommens der Ehefrau
oder der Unterstützten, 4000 Fr. übersteigt. Er rech¬
ete aus, daß damit eine Ersparnis von rund 1,65
Mill. Fr. zu erzielen sei.</Unicode>
            </TextEquiv>
        </TextRegion>
        <TextRegion type="paragraph" id="TextRegion_1534333670983_2" custom="readingOrder {index:26;}">
            <Coords points="1906,4001 2746,4001 2746,4944 2745,5285 1907,5285 1906,4944"/>
            <TextLine id="tl_385" primaryLanguage="German" custom="readingOrder {index:0;}">
                <Coords points="2743,4011 1959,4011 1959,4041 2743,4041"/>
                <Baseline points="1959,4032 2743,4032"/>
                <TextEquiv>
                    <Unicode>Durch eine Aenderung des kantonalen Auto¬</Unicode>
                </TextEquiv>
            </TextLine>
            <TextLine id="tl_386" primaryLanguage="German" custom="readingOrder {index:1;}">
                <Coords points="2744,4042 1908,4042 1908,4075 2744,4075"/>
                <Baseline points="1908,4065 2744,4065"/>
                <TextEquiv>
                    <Unicode>mobilgesetzes mit Bezug auf die Verteilung der</Unicode>
                </TextEquiv>
                <TextStyle fontFamily="Arial" fontSize="4.5"/>
            </TextLine>
            <TextLine id="tl_387" primaryLanguage="German" custom="readingOrder {index:2;}">
                <Coords points="2744,4076 1908,4076 1908,4110 2744,4110"/>
                <Baseline points="1908,4100 2744,4100"/>
                <TextEquiv>
                    <Unicode>Gebühren für Motorfahrzeuge und Fahrräder ge¬</Unicode>
                </TextEquiv>
                <TextStyle fontFamily="Arial" fontSize="4.5"/>
            </TextLine>
            <TextLine id="tl_388" primaryLanguage="German" custom="readingOrder {index:3;}">
                <Coords points="2744,4111 1910,4111 1910,4146 2744,4146"/>
                <Baseline points="1910,4136 2744,4136"/>
                <TextEquiv>
                    <Unicode>dachte der Regierungsrat eine Mehreinnahme von</Unicode>
                </TextEquiv>
                <TextStyle fontFamily="Arial" fontSize="4.5"/>
            </TextLine>
            <TextLine id="tl_389" primaryLanguage="German" custom="readingOrder {index:4;}">
                <Coords points="2746,4147 1910,4147 1910,4180 2746,4180"/>
                <Baseline points="1910,4170 2746,4170"/>
                <TextEquiv>
                    <Unicode>etwa einer Million Franken zu erhalten. Eine Ab¬</Unicode>
                </TextEquiv>
                <TextStyle fontFamily="Arial" fontSize="4.5"/>
            </TextLine>
            <TextLine id="tl_390" primaryLanguage="German" custom="readingOrder {index:5;}">
                <Coords points="2744,4181 1908,4181 1908,4216 2744,4216"/>
                <Baseline points="1908,4206 2744,4206"/>
                <TextEquiv>
                    <Unicode>änderung des Erbschaftssteuergesetzes durch</Unicode>
                </TextEquiv>
                <TextStyle fontFamily="Arial" fontSize="4.5"/>
            </TextLine>
            <TextLine id="tl_391" primaryLanguage="German" custom="readingOrder {index:6;}">
                <Coords points="2746,4217 1909,4217 1909,4250 2746,4250"/>
                <Baseline points="1909,4240 2746,4240"/>
                <TextEquiv>
                    <Unicode>Verdoppelung gewisser Positionen sollte eine Mehr¬</Unicode>
                </TextEquiv>
                <TextStyle fontFamily="Arial" fontSize="4.5"/>
            </TextLine>
            <TextLine id="tl_392" primaryLanguage="German" custom="readingOrder {index:7;}">
                <Coords points="2746,4251 1909,4251 1909,4285 2746,4285"/>
                <Baseline points="1909,4275 2746,4275"/>
                <TextEquiv>
                    <Unicode>einnahme von 500 000 Fr. und die Einführung einer</Unicode>
                </TextEquiv>
                <TextStyle fontFamily="Arial" fontSize="4.5"/>
            </TextLine>
            <TextLine id="tl_393" primaryLanguage="German" custom="readingOrder {index:8;}">
                <Coords points="2745,4286 1908,4286 1908,4319 2745,4319"/>
                <Baseline points="1908,4309 2745,4309"/>
                <TextEquiv>
                    <Unicode>Billettsteuer annähernd eine Million Franken</Unicode>
                </TextEquiv>
                <TextStyle fontFamily="Arial" fontSize="4.5"/>
            </TextLine>
            <TextLine id="tl_394" primaryLanguage="German" custom="readingOrder {index:9;}">
                <Coords points="2746,4320 1911,4320 1911,4354 2746,4354"/>
                <Baseline points="1911,4344 2746,4344"/>
                <TextEquiv>
                    <Unicode>ergeben. In diesem Sinne legte die Regierung dem</Unicode>
                </TextEquiv>
                <TextStyle fontFamily="Arial" fontSize="4.5"/>
            </TextLine>
            <TextLine id="tl_395" primaryLanguage="German" custom="readingOrder {index:10;}">
                <Coords points="2744,4355 1907,4355 1907,4388 2744,4388"/>
                <Baseline points="1907,4378 2744,4378"/>
                <TextEquiv>
                    <Unicode>Kantonsrat fünf Anträge für Beschlüße bezw. Gesetze</Unicode>
                </TextEquiv>
                <TextStyle fontFamily="Arial" fontSize="4.5"/>
            </TextLine>
            <TextLine id="tl_396" primaryLanguage="German" custom="readingOrder {index:11;}">
                <Coords points="2745,4389 1908,4389 1908,4422 2745,4422"/>
                <Baseline points="1908,4412 2745,4412"/>
                <TextEquiv>
                    <Unicode>vor. Soweit durch die erwähnten Mehreinnahmen</Unicode>
                </TextEquiv>
                <TextStyle fontFamily="Arial" fontSize="4.5"/>
            </TextLine>
            <TextLine id="tl_397" primaryLanguage="German" custom="readingOrder {index:12;}">
                <Coords points="2746,4423 1911,4423 1911,4456 2746,4456"/>
                <Baseline points="1911,4446 2746,4446"/>
                <TextEquiv>
                    <Unicode>und Minderausgaben das Defizit nicht gedeckt werden</Unicode>
                </TextEquiv>
                <TextStyle fontFamily="Arial" fontSize="4.5"/>
            </TextLine>
            <TextLine id="tl_398" primaryLanguage="German" custom="readingOrder {index:13;}">
                <Coords points="2746,4457 1911,4457 1911,4490 2746,4490"/>
                <Baseline points="1911,4480 2746,4480"/>
                <TextEquiv>
                    <Unicode>könnte, schlug der Regierungsrat die Schaffung der</Unicode>
                </TextEquiv>
                <TextStyle fontFamily="Arial" fontSize="4.5"/>
            </TextLine>
            <TextLine id="tl_399" primaryLanguage="German" custom="readingOrder {index:14;}">
                <Coords points="2746,4491 1912,4491 1912,4526 2746,4526"/>
                <Baseline points="1912,4516 2746,4516"/>
                <TextEquiv>
                    <Unicode>bereits erwähnten Amortisationskontos für die Defi¬</Unicode>
                </TextEquiv>
                <TextStyle fontFamily="Arial" fontSize="4.5"/>
            </TextLine>
            <TextLine id="tl_400" primaryLanguage="German" custom="readingOrder {index:15;}">
                <Coords points="2741,4527 1906,4527 1906,4561 2741,4561"/>
                <Baseline points="1906,4551 2741,4551"/>
                <TextEquiv>
                    <Unicode>zite der Krisenjahre vor. Dieser Vorschlag des Regie¬</Unicode>
                </TextEquiv>
                <TextStyle fontFamily="Arial" fontSize="4.5"/>
            </TextLine>
            <TextLine id="tl_401" primaryLanguage="German" custom="readingOrder {index:16;}">
                <Coords points="2744,4562 1908,4562 1908,4595 2744,4595"/>
                <Baseline points="1908,4585 2744,4585"/>
                <TextEquiv>
                    <Unicode>rungsrates erwies sich jedoch als nicht durchführbar,</Unicode>
                </TextEquiv>
                <TextStyle fontFamily="Arial" fontSize="4.5"/>
            </TextLine>
            <TextLine id="tl_402" primaryLanguage="German" custom="readingOrder {index:17;}">
                <Coords points="2746,4596 1911,4596 1911,4629 2746,4629"/>
                <Baseline points="1911,4619 2746,4619"/>
                <TextEquiv>
                    <Unicode>nicht sowohl aus finanztechnischen als vielmehr aus</Unicode>
                </TextEquiv>
                <TextStyle fontFamily="Arial" fontSize="4.5"/>
            </TextLine>
            <TextLine id="tl_403" primaryLanguage="German" custom="readingOrder {index:18;}">
                <Coords points="2743,4630 1907,4630 1907,4664 2743,4664"/>
                <Baseline points="1907,4654 2743,4654"/>
                <TextEquiv>
                    <Unicode>politischen Gründen. Bald zeigte sich nämlich im</Unicode>
                </TextEquiv>
                <TextStyle fontFamily="Arial" fontSize="4.5"/>
            </TextLine>
            <TextLine id="tl_404" primaryLanguage="German" custom="readingOrder {index:19;}">
                <Coords points="2744,4665 1910,4665 1910,4699 2744,4699"/>
                <Baseline points="1910,4689 2744,4689"/>
                <TextEquiv>
                    <Unicode>Rate, daß für einen Besoldungsabbau ohne gleich¬</Unicode>
                </TextEquiv>
                <TextStyle fontFamily="Arial" fontSize="4.5"/>
            </TextLine>
            <TextLine id="tl_405" primaryLanguage="German" custom="readingOrder {index:20;}">
                <Coords points="2746,4700 1912,4700 1912,4732 2746,4732"/>
                <Baseline points="1912,4723 2746,4723"/>
                <TextEquiv>
                    <Unicode>zeitige Steuererhöhung keine Mehrheit zu er¬</Unicode>
                </TextEquiv>
            </TextLine>
            <TextLine id="tl_406" primaryLanguage="German" custom="readingOrder {index:21;}">
                <Coords points="2745,4733 1911,4733 1911,4766 2745,4766"/>
                <Baseline points="1911,4756 2745,4756"/>
                <TextEquiv>
                    <Unicode>halten war. Die Linke, ein Teil der Christlichsozialen,</Unicode>
                </TextEquiv>
                <TextStyle fontFamily="Arial" fontSize="4.5"/>
            </TextLine>
            <TextLine id="tl_407" primaryLanguage="German" custom="readingOrder {index:22;}">
                <Coords points="2743,4767 1907,4767 1907,4802 2743,4802"/>
                <Baseline points="1907,4792 2743,4792"/>
                <TextEquiv>
                    <Unicode>Demokraten und Bauern bildeten eine geschlossene</Unicode>
                </TextEquiv>
                <TextStyle fontFamily="Arial" fontSize="4.5"/>
            </TextLine>
            <TextLine id="tl_408" primaryLanguage="German" custom="readingOrder {index:23;}">
                <Coords points="2745,4803 1909,4803 1909,4836 2745,4836"/>
                <Baseline points="1909,4826 2745,4826"/>
                <TextEquiv>
                    <Unicode>Mehrheit gegen eine derartige Finanzpolitik. Aber</Unicode>
                </TextEquiv>
                <TextStyle fontFamily="Arial" fontSize="4.5"/>
            </TextLine>
            <TextLine id="tl_409" primaryLanguage="German" custom="readingOrder {index:24;}">
                <Coords points="2745,4837 1911,4837 1911,4871 2745,4871"/>
                <Baseline points="1911,4861 2745,4861"/>
                <TextEquiv>
                    <Unicode>auch auf freisinniger Seite befriedigte sie nicht durch¬</Unicode>
                </TextEquiv>
                <TextStyle fontFamily="Arial" fontSize="4.5"/>
            </TextLine>
            <TextLine id="tl_410" primaryLanguage="German" custom="readingOrder {index:25;}">
                <Coords points="2745,4872 1910,4872 1910,4905 2745,4905"/>
                <Baseline points="1910,4895 2745,4895"/>
                <TextEquiv>
                    <Unicode>weg. Man befürchtete, durch Anhäufung dieser Defi¬</Unicode>
                </TextEquiv>
                <TextStyle fontFamily="Arial" fontSize="4.5"/>
            </TextLine>
            <TextLine id="tl_411" primaryLanguage="German" custom="readingOrder {index:26;}">
                <Coords points="2744,4906 1909,4906 1909,4940 2744,4940"/>
                <Baseline points="1909,4930 2744,4930"/>
                <TextEquiv>
                    <Unicode>zite in eine Schuldenwirtschaft hineinzugeraten, die</Unicode>
                </TextEquiv>
                <TextStyle fontFamily="Arial" fontSize="4.5"/>
            </TextLine>
            <TextLine id="tl_412" primaryLanguage="German" custom="readingOrder {index:27;}">
                <Coords points="2742,4941 1907,4941 1907,4975 2742,4975"/>
                <Baseline points="1907,4966 2742,4966"/>
                <TextEquiv>
                    <Unicode>dem Kredit des Kantons gefährlich werden könnte. So </Unicode>
                </TextEquiv>
                <TextStyle fontFamily="Arial" fontSize="4.5"/>
            </TextLine>
            <TextLine id="tl_413" primaryLanguage="German" custom="readingOrder {index:28;}">
                <Coords points="2746,4976 1915,4976 1915,5009 2746,5009"/>
                <Baseline points="1915,4999 2746,4999"/>
                <TextEquiv>
                    <Unicode>stellte sich denn die freisinnige Fraktion mit einem</Unicode>
                </TextEquiv>
                <TextStyle fontFamily="Arial" fontSize="4.5"/>
            </TextLine>
            <TextLine id="tl_414" primaryLanguage="German" custom="readingOrder {index:29;}">
                <Coords points="2742,5010 1912,5010 1912,5045 2742,5045"/>
                <Baseline points="1912,5035 2742,5035"/>
                <TextEquiv>
                    <Unicode>ans Heldenhafte grenzenden Mute schließlich mehr¬</Unicode>
                </TextEquiv>
                <TextStyle fontFamily="Arial" fontSize="4.5"/>
            </TextLine>
            <TextLine id="tl_415" primaryLanguage="German" custom="readingOrder {index:30;}">
                <Coords points="2741,5046 1911,5046 1911,5079 2741,5079"/>
                <Baseline points="1911,5070 2741,5070"/>
                <TextEquiv>
                    <Unicode>heitlich ebenfalls auf die Annahme einer Steuer¬</Unicode>
                </TextEquiv>
                <TextStyle fontFamily="Arial" fontSize="4.5"/>
            </TextLine>
            <TextLine id="tl_416" primaryLanguage="German" custom="readingOrder {index:31;}">
                <Coords points="2745,5080 1911,5080 1911,5113 2745,5113"/>
                <Baseline points="1911,5103 2745,5103"/>
                <TextEquiv>
                    <Unicode>erhöhung um, immerhin unter der Bedingung, daß</Unicode>
                </TextEquiv>
                <TextStyle fontFamily="Arial" fontSize="4.5"/>
            </TextLine>
            <TextLine id="tl_417" primaryLanguage="German" custom="readingOrder {index:32;}">
                <Coords points="2746,5114 1912,5114 1912,5148 2746,5148"/>
                <Baseline points="1912,5138 2746,5138"/>
                <TextEquiv>
                    <Unicode>gleichzeitig der Lohnabbau im Sinne der Vorlage des</Unicode>
                </TextEquiv>
                <TextStyle fontFamily="Arial" fontSize="4.5"/>
            </TextLine>
            <TextLine id="tl_418" primaryLanguage="German" custom="readingOrder {index:33;}">
                <Coords points="2746,5149 1913,5149 1913,5183 2746,5183"/>
                <Baseline points="1913,5174 2746,5174"/>
                <TextEquiv>
                    <Unicode>Regierungsrates durchgeführt werde. Die aus der Er¬</Unicode>
                </TextEquiv>
                <TextStyle fontFamily="Arial" fontSize="4.5"/>
            </TextLine>
            <TextLine id="tl_419" primaryLanguage="German" custom="readingOrder {index:34;}">
                <Coords points="2744,5184 1909,5184 1909,5217 2744,5217"/>
                <Baseline points="1909,5207 2744,5207"/>
                <TextEquiv>
                    <Unicode>höhung des Steuerfußes um 1 Prozent entspringen¬</Unicode>
                </TextEquiv>
                <TextStyle fontFamily="Arial" fontSize="4.5"/>
            </TextLine>
            <TextLine id="tl_420" primaryLanguage="German" custom="readingOrder {index:35;}">
                <Coords points="2745,5218 1910,5218 1910,5251 2745,5251"/>
                <Baseline points="1910,5242 2745,5242"/>
                <TextEquiv>
                    <Unicode>de Mehreinnahmen werden vom Regierungsrat auf</Unicode>
                </TextEquiv>
                <TextStyle fontFamily="Arial" fontSize="4.5"/>
            </TextLine>
            <TextLine id="tl_421" primaryLanguage="German" custom="readingOrder {index:36;}">
                <Coords points="2328,5252 1911,5252 1911,5278 2328,5278"/>
                <Baseline points="1911,5275 2328,5275"/>
                <TextEquiv>
                    <Unicode>3,5 Mill. Fr. angeschlagen.</Unicode>
                </TextEquiv>
                <TextStyle fontFamily="Arial" fontSize="4.5"/>
            </TextLine>
            <TextEquiv>
                <Unicode>Durch eine Aenderung des kantonalen Auto¬
mobilgesetzes mit Bezug auf die Verteilung der
Gebühren für Motorfahrzeuge und Fahrräder ge¬
dachte der Regierungsrat eine Mehreinnahme von
etwa einer Million Franken zu erhalten. Eine Ab¬
änderung des Erbschaftssteuergesetzes durch
Verdoppelung gewisser Positionen sollte eine Mehr¬
einnahme von 500 000 Fr. und die Einführung einer
Billettsteuer annähernd eine Million Franken
ergeben. In diesem Sinne legte die Regierung dem
Kantonsrat fünf Anträge für Beschlüße bezw. Gesetze
vor. Soweit durch die erwähnten Mehreinnahmen
und Minderausgaben das Defizit nicht gedeckt werden
könnte, schlug der Regierungsrat die Schaffung der
bereits erwähnten Amortisationskontos für die Defi¬
zite der Krisenjahre vor. Dieser Vorschlag des Regie¬
rungsrates erwies sich jedoch als nicht durchführbar,
nicht sowohl aus finanztechnischen als vielmehr aus
politischen Gründen. Bald zeigte sich nämlich im
Rate, daß für einen Besoldungsabbau ohne gleich¬
zeitige Steuererhöhung keine Mehrheit zu er¬
halten war. Die Linke, ein Teil der Christlichsozialen,
Demokraten und Bauern bildeten eine geschlossene
Mehrheit gegen eine derartige Finanzpolitik. Aber
auch auf freisinniger Seite befriedigte sie nicht durch¬
weg. Man befürchtete, durch Anhäufung dieser Defi¬
zite in eine Schuldenwirtschaft hineinzugeraten, die
dem Kredit des Kantons gefährlich werden könnte. So 
stellte sich denn die freisinnige Fraktion mit einem
ans Heldenhafte grenzenden Mute schließlich mehr¬
heitlich ebenfalls auf die Annahme einer Steuer¬
erhöhung um, immerhin unter der Bedingung, daß
gleichzeitig der Lohnabbau im Sinne der Vorlage des
Regierungsrates durchgeführt werde. Die aus der Er¬
höhung des Steuerfußes um 1 Prozent entspringen¬
de Mehreinnahmen werden vom Regierungsrat auf
3,5 Mill. Fr. angeschlagen.</Unicode>
            </TextEquiv>
        </TextRegion>
        <TextRegion type="paragraph" id="r_15_2" custom="readingOrder {index:27;}">
            <Coords points="1914,5279 2744,5279 2744,5356 1914,5356"/>
            <TextLine id="tl_422" primaryLanguage="German" custom="readingOrder {index:0;}">
                <Coords points="2742,5289 1961,5287 1961,5320 2742,5322"/>
                <Baseline points="1961,5310 2742,5312"/>
                <TextEquiv>
                    <Unicode>Da der Kantonsrat rechtskräftige Beschlüsse nur</Unicode>
                </TextEquiv>
                <TextStyle fontFamily="Arial" fontSize="4.5"/>
            </TextLine>
            <TextLine id="tl_423" primaryLanguage="German" custom="readingOrder {index:1;}">
                <Coords points="2743,5323 1914,5319 1914,5346 2743,5350"/>
                <Baseline points="1914,5343 2743,5347"/>
                <TextEquiv>
                    <Unicode>insoweit fassen konnte, als er zur Festsetzung der Be¬</Unicode>
                </TextEquiv>
                <TextStyle fontFamily="Arial" fontSize="4.5"/>
            </TextLine>
            <TextEquiv>
                <Unicode>Da der Kantonsrat rechtskräftige Beschlüsse nur
insoweit fassen konnte, als er zur Festsetzung der Be¬</Unicode>
            </TextEquiv>
        </TextRegion>
        <TextRegion type="paragraph" id="r_16_1" custom="readingOrder {index:28;}">
            <Coords points="2769,391 3605,391 3605,787 2769,787"/>
            <TextLine id="tl_424" primaryLanguage="German" custom="readingOrder {index:0;}">
                <Coords points="3604,399 2769,402 2769,436 3604,433"/>
                <Baseline points="2769,425 3604,422"/>
                <TextEquiv>
                    <Unicode>soldungen zuständig ist, muß der Besoldungsabbau für</Unicode>
                </TextEquiv>
                <TextStyle fontFamily="Arial" fontSize="4.5"/>
            </TextLine>
            <TextLine id="tl_425" primaryLanguage="German" custom="readingOrder {index:1;}">
                <Coords points="3601,432 2770,437 2770,471 3601,466"/>
                <Baseline points="2770,462 3601,457"/>
                <TextEquiv>
                    <Unicode>die Lehrer der Volksschule und der Geistlichen</Unicode>
                </TextEquiv>
            </TextLine>
            <TextLine id="tl_426" primaryLanguage="German" custom="readingOrder {index:2;}">
                <Coords points="3605,468 2771,472 2771,505 3605,501"/>
                <Baseline points="2771,495 3605,491"/>
                <TextEquiv>
                    <Unicode>vor das Volk gebracht werden, da diese Besoldungen</Unicode>
                </TextEquiv>
                <TextStyle fontFamily="Arial" fontSize="4.5"/>
            </TextLine>
            <TextLine id="tl_427" primaryLanguage="German" custom="readingOrder {index:3;}">
                <Coords points="3605,504 2772,506 2772,539 3605,537"/>
                <Baseline points="2772,529 3605,527"/>
                <TextEquiv>
                    <Unicode>durch ein Gesetz geregelt sind. Aus diesem Grunde</Unicode>
                </TextEquiv>
            </TextLine>
            <TextLine id="tl_428" primaryLanguage="German" custom="readingOrder {index:4;}">
                <Coords points="3603,535 2773,540 2773,575 3603,570"/>
                <Baseline points="2773,564 3603,559"/>
                <TextEquiv>
                    <Unicode>hat sich das Volk in der Juli-Abstimmung zu diesem</Unicode>
                </TextEquiv>
                <TextStyle fontFamily="Arial" fontSize="4.5"/>
            </TextLine>
            <TextLine id="tl_429" primaryLanguage="German" custom="readingOrder {index:5;}">
                <Coords points="3602,568 2769,576 2769,610 3602,602"/>
                <Baseline points="2769,601 3602,593"/>
                <TextEquiv>
                    <Unicode>Teil des Besoldungsabbaues auszusprechen. Wird diese</Unicode>
                </TextEquiv>
                <TextStyle fontFamily="Arial" fontSize="4.5"/>
            </TextLine>
            <TextLine id="tl_430" primaryLanguage="German" custom="readingOrder {index:6;}">
                <Coords points="3605,607 2772,611 2772,643 3605,639"/>
                <Baseline points="2772,633 3605,629"/>
                <TextEquiv>
                    <Unicode>Vorlage vom Volke angenommen, so wird der bezüg¬</Unicode>
                </TextEquiv>
                <TextStyle fontFamily="Arial" fontSize="4.5"/>
            </TextLine>
            <TextLine id="tl_431" primaryLanguage="German" custom="readingOrder {index:7;}">
                <Coords points="3605,642 2773,644 2773,678 3605,676"/>
                <Baseline points="2773,668 3605,666"/>
                <TextEquiv>
                    <Unicode>liche Besoldungsabbau in Verbindung mit demjenigen</Unicode>
                </TextEquiv>
                <TextStyle fontFamily="Arial" fontSize="4.5"/>
            </TextLine>
            <TextLine id="tl_432" primaryLanguage="German" custom="readingOrder {index:8;}">
                <Coords points="3605,678 2772,679 2772,713 3605,712"/>
                <Baseline points="2772,703 3605,702"/>
                <TextEquiv>
                    <Unicode>der übrigen staatlichen Funktionäre nach neuesten Be¬</Unicode>
                </TextEquiv>
                <TextStyle fontFamily="Arial" fontSize="4.5"/>
            </TextLine>
            <TextLine id="tl_433" primaryLanguage="German" custom="readingOrder {index:9;}">
                <Coords points="3603,711 2773,714 2773,748 3603,745"/>
                <Baseline points="2773,737 3603,734"/>
                <TextEquiv>
                    <Unicode>rechnungen des Regierungsrates eine Minderausgabe</Unicode>
                </TextEquiv>
                <TextStyle fontFamily="Arial" fontSize="4.5"/>
            </TextLine>
            <TextLine id="tl_434" primaryLanguage="German" custom="readingOrder {index:10;}">
                <Coords points="3332,749 2773,749 2773,778 3332,778"/>
                <Baseline points="2773,774 3332,774"/>
                <TextEquiv>
                    <Unicode>von jährlich 1,71 Mill. Fr. ergeben.</Unicode>
                </TextEquiv>
                <TextStyle fontFamily="Arial" fontSize="4.5"/>
            </TextLine>
            <TextEquiv>
                <Unicode>soldungen zuständig ist, muß der Besoldungsabbau für
die Lehrer der Volksschule und der Geistlichen
vor das Volk gebracht werden, da diese Besoldungen
durch ein Gesetz geregelt sind. Aus diesem Grunde
hat sich das Volk in der Juli-Abstimmung zu diesem
Teil des Besoldungsabbaues auszusprechen. Wird diese
Vorlage vom Volke angenommen, so wird der bezüg¬
liche Besoldungsabbau in Verbindung mit demjenigen
der übrigen staatlichen Funktionäre nach neuesten Be¬
rechnungen des Regierungsrates eine Minderausgabe
von jährlich 1,71 Mill. Fr. ergeben.</Unicode>
            </TextEquiv>
        </TextRegion>
        <TextRegion type="paragraph" id="r_16_2" custom="readingOrder {index:29;}">
            <Coords points="2769,775 3606,775 3606,1133 2769,1133"/>
            <TextLine id="tl_435" primaryLanguage="German" custom="readingOrder {index:0;}">
                <Coords points="3606,783 2822,785 2822,818 3606,816"/>
                <Baseline points="2822,808 3606,806"/>
                <TextEquiv>
                    <Unicode>Die regierungsrätliche Vorlage über die Abände¬</Unicode>
                </TextEquiv>
                <TextStyle fontFamily="Arial" fontSize="4.5"/>
            </TextLine>
            <TextLine id="tl_436" primaryLanguage="German" custom="readingOrder {index:1;}">
                <Coords points="3605,816 2772,819 2772,854 3605,851"/>
                <Baseline points="2772,844 3605,841"/>
                <TextEquiv>
                    <Unicode>rung des kantonalen Automobilgesetzes wurde</Unicode>
                </TextEquiv>
            </TextLine>
            <TextLine id="tl_437" primaryLanguage="German" custom="readingOrder {index:2;}">
                <Coords points="3606,853 2772,855 2772,888 3606,886"/>
                <Baseline points="2772,878 3606,876"/>
                <TextEquiv>
                    <Unicode>im Kantonsrat ebenfalls nicht unverändert angenom¬</Unicode>
                </TextEquiv>
                <TextStyle fontFamily="Arial" fontSize="4.5"/>
            </TextLine>
            <TextLine id="tl_438" primaryLanguage="German" custom="readingOrder {index:3;}">
                <Coords points="3605,886 2770,889 2770,924 3605,921"/>
                <Baseline points="2770,914 3605,911"/>
                <TextEquiv>
                    <Unicode>men. Der Widerstand der im jetzigen Gesetze schein¬</Unicode>
                </TextEquiv>
                <TextStyle fontFamily="Arial" fontSize="4.5"/>
            </TextLine>
            <TextLine id="tl_439" primaryLanguage="German" custom="readingOrder {index:4;}">
                <Coords points="3606,923 2772,925 2772,959 3606,957"/>
                <Baseline points="2772,949 3606,947"/>
                <TextEquiv>
                    <Unicode>bar privilegierten Städte Zürich und Winterthur</Unicode>
                </TextEquiv>
                <TextStyle fontFamily="Arial" fontSize="4.5"/>
            </TextLine>
            <TextLine id="tl_440" primaryLanguage="German" custom="readingOrder {index:5;}">
                <Coords points="3606,958 2773,960 2773,994 3606,992"/>
                <Baseline points="2773,984 3606,982"/>
                <TextEquiv>
                    <Unicode>nötigte zu einem Kompromiß, der dem Staate statt</Unicode>
                </TextEquiv>
                <TextStyle fontFamily="Arial" fontSize="4.5"/>
            </TextLine>
            <TextLine id="tl_441" primaryLanguage="German" custom="readingOrder {index:6;}">
                <Coords points="3604,993 2772,995 2772,1029 3604,1027"/>
                <Baseline points="2772,1019 3604,1017"/>
                <TextEquiv>
                    <Unicode>der erhofften Million nur  760 000 Fr. einbringen</Unicode>
                </TextEquiv>
                <TextStyle fontFamily="Arial" fontSize="4.5"/>
            </TextLine>
            <TextLine id="tl_442" primaryLanguage="German" custom="readingOrder {index:7;}">
                <Coords points="3605,1030 2770,1030 2770,1064 3605,1064"/>
                <Baseline points="2770,1054 3605,1054"/>
                <TextEquiv>
                    <Unicode>wird. Die Aenderung des der Erbschaftssteuer¬</Unicode>
                </TextEquiv>
                <TextStyle fontFamily="Arial" fontSize="4.5"/>
            </TextLine>
            <TextLine id="tl_443" primaryLanguage="German" custom="readingOrder {index:8;}">
                <Coords points="3606,1064 2772,1065 2772,1100 3606,1099"/>
                <Baseline points="2772,1090 3606,1089"/>
                <TextEquiv>
                    <Unicode>gesetzes soll alsdann eine Mehreinnahme von einer</Unicode>
                </TextEquiv>
            </TextLine>
            <TextLine id="tl_444" primaryLanguage="German" custom="readingOrder {index:9;}">
                <Coords points="3284,1101 2772,1101 2772,1128 3284,1128"/>
                <Baseline points="2772,1126 3284,1126"/>
                <TextEquiv>
                    <Unicode>halben Million Franken ergeben.</Unicode>
                </TextEquiv>
                <TextStyle fontFamily="Arial" fontSize="4.5"/>
            </TextLine>
            <TextEquiv>
                <Unicode>Die regierungsrätliche Vorlage über die Abände¬
rung des kantonalen Automobilgesetzes wurde
im Kantonsrat ebenfalls nicht unverändert angenom¬
men. Der Widerstand der im jetzigen Gesetze schein¬
bar privilegierten Städte Zürich und Winterthur
nötigte zu einem Kompromiß, der dem Staate statt
der erhofften Million nur  760 000 Fr. einbringen
wird. Die Aenderung des der Erbschaftssteuer¬
gesetzes soll alsdann eine Mehreinnahme von einer
halben Million Franken ergeben.</Unicode>
            </TextEquiv>
        </TextRegion>
        <TextRegion type="paragraph" id="r_16_3" custom="readingOrder {index:30;}">
            <Coords points="2771,1128 3609,1128 3609,1488 2771,1488"/>
            <TextLine id="tl_445" primaryLanguage="German" custom="readingOrder {index:0;}">
                <Coords points="3608,1138 2823,1138 2823,1169 3608,1169"/>
                <Baseline points="2823,1159 3608,1159"/>
                <TextEquiv>
                    <Unicode>Die Staatsrechnungsprüfungskommission ging je¬</Unicode>
                </TextEquiv>
                <TextStyle fontFamily="Arial" fontSize="4.5"/>
            </TextLine>
            <TextLine id="tl_446" primaryLanguage="German" custom="readingOrder {index:1;}">
                <Coords points="3607,1170 2773,1170 2773,1205 3607,1205"/>
                <Baseline points="2773,1195 3607,1195"/>
                <TextEquiv>
                    <Unicode>doch noch weiter. Sie suchte Ersparnisse dadurch zu</Unicode>
                </TextEquiv>
                <TextStyle fontFamily="Arial" fontSize="4.5"/>
            </TextLine>
            <TextLine id="tl_447" primaryLanguage="German" custom="readingOrder {index:2;}">
                <Coords points="3607,1206 2772,1206 2772,1241 3607,1241"/>
                <Baseline points="2772,1231 3607,1231"/>
                <TextEquiv>
                    <Unicode>erreichen, daß die Zahl der Mitglieder des</Unicode>
                </TextEquiv>
            </TextLine>
            <TextLine id="tl_448" primaryLanguage="German" custom="readingOrder {index:3;}">
                <Coords points="3607,1242 2773,1242 2773,1276 3607,1276"/>
                <Baseline points="2773,1266 3607,1266"/>
                <TextEquiv>
                    <Unicode>Kantonsrates auf 180 (heute 220) und das</Unicode>
                </TextEquiv>
            </TextLine>
            <TextLine id="tl_449" primaryLanguage="German" custom="readingOrder {index:4;}">
                <Coords points="3609,1275 2773,1277 2773,1311 3609,1309"/>
                <Baseline points="2773,1301 3609,1299"/>
                <TextEquiv>
                    <Unicode>Taggeld von 10 auf 8 Fr. herabgesetzt werden sollen.</Unicode>
                </TextEquiv>
                <TextStyle fontFamily="Arial" fontSize="4.5"/>
            </TextLine>
            <TextLine id="tl_450" primaryLanguage="German" custom="readingOrder {index:5;}">
                <Coords points="3609,1311 2773,1312 2773,1347 3609,1346"/>
                <Baseline points="2773,1337 3609,1336"/>
                <TextEquiv>
                    <Unicode>Die Minderausgaben aus diesen Reduktionen werden</Unicode>
                </TextEquiv>
                <TextStyle fontFamily="Arial" fontSize="4.5"/>
            </TextLine>
            <TextLine id="tl_451" primaryLanguage="German" custom="readingOrder {index:6;}">
                <Coords points="3609,1345 2774,1348 2774,1384 3609,1381"/>
                <Baseline points="2774,1373 3609,1370"/>
                <TextEquiv>
                    <Unicode>nicht erheblich sein. Die bezüglichen Anträge haben</Unicode>
                </TextEquiv>
                <TextStyle fontFamily="Arial" fontSize="4.5"/>
            </TextLine>
            <TextLine id="tl_452" primaryLanguage="German" custom="readingOrder {index:7;}">
                <Coords points="3608,1382 2774,1385 2774,1420 3608,1417"/>
                <Baseline points="2774,1410 3608,1407"/>
                <TextEquiv>
                    <Unicode>denn auch mehr moralische Bedeutung, in dem Sinne</Unicode>
                </TextEquiv>
                <TextStyle fontFamily="Arial" fontSize="4.5"/>
            </TextLine>
            <TextLine id="tl_453" primaryLanguage="German" custom="readingOrder {index:8;}">
                <Coords points="3608,1419 2777,1421 2777,1454 3608,1452"/>
                <Baseline points="2777,1444 3608,1442"/>
                <TextEquiv>
                    <Unicode>daß der Rat dem Volke zeigen will, daß er auch sei¬</Unicode>
                </TextEquiv>
                <TextStyle fontFamily="Arial" fontSize="4.5"/>
            </TextLine>
            <TextLine id="tl_454" primaryLanguage="German" custom="readingOrder {index:9;}">
                <Coords points="3248,1455 2776,1455 2776,1482 3248,1482"/>
                <Baseline points="2776,1480 3248,1480"/>
                <TextEquiv>
                    <Unicode>nerseits zu Opfern bereit ist.</Unicode>
                </TextEquiv>
                <TextStyle fontFamily="Arial" fontSize="4.5"/>
            </TextLine>
            <TextEquiv>
                <Unicode>Die Staatsrechnungsprüfungskommission ging je¬
doch noch weiter. Sie suchte Ersparnisse dadurch zu
erreichen, daß die Zahl der Mitglieder des
Kantonsrates auf 180 (heute 220) und das
Taggeld von 10 auf 8 Fr. herabgesetzt werden sollen.
Die Minderausgaben aus diesen Reduktionen werden
nicht erheblich sein. Die bezüglichen Anträge haben
denn auch mehr moralische Bedeutung, in dem Sinne
daß der Rat dem Volke zeigen will, daß er auch sei¬
nerseits zu Opfern bereit ist.</Unicode>
            </TextEquiv>
        </TextRegion>
        <TextRegion type="paragraph" id="r_16_4" custom="readingOrder {index:31;}">
            <Coords points="2773,1483 3612,1483 3612,2021 2773,2021"/>
            <TextLine id="tl_455" primaryLanguage="German" custom="readingOrder {index:0;}">
                <Coords points="3606,1490 2826,1493 2826,1525 3606,1522"/>
                <Baseline points="2826,1515 3606,1512"/>
                <TextEquiv>
                    <Unicode>Diese Mehreinnahmen und Minderausgaben ver¬</Unicode>
                </TextEquiv>
                <TextStyle fontFamily="Arial" fontSize="4.5"/>
            </TextLine>
            <TextLine id="tl_456" primaryLanguage="German" custom="readingOrder {index:1;}">
                <Coords points="3607,1521 2775,1526 2775,1561 3607,1556"/>
                <Baseline points="2775,1551 3607,1546"/>
                <TextEquiv>
                    <Unicode>mögen freilich das Defizit noch lange nicht zu decken.</Unicode>
                </TextEquiv>
                <TextStyle fontFamily="Arial" fontSize="4.5"/>
            </TextLine>
            <TextLine id="tl_457" primaryLanguage="German" custom="readingOrder {index:2;}">
                <Coords points="3609,1560 2774,1562 2774,1596 3609,1594"/>
                <Baseline points="2774,1585 3609,1583"/>
                <TextEquiv>
                    <Unicode>Die Staaterechnungprüfungskommission stellt des¬</Unicode>
                </TextEquiv>
                <TextStyle fontFamily="Arial" fontSize="4.5"/>
            </TextLine>
            <TextLine id="tl_458" primaryLanguage="German" custom="readingOrder {index:3;}">
                <Coords points="3608,1595 2774,1597 2774,1632 3608,1630"/>
                <Baseline points="2774,1622 3608,1620"/>
                <TextEquiv>
                    <Unicode>halb den Antrag, den Regierungsrat einzuladen, dem</Unicode>
                </TextEquiv>
                <TextStyle fontFamily="Arial" fontSize="4.5"/>
            </TextLine>
            <TextLine id="tl_459" primaryLanguage="German" custom="readingOrder {index:4;}">
                <Coords points="3608,1630 2776,1633 2776,1668 3608,1665"/>
                <Baseline points="2776,1657 3608,1654"/>
                <TextEquiv>
                    <Unicode>Kantonsrat ein Programm über Maßnahmen</Unicode>
                </TextEquiv>
            </TextLine>
            <TextLine id="tl_460" primaryLanguage="German" custom="readingOrder {index:5;}">
                <Coords points="3611,1665 2775,1669 2775,1704 3611,1700"/>
                <Baseline points="2775,1694 3611,1690"/>
                <TextEquiv>
                    <Unicode>zur Verbesserung der Finanzlage des</Unicode>
                </TextEquiv>
            </TextLine>
            <TextLine id="tl_461" primaryLanguage="German" custom="readingOrder {index:6;}">
                <Coords points="3607,1702 2776,1705 2776,1738 3607,1735"/>
                <Baseline points="2776,1728 3607,1725"/>
                <TextEquiv>
                    <Unicode>Staates einzubringen. Die Regierung ist dem An¬</Unicode>
                </TextEquiv>
                <TextStyle fontFamily="Arial" fontSize="4.5"/>
            </TextLine>
            <TextLine id="tl_462" primaryLanguage="German" custom="readingOrder {index:7;}">
                <Coords points="3607,1739 2776,1739 2776,1773 3607,1773"/>
                <Baseline points="2776,1763 3607,1763"/>
                <TextEquiv>
                    <Unicode>trag durch Vorlage eines vom 4. Juni 1934 datierten</Unicode>
                </TextEquiv>
                <TextStyle fontFamily="Arial" fontSize="4.5"/>
            </TextLine>
            <TextLine id="tl_463" primaryLanguage="German" custom="readingOrder {index:8;}">
                <Coords points="3611,1772 2775,1774 2775,1809 3611,1807"/>
                <Baseline points="2775,1798 3611,1796"/>
                <TextEquiv>
                    <Unicode>Berichtes nachgekommen. Dieser Bericht beruht auf</Unicode>
                </TextEquiv>
                <TextStyle fontFamily="Arial" fontSize="4.5"/>
            </TextLine>
            <TextLine id="tl_464" primaryLanguage="German" custom="readingOrder {index:9;}">
                <Coords points="3612,1806 2776,1810 2776,1845 3612,1841"/>
                <Baseline points="2776,1835 3612,1831"/>
                <TextEquiv>
                    <Unicode>einer sehr sorgfältigen Prüfung einer jeden Möglich¬</Unicode>
                </TextEquiv>
                <TextStyle fontFamily="Arial" fontSize="4.5"/>
            </TextLine>
            <TextLine id="tl_465" primaryLanguage="German" custom="readingOrder {index:10;}">
                <Coords points="3611,1844 2777,1846 2777,1880 3611,1878"/>
                <Baseline points="2777,1870 3611,1868"/>
                <TextEquiv>
                    <Unicode>keit, die Einahme zu erhöhen und die Ausgaben</Unicode>
                </TextEquiv>
                <TextStyle fontFamily="Arial" fontSize="4.5"/>
            </TextLine>
            <TextLine id="tl_466" primaryLanguage="German" custom="readingOrder {index:11;}">
                <Coords points="3612,1879 2776,1881 2776,1916 3612,1914"/>
                <Baseline points="2776,1906 3612,1904"/>
                <TextEquiv>
                    <Unicode>herabzusetzen. (Da die „N. Z. Z." den Inhalt dieser</Unicode>
                </TextEquiv>
                <TextStyle fontFamily="Arial" fontSize="4.5"/>
            </TextLine>
            <TextLine id="tl_467" primaryLanguage="German" custom="readingOrder {index:12;}">
                <Coords points="3612,1914 2776,1917 2776,1951 3612,1948"/>
                <Baseline points="2776,1941 3612,1938"/>
                <TextEquiv>
                    <Unicode>Botschaft bereits eingehend besprochen hat, verzichten</Unicode>
                </TextEquiv>
                <TextStyle fontFamily="Arial" fontSize="4.5"/>
            </TextLine>
            <TextLine id="tl_468" primaryLanguage="German" custom="readingOrder {index:13;}">
                <Coords points="3612,1952 2777,1952 2777,1986 3612,1986"/>
                <Baseline points="2777,1975 3612,1975"/>
                <TextEquiv>
                    <Unicode>wir hier auf die Wiedergabe der betreffendem Aus¬</Unicode>
                </TextEquiv>
                <TextStyle fontFamily="Arial" fontSize="4.5"/>
            </TextLine>
            <TextLine id="tl_469" primaryLanguage="German" custom="readingOrder {index:14;}">
                <Coords points="3190,1987 2777,1987 2777,2015 3190,2015"/>
                <Baseline points="2777,2013 3190,2013"/>
                <TextEquiv>
                    <Unicode>führungen Dr. Weisflogs.)</Unicode>
                </TextEquiv>
                <TextStyle fontFamily="Arial" fontSize="4.5"/>
            </TextLine>
            <TextEquiv>
                <Unicode>Diese Mehreinnahmen und Minderausgaben ver¬
mögen freilich das Defizit noch lange nicht zu decken.
Die Staaterechnungprüfungskommission stellt des¬
halb den Antrag, den Regierungsrat einzuladen, dem
Kantonsrat ein Programm über Maßnahmen
zur Verbesserung der Finanzlage des
Staates einzubringen. Die Regierung ist dem An¬
trag durch Vorlage eines vom 4. Juni 1934 datierten
Berichtes nachgekommen. Dieser Bericht beruht auf
einer sehr sorgfältigen Prüfung einer jeden Möglich¬
keit, die Einahme zu erhöhen und die Ausgaben
herabzusetzen. (Da die „N. Z. Z." den Inhalt dieser
Botschaft bereits eingehend besprochen hat, verzichten
wir hier auf die Wiedergabe der betreffendem Aus¬
führungen Dr. Weisflogs.)</Unicode>
            </TextEquiv>
        </TextRegion>
        <TextRegion type="paragraph" id="r_16_5" custom="readingOrder {index:32;}">
            <Coords points="2778,2015 3612,2015 3612,2473 2778,2473"/>
            <TextLine id="tl_470" primaryLanguage="German" custom="readingOrder {index:0;}">
                <Coords points="3612,2022 2830,2025 2830,2057 3612,2054"/>
                <Baseline points="2830,2047 3612,2044"/>
                <TextEquiv>
                    <Unicode>Der Referent schloß mit dem Hinweis darauf, daß</Unicode>
                </TextEquiv>
                <TextStyle fontFamily="Arial" fontSize="4.5"/>
            </TextLine>
            <TextLine id="tl_471" primaryLanguage="German" custom="readingOrder {index:1;}">
                <Coords points="3610,2058 2779,2058 2779,2092 3610,2092"/>
                <Baseline points="2779,2082 3610,2082"/>
                <TextEquiv>
                    <Unicode>Regierungsrat und Kantonsrat entschlossen sind, alles</Unicode>
                </TextEquiv>
                <TextStyle fontFamily="Arial" fontSize="4.5"/>
            </TextLine>
            <TextLine id="tl_472" primaryLanguage="German" custom="readingOrder {index:2;}">
                <Coords points="3610,2093 2779,2093 2779,2127 3610,2127"/>
                <Baseline points="2779,2117 3610,2117"/>
                <TextEquiv>
                    <Unicode>zu tun, um durch eine sorgfältige Finanzgebarung</Unicode>
                </TextEquiv>
                <TextStyle fontFamily="Arial" fontSize="4.5"/>
            </TextLine>
            <TextLine id="tl_473" primaryLanguage="German" custom="readingOrder {index:3;}">
                <Coords points="3612,2125 2781,2128 2781,2162 3612,2159"/>
                <Baseline points="2781,2152 3612,2149"/>
                <TextEquiv>
                    <Unicode>den guten Ruf des Kantons Zürich aufrecht zu erhal¬</Unicode>
                </TextEquiv>
                <TextStyle fontFamily="Arial" fontSize="4.5"/>
            </TextLine>
            <TextLine id="tl_474" primaryLanguage="German" custom="readingOrder {index:4;}">
                <Coords points="3610,2163 2781,2163 2781,2197 3610,2197"/>
                <Baseline points="2781,2187 3610,2187"/>
                <TextEquiv>
                    <Unicode>ten. In der Tat kann unter der Voraussetzung, daß</Unicode>
                </TextEquiv>
                <TextStyle fontFamily="Arial" fontSize="4.5"/>
            </TextLine>
            <TextLine id="tl_475" primaryLanguage="German" custom="readingOrder {index:5;}">
                <Coords points="3612,2196 2781,2198 2781,2231 3612,2229"/>
                <Baseline points="2781,2221 3612,2219"/>
                <TextEquiv>
                    <Unicode>das Volk mit Kantonsrat und Regierung zuammen¬</Unicode>
                </TextEquiv>
                <TextStyle fontFamily="Arial" fontSize="4.5"/>
            </TextLine>
            <TextLine id="tl_476" primaryLanguage="German" custom="readingOrder {index:6;}">
                <Coords points="3612,2230 2779,2232 2779,2267 3612,2265"/>
                <Baseline points="2779,2257 3612,2255"/>
                <TextEquiv>
                    <Unicode>arbeitet und die ihm unterbreiteten Vorlagen an¬</Unicode>
                </TextEquiv>
                <TextStyle fontFamily="Arial" fontSize="4.5"/>
            </TextLine>
            <TextLine id="tl_477" primaryLanguage="German" custom="readingOrder {index:7;}">
                <Coords points="3611,2267 2781,2268 2781,2301 3611,2300"/>
                <Baseline points="2781,2291 3611,2290"/>
                <TextEquiv>
                    <Unicode>nimmt, gesagt werden, daß die Finanzlage des Kan¬</Unicode>
                </TextEquiv>
                <TextStyle fontFamily="Arial" fontSize="4.5"/>
            </TextLine>
            <TextLine id="tl_478" primaryLanguage="German" custom="readingOrder {index:8;}">
                <Coords points="3611,2302 2781,2302 2781,2336 3611,2336"/>
                <Baseline points="2781,2326 3611,2326"/>
                <TextEquiv>
                    <Unicode>tons Zürich eine durchaus geordnete ist. Und wenn das</Unicode>
                </TextEquiv>
                <TextStyle fontFamily="Arial" fontSize="4.5"/>
            </TextLine>
            <TextLine id="tl_479" primaryLanguage="German" custom="readingOrder {index:9;}">
                <Coords points="3611,2337 2782,2337 2782,2371 3611,2371"/>
                <Baseline points="2782,2361 3611,2361"/>
                <TextEquiv>
                    <Unicode>Zürcher Volk den Anträgen für die Sanierung unse¬</Unicode>
                </TextEquiv>
                <TextStyle fontFamily="Arial" fontSize="4.5"/>
            </TextLine>
            <TextLine id="tl_480" primaryLanguage="German" custom="readingOrder {index:10;}">
                <Coords points="3609,2372 2782,2372 2782,2405 3609,2405"/>
                <Baseline points="2782,2395 3609,2395"/>
                <TextEquiv>
                    <Unicode>rer Finanzen zustimmt, was zuversichtlich zu hoffen</Unicode>
                </TextEquiv>
                <TextStyle fontFamily="Arial" fontSize="4.5"/>
            </TextLine>
            <TextLine id="tl_481" primaryLanguage="German" custom="readingOrder {index:11;}">
                <Coords points="3610,2406 2781,2406 2781,2441 3610,2441"/>
                <Baseline points="2781,2431 3610,2431"/>
                <TextEquiv>
                    <Unicode>ist, dann zeigt es sich in ausgesprochener Weise als ein</Unicode>
                </TextEquiv>
                <TextStyle fontFamily="Arial" fontSize="4.5"/>
            </TextLine>
            <TextLine id="tl_482" primaryLanguage="German" custom="readingOrder {index:12;}">
                <Coords points="3560,2442 2780,2442 2780,2468 3560,2468"/>
                <Baseline points="2780,2466 3560,2466"/>
                <TextEquiv>
                    <Unicode>Volk, das weiß, was es seinem Staate schuldig ist.</Unicode>
                </TextEquiv>
                <TextStyle fontFamily="Arial" fontSize="4.5"/>
            </TextLine>
            <TextEquiv>
                <Unicode>Der Referent schloß mit dem Hinweis darauf, daß
Regierungsrat und Kantonsrat entschlossen sind, alles
zu tun, um durch eine sorgfältige Finanzgebarung
den guten Ruf des Kantons Zürich aufrecht zu erhal¬
ten. In der Tat kann unter der Voraussetzung, daß
das Volk mit Kantonsrat und Regierung zuammen¬
arbeitet und die ihm unterbreiteten Vorlagen an¬
nimmt, gesagt werden, daß die Finanzlage des Kan¬
tons Zürich eine durchaus geordnete ist. Und wenn das
Zürcher Volk den Anträgen für die Sanierung unse¬
rer Finanzen zustimmt, was zuversichtlich zu hoffen
ist, dann zeigt es sich in ausgesprochener Weise als ein
Volk, das weiß, was es seinem Staate schuldig ist.</Unicode>
            </TextEquiv>
        </TextRegion>
        <TextRegion type="paragraph" id="r_16_6" custom="readingOrder {index:33;}">
            <Coords points="2779,2469 3611,2469 3611,2648 2779,2648"/>
            <TextLine id="tl_483" primaryLanguage="German" custom="readingOrder {index:0;}">
                <Coords points="3610,2479 2832,2479 2832,2510 3610,2510"/>
                <Baseline points="2832,2500 3610,2500"/>
                <TextEquiv>
                    <Unicode>Lauter Beifall lohnte den Redner, der es ver¬</Unicode>
                </TextEquiv>
            </TextLine>
            <TextLine id="tl_484" primaryLanguage="German" custom="readingOrder {index:1;}">
                <Coords points="3610,2511 2782,2511 2782,2545 3610,2545"/>
                <Baseline points="2782,2535 3610,2535"/>
                <TextEquiv>
                    <Unicode>standen hatte, seine Ausführungenn die eigentlich ein</Unicode>
                </TextEquiv>
                <TextStyle fontFamily="Arial" fontSize="4.5"/>
            </TextLine>
            <TextLine id="tl_485" primaryLanguage="German" custom="readingOrder {index:2;}">
                <Coords points="3610,2546 2782,2546 2782,2580 3610,2580"/>
                <Baseline points="2782,2570 3610,2570"/>
                <TextEquiv>
                    <Unicode>trockenes Thema behandelten, durch reizvolle Bemer¬</Unicode>
                </TextEquiv>
                <TextStyle fontFamily="Arial" fontSize="4.5"/>
            </TextLine>
            <TextLine id="tl_486" primaryLanguage="German" custom="readingOrder {index:3;}">
                <Coords points="3609,2581 2781,2581 2781,2615 3609,2615"/>
                <Baseline points="2781,2605 3609,2605"/>
                <TextEquiv>
                    <Unicode>kungen kritischer Art und durch seinen temperament¬</Unicode>
                </TextEquiv>
                <TextStyle fontFamily="Arial" fontSize="4.5"/>
            </TextLine>
            <TextLine id="tl_487" primaryLanguage="German" custom="readingOrder {index:4;}">
                <Coords points="3563,2616 2780,2616 2780,2642 3563,2642"/>
                <Baseline points="2780,2640 3563,2640"/>
                <TextEquiv>
                    <Unicode>vollen Vortrag interessant und fesselnd zu gestalten.</Unicode>
                </TextEquiv>
                <TextStyle fontFamily="Arial" fontSize="4.5"/>
            </TextLine>
            <TextEquiv>
                <Unicode>Lauter Beifall lohnte den Redner, der es ver¬
standen hatte, seine Ausführungenn die eigentlich ein
trockenes Thema behandelten, durch reizvolle Bemer¬
kungen kritischer Art und durch seinen temperament¬
vollen Vortrag interessant und fesselnd zu gestalten.</Unicode>
            </TextEquiv>
        </TextRegion>
        <TextRegion type="paragraph" id="r_16_7" custom="readingOrder {index:34;}">
            <Coords points="2779,2644 3612,2644 3612,2893 2779,2893"/>
            <TextLine id="tl_488" primaryLanguage="German" custom="readingOrder {index:0;}">
                <Coords points="3609,2654 2833,2654 2833,2685 3609,2685"/>
                <Baseline points="2833,2675 3609,2675"/>
                <TextEquiv>
                    <Unicode>Dem Dank an den Referenten fügte Präsident</Unicode>
                </TextEquiv>
                <TextStyle fontFamily="Arial" fontSize="4.5"/>
            </TextLine>
            <TextLine id="tl_489" primaryLanguage="German" custom="readingOrder {index:1;}">
                <Coords points="3611,2686 2780,2686 2780,2720 3611,2720"/>
                <Baseline points="2780,2710 3611,2710"/>
                <TextEquiv>
                    <Unicode>Gut Worte der Anerkennung gegenüber der freisinni¬</Unicode>
                </TextEquiv>
                <TextStyle fontFamily="Arial" fontSize="4.5"/>
            </TextLine>
            <TextLine id="tl_490" primaryLanguage="German" custom="readingOrder {index:2;}">
                <Coords points="3611,2721 2781,2721 2781,2755 3611,2755"/>
                <Baseline points="2781,2745 3611,2745"/>
                <TextEquiv>
                    <Unicode>gen Fraktion des Kantonsrates bei, deren Mit¬</Unicode>
                </TextEquiv>
            </TextLine>
            <TextLine id="tl_491" primaryLanguage="German" custom="readingOrder {index:3;}">
                <Coords points="3611,2756 2782,2756 2782,2790 3611,2790"/>
                <Baseline points="2782,2780 3611,2780"/>
                <TextEquiv>
                    <Unicode>glieder sich bei der Beratung der wichtigen Geschäfte</Unicode>
                </TextEquiv>
                <TextStyle fontFamily="Arial" fontSize="4.5"/>
            </TextLine>
            <TextLine id="tl_492" primaryLanguage="German" custom="readingOrder {index:4;}">
                <Coords points="3610,2791 2781,2791 2781,2824 3610,2824"/>
                <Baseline points="2781,2814 3610,2814"/>
                <TextEquiv>
                    <Unicode>von der Sorge für den Staatshaushalt haben leiten</Unicode>
                </TextEquiv>
                <TextStyle fontFamily="Arial" fontSize="4.5"/>
            </TextLine>
            <TextLine id="tl_493" primaryLanguage="German" custom="readingOrder {index:5;}">
                <Coords points="3609,2825 2783,2825 2783,2860 3609,2860"/>
                <Baseline points="2783,2849 3609,2849"/>
                <TextEquiv>
                    <Unicode>lassen und auch vor Opfern im Interesse des Staats¬</Unicode>
                </TextEquiv>
                <TextStyle fontFamily="Arial" fontSize="4.5"/>
            </TextLine>
            <TextLine id="tl_494" primaryLanguage="German" custom="readingOrder {index:6;}">
                <Coords points="3192,2861 2781,2861 2781,2888 3192,2888"/>
                <Baseline points="2781,2886 3192,2886"/>
                <TextEquiv>
                    <Unicode>wohl nicht zurückschreckten.</Unicode>
                </TextEquiv>
                <TextStyle fontFamily="Arial" fontSize="4.5"/>
            </TextLine>
            <TextEquiv>
                <Unicode>Dem Dank an den Referenten fügte Präsident
Gut Worte der Anerkennung gegenüber der freisinni¬
gen Fraktion des Kantonsrates bei, deren Mit¬
glieder sich bei der Beratung der wichtigen Geschäfte
von der Sorge für den Staatshaushalt haben leiten
lassen und auch vor Opfern im Interesse des Staats¬
wohl nicht zurückschreckten.</Unicode>
            </TextEquiv>
        </TextRegion>
        <TextRegion type="paragraph" id="r_17_1" custom="readingOrder {index:35;}">
            <Coords points="2774,2936 3612,2936 3612,3083 2774,3083"/>
            <TextLine id="tl_495" primaryLanguage="German" custom="readingOrder {index:0;}">
                <Coords points="3611,2946 2814,2946 2814,2979 3611,2979"/>
                <Baseline points="2814,2969 3611,2969"/>
                <TextEquiv>
                    <Unicode>Der Parteitag empfiehlt den Stimmberechtigten die</Unicode>
                </TextEquiv>
                <TextStyle fontFamily="Arial" fontSize="4.5"/>
            </TextLine>
            <TextLine id="tl_496" primaryLanguage="German" custom="readingOrder {index:1;}">
                <Coords points="3610,2980 2775,2980 2775,3013 3610,3013"/>
                <Baseline points="2775,3003 3610,3003"/>
                <TextEquiv>
                    <Unicode>Annahme der fünf Abstimmungsvorlagen.</Unicode>
                </TextEquiv>
                <TextStyle fontFamily="Arial" fontSize="4.5"/>
            </TextLine>
            <TextLine id="tl_497" primaryLanguage="German" custom="readingOrder {index:2;}">
                <Coords points="3610,3012 2780,3014 2780,3049 3610,3047"/>
                <Baseline points="2780,3039 3610,3037"/>
                <TextEquiv>
                    <Unicode>Den Bericht über die Aussprache veröffentlichen wir</Unicode>
                </TextEquiv>
                <TextStyle fontFamily="Arial" fontSize="4.5"/>
            </TextLine>
            <TextLine id="tl_498" primaryLanguage="German" custom="readingOrder {index:3;}">
                <Coords points="3452,3050 2781,3050 2781,3077 3452,3077"/>
                <Baseline points="2781,3075 3452,3075"/>
                <TextEquiv>
                    <Unicode>in einer der nächsten Nummer. Die Red.</Unicode>
                </TextEquiv>
                <TextStyle fontFamily="Arial" fontSize="4.5"/>
            </TextLine>
            <TextEquiv>
                <Unicode>Der Parteitag empfiehlt den Stimmberechtigten die
Annahme der fünf Abstimmungsvorlagen.
Den Bericht über die Aussprache veröffentlichen wir
in einer der nächsten Nummer. Die Red.</Unicode>
            </TextEquiv>
        </TextRegion>
        <TextRegion type="paragraph" id="r_18_1" custom="readingOrder {index:36;}">
            <Coords points="2903,3152 3486,3152 3486,3262 2903,3262"/>
            <TextLine id="tl_499" primaryLanguage="German" custom="readingOrder {index:0;}">
                <Coords points="3485,3166 2904,3166 2904,3213 3485,3213"/>
                <Baseline points="2904,3196 3485,3196"/>
                <TextEquiv>
                    <Unicode>Unsere Turnweltmeister</Unicode>
                </TextEquiv>
                <TextStyle fontFamily="Arial" fontSize="7.0" bold="true"/>
            </TextLine>
            <TextLine id="tl_500" primaryLanguage="German" custom="readingOrder {index:1;}">
                <Coords points="3344,3214 3043,3214 3043,3256 3344,3256"/>
                <Baseline points="3043,3253 3344,3253"/>
                <TextEquiv>
                    <Unicode>in der Züga</Unicode>
                </TextEquiv>
                <TextStyle fontFamily="Arial" fontSize="7.0" bold="true"/>
            </TextLine>
            <TextEquiv>
                <Unicode>Unsere Turnweltmeister
in der Züga</Unicode>
            </TextEquiv>
        </TextRegion>
        <TextRegion type="paragraph" id="r_19_1" custom="readingOrder {index:37;}">
            <Coords points="2782,3274 3625,3274 3625,4164 2782,4164"/>
            <TextLine id="tl_501" primaryLanguage="German" custom="readingOrder {index:0;}">
                <Coords points="3611,3284 2821,3284 2821,3318 3611,3318"/>
                <Baseline points="2821,3307 3611,3307"/>
                <TextEquiv>
                    <Unicode>Bb. Und aufs neue ein Sieg auf der ganzen Linie</Unicode>
                </TextEquiv>
                <TextStyle fontFamily="Arial" fontSize="4.5"/>
            </TextLine>
            <TextLine id="tl_502" primaryLanguage="German" custom="readingOrder {index:1;}">
                <Coords points="3611,3319 2783,3319 2783,3356 3611,3356"/>
                <Baseline points="2783,3345 3611,3345"/>
                <TextEquiv>
                    <Unicode>und nochmals ein durchschlagender Erfolg für unsere</Unicode>
                </TextEquiv>
                <TextStyle fontFamily="Arial" fontSize="4.5"/>
            </TextLine>
            <TextLine id="tl_503" primaryLanguage="German" custom="readingOrder {index:2;}">
                <Coords points="3610,3357 2783,3357 2783,3395 3610,3395"/>
                <Baseline points="2783,3384 3610,3384"/>
                <TextEquiv>
                    <Unicode>schweizerische Turnerei und unsere wackeren Sieger</Unicode>
                </TextEquiv>
                <TextStyle fontFamily="Arial" fontSize="4.5"/>
            </TextLine>
            <TextLine id="tl_504" primaryLanguage="German" custom="readingOrder {index:3;}">
                <Coords points="3612,3396 2785,3396 2785,3434 3612,3434"/>
                <Baseline points="2785,3423 3612,3423"/>
                <TextEquiv>
                    <Unicode>im Weltmeisterkampf in Budapest, wo unsere acht</Unicode>
                </TextEquiv>
                <TextStyle fontFamily="Arial" fontSize="4.5"/>
            </TextLine>
            <TextLine id="tl_505" primaryLanguage="German" custom="readingOrder {index:4;}">
                <Coords points="3614,3433 2783,3435 2783,3473 3614,3471"/>
                <Baseline points="2783,3462 3614,3460"/>
                <TextEquiv>
                    <Unicode>Besten in hartem, heißem Wettstreit die Elite von</Unicode>
                </TextEquiv>
                <TextStyle fontFamily="Arial" fontSize="4.5"/>
            </TextLine>
            <TextLine id="tl_506" primaryLanguage="German" custom="readingOrder {index:5;}">
                <Coords points="3613,3472 2783,3474 2783,3511 3613,3509"/>
                <Baseline points="2783,3500 3613,3498"/>
                <TextEquiv>
                    <Unicode>zwölf Nationen einwandfrei schlugen. 7000 Zu¬</Unicode>
                </TextEquiv>
                <TextStyle fontFamily="Arial" fontSize="4.5"/>
            </TextLine>
            <TextLine id="tl_507" primaryLanguage="German" custom="readingOrder {index:6;}">
                <Coords points="3612,3512 2784,3512 2784,3550 3612,3550"/>
                <Baseline points="2784,3539 3612,3539"/>
                <TextEquiv>
                    <Unicode>schauer umsäumten am vergangenen Samstag</Unicode>
                </TextEquiv>
                <TextStyle fontFamily="Arial" fontSize="4.5"/>
            </TextLine>
            <TextLine id="tl_508" primaryLanguage="German" custom="readingOrder {index:7;}">
                <Coords points="3613,3551 2784,3551 2784,3588 3613,3588"/>
                <Baseline points="2784,3577 3613,3577"/>
                <TextEquiv>
                    <Unicode>Abend die saftgrüne Zügawiese, 7000 Personen folg¬</Unicode>
                </TextEquiv>
                <TextStyle fontFamily="Arial" fontSize="4.5"/>
            </TextLine>
            <TextLine id="tl_509" primaryLanguage="German" custom="readingOrder {index:8;}">
                <Coords points="3613,3589 2785,3589 2785,3627 3613,3627"/>
                <Baseline points="2785,3616 3613,3616"/>
                <TextEquiv>
                    <Unicode>ten mit atemloser Spannung und steigender Begei¬</Unicode>
                </TextEquiv>
                <TextStyle fontFamily="Arial" fontSize="4.5"/>
            </TextLine>
            <TextLine id="tl_510" primaryLanguage="German" custom="readingOrder {index:9;}">
                <Coords points="3613,3628 2785,3628 2785,3666 3613,3666"/>
                <Baseline points="2785,3655 3613,3655"/>
                <TextEquiv>
                    <Unicode>sterung den annähernd drei Stunden dauernden</Unicode>
                </TextEquiv>
                <TextStyle fontFamily="Arial" fontSize="4.5"/>
            </TextLine>
            <TextLine id="tl_511" primaryLanguage="German" custom="readingOrder {index:10;}">
                <Coords points="3614,3667 2784,3667 2784,3704 3614,3704"/>
                <Baseline points="2784,3693 3614,3693"/>
                <TextEquiv>
                    <Unicode>Darbietungen, eine schöner, schwerer und imponie¬</Unicode>
                </TextEquiv>
                <TextStyle fontFamily="Arial" fontSize="4.5"/>
            </TextLine>
            <TextLine id="tl_512" primaryLanguage="German" custom="readingOrder {index:11;}">
                <Coords points="3615,3705 2786,3705 2786,3742 3615,3742"/>
                <Baseline points="2786,3731 3615,3731"/>
                <TextEquiv>
                    <Unicode>render als die andere, jede exakt diszipliniert, jede</Unicode>
                </TextEquiv>
                <TextStyle fontFamily="Arial" fontSize="4.5"/>
            </TextLine>
            <TextLine id="tl_513" primaryLanguage="German" custom="readingOrder {index:12;}">
                <Coords points="3614,3743 2784,3743 2784,3781 3614,3781"/>
                <Baseline points="2784,3770 3614,3770"/>
                <TextEquiv>
                    <Unicode>mit spielerischem Schwung, mit Meisterschaft und</Unicode>
                </TextEquiv>
                <TextStyle fontFamily="Arial" fontSize="4.5"/>
            </TextLine>
            <TextLine id="tl_514" primaryLanguage="German" custom="readingOrder {index:13;}">
                <Coords points="3614,3782 2784,3782 2784,3820 3614,3820"/>
                <Baseline points="2784,3809 3614,3809"/>
                <TextEquiv>
                    <Unicode>Grazie dargeboten — 7000 Zuschauer, andächtig</Unicode>
                </TextEquiv>
                <TextStyle fontFamily="Arial" fontSize="4.5"/>
            </TextLine>
            <TextLine id="tl_515" primaryLanguage="German" custom="readingOrder {index:14;}">
                <Coords points="3614,3821 2785,3821 2785,3859 3614,3859"/>
                <Baseline points="2785,3848 3614,3848"/>
                <TextEquiv>
                    <Unicode>still während der Vorführungen, begeistert und in</Unicode>
                </TextEquiv>
                <TextStyle fontFamily="Arial" fontSize="4.5"/>
            </TextLine>
            <TextLine id="tl_516" primaryLanguage="German" custom="readingOrder {index:15;}">
                <Coords points="3614,3860 2785,3860 2785,3897 3614,3897"/>
                <Baseline points="2785,3886 3614,3886"/>
                <TextEquiv>
                    <Unicode>ihrem Jubel überschäumend nach Abschluß der jewei¬</Unicode>
                </TextEquiv>
                <TextStyle fontFamily="Arial" fontSize="4.5"/>
            </TextLine>
            <TextLine id="tl_517" primaryLanguage="German" custom="readingOrder {index:16;}">
                <Coords points="3612,3898 2784,3898 2784,3936 3612,3936"/>
                <Baseline points="2784,3925 3612,3925"/>
                <TextEquiv>
                    <Unicode>ligen Leistungen — und in Budapest vor kaum drei</Unicode>
                </TextEquiv>
                <TextStyle fontFamily="Arial" fontSize="4.5"/>
            </TextLine>
            <TextLine id="tl_518" primaryLanguage="German" custom="readingOrder {index:17;}">
                <Coords points="3614,3937 2784,3937 2784,3974 3614,3974"/>
                <Baseline points="2784,3963 3614,3963"/>
                <TextEquiv>
                    <Unicode>Wochen saßen, gut gerechnet, an beiden Kampftagen</Unicode>
                </TextEquiv>
                <TextStyle fontFamily="Arial" fontSize="4.5"/>
            </TextLine>
            <TextLine id="tl_519" primaryLanguage="German" custom="readingOrder {index:18;}">
                <Coords points="3613,3972 2784,3975 2784,4013 3613,4010"/>
                <Baseline points="2784,4002 3613,3999"/>
                <TextEquiv>
                    <Unicode>höchstens 3000 Zuschauer auf den Tribünen, von</Unicode>
                </TextEquiv>
                <TextStyle fontFamily="Arial" fontSize="4.5"/>
            </TextLine>
            <TextLine id="tl_520" primaryLanguage="German" custom="readingOrder {index:19;}">
                <Coords points="3614,4014 2784,4014 2784,4052 3614,4052"/>
                <Baseline points="2784,4041 3614,4041"/>
                <TextEquiv>
                    <Unicode>denen sich die meisten nur für die Leistungen ihrer</Unicode>
                </TextEquiv>
                <TextStyle fontFamily="Arial" fontSize="4.5"/>
            </TextLine>
            <TextLine id="tl_521" primaryLanguage="German" custom="readingOrder {index:20;}">
                <Coords points="3615,4053 2784,4053 2784,4090 3615,4090"/>
                <Baseline points="2784,4079 3615,4079"/>
                <TextEquiv>
                    <Unicode>eigenen Landsleute interessierten — man vergaß</Unicode>
                </TextEquiv>
                <TextStyle fontFamily="Arial" fontSize="4.5"/>
            </TextLine>
            <TextLine id="tl_522" primaryLanguage="German" custom="readingOrder {index:21;}">
                <Coords points="3616,4087 2784,4091 2784,4129 3616,4125"/>
                <Baseline points="2784,4118 3616,4114"/>
                <TextEquiv>
                    <Unicode>diese unerfreulichen Erinnerungen rasch, da man am</Unicode>
                </TextEquiv>
                <TextStyle fontFamily="Arial" fontSize="4.5"/>
            </TextLine>
            <TextLine id="tl_523" primaryLanguage="German" custom="readingOrder {index:22;}">
                <Coords points="3526,4127 2784,4130 2784,4158 3526,4155"/>
                <Baseline points="2784,4156 3526,4153"/>
                <TextEquiv>
                    <Unicode>Samstagabend mitten im dankbaren Volke saß.</Unicode>
                </TextEquiv>
                <TextStyle fontFamily="Arial" fontSize="4.5"/>
            </TextLine>
            <TextEquiv>
                <Unicode>Bb. Und aufs neue ein Sieg auf der ganzen Linie
und nochmals ein durchschlagender Erfolg für unsere
schweizerische Turnerei und unsere wackeren Sieger
im Weltmeisterkampf in Budapest, wo unsere acht
Besten in hartem, heißem Wettstreit die Elite von
zwölf Nationen einwandfrei schlugen. 7000 Zu¬
schauer umsäumten am vergangenen Samstag
Abend die saftgrüne Zügawiese, 7000 Personen folg¬
ten mit atemloser Spannung und steigender Begei¬
sterung den annähernd drei Stunden dauernden
Darbietungen, eine schöner, schwerer und imponie¬
render als die andere, jede exakt diszipliniert, jede
mit spielerischem Schwung, mit Meisterschaft und
Grazie dargeboten — 7000 Zuschauer, andächtig
still während der Vorführungen, begeistert und in
ihrem Jubel überschäumend nach Abschluß der jewei¬
ligen Leistungen — und in Budapest vor kaum drei
Wochen saßen, gut gerechnet, an beiden Kampftagen
höchstens 3000 Zuschauer auf den Tribünen, von
denen sich die meisten nur für die Leistungen ihrer
eigenen Landsleute interessierten — man vergaß
diese unerfreulichen Erinnerungen rasch, da man am
Samstagabend mitten im dankbaren Volke saß.</Unicode>
            </TextEquiv>
        </TextRegion>
        <TextRegion type="paragraph" id="r_19_2" custom="readingOrder {index:38;}">
            <Coords points="2781,4163 3616,4163 3616,5358 2781,5358"/>
            <TextLine id="tl_524" primaryLanguage="German" custom="readingOrder {index:0;}">
                <Coords points="3616,4171 2836,4173 2836,4205 3616,4203"/>
                <Baseline points="2836,4194 3616,4192"/>
                <TextEquiv>
                    <Unicode>Schon das Gesamtbild war erhebend: die</Unicode>
                </TextEquiv>
            </TextLine>
            <TextLine id="tl_525" primaryLanguage="German" custom="readingOrder {index:1;}">
                <Coords points="3615,4206 2784,4206 2784,4243 3615,4243"/>
                <Baseline points="2784,4232 3615,4232"/>
                <TextEquiv>
                    <Unicode>ehrwürdige Zeder, mit ihren weitausgreifenden</Unicode>
                </TextEquiv>
                <TextStyle fontFamily="Arial" fontSize="4.5"/>
            </TextLine>
            <TextLine id="tl_526" primaryLanguage="German" custom="readingOrder {index:2;}">
                <Coords points="3614,4244 2783,4244 2783,4282 3614,4282"/>
                <Baseline points="2783,4271 3614,4271"/>
                <TextEquiv>
                    <Unicode>Aesten im nächtlichen Himmel, die leise vom Wind</Unicode>
                </TextEquiv>
                <TextStyle fontFamily="Arial" fontSize="4.5"/>
            </TextLine>
            <TextLine id="tl_527" primaryLanguage="German" custom="readingOrder {index:3;}">
                <Coords points="3613,4283 2785,4283 2785,4321 3613,4321"/>
                <Baseline points="2785,4310 3613,4310"/>
                <TextEquiv>
                    <Unicode>bewegte Blutbuche, darunter die Turner in ihren</Unicode>
                </TextEquiv>
                <TextStyle fontFamily="Arial" fontSize="4.5"/>
            </TextLine>
            <TextLine id="tl_528" primaryLanguage="German" custom="readingOrder {index:4;}">
                <Coords points="3614,4322 2783,4322 2783,4359 3614,4359"/>
                <Baseline points="2783,4348 3614,4348"/>
                <TextEquiv>
                    <Unicode>weißen Kleidern saßen, der klare Sternenhimmel und</Unicode>
                </TextEquiv>
                <TextStyle fontFamily="Arial" fontSize="4.5"/>
            </TextLine>
            <TextLine id="tl_529" primaryLanguage="German" custom="readingOrder {index:5;}">
                <Coords points="3614,4360 2784,4360 2784,4398 3614,4398"/>
                <Baseline points="2784,4387 3614,4387"/>
                <TextEquiv>
                    <Unicode>der von Kastanienbäume gebildete Rahmen des</Unicode>
                </TextEquiv>
                <TextStyle fontFamily="Arial" fontSize="4.5"/>
            </TextLine>
            <TextLine id="tl_530" primaryLanguage="German" custom="readingOrder {index:6;}">
                <Coords points="3612,4399 2784,4399 2784,4436 3612,4436"/>
                <Baseline points="2784,4425 3612,4425"/>
                <TextEquiv>
                    <Unicode>mächtigen Platzes, darin zu tausenden die Menschen</Unicode>
                </TextEquiv>
                <TextStyle fontFamily="Arial" fontSize="4.5"/>
            </TextLine>
            <TextLine id="tl_531" primaryLanguage="German" custom="readingOrder {index:7;}">
                <Coords points="3614,4437 2785,4437 2785,4475 3614,4475"/>
                <Baseline points="2785,4464 3614,4464"/>
                <TextEquiv>
                    <Unicode>saßen oder standen, zu denen immer neue, irgendwo</Unicode>
                </TextEquiv>
                <TextStyle fontFamily="Arial" fontSize="4.5"/>
            </TextLine>
            <TextLine id="tl_532" primaryLanguage="German" custom="readingOrder {index:8;}">
                <Coords points="3614,4476 2784,4476 2784,4513 3614,4513"/>
                <Baseline points="2784,4502 3614,4502"/>
                <TextEquiv>
                    <Unicode>Platz suchend, stießen, und in der Mitte die grüne</Unicode>
                </TextEquiv>
                <TextStyle fontFamily="Arial" fontSize="4.5"/>
            </TextLine>
            <TextLine id="tl_533" primaryLanguage="German" custom="readingOrder {index:9;}">
                <Coords points="3615,4514 2783,4514 2783,4552 3615,4552"/>
                <Baseline points="2783,4541 3615,4541"/>
                <TextEquiv>
                    <Unicode>Wiese mit den mächtigen Lichtkegeln über dem Platz,</Unicode>
                </TextEquiv>
                <TextStyle fontFamily="Arial" fontSize="4.5"/>
            </TextLine>
            <TextLine id="tl_534" primaryLanguage="German" custom="readingOrder {index:10;}">
                <Coords points="3614,4553 2784,4553 2784,4590 3614,4590"/>
                <Baseline points="2784,4579 3614,4579"/>
                <TextEquiv>
                    <Unicode>in deren Schein eine Mustermannschaft ihre Künste</Unicode>
                </TextEquiv>
                <TextStyle fontFamily="Arial" fontSize="4.5"/>
            </TextLine>
            <TextLine id="tl_535" primaryLanguage="German" custom="readingOrder {index:11;}">
                <Coords points="3613,4591 2782,4591 2782,4629 3613,4629"/>
                <Baseline points="2782,4618 3613,4618"/>
                <TextEquiv>
                    <Unicode>zeigte. Es war fürwahr ein schöner, stimmungs- und</Unicode>
                </TextEquiv>
                <TextStyle fontFamily="Arial" fontSize="4.5"/>
            </TextLine>
            <TextLine id="tl_536" primaryLanguage="German" custom="readingOrder {index:12;}">
                <Coords points="3613,4630 2783,4630 2783,4667 3613,4667"/>
                <Baseline points="2783,4656 3613,4656"/>
                <TextEquiv>
                    <Unicode>ereignisreicher Abend, der allen Teilnehmern noch</Unicode>
                </TextEquiv>
                <TextStyle fontFamily="Arial" fontSize="4.5"/>
            </TextLine>
            <TextLine id="tl_537" primaryLanguage="German" custom="readingOrder {index:13;}">
                <Coords points="3612,4668 2784,4668 2784,4705 3612,4705"/>
                <Baseline points="2784,4694 3612,4694"/>
                <TextEquiv>
                    <Unicode>lange im Gedächtnis bleiben wird, nicht zuletzt den</Unicode>
                </TextEquiv>
                <TextStyle fontFamily="Arial" fontSize="4.5"/>
            </TextLine>
            <TextLine id="tl_538" primaryLanguage="German" custom="readingOrder {index:14;}">
                <Coords points="3615,4706 2783,4706 2783,4744 3615,4744"/>
                <Baseline points="2783,4732 3615,4732"/>
                <TextEquiv>
                    <Unicode>Turnern selbst, denen hier endlich die Anerkennung</Unicode>
                </TextEquiv>
                <TextStyle fontFamily="Arial" fontSize="4.5"/>
            </TextLine>
            <TextLine id="tl_539" primaryLanguage="German" custom="readingOrder {index:15;}">
                <Coords points="3616,4742 2784,4744 2784,4783 3616,4781"/>
                <Baseline points="2784,4772 3616,4770"/>
                <TextEquiv>
                    <Unicode>und die Dankbarkeit entgegenströmte, die ihnen am</Unicode>
                </TextEquiv>
                <TextStyle fontFamily="Arial" fontSize="4.5"/>
            </TextLine>
            <TextLine id="tl_540" primaryLanguage="German" custom="readingOrder {index:16;}">
                <Coords points="3613,4784 2784,4784 2784,4821 3613,4821"/>
                <Baseline points="2784,4810 3613,4810"/>
                <TextEquiv>
                    <Unicode>Orte der Weltmeisterschaften leider versagt blieben.</Unicode>
                </TextEquiv>
                <TextStyle fontFamily="Arial" fontSize="4.5"/>
            </TextLine>
            <TextLine id="tl_541" primaryLanguage="German" custom="readingOrder {index:17;}">
                <Coords points="3613,4822 2783,4822 2783,4859 3613,4859"/>
                <Baseline points="2783,4848 3613,4848"/>
                <TextEquiv>
                    <Unicode>Und die mustergültig disziplinierte Musterriege hat</Unicode>
                </TextEquiv>
                <TextStyle fontFamily="Arial" fontSize="4.5"/>
            </TextLine>
            <TextLine id="tl_542" primaryLanguage="German" custom="readingOrder {index:18;}">
                <Coords points="3614,4860 2784,4860 2784,4897 3614,4897"/>
                <Baseline points="2784,4885 3614,4885"/>
                <TextEquiv>
                    <Unicode>diesen Dank und diesen Beifall wohl und vollauf ver¬</Unicode>
                </TextEquiv>
                <TextStyle fontFamily="Arial" fontSize="4.5"/>
            </TextLine>
            <TextLine id="tl_543" primaryLanguage="German" custom="readingOrder {index:19;}">
                <Coords points="3616,4896 2783,4898 2783,4937 3616,4935"/>
                <Baseline points="2783,4926 3616,4924"/>
                <TextEquiv>
                    <Unicode>dient, und sie hat mit ihrer Bereitwilligkeit, mit der</Unicode>
                </TextEquiv>
                <TextStyle fontFamily="Arial" fontSize="4.5"/>
            </TextLine>
            <TextLine id="tl_544" primaryLanguage="German" custom="readingOrder {index:20;}">
                <Coords points="3613,4938 2784,4938 2784,4974 3613,4974"/>
                <Baseline points="2784,4964 3613,4964"/>
                <TextEquiv>
                    <Unicode>sie dem Ruf zu einem Schauturnen Folge leistete, der</Unicode>
                </TextEquiv>
                <TextStyle fontFamily="Arial" fontSize="4.5"/>
            </TextLine>
            <TextLine id="tl_545" primaryLanguage="German" custom="readingOrder {index:21;}">
                <Coords points="3615,4975 2786,4975 2786,5011 3615,5011"/>
                <Baseline points="2786,5000 3615,5000"/>
                <TextEquiv>
                    <Unicode>schweizerischen Turnsache erneut einen</Unicode>
                </TextEquiv>
                <TextStyle fontFamily="Arial" fontSize="4.5"/>
            </TextLine>
            <TextLine id="tl_546" primaryLanguage="German" custom="readingOrder {index:22;}">
                <Coords points="3614,5012 2786,5012 2786,5050 3614,5050"/>
                <Baseline points="2786,5039 3614,5039"/>
                <TextEquiv>
                    <Unicode>großen und bleibenden Dienst erwiesen, für den es</Unicode>
                </TextEquiv>
                <TextStyle fontFamily="Arial" fontSize="4.5"/>
            </TextLine>
            <TextLine id="tl_547" primaryLanguage="German" custom="readingOrder {index:23;}">
                <Coords points="3614,5051 2785,5051 2785,5089 3614,5089"/>
                <Baseline points="2785,5078 3614,5078"/>
                <TextEquiv>
                    <Unicode>keine klingende Entschädigung gibt, sondern als ein¬</Unicode>
                </TextEquiv>
                <TextStyle fontFamily="Arial" fontSize="4.5"/>
            </TextLine>
            <TextLine id="tl_548" primaryLanguage="German" custom="readingOrder {index:24;}">
                <Coords points="3614,5090 2785,5090 2785,5127 3614,5127"/>
                <Baseline points="2785,5116 3614,5116"/>
                <TextEquiv>
                    <Unicode>ziges Entgelt die innere Befriedigung, einer guten</Unicode>
                </TextEquiv>
                <TextStyle fontFamily="Arial" fontSize="4.5"/>
            </TextLine>
            <TextLine id="tl_549" primaryLanguage="German" custom="readingOrder {index:25;}">
                <Coords points="3614,5128 2785,5128 2785,5166 3614,5166"/>
                <Baseline points="2785,5155 3614,5155"/>
                <TextEquiv>
                    <Unicode>und wahrhaft volkstümlichen Sache gedient zu haben.</Unicode>
                </TextEquiv>
                <TextStyle fontFamily="Arial" fontSize="4.5"/>
            </TextLine>
            <TextLine id="tl_550" primaryLanguage="German" custom="readingOrder {index:26;}">
                <Coords points="3612,5167 2784,5167 2784,5205 3612,5205"/>
                <Baseline points="2784,5194 3612,5194"/>
                <TextEquiv>
                    <Unicode>Dank verdienen neben ihnen aber auch jene, denen</Unicode>
                </TextEquiv>
                <TextStyle fontFamily="Arial" fontSize="4.5"/>
            </TextLine>
            <TextLine id="tl_551" primaryLanguage="German" custom="readingOrder {index:27;}">
                <Coords points="3613,5206 2783,5206 2783,5243 3613,5243"/>
                <Baseline points="2783,5232 3613,5232"/>
                <TextEquiv>
                    <Unicode>es gelang, den Abend zur Tat werden zu lassen; das</Unicode>
                </TextEquiv>
                <TextStyle fontFamily="Arial" fontSize="4.5"/>
            </TextLine>
            <TextLine id="tl_552" primaryLanguage="German" custom="readingOrder {index:28;}">
                <Coords points="3612,5244 2784,5244 2784,5281 3612,5281"/>
                <Baseline points="2784,5270 3612,5270"/>
                <TextEquiv>
                    <Unicode>sind die Turnvereinigung der Stadt</Unicode>
                </TextEquiv>
            </TextLine>
            <TextLine id="tl_553" primaryLanguage="German" custom="readingOrder {index:29;}">
                <Coords points="3612,5282 2783,5282 2783,5320 3612,5320"/>
                <Baseline points="2783,5309 3612,5309"/>
                <TextEquiv>
                    <Unicode>Zürich, die eine Hundertschaft junger Turner für</Unicode>
                </TextEquiv>
            </TextLine>
            <TextLine id="tl_554" primaryLanguage="German" custom="readingOrder {index:30;}">
                <Coords points="3612,5321 2783,5321 2783,5351 3612,5351"/>
                <Baseline points="2783,5348 3612,5348"/>
                <TextEquiv>
                    <Unicode>den Ordnungsdienst aufgeboten hatte, und die Lei¬</Unicode>
                </TextEquiv>
                <TextStyle fontFamily="Arial" fontSize="4.5"/>
            </TextLine>
            <TextEquiv>
                <Unicode>Schon das Gesamtbild war erhebend: die
ehrwürdige Zeder, mit ihren weitausgreifenden
Aesten im nächtlichen Himmel, die leise vom Wind
bewegte Blutbuche, darunter die Turner in ihren
weißen Kleidern saßen, der klare Sternenhimmel und
der von Kastanienbäume gebildete Rahmen des
mächtigen Platzes, darin zu tausenden die Menschen
saßen oder standen, zu denen immer neue, irgendwo
Platz suchend, stießen, und in der Mitte die grüne
Wiese mit den mächtigen Lichtkegeln über dem Platz,
in deren Schein eine Mustermannschaft ihre Künste
zeigte. Es war fürwahr ein schöner, stimmungs- und
ereignisreicher Abend, der allen Teilnehmern noch
lange im Gedächtnis bleiben wird, nicht zuletzt den
Turnern selbst, denen hier endlich die Anerkennung
und die Dankbarkeit entgegenströmte, die ihnen am
Orte der Weltmeisterschaften leider versagt blieben.
Und die mustergültig disziplinierte Musterriege hat
diesen Dank und diesen Beifall wohl und vollauf ver¬
dient, und sie hat mit ihrer Bereitwilligkeit, mit der
sie dem Ruf zu einem Schauturnen Folge leistete, der
schweizerischen Turnsache erneut einen
großen und bleibenden Dienst erwiesen, für den es
keine klingende Entschädigung gibt, sondern als ein¬
ziges Entgelt die innere Befriedigung, einer guten
und wahrhaft volkstümlichen Sache gedient zu haben.
Dank verdienen neben ihnen aber auch jene, denen
es gelang, den Abend zur Tat werden zu lassen; das
sind die Turnvereinigung der Stadt
Zürich, die eine Hundertschaft junger Turner für
den Ordnungsdienst aufgeboten hatte, und die Lei¬</Unicode>
            </TextEquiv>
        </TextRegion>
        <SeparatorRegion id="r_29" custom="readingOrder {index:39;}">
            <Coords points="169,340 609,340 609,359 169,359"/>
        </SeparatorRegion>
        <SeparatorRegion id="r_30" custom="readingOrder {index:40;}">
            <Coords points="613,347 3599,347 3599,373 613,373"/>
        </SeparatorRegion>
        <SeparatorRegion id="r_31" custom="readingOrder {index:41;}">
            <Coords points="169,356 1125,356 1125,374 169,374"/>
        </SeparatorRegion>
        <SeparatorRegion id="r_32" custom="readingOrder {index:42;}">
            <Coords points="1131,370 3597,370 3597,381 1131,381"/>
        </SeparatorRegion>
        <SeparatorRegion id="r_36" custom="readingOrder {index:43;}">
            <Coords points="1010,560 1028,560 1028,4392 1010,4392"/>
        </SeparatorRegion>
        <SeparatorRegion id="r_37" custom="readingOrder {index:44;}">
            <Coords points="1023,4398 1032,4398 1032,5340 1023,5340"/>
        </SeparatorRegion>
        <SeparatorRegion id="r_38" custom="readingOrder {index:45;}">
            <Coords points="1882,401 1897,401 1897,4051 1882,4051"/>
        </SeparatorRegion>
        <SeparatorRegion id="r_39" custom="readingOrder {index:46;}">
            <Coords points="1890,4055 1898,4055 1898,5341 1890,5341"/>
        </SeparatorRegion>
        <SeparatorRegion id="r_40" custom="readingOrder {index:47;}">
            <Coords points="2749,714 2764,714 2764,3564 2749,3564"/>
        </SeparatorRegion>
        <SeparatorRegion id="r_41" custom="readingOrder {index:48;}">
            <Coords points="2758,3564 2767,3564 2767,5336 2758,5336"/>
        </SeparatorRegion>
    </Page>
</PcGts>
