2664 3484
218 68 361 98 Jährlicher
374 68 693 98 Pränumerations-Preis

115 106 168 134 für
168 106 219 134 den
238 108 336 131 Kanton
350 106 447 135 Zürich,
470 107 530 133 acht
545 107 789 136 Schweizerfranken.

1793 62 2118 94 Einrückungs-Gebühren

1627 103 1702 130 sechs
1718 105 1782 133 gute
1782 105 1900 133 Kreuzer,
1924 103 1982 128 oder
1996 102 2067 127 vier
2081 98 2224 132 Schillinge
2224 98 2281 132 die
2281 98 2354 132 Zeile,

402 234 738 362 Neue
842 234 2050 382 Zürcher-Zeitung.

147 502 415 544 Sonnabend

1093 504 1229 554 Nr.
1286 502 1358 551 96.

1751 504 1826 540 den
1848 502 1889 541 2.
1912 500 2158 548 Dezember
2182 500 2312 542 1826.

790 606 899 643 (Druck
917 606 971 639 und
991 608 1093 646 Verlag
1113 614 1164 640 von
1183 609 1306 645 Orell,
1332 608 1435 644 Füßli
1461 605 1514 638 und
1532 608 1674 644 Komp.)

131 733 323 763 Schweizerische
338 734 564 762 Eidgenossenschaft
589 734 640 762 (des
659 732 748 762 großen
762 734 841 760 Raths
862 733 905 758 des
921 734 1032 759 Kantons
1048 734 1130 762 Zürich
1154 734 1335 762 bevorstehende
1351 733 1566 762 Verhandlungen.
1597 732 2012 761 Brandversicherungsrechnungen
2034 732 2076 755 der
2091 731 2189 755 Stände
2206 732 2295 756 Waadt
2309 732 2358 755 und

161 764 251 791 Zürich.
280 763 468 787 Rundschreiben
492 767 524 787 an
547 762 584 786 die
605 762 708 787 Glieder
729 763 770 787 der
791 758 983 790 schweizerischen
1011 762 1212 791 gemeinnützigen
1236 764 1395 788 Gesellschaft.
1424 762 1620 788 Griechensteuer
1640 763 1667 785 in
1683 761 2004 790 Appenzell-Außerrhoden.
2035 761 2171 785 Viehandel
2191 761 2230 784 des
2246 761 2358 784 Kantons

164 792 284 820 Schwyz).
315 791 471 818 Deutschland
486 791 596 818 (Berlin.
626 791 673 815 Die
687 791 800 819 Prinzen.
830 791 877 816 Die
892 791 1018 819 Prediger.
1049 793 1101 816 Das
1118 792 1285 818 Konsistorium
1303 796 1331 820 zu
1347 791 1466 816 Weimar.
1504 791 1765 818 Schmidt-Phiseldeck.
1794 792 1859 818 Ehre
1876 792 1929 814 dem
1944 788 2135 818 Bürgermeister
2161 794 2188 817 zu
2205 789 2362 816 Ronneburg.

164 821 216 844 Aus
232 821 317 845 Kassel.
347 822 403 844 Don
419 820 525 847 Miguel.
556 821 590 843 Ab
606 820 646 843 der
663 820 772 847 Donau).
802 820 914 844 Neuestes
936 820 1062 847 (englische
1078 820 1143 844 Rede
1159 825 1215 844 vom
1231 821 1338 847 Thron).

335 930 613 966 Schweizerische
645 929 997 966 Eidgenossenschaft.

169 995 226 1025 Der
244 994 319 1029 große
341 994 413 1027 Rath
435 994 480 1024 des
503 995 625 1031 Kantons
649 993 766 1031 Zürich
798 993 828 1029 ist
847 994 890 1029 für
910 993 951 1024 die
973 994 1116 1030 Eröffnung
1136 995 1218 1029 seiner

114 1040 289 1076 dießjährigen
322 1040 599 1076 verfassungsmäßigen
627 1039 824 1076 Wintersitzung
853 1040 899 1074 auf
923 1041 971 1070 den
1003 1045 1050 1072 18.
1078 1043 1217 1075 Dezember

111 1087 268 1119 einberufen.
309 1089 345 1117 Es
366 1086 429 1116 wird
448 1087 556 1120 derselbe
579 1086 637 1120 fünf
659 1086 732 1118 durch
746 1086 803 1116 Tod
824 1087 944 1120 erledigte
967 1087 1089 1117 indirekte
1113 1089 1219 1117 Stellen

113 1133 143 1163 in
160 1133 241 1165 seiner
259 1132 367 1166 Mitte,
394 1134 452 1163 nach
477 1131 595 1167 Bildung
617 1133 662 1162 des
677 1132 906 1167 Wahlkollegiums
924 1135 973 1161 aus
998 1134 1053 1162 dem
1065 1130 1220 1168 dreyfachen

114 1180 266 1214 Vorschläge
289 1180 417 1208 desselben
437 1186 464 1211 zu
488 1178 614 1213 besetzen,
646 1180 697 1207 und
720 1178 853 1212 weiterhin
878 1178 915 1208 die
939 1180 1221 1214 Erneuerungswahlen

116 1232 173 1256 vom
194 1227 278 1261 letzten
303 1224 434 1255 Drittheil
452 1225 497 1253 des
518 1223 615 1254 kleinen
634 1224 740 1259 Raths,
760 1225 804 1254 des
826 1225 1006 1260 Obergerichts
1022 1226 1073 1255 und
1092 1227 1137 1256 des
1158 1228 1222 1260 Ehe¬

114 1272 222 1308 gerichts
244 1272 428 1304 vorzunehmen
452 1271 552 1306 haben;
584 1269 645 1301 über
673 1270 722 1300 den
742 1270 909 1306 projektirten
931 1272 996 1303 Bau
1023 1272 1074 1300 und
1099 1272 1222 1302 Erweite¬

116 1324 183 1353 rung
206 1318 250 1347 des
270 1317 436 1351 Gefängniß-
459 1317 510 1346 und
524 1316 719 1352 Strafhauses,
738 1317 762 1351 so
784 1316 833 1347 wie
849 1317 909 1347 über
932 1317 972 1347 die
989 1318 1159 1351 Verhältnisse
1180 1318 1223 1347 der

118 1363 401 1395 Korrektionsarbeilen
425 1366 468 1393 des
489 1363 654 1398 Glattflusses
677 1364 728 1392 und
752 1363 813 1393 über
836 1364 876 1393 die
899 1363 1039 1399 vormalige
1065 1366 1166 1399 Anstalt
1187 1364 1223 1393 im

118 1410 251 1444 Bläsihof,
272 1418 309 1439 wo
327 1410 365 1438 die
381 1408 655 1442 landwirthschaftliche
669 1409 846 1443 Armenschule
863 1411 1034 1445 aufgehoben,
1056 1410 1094 1439 die
1109 1411 1223 1441 Staats¬

118 1457 235 1486 domaine
261 1455 330 1490 selbst
354 1458 413 1485 aber
436 1454 572 1490 veräußert
595 1455 643 1488 ist,
677 1456 753 1490 sollen
782 1455 834 1488 ihm
858 1456 982 1487 Berichte
1011 1457 1052 1485 der
1076 1457 1223 1491 Regierung

120 1504 247 1538 vorgelegt
272 1505 381 1531 werden.
420 1501 473 1532 Die
501 1500 537 1530 im
568 1502 694 1531 Sommer
727 1503 834 1536 bestellte
855 1502 1147 1537 Prüfungskommission
1181 1503 1225 1532 der

119 1549 348 1582 Staatsrechnung
372 1554 429 1577 vom
448 1548 518 1583 Jahr
544 1546 624 1577 1825
624 1546 701 1577 wird
725 1555 809 1583 wegen
831 1548 962 1583 Passation
990 1548 1068 1582 dieser
1084 1550 1224 1584 Rechnung

119 1594 226 1627 Bericht
248 1597 387 1630 erstatten,
417 1594 468 1622 und
489 1600 518 1625 zu
542 1593 660 1628 Deckung
682 1593 755 1623 eines
774 1593 959 1629 mehrjährigen
978 1595 1158 1629 Ueberschusses
1178 1595 1223 1624 der

119 1642 259 1677 Ausgaben
280 1648 356 1675 gegen
383 1639 421 1669 die
441 1639 604 1671 Einnahmen
621 1638 664 1673 soll
680 1638 722 1669 die
741 1640 876 1674 Erhebung
897 1640 965 1670 einer
980 1639 1225 1674 Vermögenssteuer

124 1692 181 1719 zum
200 1687 307 1719 Belang
329 1690 378 1714 von
400 1689 519 1715 100,000
538 1685 586 1715 Gl.
606 1689 759 1719 angetragen
781 1686 900 1720 werden;
921 1686 1015 1718 endlich
1031 1685 1093 1716 wird
1114 1685 1152 1715 die
1174 1687 1227 1716 Ge¬

121 1731 270 1766 sandtschaft
305 1737 348 1764 zur
371 1730 528 1767 Tagsatzung
556 1730 618 1761 über
648 1729 688 1761 die
707 1731 926 1767 Verhandlungen
951 1732 1030 1768 dieser
1053 1733 1153 1768 letztern
1171 1733 1228 1764 Be¬

125 1777 188 1813 richt
207 1779 340 1813 erstatten.

180 1826 237 1854 Der
261 1824 349 1860 Pastor
369 1822 421 1852 und
442 1823 561 1855 Katechet
582 1830 616 1853 an
633 1822 678 1852 der
699 1822 862 1856 reformirten
882 1822 972 1855 Kirche
995 1823 1022 1853 in
1046 1824 1139 1857 Wien,
1159 1825 1228 1861 Herr

124 1869 201 1906 Fäsi,
221 1871 262 1902 hat
283 1873 331 1898 den
351 1868 497 1901 erhaltenen
514 1868 573 1902 Ruf
587 1874 630 1900 zur
649 1869 792 1904 Pfarrstelle
819 1868 863 1904 bey
887 1868 930 1900 der
950 1869 980 1901 in
996 1871 1121 1903 Luzern
1140 1878 1170 1904 zu
1188 1877 1226 1901 er¬

127 1915 258 1952 öffnenden
277 1914 442 1947 reformirten
459 1914 548 1946 Kirche
568 1915 711 1949 abgelehnt.

179 1963 235 1993 Der
257 1962 418 1994 Staatsrath
439 1962 483 1990 des
497 1962 620 1992 Kantons
642 1960 765 1992 Waadt
783 1960 829 1998 hat
846 1966 889 1990 am
910 1962 938 1991 8.
957 1961 1104 1992 November
1127 1969 1157 1995 zu
1170 1963 1226 1993 De¬

125 2010 190 2043 kung
215 2010 258 2037 der
280 2007 475 2041 Brandschaden
496 2006 533 2037 im
555 2006 798 2042 Verwaltungsjahr
814 2013 872 2037 vom
895 2010 924 2036 1.
943 2008 1004 2037 Okt.
1020 2010 1092 2038 1825
1118 2008 1158 2038 bis
1178 2011 1216 2038 30
1219 2028 1227 2038 .

126 2056 209 2090 Sept.
235 2056 308 2084 1826
331 2055 377 2083 den
405 2055 495 2088 Bezug
520 2056 569 2083 von
593 2052 636 2090 4/10
659 2054 703 2082 des
723 2053 789 2084 Eins
815 2060 873 2083 vom
893 2056 966 2082 1000
990 2053 1034 2083 des
1055 2053 1228 2090 Häuserkada¬

124 2102 187 2137 sters
216 2101 397 2136 angeordnet.
430 2099 484 2132 Die
511 2100 574 2136 Zahl
604 2100 648 2130 der
668 2100 876 2135 Brandunglücke
898 2106 949 2130 war
979 2099 1024 2134 eilf
1045 2101 1155 2135 gewesen
1174 2102 1227 2131 und

125 2148 165 2179 die
188 2146 371 2180 Entschädnisse
396 2146 439 2180 für
460 2146 567 2179 dadurch
590 2145 759 2185 abgebrannte
780 2146 839 2176 oder
860 2145 1012 2182 beschädigte
1025 2146 1124 2183 Häuser
1146 2148 1229 2177 betra¬

129 2201 177 2230 gen
195 2195 298 2227 10,900
320 2195 363 2230 Fr.
379 2194 415 2224 84
437 2193 556 2229 Rappen.
595 2193 679 2224 Durch
700 2194 740 2221 ein
758 2200 799 2223 am
816 2195 861 2222 27.
883 2192 951 2226 May
971 2192 1052 2227 dieses
1071 2195 1156 2228 Jahrs
1171 2201 1229 2223 vom

126 2241 223 2276 großen
240 2241 311 2273 Rath
328 2240 461 2273 erlassenes
481 2240 565 2274 Gesetz
582 2239 611 2274 ist
623 2239 667 2269 der
683 2239 911 2274 Assekuranzwerth
926 2238 1092 2274 sämmtlicher
1107 2239 1229 2270 Gebäude

127 2287 173 2318 des
193 2290 315 2319 Kantons
332 2293 374 2316 um
392 2284 465 2316 einen
482 2286 614 2320 Viertheil
633 2285 737 2321 erhöhet
755 2286 865 2315 worden.
904 2285 1003 2317 Damit
1022 2285 1120 2319 verhält
1142 2289 1171 2316 es
1186 2285 1229 2320 sich

128 2334 190 2369 also.
226 2336 288 2365 Das
303 2332 387 2368 Gesetz
403 2337 453 2362 von
473 2335 544 2362 1811
567 2332 609 2366 für
624 2332 776 2367 Errichtung
794 2332 839 2362 der
855 2331 1146 2367 Versicherungsanstalt
1160 2334 1230 2367 hatte

128 2380 168 2411 die
189 2380 486 2416 Kadasterschatzungen,
514 2380 603 2413 welche
629 2380 673 2410 der
694 2380 866 2414 Grundsteuer
886 2385 930 2412 zur
948 2378 1027 2413 Basis
1052 2379 1157 2411 dienen,
1185 2380 1233 2413 auf

129 2426 170 2457 die
194 2425 457 2461 Brandversichernng
477 2426 520 2455 der
537 2425 638 2462 Häuser
658 2425 710 2459 also
732 2426 932 2460 übergetragen,
961 2425 1009 2460 daß
1039 2424 1070 2460 sie
1090 2433 1135 2455 um
1157 2425 1231 2456 einen

130 2473 259 2507 Drittheil
270 2473 397 2506 vermehrt
413 2472 536 2503 wurden,
557 2471 633 2506 somit
652 2472 692 2502 ein
709 2471 744 2502 im
755 2473 959 2508 Grundkadaster
978 2472 1020 2506 für
1039 2476 1112 2501 1000
1126 2474 1172 2509 Fr.
1192 2480 1234 2508 ge¬

130 2521 266 2555 werthetes
294 2521 368 2555 Haus
399 2518 436 2549 im
457 2513 764 2554 Versicherungskadaster
793 2518 836 2554 für
860 2521 933 2548 1500
954 2520 1000 2555 Fr.
1022 2521 1158 2554 gewerthet
1180 2520 1232 2549 und

130 2567 234 2599 darnach
248 2565 401 2602 entschädigt
411 2564 491 2595 ward.
529 2564 608 2601 Diese
615 2564 818 2601 Entschädigung
829 2567 914 2596 wurde
924 2566 1005 2600 jedoch
1018 2566 1072 2601 jetzt
1088 2567 1144 2596 noch
1155 2573 1232 2599 unzu¬

131 2614 241 2649 reichend
265 2613 389 2647 befunden
416 2613 468 2642 und
491 2611 539 2641 das
568 2618 632 2641 neue
658 2611 759 2648 Gesetz,
789 2613 837 2642 das
868 2610 916 2643 alle
939 2614 1035 2643 andern
1055 2612 1230 2646 Verhältnisse

133 2661 176 2691 der
197 2660 438 2695 Assekuranzanstalt
465 2657 603 2693 bestätigt,
632 2658 678 2693 hat
710 2661 836 2692 nunmehr
863 2660 1014 2690 verordnet:
1048 2662 1076 2689 es
1107 2659 1163 2692 solle
1189 2659 1234 2689 der

133 2707 416 2743 Grundsteuerkadaster
430 2705 575 2741 verdoppelt
585 2705 683 2736 werden
699 2712 743 2735 um
759 2706 806 2734 den
820 2704 1078 2741 Assekuranzkadaster
1092 2713 1121 2739 zu
1136 2705 1228 2738 bilden,

132 2754 157 2789 so
178 2753 237 2789 daß
237 2753 287 2789 ein
310 2753 346 2783 im
368 2754 447 2787 ersten
470 2752 511 2787 für
528 2756 602 2781 1000
617 2753 662 2788 Fr.
682 2753 850 2788 gewerthetes
873 2751 1013 2787 Gebäude,
1030 2752 1073 2789 für
1094 2756 1168 2782 2000
1186 2754 1233 2790 Fr.

135 2800 184 2836 im
184 2800 447 2836 Assekuranzkadaster
464 2800 603 2835 gewerthet
621 2799 662 2835 ist.

187 2849 245 2879 Der
268 2847 348 2878 kleine
367 2847 441 2880 Rath
467 2848 517 2877 des
533 2845 656 2883 Kantons
679 2844 796 2883 Zürich
828 2845 873 2879 hat
902 2852 945 2876 am
974 2849 1019 2877 28.
1041 2846 1186 2878 November
1206 2853 1235 2880 zu

133 2894 250 2930 Deckung
271 2894 315 2924 der
331 2893 528 2927 Brandschaden
547 2892 585 2923 im
603 2892 848 2928 Verwaltungsjahr
863 2900 923 2922 vom
941 2896 988 2923 30.
1006 2895 1077 2924 Nov.
1102 2896 1173 2924 1825
1193 2893 1235 2923 bis

133 2939 209 2977 dahin
232 2942 324 2973 1826,
343 2939 383 2971 die
399 2938 442 2975 sich
459 2940 505 2975 auf
523 2942 624 2971 18,758
648 2940 697 2972 Gl.
715 2943 748 2970 18
771 2939 897 2974 Schilling
922 2940 1057 2974 belaufen,
1081 2941 1129 2970 den
1146 2942 1240 2976 Bezug,

133 2992 181 3018 von
205 2991 221 3018 5
247 2989 355 3025 Rappen
380 2986 427 3021 auf
452 2990 505 3016 100
529 2987 635 3018 Gulden
667 2987 713 3016 des
734 2985 895 3022 versicherten
914 2985 1142 3021 Häuserkadasters
1164 2989 1236 3021 (oder

133 3035 182 3063 von
200 3035 245 3071 5/16
270 3036 315 3065 des
335 3035 403 3065 Eins
427 3040 484 3063 vom
505 3033 626 3068 Tausend
651 3034 826 3069 angeordnet,
851 3034 956 3065 welcher
982 3033 1020 3062 die
1045 3034 1160 3064 Summe
1187 3042 1241 3064 von

134 3083 236 3113 18,760
258 3083 308 3115 Gl.
324 3084 358 3112 17
380 3079 476 3115 Schill.
495 3080 617 3115 betragen
635 3080 713 3110 wird.
749 3079 802 3111 Die
822 3079 939 3114 jährliche
959 3079 1079 3113 Revision
1102 3080 1146 3110 des
1168 3082 1239 3112 Ver¬

135 3125 399 3167 sicherungskadasters
421 3128 467 3165 hat
492 3126 549 3165 für
572 3128 667 3160 1826
690 3127 767 3161 einen
789 3128 909 3166 Zuwachs
937 3130 988 3161 von
1006 3129 1164 3163 1,339,280
1186 3129 1240 3161 Gl.

1253 905 1299 939 auf
1318 904 1357 934 die
1376 903 1583 940 Privatgebäude
1605 903 1656 933 und
1682 909 1731 932 von
1758 904 1831 932 5030
1850 902 1900 933 Gl.
1925 900 1970 934 auf
1998 901 2038 930 die
2058 900 2292 935 Staatsgebäude,
2324 907 2367 932 zu¬

1255 952 1367 987 sammen
1386 958 1436 981 von
1455 951 1608 983 1,344,310
1627 950 1679 982 Gl.
1697 949 1815 985 gebracht
1833 948 1886 978 und
1905 947 1945 978 die
1963 946 2101 983 Uebersicht
2118 946 2246 983 derselben
2268 945 2296 982 ist
2315 946 2364 982 fol¬

1253 998 1350 1033 gende:

1327 2617 1389 2646 Das
1405 2623 1438 2646 an
1459 2615 1499 2645 die
1522 2614 1678 2649 Mitglieder
1699 2614 1744 2650 der
1776 2613 2057 2650 schweizerischen
2089 2613 2383 2652 gemeinnützigen

1272 2662 1520 2698 Gesellschaft,
1550 2664 1604 2691 aus
1622 2661 1704 2696 Basel
1729 2665 1832 2692 unterm
1854 2665 1901 2691 11.
1922 2663 2013 2694 Nov.,
2044 2667 2094 2692 von
2116 2660 2186 2697 ihrer
2207 2661 2382 2697 dießjährigen

1272 2708 1411 2739 Direktion
1434 2708 1568 2742 erlassene,
1600 2715 1650 2738 von
1672 2709 1729 2739 dem
1748 2709 1798 2744 Hr.
1818 2708 1943 2743 Professor
1962 2706 2156 2739 Bernoulli
2182 2708 2226 2739 als
2244 2707 2382 2744 Präsident

1273 2756 1324 2785 und
1343 2762 1394 2785 von
1410 2756 1466 2785 dem
1484 2755 1532 2789 Hr.
1550 2754 1724 2787 Archidiakon
1739 2755 1941 2789 Burkhardt
1960 2756 2002 2785 als
2015 2753 2211 2789 Vizepräsident
2229 2754 2383 2788 unterzeich¬

1273 2805 1331 2832 nete
1352 2802 1575 2836 Rundschreiben,
1600 2801 1741 2833 bezeichnet
1768 2801 1812 2836 für
1833 2801 1928 2834 nähere
1942 2799 2135 2836 Erörterungen
2151 2801 2196 2832 der
2217 2801 2384 2837 Gesellschaft

1274 2848 1309 2878 im
1336 2850 1405 2884 Jahr
1432 2851 1503 2878 1827
1532 2847 1573 2878 die
1598 2848 1798 2882 nachstehenden
1823 2848 1885 2883 drey
1903 2847 2054 2882 Vorwürfe.
2092 2848 2143 2882 „1.
2161 2846 2216 2884 Für
2238 2846 2280 2879 die
2300 2848 2381 2880 erste

1273 2897 1354 2932 Frage
1377 2895 1412 2925 im
1435 2897 1511 2932 Fache
1536 2895 1579 2925 der
1604 2894 1864 2930 Volksbildung
1891 2895 1974 2930 stellen
1997 2893 2046 2925 wir
2066 2893 2186 2929 folgende
2203 2893 2267 2928 auf:
2297 2895 2386 2925 Was

1274 2940 1395 2972 könnte
1426 2942 1491 2971 und
1522 2940 1626 2974 sollte
1658 2940 1715 2975 für
1747 2940 1801 2971 die
1829 2940 1985 2978 sittliche
2012 2940 2078 2971 und
2109 2940 2382 2975 intellektuelle

1274 2989 1426 3023 Bildung
1452 2989 1509 3018 der
1528 2987 1816 3025 Fabrikarbeiter
1841 2988 1971 3023 gethan
1997 2986 2151 3018 werden?
2186 2986 2248 3018 Wie
2268 2987 2331 3023 steht
2351 2988 2387 3019 es

1275 3034 1300 3064 in
1325 3035 1425 3069 unserm
1445 3035 1604 3066 Vaterlande
1621 3034 1674 3064 und
1690 3034 1718 3064 in
1736 3033 1805 3069 jeder
1818 3035 1927 3070 Gegend
1945 3033 2124 3070 insbesondere
2144 3040 2194 3064 um
2206 3033 2246 3064 die
2261 3033 2385 3070 Bildung

1275 3081 1354 3120 dieser
1373 3084 1466 3114 Leute,
1486 3082 1537 3111 und
1553 3080 1709 3111 namentlich
1730 3088 1774 3111 um
1791 3081 1838 3111 den
1853 3080 1998 3113 Unterricht
2010 3081 2056 3111 der
2070 3079 2098 3111 in
2113 3079 2237 3117 Fabriken
2254 3080 2383 3111 arbeiten¬

1273 3127 1327 3160 den
1343 3128 1468 3162 Kinder?
1499 3129 1599 3166 Welche
1612 3127 1762 3167 Gebrechen
1776 3127 1829 3167 sind
1847 3127 1882 3161 in
1897 3127 1979 3167 dieser
1997 3126 2154 3167 Beziehung
2167 3128 2220 3162 mit
2236 3129 2335 3162 Grund
2351 3135 2387 3164 zu
