3334 4606
224 242 590 280 Vorausbezahlung:

190 288 253 329 Für
284 292 316 321 6
349 288 483 323 Monate
515 287 623 329 franko

188 334 276 377 durch
297 335 346 369 die
367 344 463 379 ganze
483 335 623 380 Schweiz

329 380 421 422 Frkn.
445 384 488 417 8.

231 428 283 470 In
283 428 347 470 der
359 427 461 464 Stadt
470 428 582 473 Zürich

324 474 415 516 Frkn.
438 480 471 510 6
473 503 483 512 .

735 436 1146 624 Neue
1217 436 2574 675 Zürcher-Zeitung.

204 542 603 594 Einrückungsgrbühr:

252 600 319 636 Der
339 601 451 637 Raum
472 604 555 641 einer

186 649 346 694 Petitzeile
380 653 442 685 15
471 652 618 695 Rappen.

187 696 292 740 Briefe
312 697 377 733 und
392 698 478 735 Geld
500 700 618 743 franko.

188 810 682 901 Donnerstag

1432 264 1586 355 Nr.
1614 247 1820 359 316
1828 328 1852 352 .

1254 694 1754 771 Siebenunddreißigster
1794 691 2058 772 Jahrgang.

1100 897 1227 942 Druck
1251 900 1330 943 und
1361 898 1507 952 Verlag
1538 907 1615 941 von
1641 898 1772 951 Orell,
1803 898 1923 953 Füßli
1954 902 2034 943 und
2062 901 2203 953 Comp.

2776 252 3027 293 Bestellungen

2682 299 2735 341 für
2756 299 2804 334 die
2837 299 3022 345 Schweiz
3051 302 3116 337 und

2683 345 2890 388 Deutschland
2906 356 2947 382 rc.
2970 348 3118 392 besorgen

2684 394 2744 429 alle
2762 392 2939 435 Postämter
2960 395 3044 436 durch
3067 396 3113 430 die

2683 444 3117 491 Zeitungs-Expedition

2685 499 2749 534 der
2770 498 2861 540 Post
2873 499 2907 533 in
2921 498 3046 541 Zürich;
3060 498 3118 542 für

2688 546 2850 591 England,
2867 546 3039 587 Frankreich
3051 548 3118 582 und

2686 595 2736 629 die
2757 593 2971 636 überseeischen
3001 593 3122 631 Länder

2728 644 2778 681 G.
2800 644 2851 681 A.
2873 644 3072 683 Alexandre

2774 699 2809 732 in
2831 697 3027 744 Straßburg.

2238 819 2362 889 den
2404 820 2506 884 12.
2546 818 2896 891 November
2938 824 3126 888 1857.

662 1161 1161 1220 Demokratisch.

265 1307 459 1364 Folgende
497 1312 773 1372 demokratische
805 1320 1011 1380 Lehrsätze,
1058 1322 1185 1376 welche
1220 1321 1279 1365 ein
1318 1319 1476 1376 Zürcher
1511 1319 1631 1364 Blatt

188 1371 370 1427 aufstellt,
420 1377 562 1421 werden
603 1378 696 1424 beim
737 1383 1035 1437 Schweizervolk
1080 1379 1288 1442 schwerlich
1307 1384 1425 1431 Glück
1467 1387 1627 1439 machen.

189 1436 263 1482 Sie
284 1436 444 1483 lauten:
476 1440 525 1496 1)
551 1444 689 1495 Unsere
707 1448 911 1493 materielle
928 1451 1186 1506 Zeitrichtung
1205 1450 1249 1505 ist
1268 1450 1631 1503 anti-demokratisch

188 1503 263 1546 und
292 1500 396 1546 dient
424 1505 535 1561 dazu,
566 1508 640 1562 daß
670 1508 725 1554 die
747 1513 937 1567 Mehrheit
965 1523 1042 1559 von
1064 1520 1124 1558 der
1144 1514 1378 1559 Minderbeit
1400 1516 1630 1571 ausgesogen

188 1567 313 1610 werde.
375 1567 424 1623 2)
460 1570 539 1614 Die
567 1573 803 1620 arbeitenden
833 1578 989 1634 Klassen
1025 1577 1159 1632 dürfen
1198 1578 1296 1623 keine
1325 1577 1477 1630 Reichen
1504 1579 1545 1623 in
1574 1579 1631 1623 die

189 1629 404 1687 Regierung
451 1633 629 1689 wählen:
676 1640 792 1693 „Wer
838 1642 938 1687 Geld
985 1641 1111 1700 zählt,
1157 1645 1228 1696 soll
1261 1644 1361 1687 beim
1399 1641 1630 1698 Geldzählen

186 1693 330 1739 bleiben
368 1698 447 1741 und
485 1700 560 1743 das
595 1702 777 1757 Regieren
807 1706 964 1750 Andern
1002 1707 1254 1763 überlassen."
1315 1710 1361 1761 3)
1392 1708 1632 1762 Industrielle

184 1759 297 1813 sollen
326 1762 416 1813 nach
445 1764 525 1807 dem
546 1765 658 1811 Grad
687 1767 788 1821 ihrer
809 1769 1026 1827 Thätigkeit
1054 1774 1129 1816 und
1150 1772 1252 1824 ihres
1273 1773 1630 1827 Unternehmungs¬

191 1823 317 1879 geistes
348 1825 523 1881 besteuert
551 1833 708 1877 werden.
768 1835 820 1884 Je
849 1835 950 1890 mehr
981 1836 1096 1882 Einer
1123 1835 1323 1891 spekulirt,
1368 1848 1433 1880 um
1463 1838 1500 1889 so
1531 1838 1633 1889 mehr

191 1889 259 1942 soll
288 1901 325 1933 er
354 1892 504 1946 zahlen.
561 1894 605 1946 4)
635 1897 695 1941 Es
725 1898 809 1954 gibt
838 1899 934 1943 keine
968 1900 1291 1958 Verbrüderung,
1336 1901 1421 1945 weil
1450 1913 1541 1945 man
1569 1901 1632 1956 sich

184 1953 412 2010 heutzutage
440 1970 516 2002 nur
542 1962 629 2014 noch
659 1960 750 2006 über
777 1965 857 2008 dem
891 1965 1069 2019 Geldsack
1095 1966 1152 2010 die
1180 1964 1315 2020 Hände
1341 1965 1463 2019 reicht.

266 2019 367 2063 Gibt
395 2026 438 2066 es
466 2023 525 2067 ein
554 2026 783 2082 traurigeres
815 2030 1168 2085 Armuthszeugniß
1195 2031 1294 2074 einer
1323 2029 1535 2074 Redaktion
1565 2029 1629 2074 als

182 2081 239 2126 die
267 2085 505 2143 Aufstellung
535 2090 666 2144 solcher
694 2091 834 2147 Sätze!
896 2094 997 2147 Noch
1027 2094 1070 2147 ist
1109 2094 1187 2138 kein
1229 2095 1365 2149 halbes
1404 2095 1509 2149 Jahr
1548 2102 1630 2138 ver¬

181 2146 335 2203 flossen,
382 2151 456 2206 daß
487 2152 543 2197 die
572 2155 740 2210 Schweiz
784 2156 849 2211 sich
878 2157 979 2202 einer
1007 2158 1310 2212 Verbrüderung
1338 2157 1446 2212 fähig
1477 2158 1629 2212 bewies,

182 2210 238 2255 die
268 2225 343 2258 nur
371 2214 413 2258 in
443 2216 548 2270 ihren
577 2217 758 2273 schönsten
785 2221 920 2273 Zeiten
963 2222 1226 2278 ihresgleichen
1251 2222 1387 2277 findet.
1447 2221 1524 2266 Ein
1554 2224 1632 2266 und

181 2277 352 2330 dasselbe
382 2279 531 2336 Gefühl
559 2282 718 2326 vereinte
748 2284 819 2327 alle
848 2286 1004 2339 Herzen.
1065 2286 1157 2330 Wer
1183 2283 1288 2340 hätte
1318 2292 1358 2329 es
1388 2288 1435 2329 da
1465 2291 1629 2342 gewagt,

181 2341 412 2395 Mißtrauen
442 2357 487 2401 zu
530 2347 617 2398 säen
660 2359 774 2403 gegen
818 2348 875 2393 die
912 2350 1195 2404 Kapitalisten?
1250 2350 1342 2395 Wer
1370 2349 1473 2405 hätte
1499 2353 1549 2394 da
1577 2351 1633 2395 die

178 2405 449 2463 Behauptung
479 2414 642 2467 gewagt,
676 2412 750 2466 daß
777 2412 842 2465 sich
872 2413 928 2456 die
948 2414 1162 2469 Schweizer
1188 2426 1264 2458 nur
1295 2414 1386 2459 über
1406 2417 1484 2459 dem
1506 2415 1631 2461 Geld¬

179 2470 259 2524 sack
286 2470 343 2514 die
362 2470 502 2525 Hände
524 2475 655 2529 reichen
672 2479 690 2521 ?
740 2479 828 2522 Und
857 2479 940 2531 doch
970 2479 1036 2533 sah
1065 2481 1153 2532 auch
1182 2481 1244 2524 der
1261 2481 1424 2535 Kleinste
1453 2480 1525 2533 ein,
1558 2481 1633 2535 daß

180 2534 242 2578 die
271 2535 516 2581 Demokratie
551 2540 616 2581 des
656 2541 804 2586 Geldes
833 2543 873 2596 so
903 2542 1037 2598 nöthig
1067 2546 1174 2597 hatte
1209 2556 1255 2599 zu
1284 2545 1385 2598 ihrer
1414 2545 1632 2600 Vertheidi¬

181 2611 291 2654 gung
321 2601 386 2643 als
416 2603 477 2644 der
504 2601 675 2656 Waffen.
734 2606 817 2650 Mit
846 2608 910 2650 der
934 2606 1107 2663 Losung:
1143 2608 1258 2664 „Wer
1280 2610 1383 2654 Geld
1413 2608 1531 2664 zählt,
1563 2610 1634 2664 soll

180 2663 279 2707 beim
308 2664 544 2721 Geldzählen
575 2668 717 2712 bleiben
760 2672 839 2713 und
875 2671 947 2714 das
981 2671 1159 2726 Regieren
1187 2674 1344 2718 Andern
1374 2672 1627 2729 überlassen."

180 2725 282 2771 wäre
301 2728 591 2784 wahrscheinlich
611 2733 758 2786 unserm
773 2734 1028 2789 Bundesrath
1046 2738 1120 2779 und
1142 2739 1202 2780 der
1224 2750 1368 2793 ganzen
1390 2738 1633 2783 Demokratie

181 2804 245 2836 am
276 2792 472 2847 wenigsten
512 2795 657 2849 gedient
695 2799 873 2853 gewesen.
933 2799 1083 2845 Gerade
1121 2801 1234 2853 dieser
1266 2804 1446 2847 Moment
1486 2804 1633 2857 unserer

179 2856 369 2912 innigsten
400 2856 694 2917 Verbrüderung
742 2863 863 2917 liefert
902 2865 984 2917 also
1019 2866 1106 2918 auch
1134 2866 1203 2909 den
1246 2867 1425 2921 Beweis,
1472 2867 1546 2921 daß
1574 2867 1632 2912 die

182 2922 374 2975 Republik
404 2922 497 2966 aller
525 2923 623 2977 ihrer
638 2925 773 2980 Kräfte
803 2928 946 2982 bedarf,
981 2930 1054 2982 daß
1082 2935 1120 2973 es
1148 2930 1206 2974 ein
1227 2930 1631 2988 bedauernswürdiger

181 2985 370 3043 Mißgriff
394 2986 461 3041 ist,
508 2987 564 3031 die
594 2989 879 3041 Republikaner
918 2994 1007 3047 nach
1036 2993 1140 3048 ihren
1180 2994 1344 3050 sozialen
1375 2997 1628 3052 Stellungen,

181 3052 271 3104 nach
298 3051 438 3106 Beruf,
468 3051 610 3107 Besitz,
641 3053 847 3111 Gewerbe,
881 3057 1033 3102 Geburt
1062 3069 1104 3103 u.
1123 3059 1154 3113 s.
1177 3069 1226 3103 w.
1258 3061 1554 3116 auszuscheiden.

264 3116 399 3168 Dieses
429 3114 561 3169 dürfen
598 3117 671 3160 wir
706 3119 750 3163 in
775 3122 926 3175 unserm
971 3122 1044 3176 auf
1082 3124 1283 3169 materielle
1312 3126 1629 3182 Verbesserungen

183 3179 398 3234 gerichteten
427 3180 613 3234 Zeitalter
640 3193 701 3227 am
734 3184 933 3240 wenigsten
969 3192 1044 3231 aus
1073 3189 1141 3232 den
1171 3189 1308 3245 Augen
1337 3191 1470 3245 lassen.
1528 3191 1629 3235 Was

182 3257 273 3290 man
303 3244 368 3289 als
396 3244 537 3300 krassen
566 3246 886 3293 Materialismus
926 3252 1071 3306 taxirt,
1116 3258 1201 3296 was
1242 3257 1383 3298 anders
1424 3255 1468 3309 ist
1494 3260 1535 3299 es
1565 3257 1629 3299 als

183 3310 243 3353 der
272 3307 514 3365 gründlichste
547 3310 701 3365 Versuch
733 3311 794 3364 für
824 3313 1112 3372 Gleichstellung
1155 3319 1217 3361 der
1248 3320 1472 3373 Menschen?
1527 3320 1628 3364 Was

185 3372 240 3416 die
269 3374 492 3419 Guillotine
523 3375 684 3428 umsonst
712 3377 918 3431 versuchte,
950 3380 1009 3425 die
1038 3380 1264 3437 Gleichheit,
1310 3385 1385 3427 das
1413 3383 1545 3440 bringt
1571 3384 1630 3428 die

182 3437 434 3492 Lokomotive,
467 3442 530 3483 der
558 3438 751 3493 elektrische
770 3440 921 3496 Draht,
953 3444 1011 3488 die
1032 3445 1267 3501 Assoziation
1297 3448 1358 3491 der
1379 3448 1629 3502 menschlichen

181 3500 312 3556 Kräfte
351 3514 396 3558 zu
437 3504 610 3550 Stande.
672 3505 755 3549 Der
795 3505 1117 3554 Materialismus
1164 3511 1208 3566 ist
1248 3511 1328 3556 rein
1372 3512 1628 3567 demokratisch

182 3567 260 3609 und
288 3566 358 3610 wir
378 3568 602 3624 Schweizer,
635 3567 691 3613 die
719 3568 789 3612 wir
819 3569 884 3613 als
905 3571 1158 3619 Demokraten
1186 3576 1345 3630 geboren
1367 3576 1463 3630 sind,
1495 3577 1628 3629 sollten

182 3629 251 3673 den
280 3631 583 3687 demokratischen
612 3633 818 3688 Charakter
845 3635 994 3686 unserer
1020 3638 1108 3690 Zeit
1137 3639 1366 3694 verkennen,
1400 3640 1469 3684 wir
1495 3642 1628 3693 sollten

181 3693 250 3738 den
290 3696 715 3754 Unternehmungsgeist
753 3698 983 3754 verfluchen,
1030 3702 1114 3745 weil
1153 3704 1222 3758 hin
1260 3707 1339 3749 und
1384 3705 1512 3749 wieder
1551 3705 1628 3749 eine

181 3759 409 3815 waghalsige
429 3762 741 3819 Unternehmung
770 3763 939 3817 scheitert,
974 3763 1152 3819 während
1173 3768 1354 3821 Hunderte
1373 3769 1424 3814 im
1444 3769 1628 3825 Interesse

180 3822 242 3866 der
272 3824 498 3879 Menschheit
526 3826 711 3872 vollendet
743 3827 911 3872 werden!

261 3887 352 3932 Wer
381 3889 450 3941 hat
478 3890 576 3933 denn
604 3891 713 3946 unser
742 3898 867 3937 armes
897 3891 1003 3947 freies
1023 3890 1213 3947 Ländchen
1242 3898 1314 3952 auf
1330 3898 1389 3942 die
1407 3898 1534 3952 Stufe
1562 3911 1624 3953 ge¬

180 3949 314 4006 hoben,
347 3950 404 3995 die
434 3957 473 3996 es
502 3952 585 4008 jetzt
613 3954 652 3999 in
681 3958 752 4001 den
780 3957 925 4012 Reihen
953 3959 1014 4001 der
1035 3956 1232 4002 Nationen
1259 3960 1492 4007 einnimmt?
1535 3962 1627 4007 Wer

182 4016 317 4059 anders
347 4016 413 4060 als
441 4017 504 4060 der
531 4019 992 4079 Unternehmungsgeist?
1046 4022 1211 4068 Sollten
1238 4024 1309 4067 wir
1335 4027 1434 4070 etwa
1464 4027 1520 4070 die
1546 4029 1627 4078 In¬

182 4078 312 4133 dustrie
331 4079 429 4133 nicht
447 4081 572 4136 ehren,
594 4083 678 4126 weil
697 4098 817 4142 ganze
836 4087 992 4143 Haufen
1012 4096 1087 4130 von
1105 4086 1375 4142 Industriellen
1395 4101 1440 4144 zu
1464 4091 1629 4135 Grunde

182 4153 377 4200 gegangen
404 4143 515 4200 sind?
569 4147 659 4190 Und
688 4156 772 4193 was
800 4151 885 4208 jetzt
910 4152 1109 4207 projektirt
1147 4152 1226 4195 und
1254 4151 1432 4205 spekulirt
1463 4153 1557 4197 wird
1585 4155 1628 4199 in

180 4204 356 4262 Europa,
377 4213 419 4253 es
438 4209 482 4264 ist
501 4208 558 4253 die
576 4210 708 4265 gleiche
726 4214 836 4269 Idee,
860 4228 937 4261 nur
956 4218 1196 4273 angewendet
1216 4216 1286 4270 auf
1304 4215 1456 4271 größere
1475 4216 1622 4270 Kreise!

176 4266 269 4313 Wer
296 4276 375 4315 uns
403 4271 506 4328 räth,
558 4275 627 4318 den
656 4275 1084 4338 Unternehmungsgeist
1111 4293 1158 4338 zu
1185 4281 1400 4337 verfolgen,
1445 4279 1513 4333 ihn
1556 4280 1627 4324 mit

180 4332 354 4379 Steuern
384 4347 431 4391 zu
458 4337 623 4393 drücken,
670 4338 740 4395 ihn
767 4342 961 4399 gleichsam
1005 4358 1052 4401 zu
1080 4346 1280 4400 bestrafen,
1326 4349 1395 4389 den
1423 4344 1528 4399 sehen
1556 4344 1627 4387 wir

180 4393 245 4449 für
274 4395 399 4444 keinen
428 4402 681 4449 Demokraten
711 4417 789 4461 an,
836 4407 997 4462 sondern
1040 4409 1103 4466 für
1132 4411 1239 4457 einen
1264 4409 1479 4467 politischen
1507 4408 1626 4455 Leim¬

1684 1059 1794 1114 sieder
1822 1062 1916 1113 und,
1949 1066 2033 1104 was
2052 1067 2131 1105 uns
2160 1062 2232 1117 auf
2247 1062 2369 1107 Eines
2390 1061 2688 1117 herauskommt,
2721 1062 2825 1107 einen
2848 1062 3130 1118 konservativen

1688 1125 1773 1168 oder
1801 1124 1997 1168 radikalen
2026 1126 2144 1179 Zopf.

1769 1187 1919 1234 Gerade
1941 1190 2015 1232 das
2033 1189 2261 1245 Gegentheil
2279 1192 2342 1235 der
2358 1192 2450 1235 oben
2469 1190 2720 1247 aufgestellten
2735 1188 2912 1246 Lehrsätze
2931 1191 2978 1246 ist
2995 1192 3126 1246 wahr:

1688 1252 1735 1307 1)
1764 1252 1848 1296 Der
1877 1252 2197 1298 Materialismus
2224 1256 2267 1310 ist
2295 1254 2568 1308 demokratisch.
2628 1255 2676 1308 2)
2700 1255 2833 1300 Arbeit
2860 1256 2938 1300 und
2967 1256 3132 1309 Kapital

1687 1314 1828 1371 müssen
1857 1317 1923 1371 sich
1952 1317 2009 1361 die
2038 1316 2173 1373 Hände
2200 1319 2350 1371 reichen.
2411 1321 2459 1375 3)
2490 1320 2571 1364 Der
2599 1319 2733 1366 Staat
2762 1320 2850 1374 darf
2888 1320 2945 1364 die
2973 1320 3131 1373 Speku¬

1687 1380 1814 1424 lation
1846 1380 1941 1435 nicht
1970 1382 2198 1428 ausbeuten.
2256 1382 2306 1439 4)
2337 1384 2416 1429 Die
2443 1383 2652 1439 Schweizer
2687 1384 2768 1438 sind
2810 1384 2888 1437 sehr
2921 1384 3131 1437 industriell

1687 1447 1765 1488 und
1796 1446 1869 1499 auf
1884 1446 2127 1491 Gelderwerb
2154 1447 2316 1502 erpicht;
2347 1447 2390 1492 in
2409 1446 2726 1502 vaterländischen
2744 1447 2878 1500 Krisen
2898 1449 2987 1493 aber
3005 1449 3129 1503 haben

1686 1509 1732 1563 sie
1759 1510 1845 1564 doch
1873 1509 2005 1554 immer
2032 1512 2105 1556 das
2133 1513 2228 1568 Herz
2258 1512 2330 1567 auf
2346 1514 2427 1557 dem
2454 1513 2592 1565 rechten
2610 1513 2712 1567 Fleck
2740 1514 2818 1555 und
2848 1513 2886 1563 so
2915 1513 2989 1556 lieb
3018 1513 3133 1566 ihnen

1687 1575 1759 1616 das
1791 1573 1894 1619 Geld
1923 1574 1979 1627 ist,
2027 1574 2084 1619 die
2114 1576 2215 1631 Ehre
2241 1578 2321 1621 und
2351 1576 2516 1632 Freiheit
2556 1579 2622 1621 des
2651 1577 2799 1622 Landes
2827 1576 2869 1630 ist
2905 1577 3018 1632 ihnen
3045 1577 3133 1631 doch

1687 1639 1775 1691 noch
1804 1638 1932 1683 lieber.

1770 1746 2409 1803 Nationalrathswahlen.
2457 1750 2556 1794 Laut
2574 1750 2637 1793 der
2657 1750 2990 1806 Berner-Zeitung
3009 1751 3134 1804 haben

1690 1809 1741 1853 im
1768 1812 1998 1855 Mittelland
2039 1811 2147 1857 6414
2177 1812 2335 1867 Wähler
2374 1813 2583 1869 gestimmt,
2629 1812 2691 1868 für
2721 1814 2970 1870 Gonzenbach
3008 1814 3131 1870 3744,

1689 1874 1752 1929 für
1779 1874 2018 1932 Lauterburg
2047 1879 2169 1921 3368.
2229 1877 2306 1922 Die
2333 1878 2527 1922 radikalen
2547 1878 2807 1933 Kandidaten,
2838 1880 2929 1934 HH.
2953 1880 3135 1936 Niggeler

1689 1939 1766 1982 und
1797 1939 2060 1996 Leuenberger,
2093 1941 2267 1996 erhielten
2295 1941 2404 1987 2040
2431 1944 2510 1986 und
2541 1941 2649 1986 1974
2676 1943 2891 1989 Stimmen.

1769 2087 2161 2140 Centralbahn.
2222 2083 2306 2132 Der
2332 2088 2696 2143 Hauensteintunnel
2724 2089 2767 2145 ist
2794 2091 2922 2146 8300
2922 2091 3007 2146 Fuß
3035 2093 3133 2149 lang

1688 2151 1766 2193 und
1796 2151 1883 2206 geht
1910 2151 1993 2194 500
2021 2151 2107 2204 Fuß
2134 2155 2244 2197 unter
2274 2154 2356 2195 dem
2383 2153 2507 2208 Berge
2533 2154 2667 2206 durch;
2700 2166 2737 2198 er
2765 2154 2810 2209 ist
2840 2156 2893 2198 30
2919 2156 3006 2211 Fuß
3035 2156 3132 2201 breit

1688 2216 1767 2259 und
1795 2213 1850 2259 40
1879 2214 1964 2269 Fuß
1992 2214 2096 2269 hoch.

1769 2324 1916 2368 Union
1941 2323 2106 2367 Suisse.
2168 2324 2251 2367 Ein
2270 2323 2295 2349 *
2307 2325 2334 2351 *
2354 2324 2671 2377 Korrespondent
2689 2328 2754 2369 des
2775 2326 2960 2372 liberalen
2980 2328 3134 2380 Alpen¬

1689 2389 1802 2432 boten
1822 2391 2016 2441 erwartet,
2043 2387 2120 2442 daß
2141 2401 2234 2431 man
2255 2387 2392 2432 bereits
2422 2390 2478 2432 im
2499 2387 2670 2443 nächsten
2692 2390 2785 2438 Juli
2811 2397 2890 2436 von
2913 2392 3020 2445 Uster
3039 2395 3134 2450 nach

1689 2452 2001 2506 Rapperschweil
2029 2455 2110 2495 und
2133 2452 2307 2505 Glarus,
2339 2452 2379 2503 ja
2410 2453 2532 2508 längs
2552 2457 2617 2497 der
2648 2452 2787 2506 Hälfte
2802 2458 2868 2500 des
2891 2455 3132 2512 Wallensees

1690 2517 1761 2569 auf
1789 2516 1979 2570 Schienen
2010 2517 2147 2569 fahren
2177 2516 2316 2562 könne.

2289 2662 2602 2718 Schweiz.

1770 2729 2116 2779 Bundesstadt.
2176 2730 2282 2774 Bern
2311 2728 2354 2783 ist
2382 2732 2445 2773 der
2470 2730 2676 2785 achtzehnte
2694 2731 2869 2784 Kanton,
2900 2732 3044 2784 welcher
3071 2734 3136 2777 der

1689 2792 1758 2837 mit
1787 2793 1936 2839 Baiern
1965 2792 2271 2849 eingegangenen
2301 2793 2560 2850 Reziprozität
2588 2796 2651 2837 der
2680 2793 2983 2850 Militärfreiheit
3010 2796 3135 2852 beige¬

1687 2860 1806 2902 treten
1834 2858 1891 2913 ist.
1923 2881 1974 2889 —
2007 2858 2089 2906 Der
2118 2867 2194 2902 von
2223 2859 2330 2903 Bern
2366 2860 2563 2914 verlangte
2593 2859 2900 2915 Post-Bauplatz
2928 2860 3044 2904 neben
3071 2863 3135 2905 der

1686 2934 1806 2967 neuen
1837 2922 2201 2976 Kavalleriekaserne
2241 2924 2283 2978 ist
2326 2930 2415 2968 vom
2447 2923 2606 2977 Großen
2637 2924 2745 2978 Rath
2774 2926 2835 2968 der
2864 2924 3135 2981 Eidgenossen¬

1686 2987 1798 3040 schaft
1836 2999 1901 3031 um
1940 2988 2094 3040 60,000
2122 2990 2193 3043 Fr.
2222 2989 2438 3042 abgetreten
2468 2989 2635 3032 worden.

1768 3075 1819 3083 —
1865 3050 1943 3096 Die
1970 3050 2235 3107 schweizerische
2265 3052 2441 3094 Société
2473 3052 2525 3093 de
2555 3066 2735 3094 secours
2757 3053 2917 3097 mutuel
2946 3053 2988 3098 in
3009 3054 3135 3107 Paris

1686 3115 1755 3168 hat
1785 3116 1922 3169 unsern
1950 3114 2124 3170 dortigen
2154 3116 2349 3171 Minister,
2395 3118 2498 3171 Hrn.
2530 3117 2612 3161 Dr.
2642 3118 2768 3171 Kern,
2812 3117 2856 3161 in
2882 3117 2982 3173 ihrer
3009 3119 3136 3174 letzten

1688 3179 1984 3235 Versammlung
2014 3179 2236 3236 einstimmig
2265 3180 2351 3236 zum
2378 3180 2610 3222 Président
2634 3182 2866 3225 honoraire
2896 3184 2959 3226 der
2989 3183 3134 3235 Gesell¬

1688 3243 1799 3297 schaft
1837 3246 2017 3287 ernannt.
2077 3245 2178 3298 Auch
2221 3246 2283 3289 der
2322 3245 2692 3299 Verwaltungsrath
2735 3248 2797 3289 der
2839 3246 3133 3302 schweizerischen

1688 3307 1862 3350 Société
1891 3308 1944 3349 de
1974 3308 2270 3361 bienfaisance
2301 3310 2370 3361 hat
2399 3306 2612 3363 einmüthig
2643 3310 2880 3364 beschlossen,
2916 3312 2987 3354 den
3015 3321 3135 3355 neuen

1687 3372 1908 3424 Gesandten
1936 3372 1996 3416 bei
2024 3375 2087 3417 der
2115 3373 2278 3427 nächsten
2298 3373 2755 3429 Generalversammlung
2783 3386 2830 3429 zu
2850 3374 2965 3428 ihrem
2983 3375 3134 3428 Ehren¬

1684 3434 1919 3491 präsidenten
1950 3438 2259 3494 vorzuschlagen,
2307 3437 2376 3483 wie
2405 3443 2445 3482 es
2475 3437 2532 3481 bei
2573 3437 2684 3493 dieser
2722 3438 2866 3494 letztern
2896 3438 3135 3494 Gesellschaft

1685 3501 1789 3556 schon
1819 3500 1972 3558 längere
2000 3502 2088 3556 Zeit
2115 3502 2157 3547 in
2187 3503 2347 3558 Uebung
2377 3503 2436 3556 ist.

1766 3577 1959 3627 Zürich.
2008 3576 2095 3621 Wir
2122 3577 2317 3630 verweisen
2346 3578 2483 3630 unsern
2512 3577 2658 3621 Berner
2676 3577 3041 3630 Korrespondenten,
3072 3578 3136 3621 der

1684 3641 1757 3683 das
1788 3642 1877 3691 nach
1897 3641 2006 3685 Bern
2033 3642 2231 3694 exportirte
2249 3641 2532 3695 Winterthurer
2549 3638 2645 3684 Bier
2671 3641 2711 3692 so
2739 3640 2982 3696 gallenbitter
2998 3641 3133 3696 findet,

1684 3705 1755 3757 auf
1781 3704 1838 3748 die
1867 3705 1963 3759 letzte
1993 3719 2037 3745 n.
2059 3719 2105 3746 n.
2127 3705 2432 3759 Korrespondenz
2465 3706 2529 3748 des
2561 3704 2750 3760 „Bund",
2782 3715 2842 3749 wo
2869 3705 2942 3749 wir
2969 3705 3134 3759 wörtlich

1683 3768 1802 3821 lesen:
1856 3769 1950 3812 Das
1980 3767 2236 3823 gegenwärtig
2280 3777 2357 3813 von
2385 3770 2487 3823 Hrn.
2520 3767 2634 3822 Ernst
2675 3768 2716 3813 in
2760 3769 3001 3822 Winterthur
3042 3770 3133 3821 nach

1684 3833 1790 3878 Bern
1821 3832 2007 3888 gelieferte
2036 3832 2329 3888 ausgezeichnete
2356 3832 2555 3889 Lagerbier
2588 3832 2690 3878 kann
2718 3834 2900 3888 ebenfalls
2926 3834 3005 3887 jede
3033 3832 3134 3878 Ver¬

1684 3896 1879 3952 gleichung
1907 3896 1979 3941 mit
2010 3899 2138 3952 gutem
2166 3894 2454 3951 ausländischen
2484 3897 2577 3942 Bier
2606 3897 2783 3953 bestehen.

1763 3962 1920 4016 Bern.
1979 3962 2146 4018 (Korr.)
2203 3962 2304 4006 Dem
2344 3960 2506 4016 Großen
2543 3961 2652 4018 Rath
2693 3964 2818 4005 wurde
2856 3962 2931 4005 das
2974 3960 3137 4016 Projekt

1684 4026 1783 4071 einer
1808 4025 2100 4080 Uebereinkunft
2130 4025 2219 4071 über
2239 4025 2470 4082 Errichtung
2502 4026 2604 4070 eines
2633 4023 3000 4082 gemeinschaftlichen
3018 4026 3135 4081 Prie-

1683 4091 1939 4145 sterseminars
1969 4090 2032 4144 für
2060 4092 2134 4136 das
2164 4090 2355 4146 Bisthum
2383 4090 2504 4145 Basel
2532 4089 2775 4145 ausgetheilt.
2836 4088 3020 4145 Darnach
3050 4099 3135 4135 ver¬

1683 4155 1856 4210 pflichten
1876 4155 1940 4210 sich
1959 4155 2052 4208 diese
2068 4153 2243 4210 Stände,
2261 4155 2334 4200 mit
2347 4155 2480 4211 Bezug
2498 4153 2569 4207 auf
2584 4151 2640 4195 die
2655 4151 2943 4207 Uebereinkunft
2963 4154 3033 4198 mit
3051 4156 3134 4199 dem

1681 4217 1905 4274 päpstlichen
1925 4220 2060 4274 Stuhl
2083 4229 2171 4264 vom
2193 4220 2259 4264 26.
2284 4217 2399 4276 März
2421 4218 2538 4269 1828,
2572 4226 2624 4259 an
2644 4217 2726 4260 dem
2743 4215 2786 4261 in
2804 4218 2868 4261 der
2885 4217 3134 4273 bischöflichen

1684 4282 1858 4339 Residenz
1879 4296 1924 4339 zu
1941 4284 2185 4337 errichtenden
2200 4282 2391 4330 Seminar
2412 4280 2522 4335 Theil
2549 4291 2595 4335 zu
2615 4280 2774 4336 nehmen
2793 4281 2865 4336 auf
2880 4282 3132 4336 nachstehende

1684 4346 1949 4402 Grundlagen
1978 4347 2047 4401 hin
2075 4350 2154 4391 und
2184 4350 2294 4391 unter
2314 4349 2391 4390 dem
2414 4343 2614 4399 feierlichen
2634 4344 2876 4400 Vorbehalt:
2910 4356 3018 4390 wenn
3037 4347 3129 4390 den¬

1680 4408 1802 4464 selben
1847 4410 1945 4466 nicht
1985 4410 2290 4467 nachgekommen
2332 4411 2411 4454 und
2454 4407 2709 4465 gegründeten
2742 4410 2894 4466 Klagen
2936 4417 3013 4455 von
3057 4410 3131 4455 den
