4306 5551
383 132 652 202 Beilage
341 252 751 318 zu Nr. 122
978 60 3051 316 Neue Zürcher Zeitung.
3341 123 3662 176 Sonntag,
3228 225 3733 291 3. Mai 1903.
432 441 839 477 Von Münchner Kunst.
254 494 1075 536 Während der letzten Wochen vor Ostern konnte man
200 524 1074 579 an Münchens Anschlagsäulen ein Plakat prangen sehen, das
199 573 1073 616 — zum Hinweis auf das für „Mittfasten" geplante Künstler¬
201 608 1072 657 fest mit dem aktuellen Thema: „Niedergang Mün¬
202 649 1078 697 chens als Kunststadt" — einen großen schwarzen
201 691 1077 737 Bären zeigte, wie er eben das arme „Münchner Kindl"
202 729 1080 777 in ein ganz kleines, blauweiß gestreiftes Kistchen steckt
202 771 1074 818 und mit seinen Pranken gehörig „zudeckt". Das war
204 809 1073 858 ohne Zweifel sehr witzig gedacht, dabei volkstümlich-¬
204 851 1077 898 anschaulich ersonnen und sollte natürlich eine ironische
204 891 1077 938 Persiflage auf gewisse, bekannte Vorgänge voller Rosen-¬
204 933 1077 979 Behagen sein. So weit Berlin selber dabei mit in
206 972 1081 1019 Betracht kommt, seine unausstehliche Großschnauzig¬
206 1014 1078 1060 keit und Einbildung, das Höhenerbe dieses Münchner
208 1053 1080 1100 „Niedergangs" in der Kunst nun auch schon angetreten
206 1095 1077 1141 zu haben, — so weit war es das ja auch und gewiß
207 1137 1077 1182 nur ganz berechtigter Weise. Aber ist hiermit wirklich
207 1178 1073 1222 das ominöse böse Wort auch schon hinweggeräumt?
209 1218 1083 1264 Entbehrt es so ganz aller reellen Grundlage, wenn wir
208 1259 1079 1303 den wachsenden „Abzug" bedeutender Meister-Namen
210 1304 1080 1343 und -Werke, die kein Mensch hier hält, nach dem Nor¬
209 1340 1079 1384 den, nach Berlin, Stuttgart, Dresden, Darmstadt,
210 1385 1080 1424 Breslau, Königsberg rc. bekümmerten Herzens verfolgen
210 1424 1080 1464 können, auf die hier üppig blühende, ganz unfruchtbare
215 1465 1077 1505 „Retrospektive" ernst einmal blicken, den jungen Nach¬
215 1505 1085 1545 wuchs auf den Frühjahrsausstellungen mehr und mehr
205 1546 1074 1586 in formalistischer Nachahmung geistlos veröden sehen,
213 1587 1081 1628 den wahren Kernpunkt des jüngsten Hausstreites zwi¬
213 1629 1081 1667 schen Münchner und Berliner „Sezession", vollends
217 1668 1084 1707 schärfer ins Auge fassen, neuerdings wahrnehmen, wie
214 1708 1082 1749 alle eingesetzten „Monumentalbau-Kommissionen" die
210 1749 1077 1789 alte, leidige Frage: „Glaspalast — Kohlen-Insel-¬
214 1789 1082 1829 Projekt — Theresienhöhen-Anlage" nicht zu lösen ver¬
213 1829 1083 1868 mögen und eine für 1904 gedachte „Deutsche Kunst¬
214 1869 1084 1908 gewerbe-Ausstellung" eben daran in peinlichster Weise
212 1908 1081 1948 sogar scheitern muß; wenn wir noch dazu den bajuvarisch¬
217 1948 1087 1988 hausknechtlichen Hinauswurf eines unbequemen Kritikers
213 1989 1084 2030 aus dem längst schon dekadenten „Münchner Kunst¬
214 2031 1085 2071 Verein" erleben und — auch davon muß mir erlaubt
218 2071 1087 2111 sein, hier offen zu reden — auf eben diesem historischen,
216 2111 1085 2151 „kunstgedüngerten" Münchner Boden ein ansehnliches
213 2152 1084 2192 Kunst- und Kultur-Organ, wie die von Dr. M. G.
216 2192 1085 2232 Conrad seiner Zeit hier selbst ins Leben gerufene und
213 2233 1083 2274 von dem Unterzeichneten aus dem Berliner Milieu nach
216 2275 1086 2315 dem süddeutschen Rayon nur wieder zurückverpflanzte
218 2315 1086 2354 „Gesellschaft", in eben dieser Zeit trotz allen An¬
216 2355 887 2385 strengungen plötzlich „verkümmern" sehen?
273 2401 1086 2436 In der Tat, ich kann versichern, daß der angeblich
221 2436 1089 2476 so ganz und gar indiskutable „Niedergang" der „Kunst¬
222 2477 1090 2517 stadt München" gerade von den besorgten Lokalpatrioten
217 2518 1085 2558 „unter vier Augen" doch sehr ernstlich, angelegentlichst
218 2558 1085 2599 und auch anhaltend erörtert zu werden pflegt. Daran
218 2595 1085 2642 vermögen solch' bestechende „Künstlerfeste" nicht das
217 2638 1087 2682 Geringste mehr zu ändern; im Gegenteil, sie geben eher
217 2677 1088 2722 neue Nahrung zur Debatte, je mehr ein Vergleich gegen
215 2717 1087 2763 Kostümfeiern von früher zu ihren Ungunsten zuletzt
218 2760 1088 2803 doch leider ausfallen muß. Zwar, eines muß dabei
220 2795 1086 2843 sogleich festgestellt, zugestanden und hier ausdrücklich
216 2838 1087 2884 hervorgehoben werden: die gute, alte „Malerkultur" lebt
215 2880 1085 2925 noch, das Talent der scharfen künstlerischen Beobach¬
215 2917 1082 2965 tung, der formalistischen Nachahmung in Farbe, Kostüm¬
218 2960 1085 3006 treue und Kompositionstechnik — es ist heute noch eben¬
217 3002 1085 3047 so frisch wie lebendig hier vollauf vorhanden und ver¬
216 3042 1085 3088 leiht zumal dem Münchner Karneval noch immer be¬
218 3083 1087 3128 sonderes Leben wie lebendige Farbe, also einen Schein
216 3122 1087 3169 von Blüte. Allein produktiver Geist und neuer Gehalt
219 3165 1088 3210 lassen auf der ganzen Linie nachgerade arg zu wünschen;
216 3203 1087 3252 und, woran es nunmehr ganz besonders gebricht, es ist
218 3246 1087 3293 die ehemalige straffe Disziplin im einhelligen Zusam¬
218 3287 1087 3335 menschlusse zu großen, bedeutsamen Leistungen, jenes
217 3330 1087 3375 „Getrennt marschieren — vereint schlagen", das von
217 3367 1087 3416 jeher die Meisterschaft im Kriegen und Siegen begrün¬
215 3408 1088 3457 det hat. „Getrennt marschieren" — ja, das kann unser
215 3450 1087 3497 heimisches Künstlervolk noch immer, wie eines; aber das
218 3491 1086 3539 „vereint schlagen" hat es anscheinend durchaus inzwischen
217 3534 1088 3579 verlernt, und zwar wohl schon deshalb, weil es eben
218 3573 1089 3621 gar nichts Rechtes mehr „vereint zu schlagen" gibt.
217 3616 1087 3661 Und dabei hätte es heutigen Tages, worüber es vordem
218 3654 1088 3703 nicht verfügte, ja woran es dazumalen noch gar nicht
215 3696 1087 3744 einmal denken konnte, ein gemeinsames, prunkvoll
219 3736 1086 3783 großes, eigenes „Künstlerheim", voller Stil und Ge¬
215 3775 1086 3814 schmack, massiv und echt, in stolzer Pracht und Würde!
269 3817 1085 3863 Warum z. B. nicht gleich dieses, statt den etwas
223 3856 1084 3903 spießrigen „Schwabinger Brauerei"-Räumen zu einem
214 3897 1085 3944 solchen allgemeinen Künstlerabend und glänzenden
217 3937 1085 3985 Maskenfeste hergenommen, nachdem es doch wiederholt
215 3979 1084 4025 schon einen ungemein würdigen und stimmungsvollen
216 4017 1085 4067 Rahmen zu rein künstlerischen Veranstaltungen, Masken¬
217 4061 1085 4108 bällen, einer Böcklinfeier u.s.w. abgegeben, ja sogar bei
216 4101 1085 4149 den Tänzen einer Miß Duncan als ästhetisches Milieu
214 4142 1085 4191 grade sich so ausgezeichnet bereits bewährt hatte? Wahr¬
218 4183 1085 4231 lich, wenn es für uns überhaupt noch eines Beweises
216 4223 1086 4272 bedurft hätte, daß den guten Münchnern der eigentliche
217 4266 1086 4313 Spiritus mählich auszugehen beginnt, diese matte, flügel¬
214 4306 1086 4354 lahme Maskerade hätte ihn uns und unserer für solche
215 4347 1085 4395 Dinge aufmerksamen Fremdenkolonie nunmehr erbringen
216 4389 1085 4435 müssen! Durch allerlei wohlfeile Scherze, wie den
220 4430 1085 4476 Schwarzen Adlerorden am roten Bande, mit dem (als
213 4468 1086 4518 offiziellem Maskenzeichen) einem beim Eintritt ein ordent¬
215 4510 1084 4558 licher ,„Bär" aufgebunden wurde, oder das außerordent¬
215 4552 1085 4599 lich starke Aufgebot an Polizeisoldaten und Linien¬
216 4592 1085 4640 truppen zu diesem uniformierten Kunstabende — alles
212 4631 1083 4681 natürlich mit der unzweideutigsten Spitze gegen Berlin,
213 4670 1085 4721 mit ihnen läßt sich eine solche unliebsame Wahrheit oder
212 4711 1083 4761 unbequeme Tatsache noch nicht ohne weiteres aus dem
212 4754 1083 4801 Felde schlagen; und dies schon gar nicht, wenn man im
213 4793 1083 4842 Aufmarsch der gegeneinander auszuspielenden Scharen
211 4833 1084 4882 und Figuren einfach Dekoration und Garderobe gegen
213 4875 1084 4922 Garderobe und Dekoration, wieder setzt und stellt.
210 4916 1083 4962 Auch darf man, nach gerechter Spielregel, jedenfalls
212 4956 1083 5003 nicht 35 Münchner aus alter und neuer Zeit ganzen
212 4998 1083 5044 9 zeitgenössischen Vertretern der Berliner Kunst (wo¬
208 5038 1082 5085 runter Knaus, Meyerheim, Leistikow, L. v. Hofmann,
208 5078 1081 5125 Lesser Ury u. a. vollständig fehlten) entgegenhalten,
211 5121 1076 5166 bald nur die bloßen Figurinen im Stechschritt vor¬
213 5161 1079 5207 führen, bald aber wieder ganze Gruppen und „lebende
211 5203 1079 5248 Bilder" geben, was die Situation (z. B. bei Menzels
208 5241 1105 5290 in bloße Gestalten aufgelöstem „Historienbild" oder
208 5286 1102 5322 „Eisen-Walzwerk") denn doch sehr entschieden zu Un¬
1118 410 1994 456 gunsten der Travestierten verschieben mußte. Und wenn
1119 448 1985 497 bei der verblüffend genauen Darstellung von Lieber¬
1119 490 1990 537 manns „alter Frau mit der nachgezogenen Ziege" eines
1119 531 1994 577 der lautesten Hallos! durch den Saal ertönte — je
1119 570 1989 619 nun, was konnte das wohl am ehesten bedeuten: eine
1120 611 1985 659 lächerliche Niederlage oder doch vielmehr einen imponie¬
1120 654 1987 699 renden Sieg der charakteristischen Note des Berliner
1121 695 1987 740 Führers (die freilich selbst wieder keine spezifische, son¬
1123 735 1987 782 dern nur eine von Israsls, Millets u. a. Gnaden ist)?
1123 775 1990 822 Kurz und gut! Mit derlei Dingen wird nun einmal
1123 816 1988 863 nichts bewiesen und nichts wiederlegt. Gewiß haben wir
1123 858 1987 904 hierzulande noch immer machtvolle Größen der Kunst,
1123 899 1988 945 viel altgelagerte Kultur und gute tüchtige Tradition.
1124 937 1989 986 Indessen, wie lange noch? — Das ist nun einmal
1124 979 1988 1026 die große Frage; und Männer wie Böcklin, Klinger,
1125 1019 1989 1067 Greiner, Thoma, Rob. Diez, Meunier, Rodin, Watts,
1125 1060 1994 1108 van de Velde, Segantini e tutti quantiquali waren
1126 1102 1995 1148 selbst uns nicht beschieden! Danach erschiene es denn
1126 1141 1995 1189 wohl angezeigt, uns hübsch zu bescheiden und den Mund
1125 1182 1995 1230 nicht unaufhörlich gar zu voll zu nehmen, wenn wir
1128 1224 1994 1270 auch einen Hildebrandschen „Wittelsbacherbrunnen"
1127 1264 1995 1311 einen Thierschschen Justizpalast, Th. Fischersche Bauten
1128 1306 1995 1351 und das Gabriel v. Seidlsche „Nationalmuseum" aus
1127 1349 1648 1382 neuerer Zeit gottlob besitzen.
1182 1390 1995 1432 Denn daß wir's nur auch eingestehen: in der auf
1129 1433 1995 1470 dem Königsplatz kürzlich eröffneten Frühjahrs¬
1129 1471 1996 1511 Ausstellung der „Sezession", mutatis mu¬
1127 1512 1995 1552 tandis, genau dieselbe Signatur wieder — sozusagen
1129 1553 1993 1595 dieselbe Couleur in Grün! Die Altmeister, unsere be¬
1128 1595 1994 1635 kannten Größen und Namen, wie: v. Uhde, Stuck,
1128 1636 1995 1676 v. Habermann, Alb. v. Keller, Samberger, Becker rc.
1130 1677 1997 1716 mit ihren Saison-Novitäten und Clous, haben sich von
1126 1717 1992 1758 der Ausstellung diesmal ganz ferne gehalten und sie ein¬
1126 1759 1993 1799 mal ganz und gar der Jugend zum Tummelplatze für
1133 1800 1998 1839 ihre Farbenräusche und Flimmertänze überlassen. So
1128 1839 1994 1879 finden wir denn eine unheimliche, geradezu erschreckende
1130 1880 1997 1919 Fülle von „Nachwuchs" — nur leider nicht eben den
1132 1920 1997 1959 Nachwuchs an Genies oder doch genialen Begabungen,
1134 1960 2000 2000 die man um Neues, Unerhörtes in ihrer Kunst ringen
1134 2000 2000 2040 sähe, sondern nur einen beängstigenden Nachschub von
1135 2041 2002 2081 überaus geschickten, versierten Talenten. Fast alles nur
1133 2081 2000 2121 Schüler berühmter Meister mit sattsam bekannten Mo¬
1132 2122 2000 2163 tiven und noch bekannteren Techniken; dabei ein oft
1132 2164 1998 2205 verblüffendes Können in allen Nüancen und Manieren,
1133 2205 1999 2245 das des leitenden „Zügels" zumeist schon gar nicht mehr
1131 2246 1998 2286 bedürfte: viel, sehr viel malerische Intelligenz, aber
1132 2286 1998 2326 „beim Teufel ist der Spiritus" — diese guten Leute
1136 2326 2001 2366 sehen nämlich gar nicht, wie unendlich nichtssagend,
1132 2367 1999 2408 immer langweiliger sie werden mit all ihren Skizzen
1135 2409 2002 2449 und Studien ohne Gehalt noch viel Geist. Immer von
1132 2449 2000 2489 neuem wieder tut sich irgend eine frische Maler-Kolonie
1133 2490 2000 2530 in irgend einem Provinzdorf des Landes auf, und auf
1132 2531 1998 2572 ihre Naturoffenbarung, den geschlossenen Lokalton,
1135 2573 2001 2613 Milieu und Charakteristik nicht wenig zu gute. Immer
1135 2614 2000 2653 wieder warten auch wir des Heils und der guten Dinge,
1136 2654 1608 2683 die davon uns kommen sollen.
1191 2700 2004 2735 Indes finden wir schon seit Jahren alle Lenze, die
1137 2735 2001 2775 Gott gibt, so ziemlich das gleiche, gewohnte und übliche
1141 2776 2005 2817 Bild; alle Jahrgänge bringen immer wieder den unver¬
1135 2818 2001 2858 mittelten Gegensatz von derb-bajuvarischer, realistisch¬
1134 2859 1998 2898 brutaler Kraft-Huberei, und schottischschummeriger
1132 2899 1998 2938 Düftelei wie Verdunstung, ohne daß sich irgend ein
1134 2939 2001 2980 neues, eigenartig zusammenfassendes Leben, eine be¬
1133 2980 2000 3020 deutendere Tiefe darin regte. Landschaft und Porträt
1135 3021 2002 3061 mit Tierbild, Tierbild mit Porträt und Landschaft:
1132 3062 1999 3103 in diesem circulus vitiosus geht es, stumpfsinnig ge¬
1134 3104 2002 3143 nug, ohne entscheidende Persönlichkeit in ewiger
1135 3144 2001 3185 „Wiederkehr des Gleichen" hin und her — von Figuren¬
1134 3186 2001 3227 bild, Historiengemälde, Phantasiekarton und drgl. kaum
1135 3228 2002 3270 mehr eine Spur zu finden. Wenn das nicht den
1136 3271 2003 3308 Bankrott der „neuen Richtung" bedeutet, die wir alle
1135 3309 2002 3349 seinerzeit so warm vor der Oeffentlichkeit vertreten
1136 3350 2000 3390 haben, dann weiß ich nicht mehr, was „Katzenjammer"
1137 3391 2003 3431 heißt! Wie sagt doch Wilhelm Weigand — er selbst
1138 3432 2004 3472 der glückliche Besitzer des unvergleichlichen Kartons in
1136 3473 2002 3513 Lebensgröße — in einem lesenswerten Aufsatze der
1136 3513 2003 3553 „Allg. Ztg." über des Leipzigers Otto Greiner in
1136 3554 2000 3596 fünf Jahren ernster Sammlung zu Rom gearbeitetes,
1137 3596 2005 3636 ganz großartiges Monumental-Freilichtgemälde: „Odys¬
1137 3637 2005 3677 seus und die Sirenen"? Das Publikum hat keine
1137 3678 2005 3719 Ahnung von dem Katzenjammer, der bei vielen
1136 3720 2004 3760 modernen Künstlern herrscht, die über das Studien¬
1135 3761 2004 3800 malen nicht mehr hinaus kommen. Wir aber dächten
1133 3800 2002 3840 doch, es brauchte nur hübsch seine Augen aufzumachen
1133 3840 2001 3880 und ordentlich zu schauen, um hier mit Händen förm¬
1134 3881 2002 3920 lich zu greifen. Wie im Leben der Wissenschaft bedeutet
1133 3921 2001 3960 eben auch in der Kunst alles Spezialistentum auf die
1131 3961 1998 4002 Dauer Verarmung, Verkrüppelung, Mißwachs und Ab¬
1133 4003 2002 4042 sterben, nicht Fülle, Bereicherung, Wachstum oder Er¬
1133 4043 1998 4082 höhung. Was war das doch ursprünglich für eine
1133 4083 1999 4125 Freude durch ganz Deutschland, als die waghalsigsten
1136 4126 2001 4166 Lichtmöglichkeiten, und verwegensten Farbenakkorde
1135 4166 2001 4206 von unsern „Sezessionisten" frisch ausprobiert wurden.
1135 4207 2002 4247 Und heute? „Das Phlegma ist geblieben" — wie selbst
1131 4248 2000 4289 ein Bericht des „Bayr. Kurier", der an dieser Stelle
1137 4289 2004 4329 überraschend fachkundig lautet, ausdrücklich es betont.
1134 4330 2003 4370 Wo jedoch bleibt uns die große Kunst, „in der sich der
1136 4371 2004 4413 festliche Drang des Lebens seine Feiern und Denkmäler
1134 4413 2004 4453 schafft?" (wie Weigand das an der Greinerschen
1135 4454 2004 4494 Schöpfung gerade mit Recht als ganz besonders be¬
1132 4495 1999 4536 deutsam hervorgehoben hat). Sogar die edle Kunst,
1131 4536 2000 4576 einheitlich und geschmackvoll zu „hängen", scheint neuer¬
1131 4577 1999 4617 dings schon wieder schmählich abhanden gekommen
1132 4618 1248 4650 zu sein.
1183 4665 1999 4699 Und das bringt uns zuletzt noch auf etwas anderes.
1132 4700 2001 4740 Dieser Greinersche Rahmen wird nicht nur soeben
1134 4741 2004 4781 in Leipzig ungemein wirksam ausgestellt, er ist auch
1132 4782 2001 4822 für das dortige Museum als vaterländische Zierde und
1132 4822 2004 4862 heimischer Stolz bereits erworben. Auch die Klingerschen
1131 4862 2000 4902 Plastiken, mit Einschluß des „Beethoven", birgt ja dieses
1132 4903 2004 4943 Leipziger Museum in seinem Arrangement. Von alledem
1133 4944 2004 4984 war nun in unsrem München nie etwas zu sehen, ge¬
1134 4985 2004 5026 schweige denn, daß es sich eines dieser Werke jemals
1133 5026 2004 5065 für seine Sammlungen als köstlichen Besitz zu sichern
1131 5066 2002 5105 versucht hätte. Und so wenig wie von allem diesen schon,
1131 5106 2003 5146 hat München auch von einer ganzen Reihe anderer
1131 5147 2003 5178 wichtiger Dinge bisher noch die geringste Ahnung,*) die
1183 5225 2000 5258 *) Charakteristisch, so ganz nebenbel, bleibt in diesen
1123 5259 2004 5295 Sinne auch die Tatsache, daß München vor kurzem end¬
1127 5296 2002 5323 lich auch das hervorragende Kunstwerk der gestickten
2035 413 2904 447 sich z. B. Woermann, Lehrs, Treu in Dresden, oder
2037 447 2906 487 Bode, v. Tschudi in Berlin u. A. für die ihrer Obhut
2035 488 2907 528 anvertrauten Galerien und Institute findig weggefangen
2036 528 2908 568 haben. Kennt man hier zu Lande in weiteren Kreisen
2033 568 2905 608 ja doch kaum die Namen der Herren Vorsteher unserer
2037 609 2907 649 heimischen Anstalten! Und kein „Kunst-Verein", keiner
2036 650 2905 689 der p. t. Herren Kunsthändler, wie Heinemann, Helbig,
2034 690 2906 731 Krause und Finckh, die von Zeit zu Zeit fragwürdige
2035 732 2903 772 Sonder- oder fraglose Kitsch-Ausstellungen veranstalten,
2033 773 2901 812 kümmert oder bewirbt sich nur im geringsten um Vor¬
2033 813 2903 853 führung solcher Kunstereignisse auch einmal für München.
2034 854 2904 894 Ja, in der genannten Frühjahrsausstellung unserer hoch¬
2036 895 2906 934 wohllöblichen „Sezession" ist Plastik, von jeher schon
2035 935 2905 975 das Stiefkind unserer Veranstaltungen, sogar nicht ein¬
2036 976 2906 1017 mal mehr vertreten, wie als ob sie überhaupt gar nicht
2035 1018 2905 1057 existierte! Was ists also wohl mit der berühmten und
2040 1058 2909 1099 mit Recht so beliebten, alten „Kunststadt" München am
2037 1100 2907 1140 Isarstrande? Kann es beredtere Anzeichen für den der¬
2040 1141 2910 1180 zeitigen Tiefstand unserer sog. isaratheniensischen Kunst
2041 1181 2910 1220 und Kultur geben zu einer Zeit, da in Hamburg
2046 1221 2916 1261 ein Lichtwark und Brinckmann wirken, Dresden all¬
2040 1262 2910 1302 jährlich Hunderttausende an Erwerbungs- und Kunst¬
2043 1303 2911 1342 verwaltungsgeldern ausgibt und eine interessante Aus¬
2041 1342 2909 1383 stellung um die andere garantiert, Darmstadt wie
2042 1384 2910 1425 Turin in vielbesprochenen Ausstellungen ganz für sich
2040 1426 2909 1464 die Durchsetzung des modernen Stils und modernen
2041 1465 2910 1505 Kunstgewerbes sich angelegen sein lassen, sogar das
2039 1506 2910 1547 kleine Weimar sich Männer wie Hans Olde und Van
2044 1548 2912 1587 de Velde eigens beruft, Karlsruhe keine geringeren
2044 1588 2912 1627 als Hans Thoma, Trübner, Carlos Grethe u. a. für
2043 1628 2910 1670 seine höheren Zwecke sich leistet, und Stuttgart nach
2037 1671 2905 1710 Verschreibung ausgezeichneter, erster Kräfte auch für
2039 1711 2907 1750 seine Akademie die erste vernünftige Staatsschule für
2039 1750 2907 1790 modernes Kunsthandwerk soeben begründet?! Selbst
2044 1791 2911 1832 Wien ist ja in den letzten Jahren schon tüchtig nachge¬
2045 1833 2914 1872 kommen, wenn auch alles Moderne dort unwillkürlich
2045 1872 2914 1912 noch zu „Gschnals" ausartet: Bremen, Königsberg,
2044 1912 2911 1952 Magdeburg, Prag u. a. machen mächtige Anstrengungen;
2046 1952 2915 1992 Graz, Zürich, Basel, Straßburg im Elsaß, Düsseldorf
2045 1993 2914 2034 fangen wenigstens an, sich zu besinnen — noch einmal:
2046 2035 2915 2077 wo bleibt da München mit seinem guten Kunstrufe?
2047 2077 2916 2117 Videant consules . . . . heißt es ja wohl. Aber wenn
2045 2117 2914 2157 man bei uns nur auch wüßte, wo die zuständigen Kon¬
2049 2158 2916 2198 suln in solchem Falle sein sollen! So lange allerdings
2050 2199 2917 2239 „freie" und „angewandte" Kunst, gänzlich unzeitgemäß,
2047 2240 2914 2280 überhaupt noch von zwei ganz verschiedenen Ministerien,
2047 2281 2915 2321 dem des „Kultus" und dem des „Innern", selbst in
2047 2322 2914 2362 einem Kunststaate wie Bayern, ressortieren, wird das
2048 2362 2502 2393 auch sehr fragwürdig bleiben.
2098 2409 2909 2442 Ob nun wohl die eben erfolgte und von der Presse
2047 2443 2910 2484 als erfrischende „Sezession" aus unserem alten, längst
2047 2484 2913 2524 banausisch verfahrenen „Kunstgewerbe-Verein" allent¬
2051 2525 2918 2567 halben warm begrüßte Neugründung einer „Münchner
2050 2568 2917 2608 Vereinigung zur Förderung angewandter
2047 2609 2913 2648 Kunst" im fortschrittlichen Sinne Besserung in
2047 2649 2914 2688 diese Zustände bringen wird? Wir wollen es einstweilen
2048 2689 2916 2728 gerne hoffen, und die Namen, die wir da mit an der
2051 2729 2917 2768 Spitze finden: nämlich v. Berlepsch, Dülfer, Erler,
2047 2769 2914 2809 v. Gosen, Hoch, Obrist, Paul und Ule, lassen uns
2049 2810 2915 2849 auch hoffen. Aber freilich, diese gesunde Regung zum
2053 2850 2920 2891 Guten betrifft dann erst nur einen, wenn auch grund¬
2050 2892 2917 2931 wesentlichen Teil am kranken Ganzen. Von ganzem
2051 2932 2921 2972 Herzen möchten wir lieber das gesamte künstlerische
2048 2973 2920 3013 München, was an unseren schwachen Kräften liegt —
2056 3014 2871 3046 „gesund beten"! Dr. Arthur Seidl.
2105 3116 2865 3150 Zur Geschichte des Frankfurter Theaters.
2104 3175 2920 3209 In seiner Festrede zu Goethes 150. Geburtstag er¬
2051 3210 2918 3249 wähnte Erich Schmidt mit Worten warmer Huldigung
2053 3250 2921 3292 Frau E. Mentzel, die in Frankfurt lebende ausgezeich¬
2051 3292 2919 3332 nete Forscherin auf dem Gebiete der Goetheliteratur.
2053 3332 2921 3372 Frau Mentzel hat diese Anerkennung vollauf verdient.
2051 3373 2919 3414 Mit einer gründlichen Beherrschung der klassischen
2051 3415 2919 3455 Periode unserer Literatur vereinigt sie besonders eine
2052 3456 2921 3495 auf tiefen Studien beruhende Kenntnis der deutschen
2053 3496 2921 3537 Theatergeschichte von den älteren Zeiten bis zur Gegen¬
2054 3538 2922 3578 wart und nimmt unter den Autoren, die dies heute so
2053 3579 2923 3618 viel beachtete Gebiet behandeln, einen ganz hervorragen¬
2051 3619 2921 3661 den Rang ein. Das hat sie in ihrem vortrefflichen mit
2050 3661 2921 3700 zahlreichem zeitgeschichtlichen Material, ausgestatteten
2049 3701 2916 3740 Buche „Zur Geschichte der Schauspielkunst" in Frank¬
2050 3741 2919 3782 furt a. M. von ihren ersten Anfängen bis zur Errich¬
2051 3782 2921 3822 tung des städtischen Komödienhauses*) bewiesen, das be¬
2052 3822 2922 3862 weist sie neuerdings durch die Schrift: „Das alte
2053 3863 2922 3903 Frankfurter Schauspielhaus und seine
2052 3904 2921 3943 Vorgeschichte". (202 Seiten, Frankfurt a. M.
2053 3944 2923 3984 Literarische Anstalt Rütten & Loening, 1902.) Es ist
2049 3985 2921 4024 ein Scheidegruß an das alte, seit November v. J. ver¬
2049 4024 2919 4064 lassene Frankfurter Schauspielhaus, das ein so reiches
2048 4065 2919 4106 Stück deutscher Theatergeschichte einschloß. Und zwar
2049 4106 2919 4147 sowohl hinsichtlich der Stücke, die dort zur Aufführung
2048 4148 2920 4190 gelangten, der Künstler, die sich dem Frankfurter Publi¬
2048 4191 2921 4231 kum zeigten, als auch um einzelner Teile dieses Publi¬
2054 4232 2924 4271 kums selbst willen. Da ist vor allem der Frau Rath
2050 4272 2923 4311 zu denken, die bis zu ihrem Lebensende (1808) eine
2052 4312 2924 4353 regelmäßige Besucherin des Theaters war, die in den
2049 4354 2921 4394 Briefen an ihren Sohn und an andere während eines
2050 4395 2923 4433 Zeitraums von über dreißig Jahren über bedeutende
2048 4434 2921 4474 theatralische Vorgänge berichtet und treffende Schilde¬
2048 4475 2918 4515 rungen von Künstlern und Künstlerinnen entworfen hat.
2048 4516 2918 4557 Was die Anwesenheit einer solchen Persönlichkeit aus¬
2054 4557 2925 4597 machte, davon wird eine hübsche Episode erwähnt. In
2051 4597 2922 4637 einer sehr schlecht besuchten Vorstellung der „Geschwister"
2049 4638 2922 4678 hat die Frau Rath dem Darsteller des Wilhelm laut
2051 4679 2924 4719 zugerufen: „Verdy, ich bin da, die Rätin Goethe! das
2050 4720 2924 4760 ist mehr als ein volles Haus. Spielen Sie nur, ich
2051 4760 2924 4800 werde tüchtig applaudieren!" Und das hat damals eine
2051 4801 2568 4831 elektrisierende Wirkung ausgeübt.
2106 4847 2925 4881 Daß das viel mißbrauchte Wort: „Dem Mimen
2050 4882 2920 4921 flicht die Nachwelt keine Kränze" nicht immer zutrifft,
2049 4922 2914 4963 dafür bietet das vorliegende Buch unbestreitbare Belege.
2049 4964 2915 5003 Denn unter der großen Anzahl von Künstlern, die
2050 5004 2920 5036 darin erwähnt werden, haben sich viele, auch aus einer
2049 5079 2921 5111 „Madonnna Sistina", von Klara Riyberger, anzu¬
2052 5112 2923 5145 staunen und zu bewunder Gelegenheit fand, das wir
2046 5146 2918 5183 in Dresden schon vor ungefähr zehn Jahren zuerst zu
2053 5184 2923 5220 begutachten hatten und das mittlerweile schon seine
2048 5221 2921 5256 Rundreise bis zur Pariser Weltausstellung zurückge¬
2048 5257 2174 5285 legt hat.
2101 5297 2512 5321 *) Frankfurt a. M. 1882
2958 410 3823 445 schon lang vergangenen Zeit, ein gutes Andenken er¬
2959 446 3825 485 halten. Hiervon mögen aus vergangenen Tagen nur
2954 486 3820 526 die Namen Hassel, Meck, Demoiselle Lindner, Frau
2955 527 3822 567 Anschütz-Capitain genannt werden, während unter
2954 567 3823 607 denen, die die jetzt lebende Generation zu hören Ge¬
2951 608 3817 648 legenheit hatte, eine weit größere Anzahl auch in der
2954 649 3821 689 Nachwelt fortlebt. Das Frankfurter Schauspielhaus hat
2953 690 3818 728 von 1782 bis Ende 1902 bestanden. Die Stadt vergab
2954 729 3817 770 es zuerst an einen Pächter Tabor, der zum ersten
2953 771 3812 811 Direktor den Leiter der Kur-Kölnischen Gesellschaft,
2956 811 3815 850 Gustav Friedrich Wilhelm Großmann berief. Groß¬
2950 851 3811 890 mann, der Verfasser eines in jener Zeit viel gegebenen
2954 891 3816 932 Stückchens „Nicht mehr als sechs Schüsseln" hat auch
2956 933 3816 973 ein anderes recht bemerkenswertes Büchlein geschrieben,
2955 974 3818 1014 „Lessings Denkmal". Unter seiner Leitung hatte sich das
2960 1014 3826 1054 Frankfurter Theater eine bemerkenswerte literarische
2954 1055 3816 1095 Stellung errungen, von der es allerdings später etwas
2955 1095 3819 1135 zurückging. An die Stelle des Privatunternehmens trat
2957 1136 3820 1176 1792 die erste Aktiengesellschaft, die unter dem Titel
2957 1176 3821 1216 „Nationaltheater" bis 1842 bestand. Dann gab es eine
2957 1216 3816 1256 kurze Zeit, in der die Privatunternehmer Guhr, Maltz,
2958 1252 3822 1298 der klassische Autor der Frankfurter Lokalkomödien
2957 1296 3821 1338 „Bürgerkapitän", „Hampelmann" rc., und Meck die
2959 1338 3822 1378 Leitung übernahmen. Später entstand in den 1850er
2957 1378 3824 1418 Jahren die zweite Aktiengesellschaft, der Ende der 1870er
2959 1419 3391 1452 die dritte, die jetzige folgte.
3016 1457 3827 1503 In diesem langen Abschnitte hatten das Theater
2958 1497 3823 1543 und die Künstle gar manche schwere Krisen durch¬
2958 1541 3824 1583 zumachen. Es gab auch einmal eine Periode in
2957 1578 3826 1624 den 1850er Jahren, in der die Künstler selbst
2960 1617 3822 1666 und für eigene Rechnung die Leitung übernahmen.
2956 1657 3826 1708 Damals mußte das Haus drei Monate lang geschlossen
2957 1702 3825 1747 werden, und in dieser Zeit entschloß sich der Senat
2957 1743 3827 1787 der freien Stadt Frankfurt zu einer bemerkenswerten
2962 1783 3827 1828 Handlung der Großmut. Allen vor einem bestimmten
2960 1822 3827 1868 Termin tätig gewesenen Mitgliedern der Bühne wurde
2961 1865 3825 1908 bei völig freier Verfügung über ihre Zeit während
2962 1901 3831 1948 des Umbaues eine Gesamtentschädigung von 15,000
2965 1944 3829 1989 Gulden zu teil. Aus der neuern Geschichte des Theaters
2963 1987 3828 2030 werden die Schwierigkeiten erwähnt, die sich schon
2963 2024 3830 2072 gleich nach dem Amtsantritt des ersten Intendanten
2962 2064 3822 2112 der neuen Gesellschaft, Otto Devrient, geltend machten,
2965 2106 3833 2152 und die so rasch zu seinem Rücktritt, führten, Dann
2964 2144 3834 2193 wird der außerordentlich erfolgreichen Tätigkeit Emil
2967 2187 3832 2234 Claars gedacht, der das Interesse für das Theater
2964 2226 3826 2275 neu zu erwecken und zu erhalten verstand. Das Frank¬
2966 2270 3832 2315 furter Opernhaus ist zur Zeit seiner Eröffnung viel
2966 2311 3831 2356 zu groß gewesen, und die Stadt ist erst allmählich
2967 2350 3830 2396 hineingewachsen. Bekanntlich ist der Betrieb der beiden
2964 2392 3831 2436 städtischen Theater jetzt vollständig getrennt. Der Be¬
2961 2431 3831 2479 trieb erfolgt für Rechnung der Aktiengesellschaft unter
2966 2470 3835 2519 Gewährung einer Subvention durch die Stadt, die
2966 2513 3834 2561 Häuser sind Eigentum der Stadt. Emil Claar ist
2959 2553 3835 2601 insofern eine höchst bemerkenswerte Erscheinung in der
2961 2593 3835 2641 modernen Theatergeschichte, als er wohl der einzige ist,
2968 2638 3835 2681 der zwei große Bühnen, Schauspiel und Oper, gleich¬
2969 2682 3164 2713 zeitig leitete.
3018 2718 3833 2762 In der Vorgeschichte, die mit den geistlichen und
2964 2756 3830 2802 Bürgerspielen der alten Zeiten beginnt, enthält das
2968 2796 3835 2842 Buch der Frau Mentzel eine Fülle außerordentlich
2965 2838 3837 2882 interessanter Einzelheiten. Die ältere Zeit brachte im
2964 2879 3836 2924 wesentlichen nur geistliche Stücke oder Stoffe, die der
2965 2917 3830 2966 Bibel entnommen waren. Die ersten Berufsschauspieler,
2967 2962 3833 3006 die nach Frankfurt kamen (1588), sind wahrscheinlich
2971 3001 3835 3047 Franzosen gewesen. Regelmäßig kamen dann zuerst
2966 3042 3833 3088 englische Truppen, deren erste ums Jahr 1592 erschien.
2968 3084 3835 3128 Sie bestand, aus Mitgliedern der Schauspielergesell¬
2968 3123 3837 3170 schaft des Grafen von Worcester in London und stand
2965 3164 3831 3211 unter der Leitung des Robertus Browne. Ein Nach¬
2972 3208 3837 3251 folger dieses Leiters, Thoms Sackeville, ließ sich ganz
2969 3247 3834 3292 in Frankfurt nieder und wurde dort Begründer eines
2969 3287 3836 3335 großen Handlungshauses. Er stand in dem Ruf, ein
2970 3324 3836 3376 Komiker ersten Ranges gewesen zu sein. Die Tatsache
2970 3371 3835 3415 ist jedenfalls nicht uninteressant, daß in jener Zeit, in
2971 3410 3833 3455 der die Kenntnis der englischen Sprache in Frankfurt
2971 3451 3835 3496 wohl nicht sehr verbreitet gewesen sein mag, das
2970 3488 3837 3538 Interesse an schauspielerischen Darbietungen durch
2968 3532 3838 3578 englisch redende Künstler erweckt wurde. Man wird
2972 3575 3836 3619 also wohl annehmen dürfen, daß die Darstellungen
2973 3614 3840 3661 vorwiegend mimischer Natur waren. Allerdings waren
2974 3654 3836 3704 ja auch die Stoffe, die der Bibel entnommen gewesen,
2969 3697 3841 3744 vielfach den Hörern ganz vertraut. Aus der spätern
2971 3738 3841 3784 Zeit, der Mitte des 18. Jahrhunderts, sind die hervor¬
2971 3778 3836 3824 ragenden Komiker Franziskus Schuch und Joseph von
2974 3821 3838 3864 Kunz, genannt Bernardon, zu erwahnen, deren Dar¬
2964 3859 3834 3904 bietungen allerdings auf literarischen Wert keinen An¬
2969 3899 3836 3947 spruch machen konnten. Die Bernardonstücke waren eine
2965 3939 3841 3989 Art Hanswurstiaden. Für die Frankfurter Theater¬
2967 3984 3841 4028 geschichte ist Schuch deshalb eine besonders wichtige
2965 4024 3838 4069 Persönlichkeit, weil von ihm zum erstenmale der Antrag
2969 4062 3837 4110 auf Erbauung eines städtischen Schauspielhauses an
2966 4105 3838 4150 den Rat gestellt worden war. Früher hatten die Schau¬
2970 4146 3841 4193 spieler im Freien und in Höfen dem Publikum sich
2969 4184 3840 4235 gezeigt, sodaß auch die Anfangszeit gewöhnlich mittags
2969 4227 3840 4274 oder nachmittags war, da man keine künstliche Be¬
2968 4268 3839 4314 leuchtung hatte. Aus dem Anfang des 18. Jahrhunderts
2973 4307 3832 4354 sei noch die Prinzipalin Frau Haak-Elenson erwähnt,
2971 4347 3834 4396 die dem Kaiser Karl VI., als er sie in Wien fragte,
2970 4387 3835 4436 wie es ihr gehe, eingedenk der glänzenden Geschäfte,
2970 4428 3841 4476 die sie bei der Krönung dieses Kaisers machte, die
2975 4470 3839 4516 schnurrige Antwort gab: „Ach Gott's erbärmlich,
2974 4517 3813 4547 Majestätl Eine Krönung noch, wenn ich die erlebte!"
3028 4553 3837 4599 Wenn auch ein Teil der Darstellungen, namentlich
2971 4591 3835 4642 aus späterer Zeit mehr lokales Interesse hat, so wird
2972 4631 3830 4681 doch jeder Leser, der sich für Theatergeschichte interessiert,
2973 4674 3838 4721 in dem Buche reiches Material und vielfache Anregung
2974 4714 3844 4761 finden. Aus der neuen Zeit möchten wir den Angaben
2974 4757 3841 4800 der Verfasserin hinzufügen, daß das Frankfurter Schau¬
2971 4792 3839 4843 spielhaus in den Achtziger Jahren nicht nur Urauf¬
2971 4837 3837 4883 führungen von Wilhelm Jordan und Ernst von Wilden¬
2970 4877 3844 4924 bruch, sondern auch solche von Paul Heyse, Richard
2971 4920 3839 4964 Voß und anderen hervorragenden Dramatikern brachte.
2968 4961 3842 5004 Die Benennung der Künstlerinnen mit Demoiselle und
2975 4998 3842 5046 Madame dauerte bis zum Jahre 1848; von jener Zeit
2971 5043 3844 5085 an ist die Bezeichnung Frau und Fräulein eingeführt
2971 5086 3843 5124 worden. Gewünscht hätten wir, daß die Beziehungen
2971 5124 3842 5164 des Theaters zur Presse, namentlich die Tätigkeit
2972 5165 3844 5206 Boernes als Kritiker eine eingehendere Behandlung er¬
2969 5207 3843 5248 fahren hätten. Aber alles in allem können wir uns
2974 5248 3844 5279 über das Buch nur mit vollem Lobe aussprechen. S. S.
