1884 2362
113 125 291 232 Nro.
321 125 466 265 75.

1321 137 1647 262 1804.

18 300 493 454 Zürcher

1220 306 1754 454 Zeitung.

152 481 419 540 Dienstag

1278 500 1339 540 den
1367 505 1425 544 18.
1450 498 1680 548 September.

267 620 379 647 Gedruckt
402 624 446 650 und
470 619 496 651 zu
523 619 596 648 finden
622 621 644 643 In
666 623 704 644 der
724 621 899 652 Buchhandlung
922 622 967 646 von
986 622 1093 654 Orell,
1118 620 1213 652 Füßli
1236 626 1290 648 und
1304 625 1499 656 Compagnie.

17 696 181 734 Frankreich
194 699 253 735 (der
265 700 366 732 Kaiser
376 701 407 731 in
419 698 540 732 Aachen.
579 697 805 738 Merkwürdiger
818 700 923 733 Artikel
934 707 991 732 aus
1000 704 1061 732 dem
1075 704 1187 740 Argus.
1227 701 1381 742 Teuflische
1392 703 1541 741 Bosheit).
1581 703 1751 744 Batavische

18 734 158 772 Republik
168 735 353 773 (verworfene
365 736 594 775 Entschädigung
606 741 654 767 des
665 737 930 777 Erbstatthalters).
971 737 1211 775 Großbrittanien
1221 740 1342 782 (Allianz
1355 743 1409 773 mit
1422 742 1581 782 Rußland).
1607 742 1750 784 Schweiz.

275 810 600 845 Frankreich.

56 847 100 882 In
118 850 178 877 dem
195 853 250 879 von
271 854 330 879 uns
342 850 447 886 letzthin
469 849 660 886 angeführten
673 851 812 888 Gespräch
828 853 864 885 ei¬

16 889 77 916 nes
85 883 472 921 Frankfurter-Kaufmanns
489 887 545 918 mit
561 888 650 919 einem
666 889 863 929 französischen

16 922 269 958 Unterpräfekten,
291 923 348 961 sind
365 924 449 960 beyde
467 924 599 960 bemüht,
633 925 681 962 sich
704 926 863 964 wechselsei¬

16 959 60 998 tig
75 963 130 990 den
147 961 222 992 Ball
245 962 439 1001 zuzuwerfen:
470 963 540 997 Daß
556 963 679 1000 nämlich
699 966 743 997 die
757 967 789 996 in
807 967 863 997 die¬

16 1000 72 1035 sem
90 997 230 1033 Gespräch
246 999 435 1043 angeführten
453 1000 733 1040 antigallikanischen
749 1002 864 1039 Schrif¬

15 1040 61 1067 ten
83 1034 240 1070 (worunter
260 1036 310 1074 sich
339 1037 509 1076 namentlich
541 1039 609 1076 auch
639 1043 693 1072 das
717 1041 863 1077 berühmte

15 1073 115 1108 Buch:
139 1075 333 1107 Napoleon
351 1077 575 1114 Bonaparte
575 1077 654 1114 und
674 1083 741 1111 das
767 1080 864 1115 fran¬

14 1110 166 1144 zösische
187 1110 278 1142 Volk
296 1112 430 1150 befindet)
451 1120 506 1147 von
527 1113 689 1153 gescheuten
710 1116 863 1158 Franzosen

17 1143 168 1184 übrigens
168 1144 285 1185 gerade
285 1145 350 1186 wie
350 1146 422 1187 von
422 1147 636 1189 aufgeklärten
636 1150 801 1191 Deutschen
801 1153 864 1192 nur

18 1181 96 1220 einer
96 1181 170 1221 sehr
170 1182 325 1223 geringen
325 1185 595 1227 Aufmerksamkeit
595 1190 784 1230 gewürdiget
784 1194 864 1232 wer¬

16 1221 75 1257 den
75 1221 104 1257 :
104 1221 172 1257 und
172 1222 248 1258 sagt
248 1223 335 1259 dann
335 1225 393 1260 der
393 1226 597 1263 Unterpräfekt
597 1229 626 1264 ,
626 1230 732 1266 neben
732 1232 862 1268 anderm,

19 1259 217 1294 ausdrücklich
217 1259 262 1295 :
262 1260 296 1296 „
296 1261 532 1300 Napoleons
532 1263 629 1302 Aug
629 1264 803 1305 erniedrigt
803 1266 865 1307 sich

14 1297 91 1332 nicht
111 1298 139 1332 so
159 1298 214 1332 tief
231 1298 339 1333 herab,
360 1303 547 1341 wohlwissend
568 1306 624 1344 daß
639 1306 863 1347 Schmähschrif¬

15 1339 62 1367 ten
80 1338 129 1366 der
147 1337 220 1370 Lohn
244 1340 294 1368 des
316 1339 449 1373 Ruhmes
468 1341 559 1378 sind",
579 1344 678 1380 u.s.f.

54 1372 97 1409 In
113 1373 203 1404 einem
216 1374 353 1413 neuerlich
365 1384 399 1415 zu
410 1379 517 1414 Paris,
538 1386 652 1411 unterm
664 1382 760 1413 Titel:
789 1383 860 1416 Ein

15 1410 147 1450 Wenig
175 1417 252 1443 vom
266 1413 536 1452 Vergangnen,
560 1418 625 1458 ein
625 1418 770 1458 Wenig
770 1418 860 1458 vom

15 1448 353 1489 Gegenwärtigen,
380 1452 575 1487 erschienenen
585 1458 765 1494 Pamphlete,
787 1458 861 1496 heißt

16 1492 48 1517 es
70 1487 171 1518 neben,
184 1491 318 1518 anderm:
351 1491 506 1529 „Umsonst
526 1492 651 1529 möchten
673 1495 754 1530 unsre
769 1495 862 1533 Nach¬

12 1525 89 1556 barn
109 1524 194 1562 durch
217 1524 329 1563 allerley
352 1525 483 1565 künstlich
509 1532 724 1570 aufgeworfene
748 1534 863 1572 Zweifel

15 1561 100 1599 (über
126 1563 168 1594 die
191 1563 435 1603 Rechtmäßigkeit
454 1569 502 1597 der
524 1569 600 1599 Titel
626 1578 660 1609 zu
686 1576 755 1610 dem
770 1580 861 1603 neuen

15 1598 213 1638 französischen
226 1601 419 1638 Kaiserthum)
437 1604 597 1643 Frankreich
618 1608 685 1639 noch
705 1609 812 1641 einmal
830 1610 861 1642 in

13 1638 161 1678 Währung
186 1638 282 1677 setzen;
314 1640 349 1678 sie
368 1640 507 1679 betriegen
533 1643 595 1680 sich.
635 1646 755 1682 Zwölf
774 1647 860 1679 Mil¬

12 1677 138 1713 lionen
161 1685 274 1709 neuer
295 1679 566 1718 Eigenthümer
583 1681 675 1719 finden
694 1684 723 1714 in
739 1680 795 1715 der
795 1680 860 1715 ein¬

13 1711 163 1754 geführten
191 1716 326 1753 erblichen
355 1719 470 1749 Gewalt
490 1723 547 1749 und
566 1718 597 1750 in
617 1720 717 1755 unsrer
736 1721 859 1760 übrigen

13 1752 191 1792 Verfassung
214 1753 292 1785 einen
313 1755 578 1791 unveränderlichen
596 1757 779 1795 Ruhepunkt,
800 1763 857 1791 und

14 1791 123 1822 werden
142 1797 197 1823 von
217 1801 277 1822 nun
303 1801 340 1824 an
360 1793 437 1831 nicht
456 1795 609 1830 aufhören,
634 1797 692 1828 eine
715 1798 857 1838 Ordnung

14 1830 63 1857 der
74 1830 170 1868 Dinge
187 1838 221 1870 zu
240 1830 353 1869 stützen,
372 1832 470 1869 welche
484 1835 637 1868 hinwieder
653 1835 786 1872 dieselben
806 1836 861 1874 auf

15 1865 116 1898 immer
137 1867 243 1905 stützt".

54 1902 97 1939 In
116 1902 320 1942 verschiedenen
336 1908 458 1949 französ.
472 1909 615 1942 Blättern
629 1910 721 1950 finden
728 1910 785 1950 sich
800 1911 859 1947 sehr

16 1940 179 1980 anziehende
190 1945 325 1987 Notizzen
340 1946 409 1978 über
421 1950 470 1978 den
481 1949 670 1987 vortreflichen
685 1947 857 1987 öffentlichen

14 1984 71 2012 und
90 1980 333 2020 Privatcharakter
346 1989 396 2016 des
409 1982 554 2025 jüngsthin
569 1988 761 2024 verstorbenen
777 1989 858 2032 Vize-¬

15 2019 142 2051 Admiral
166 2020 201 2050 la
225 2022 361 2061 Touche
387 2025 565 2058 Treville.
618 2027 760 2064 Nachdem
787 2027 858 2063 seine

15 2056 105 2093 Leiche
120 2056 225 2088 bereits
249 2062 306 2096 auf
324 2066 385 2094 dem
405 2062 610 2102 gewöhnlichen
628 2066 810 2099 Todtenacker
823 2073 858 2106 zu

13 2094 158 2131 Toulon
182 2096 322 2135 begraben
343 2105 473 2138 worden,
495 2106 553 2134 und
576 2102 644 2135 aber
665 2105 719 2142 erst
738 2109 787 2136 des
807 2104 858 2139 fol¬

9 2136 119 2170 genden
141 2136 226 2178 Tags
247 2136 399 2176 allgemein
420 2139 493 2172 kund
507 2145 624 2177 wurde,
652 2144 715 2176 wie
715 2144 770 2176 der
787 2144 858 2176 Ver¬

13 2171 165 2211 blichene,
188 2172 248 2215 sich
256 2174 348 2213 seinen
370 2179 451 2217 Tod,
473 2179 512 2213 im
534 2179 753 2222 buchstäblichen
775 2182 859 2217 Sinn

905 814 986 853 durch
1010 815 1052 847 die
1077 815 1256 847 unermüdete
1271 814 1429 855 Erfüllung
1444 815 1533 848 seiner
1550 808 1762 854 Dienstpflicht

906 854 962 889 auf
984 856 1031 883 der
1053 852 1199 890 äussersten
1228 853 1321 888 Rhede
1339 857 1390 884 des
1411 855 1493 888 Kaps
1511 854 1614 887 Chinee
1636 860 1751 893 zugezo¬

905 899 958 930 gen
973 891 1050 924 hatte
1058 912 1069 925 ,
1089 891 1235 930 verlangte
1251 892 1295 922 die
1307 890 1516 927 Schiffsarmee
1534 892 1588 922 wie
1598 892 1652 924 mit
1661 891 1751 923 Einer

906 929 1057 964 Stimme,
1071 929 1127 966 daß
1140 933 1186 960 der
1200 928 1340 967 Leichnam
1354 929 1456 961 wieder
1469 929 1682 968 ausgegraben,
1691 931 1750 961 und

904 967 936 998 in
954 967 1044 998 einem
1063 965 1208 1004 bleyernen
1227 969 1311 1006 Sarg
1331 967 1388 1002 auf
1401 966 1559 1002 erwähnter
1573 966 1670 999 Stelle
1685 965 1751 997 bey¬

903 1004 1000 1044 gesetzt
1009 1006 1130 1038 werden
1141 1004 1237 1042 sollte,
1280 1010 1343 1038 was
1365 1003 1432 1044 auch
1454 1005 1542 1043 sofort
1557 1003 1749 1044 bewerkstelli¬

905 1047 952 1083 get
967 1047 1076 1075 wurde.

943 1085 1031 1119 Unter
1052 1085 1103 1112 den
1120 1081 1365 1121 ausgezeichneten
1388 1081 1547 1119 Personen,
1574 1079 1672 1119 welche
1695 1079 1751 1119 sich

905 1116 961 1154 seit
961 1116 1015 1154 der
1028 1113 1158 1156 Ankunft
1158 1113 1218 1156 des
1218 1113 1331 1156 Kaisers
1331 1113 1551 1156 Napoleons
1571 1118 1602 1150 in
1617 1117 1749 1155 Aachen

903 1153 1036 1193 befinden
1036 1153 1056 1193 ,
1056 1153 1163 1193 nennt
1163 1153 1241 1193 man
1241 1153 1270 1193 :
1270 1153 1381 1193 Neben
1381 1153 1457 1193 dem
1457 1153 1601 1193 Minister
1601 1153 1749 1193 Talley¬

903 1195 1005 1233 rand
1005 1195 1082 1233 und
1082 1195 1166 1233 dem
1166 1195 1416 1233 Staatssekretär
1416 1195 1586 1233 Maret,
1586 1195 1665 1233 den
1665 1195 1752 1233 Bot¬

903 1231 1031 1271 schafter
1031 1231 1105 1271 bey
1105 1231 1170 1271 der
1170 1231 1378 1271 Batavischen
1378 1231 1563 1271 Republik,
1563 1231 1748 1271 Semon¬

901 1269 1020 1306 ville;
1020 1269 1119 1306 dann
1119 1269 1191 1306 von
1191 1269 1412 1306 französischen
1412 1269 1680 1306 Militärpersonen
1680 1269 1748 1306 den

904 1307 1059 1346 Marschall
1079 1309 1254 1348 Lannes
1278 1312 1337 1340 und
1358 1307 1402 1340 die
1421 1307 1559 1341 Generale
1574 1305 1729 1340 Düroc,

903 1346 1088 1381 Mortier,
1115 1344 1385 1383 Caulincourt,
1412 1343 1587 1383 Moncey,
1616 1347 1747 1389 Eugen

904 1383 1191 1420 Beauharnois,
1212 1385 1429 1421 Lauriston,
1450 1386 1552 1420 Rapp
1574 1387 1632 1415 und
1653 1380 1747 1420 Cas¬

906 1420 1055 1457 sarelli;
1076 1428 1132 1454 von
1143 1422 1344 1462 auswärtigen
1359 1423 1519 1459 Gesandten
1537 1421 1594 1459 bey
1594 1421 1658 1459 der
1658 1421 1747 1459 fran¬

903 1457 1035 1498 zösischen
1053 1457 1210 1496 Republik:
1231 1459 1401 1500 Diejenigen
1416 1465 1463 1492 der
1474 1460 1547 1498 Höfe
1559 1465 1615 1490 von
1629 1460 1745 1494 Wien,

904 1497 1044 1534 Neapel
1065 1501 1121 1528 und
1142 1497 1338 1534 Lissabon,
1359 1502 1414 1530 und
1430 1496 1530 1536 endlich
1548 1499 1674 1532 mehrere
1685 1498 1748 1534 rus¬

904 1535 983 1577 sische
1002 1538 1058 1566 und
1081 1528 1240 1572 polnische,
1269 1537 1350 1575 meist
1371 1535 1635 1572 Militärpersonen.
1679 1537 1749 1570 Wie

904 1574 961 1606 viel
980 1573 1056 1605 eitele
1073 1574 1331 1613 Vermuthungen,
1350 1579 1416 1606 was
1432 1575 1481 1608 für
1487 1571 1746 1613 Angelegenheiten

904 1617 960 1643 von
982 1609 1163 1649 Wichtigkeit
1179 1615 1241 1643 dort
1257 1618 1309 1652 zur
1328 1612 1456 1650 Sprache
1473 1611 1601 1644 kommen
1618 1611 1746 1648 dürften,

902 1648 1023 1685 hierauf
1034 1648 1142 1687 gebaut
1153 1651 1281 1685 werden,
1300 1647 1372 1681 kann
1382 1657 1451 1683 man
1463 1650 1515 1688 sich
1525 1646 1638 1681 denken.
1674 1648 1745 1681 Von

903 1690 964 1718 dem
981 1687 1103 1717 General
1121 1685 1337 1724 Lauriston,
1356 1691 1404 1720 der
1419 1687 1471 1727 sich
1490 1685 1664 1726 bekanntlich
1671 1687 1750 1719 eini¬

901 1731 937 1763 ge
947 1723 1010 1760 Zeit
1022 1730 1054 1764 zu
1068 1722 1153 1755 Wien
1165 1724 1299 1761 aufhält,
1320 1727 1405 1765 sagen
1416 1727 1556 1766 übrigens
1566 1726 1652 1756 andre
1665 1724 1747 1759 fran¬

900 1760 1012 1800 zösische
1026 1761 1161 1798 Blätter,
1195 1763 1250 1801 daß
1271 1764 1390 1800 derselbe
1402 1770 1457 1798 von
1480 1769 1544 1796 dort
1561 1762 1631 1802 nach
1647 1763 1745 1808 Kon¬

902 1799 1125 1838 stantinopel
1143 1800 1330 1842 abgegangen
1350 1804 1406 1840 sey.

940 1836 997 1869 Ein
1018 1837 1047 1869 in
1069 1836 1140 1870 aller
1158 1839 1274 1874 Einfalt
1289 1840 1489 1880 geschriebener
1500 1838 1591 1877 Brief
1608 1840 1668 1874 aus
1681 1841 1747 1872 Aa¬

901 1874 975 1910 chen
990 1882 1056 1906 vom
1074 1885 1103 1913 7.
1120 1878 1207 1911 Sept.
1222 1879 1255 1917 ist
1266 1881 1409 1918 deswegen
1424 1877 1560 1916 vielleicht
1578 1886 1636 1909 nur
1650 1886 1701 1909 um
1708 1876 1743 1913 so

899 1909 968 1952 viel
968 1909 1248 1952 charakteristischer.
1293 1917 1338 1949 Es
1355 1916 1430 1956 heißt
1448 1915 1549 1951 darin,
1579 1916 1669 1948 neben
1691 1923 1748 1948 an¬

900 1955 998 1983 derm:
1021 1954 1108 1989 „Der
1121 1953 1219 1987 Kaiser
1227 1955 1276 1990 hat
1286 1954 1365 1988 einen
1379 1955 1503 1998 strengen
1514 1954 1605 1990 Blick,
1613 1954 1743 1998 überaus

900 1990 957 2023 viel
966 1991 1123 2027 Gravität,
1143 1994 1199 2022 und
1211 1998 1342 2025 erwartet
1354 1992 1555 2036 Pünktlichkeit
1566 1994 1624 2025 und
1633 1992 1744 2024 Gerad¬

900 2029 959 2066 heit
970 2029 999 2060 in
1011 2033 1060 2061 den
1069 2032 1243 2063 Antworten.
1283 2031 1375 2064 Seine
1386 2028 1494 2072 Fragen
1509 2030 1567 2070 sind
1581 2028 1626 2066 oft
1637 2036 1743 2063 unvor¬

902 2068 1037 2107 gesehen,
1064 2070 1121 2099 und
1141 2065 1303 2103 erschüttern
1319 2071 1365 2102 die
1376 2067 1632 2105 Unvorbereiteten.
1682 2067 1742 2102 Ein

901 2104 1220 2143 Departementalrath,
1246 2108 1304 2142 auf
1323 2109 1472 2151 Befragen
1481 2119 1496 2145 ,
1510 2107 1629 2146 welchen
1642 2106 1746 2143 Beruf

902 2151 932 2178 er
953 2143 1059 2177 treibe?
1081 2149 1265 2181 antwortete,
1287 2153 1316 2179 er
1332 2147 1409 2180 wäre
1426 2149 1470 2180 ein
1490 2148 1697 2185 Ackersmann
1697 2148 1741 2185 —

902 2183 968 2219 Wie
977 2184 1021 2218 die
1031 2184 1137 2219 Erndte
1148 2184 1330 2226 ausgefallen
1339 2184 1435 2221 wäre?
1447 2186 1488 2220 —
1501 2186 1581 2223 Gut,
1599 2188 1656 2219 und
1668 2193 1740 2221 man
