3245 4606
285 206 472 238 Abonnement:

228 247 279 274 Bei
294 247 353 277 allen
362 247 513 281 Postbureaux

217 279 295 309 franko
316 280 384 310 durch
407 282 439 307 die
460 290 526 314 ganze

303 312 437 346 Schweiz

645 315 1110 542 Neue
1170 311 2618 618 Zürcher-Zeitung.

251 346 282 370 12
290 346 385 371 Monate
404 349 440 376 Fr.
452 349 488 374 16.

244 375 286 405 6
286 375 386 405 Monate
403 375 441 406 Fr.
460 378 489 404 8.

196 405 261 443 Für
268 407 343 437 Zürich
356 415 381 434 u.
391 409 522 443 Umgebung

242 439 280 465 bei
292 440 340 472 der
340 440 492 472 Expedition:

238 471 269 495 6
277 472 373 499 Monate
393 475 428 503 Fr.
439 476 454 500 6
456 494 461 499 .
472 488 502 496 —

252 502 267 525 3
278 501 373 527 Monate
391 505 427 532 Fr.
438 506 501 530 3.50

238 557 286 585 Für
296 558 344 583 das
362 560 493 587 Ausland

197 585 318 613 abonnire
326 593 381 613 man
388 589 429 619 gef.
437 590 477 616 bei
477 590 518 616 der

211 613 515 647 Post-Zeitungsexpedition

204 639 234 665 in
242 641 320 670 Zürich
337 644 386 669 oder
394 645 471 671 direkte
479 646 515 672 bei

237 669 279 693 den
288 670 405 703 Verlegern
414 674 484 703 selbst.

626 642 809 703 Zürich,
832 649 1037 711 Dienstag

1515 174 1646 278 Nr.
1646 174 1772 278 69.

2774 231 3016 269 Insertionsgebühr:

2738 271 2791 305 Die
2791 271 2923 305 4spaltige
2923 271 3047 305 Petitzeile

2783 298 2836 326 oder
2846 301 2907 329 deren
2920 300 3003 328 Raum

2821 326 2851 353 15
2854 326 2963 356 Rappen.

1357 608 1661 665 Dreiundvierzigster
1692 605 1873 669 Jahrgang.

2728 695 2799 726 Briefe
2805 695 2854 722 und
2857 696 2941 723 Gelder
2943 699 3028 730 franko.

1222 724 1315 754 Druck
1328 724 1391 754 und
1411 724 1519 762 Verlag
1538 730 1595 756 von
1614 725 1713 762 Orell,
1727 725 1819 763 Füßli
1836 729 1893 758 und
1913 728 2015 764 Comp.

2737 385 2933 416 Korrespondenzen
2951 386 3000 418 sind
3009 389 3040 415 an

2770 412 2806 439 die
2818 411 3006 442 Redaktion,

2727 442 2846 477 Inserate
2846 442 2953 477 dagegen
2953 442 2990 477 an
3005 445 3039 469 die

2801 471 2969 500 Expedition

2734 499 2781 523 der
2795 499 2826 534 N.
2826 499 3026 534 Zürcher-Zeitung

2761 528 2834 568 zu
2834 528 2963 568 adressiren.

2761 552 2952 586 Ankündigungen
2960 561 3003 585 von

2730 580 2911 610 Medikamenten
2927 583 3033 613 bedürfen

2744 613 2786 636 der
2796 613 2965 643 Genehmigung
2975 616 3012 641 der

2764 641 2997 673 Medizinaldirektion

2265 662 2344 718 10.
2362 659 2507 727 März
2530 667 2658 716 1863.

347 886 482 937 Sitzung
511 890 571 928 des
598 889 734 937 großen
761 890 907 936 Rathes.

220 987 367 1029 Zürich,
385 994 417 1023 9.
439 992 535 1033 März.
575 994 653 1030 Nach
671 997 730 1027 dem
751 995 873 1031 üblichen
893 997 985 1028 Gebet
1008 996 1090 1036 eröff¬

156 1031 223 1059 nete
242 1033 288 1063 der
308 1032 467 1072 Präsident,
488 1037 542 1073 Hr.
571 1037 626 1068 Dr.
644 1037 777 1075 Zehnder,
806 1038 849 1069 die
869 1038 1089 1079 Versammlung

155 1068 216 1101 mit
232 1072 378 1112 folgender
395 1077 489 1108 Rede:

391 1123 447 1155 Tit.

217 1166 266 1200 In
277 1169 322 1199 der
333 1168 419 1208 letzten
434 1172 607 1211 ordentlichen
621 1171 736 1211 Sitzung
756 1174 803 1204 des
817 1179 1000 1213 vergangenen
1012 1175 1086 1215 Jah¬

152 1214 205 1243 res
225 1214 312 1250 haben
331 1215 386 1248 Sie
408 1218 481 1258 selbst
504 1222 559 1251 eine
583 1219 750 1259 Fortsetzung
771 1220 911 1258 derselben,
929 1221 975 1252 als
998 1223 1085 1261 zweite

150 1257 325 1302 Abtheilung
350 1265 396 1295 der
416 1264 633 1306 Wintersitzung,
653 1267 683 1298 in
703 1266 828 1306 Aussicht
848 1276 1003 1306 genommen
1025 1272 1082 1301 und

149 1304 236 1345 dieser
248 1308 288 1340 die
301 1309 466 1352 Erledigung
478 1313 552 1345 eines
565 1313 665 1353 Theils
680 1315 724 1345 der
745 1314 791 1352 für
811 1314 866 1353 jene
888 1315 1017 1353 bestimmt
1038 1326 1083 1357 ge¬

147 1342 273 1393 wesenen
297 1356 468 1391 Traktanden
491 1361 673 1399 vorbehalten.
724 1360 903 1400 Verschiedene
928 1363 1082 1403 Umstände,

146 1399 339 1439 insbesondere
350 1406 413 1437 aber
424 1407 463 1438 die
482 1408 661 1447 umfassenden
681 1408 806 1439 Arbeiten
827 1410 871 1440 der
894 1409 1081 1450 Kommission,

146 1447 245 1487 welche
256 1450 313 1483 Sie
335 1461 382 1492 zur
403 1453 531 1495 Prüfung
541 1457 590 1487 des
610 1455 932 1495 Rechenschaftsberichtes
952 1459 1000 1488 des
1023 1458 1080 1490 Re¬

146 1494 375 1537 gierungsrathes
389 1501 485 1538 bestellt
496 1503 602 1541 hatten,
618 1503 781 1542 verzögerten
794 1503 834 1534 die
843 1503 1014 1545 Anordnung
1026 1506 1079 1537 die¬

142 1540 190 1579 ser
211 1542 342 1584 Sitzung.

210 1591 276 1623 Wir
296 1593 383 1632 stehen
403 1603 459 1626 nun
469 1597 565 1628 bereits
584 1605 621 1628 an
649 1599 695 1627 der
714 1595 818 1636 Grenze
847 1598 893 1628 des
913 1598 1077 1639 Frühlings.

141 1636 212 1668 Der
227 1639 335 1671 Winter
347 1641 377 1679 ist
390 1643 503 1674 vorüber
515 1646 570 1674 und
583 1652 612 1675 er
625 1644 671 1682 hat
683 1646 737 1674 uns
758 1643 972 1683 glücklicherweise
992 1648 1077 1678 weder

139 1684 327 1726 Hoffnungen
339 1688 369 1719 in
389 1689 479 1730 Bezug
493 1691 541 1729 auf
553 1691 592 1721 die
615 1691 805 1729 Fruchtbarkeit
828 1693 874 1722 des
890 1691 997 1730 Jahres
1017 1700 1075 1725 ver¬

136 1731 250 1771 nichtet,
264 1734 325 1772 noch
340 1735 536 1776 Unglücksfälle
548 1739 603 1769 und
624 1737 700 1776 Noth
713 1738 831 1777 gebracht
847 1738 948 1777 ähnlich
960 1739 1076 1779 denjeni¬

137 1787 207 1817 gen,
226 1781 316 1818 welche
329 1782 393 1813 über
417 1782 638 1824 Miteidgenossen
659 1784 687 1815 in
710 1787 811 1816 andern
833 1784 973 1817 Kantonen
997 1788 1072 1826 durch

131 1827 284 1867 gewaltige
307 1827 425 1861 Stürme
450 1830 517 1875 oder
517 1830 650 1875 Lawinen
662 1831 851 1871 herbeigeführt
871 1835 978 1864 worden
997 1832 1071 1872 seien.

203 1873 247 1905 Es
262 1874 335 1913 lastet
353 1876 423 1910 aber
435 1878 507 1917 auch,
526 1877 609 1910 Dank
621 1880 670 1909 der
691 1878 865 1917 Vorsehung,
886 1879 953 1916 nicht
972 1883 1071 1911 andere

133 1919 222 1960 Noth
249 1922 297 1958 auf
322 1925 371 1954 den
395 1925 565 1963 Bewohnern
583 1925 679 1964 unsers
703 1924 840 1961 Kantons,
858 1925 886 1962 so
911 1927 1068 1965 namentlich

128 1967 211 1999 nicht
221 1969 262 1999 die
275 1968 350 2008 Noth
364 1972 408 2000 der
421 1971 543 2003 Arbeits-
560 1973 616 2002 und
632 1970 889 2009 Verdienstlosigkeit,
909 1972 957 2002 wie
975 1973 1009 2010 sie
1019 1975 1068 2003 der

130 2014 244 2054 blutige
270 2016 443 2055 Bürgerkrieg
470 2018 499 2048 in
525 2020 572 2048 der
602 2017 862 2055 Schwesterrepublik
888 2018 992 2056 jenseits
1016 2021 1065 2050 des

127 2060 257 2100 Ozeans
270 2063 357 2102 längst
369 2064 484 2101 drohend
494 2064 525 2093 in
535 2063 658 2101 Aussicht
669 2062 765 2101 gestellt
776 2063 857 2099 hatte.
898 2063 1066 2102 Vergleichen

123 2108 191 2139 wir
205 2111 255 2140 den
270 2109 475 2148 gegenwärtigen
488 2109 586 2141 Stand
592 2111 638 2139 der
649 2108 910 2147 Gewerbsthätigkeit
919 2108 947 2139 in
958 2110 1064 2148 unserm

121 2155 250 2188 Kanton
255 2156 304 2187 mit
310 2157 368 2186 dem
373 2155 468 2186 Stand
475 2147 605 2192 derselben
610 2153 639 2185 in
644 2155 743 2185 andern
752 2154 926 2191 industriellen
933 2156 1064 2195 Staaten,

124 2203 162 2241 so
178 2203 366 2241 insbesondere
383 2202 522 2241 England,
543 2202 570 2240 so
595 2201 656 2240 liegt
675 2203 758 2232 etwas
778 2202 860 2239 höchst
886 2202 1062 2242 Erfreuliches

121 2250 162 2278 in
195 2252 243 2280 der
266 2248 497 2288 Wahrnehmung,
524 2245 578 2285 daß
600 2248 725 2286 während
749 2250 812 2278 dort
827 2249 867 2278 die
890 2249 992 2289 Folgen
1014 2253 1062 2282 des

120 2292 416 2330 nordamerikanischen
428 2293 538 2332 Krieges
552 2294 581 2324 in
595 2294 651 2331 sehr
664 2294 824 2326 drückendem
838 2295 925 2334 Maße
938 2296 1060 2336 eingetre¬

116 2342 176 2369 ten
190 2338 252 2377 sind
262 2339 319 2369 und
329 2340 409 2377 große
420 2339 607 2379 Arbeiternoth
622 2344 723 2380 erzeugt
745 2341 840 2379 haben,
858 2342 921 2381 diese
945 2344 1060 2383 gefürch¬

119 2388 201 2416 teten
216 2385 379 2424 Wirkungen
398 2387 435 2416 bei
455 2391 512 2418 uns
533 2397 579 2427 zur
603 2388 714 2419 Stunde
737 2389 799 2427 noch
822 2389 896 2428 nicht,
915 2392 976 2421 oder
999 2393 1058 2430 doch

122 2441 185 2464 nur
200 2432 230 2463 in
244 2432 433 2470 beschränktem,
452 2434 513 2465 weit
526 2435 687 2474 geringerem
700 2434 793 2466 Grade
815 2436 860 2474 sich
879 2437 990 2475 fühlbar
1012 2448 1056 2478 ge¬

125 2479 215 2518 macht
227 2478 323 2517 haben.
334 2479 428 2511 Neben
439 2482 484 2512 der
496 2481 733 2520 Seidenindustrie,
743 2483 791 2519 die,
811 2482 859 2513 wie
872 2483 945 2522 schon
958 2484 1054 2525 längst,

132 2527 270 2565 Tausende
283 2532 336 2556 von
361 2527 475 2565 Händen
496 2528 720 2566 ununterbrochen
742 2529 895 2569 beschäftigt,
914 2531 975 2568 geht
994 2534 1054 2570 auch

128 2574 164 2604 die
179 2572 499 2612 Baumwollenindustrie
512 2575 603 2614 rüstig,
622 2581 700 2606 wenn
720 2576 781 2613 auch
801 2576 867 2614 nicht
884 2586 950 2617 ganz
972 2587 1053 2618 unge¬

121 2622 237 2660 hemmt,
258 2620 334 2658 ihren
346 2620 431 2659 Gang
444 2621 499 2659 fort
509 2624 566 2653 und
587 2623 672 2660 nährt
692 2623 822 2661 ebenfalls
845 2624 885 2655 die
905 2625 1052 2664 Tausende,

119 2669 218 2706 welche
228 2668 270 2706 ihr
283 2667 338 2704 ihre
351 2667 443 2706 Kräfte
455 2669 578 2700 widmen.

182 2715 274 2753 Frägt
285 2723 351 2744 man
364 2715 424 2753 nach
438 2717 487 2747 den
501 2715 635 2748 Gründen
648 2717 725 2755 dieser
747 2718 913 2757 erfreulichen
935 2719 1051 2759 Erschei¬

116 2770 210 2801 nung,
230 2762 258 2800 so
272 2761 354 2798 lasten
366 2762 401 2799 sie
414 2762 459 2800 sich
472 2765 531 2794 dem
553 2764 649 2801 Wesen
672 2764 733 2800 nach
758 2765 831 2804 wohl
851 2767 929 2797 darin
951 2766 1050 2805 finden,

117 2810 171 2847 daß
196 2809 289 2847 unsere
321 2808 496 2847 industriellen
526 2810 657 2842 Gewerbe
689 2811 723 2841 im
750 2810 862 2851 Ganzen
888 2813 943 2843 eine
971 2814 1048 2850 solide

120 2856 284 2894 Grundlage
301 2854 395 2892 haben,
415 2855 469 2886 eine
491 2855 661 2896 Grundlage,
681 2857 727 2888 wie
749 2859 783 2895 sie
809 2859 965 2899 Erfahrung
991 2862 1046 2892 und

112 2903 236 2942 Umsicht
249 2901 401 2932 verbunden
413 2902 461 2933 mit
472 2903 594 2942 rastloser
607 2904 754 2943 Thätigkeit
764 2908 821 2936 und
842 2906 923 2937 einem
947 2907 1045 2939 Unter¬

106 2948 347 2988 nehmungsgeist,
365 2950 409 2979 der
432 2949 478 2987 sich
508 2957 561 2980 von
583 2950 771 2990 leichtfertigem
796 2951 950 2990 Schwindel
972 2955 1044 2993 wohl

103 2996 308 3035 unterscheidet,
325 3002 358 3033 zu
370 2995 476 3033 schaffen
490 2996 604 3035 geeignet
616 2997 682 3035 sind.
719 2996 763 3029 Es
777 2998 833 3036 sind
848 2998 902 3029 dies
917 2999 1043 3037 dieselben

99 3044 264 3080 Elemente,
283 3043 366 3072 denen
379 3042 428 3072 wir
441 3042 469 3073 in
482 3044 588 3078 unserm
602 3044 690 3082 ächten
702 3044 861 3076 Volksleben
875 3046 980 3078 überall
999 3047 1041 3079 be¬

99 3098 217 3131 gegnen
229 3092 285 3120 und
298 3089 345 3127 auf
356 3090 437 3119 denen
450 3090 542 3128 unsere
553 3090 700 3129 politischen
712 3094 768 3123 und
782 3092 891 3131 sozialen
903 3094 1039 3132 Zustände

98 3138 155 3176 sich
171 3135 320 3174 aufgebaut
332 3137 387 3166 und
400 3137 534 3168 entwickelt
546 3137 640 3176 haben.
658 3155 696 3161 —
716 3138 783 3170 Das
797 3139 910 3180 freudige
922 3139 1039 3181 Gefühl,

97 3188 157 3216 das
180 3184 221 3214 die
242 3182 417 3221 Verhältnisse
441 3185 485 3215 der
512 3183 676 3223 Gegenwart
708 3190 763 3217 uns
789 3187 937 3226 gewähren,
960 3189 1038 3219 trübt

96 3232 170 3269 auch
200 3230 243 3260 ein
256 3228 327 3259 Blick
348 3230 376 3260 in
398 3229 436 3259 die
457 3229 577 3269 Zukunft
598 3232 676 3270 nicht.
714 3232 781 3264 Das
802 3234 951 3266 Vaterland
972 3235 1037 3274 steht

98 3278 170 3317 nach
186 3276 295 3314 Außen,
313 3275 362 3313 frei
375 3278 429 3308 und
450 3278 568 3316 geachtet,
588 3277 617 3309 in
640 3278 752 3316 Frieden
772 3279 822 3311 mit
842 3280 911 3312 allen
933 3285 1035 3313 andern

1157 845 1288 885 Staaten,
1298 847 1354 878 und
1367 845 1578 887 Erscheinungen
1592 848 1638 886 im
1658 846 1784 888 Innern,
1801 850 1892 888 welche
1914 850 2083 890 Besorgnisse

1156 893 1201 932 für
1213 893 1252 924 die
1264 892 1357 933 ruhige
1368 894 1424 927 und
1437 894 1564 934 glückliche
1571 895 1759 939 Entwicklung
1759 895 1870 939 unserer
1870 895 2081 939 schweizerischen

1155 939 1333 979 Verhältnisse
1345 940 1466 972 erwecken
1479 941 1599 980 konnten,
1616 942 1705 982 haben
1717 943 1804 977 keinen
1816 944 1915 977 Boden
1934 944 2031 984 gefaßt.

1211 986 1256 1021 In
1266 987 1373 1027 unserm
1378 987 1501 1020 Kanton
1506 988 1541 1028 ist
1554 995 1630 1030 zwar
1640 989 1671 1021 in
1685 991 1750 1023 das
1772 990 1900 1030 politische
1920 990 2079 1029 Stillleben,

1153 1033 1202 1065 wie
1224 1037 1252 1065 es
1275 1033 1400 1074 während
1423 1035 1493 1067 einer
1506 1035 1626 1077 längern
1642 1036 1733 1078 Reihe
1754 1044 1808 1070 von
1829 1036 1939 1078 Jahren
1956 1039 2080 1078 gewaltet

1153 1081 1206 1121 hat,
1221 1080 1381 1122 Bewegung
1394 1083 1540 1122 gekommen
1552 1084 1631 1123 durch
1640 1083 1931 1126 Verfassungsfragen;
1943 1086 2007 1117 aber
2016 1085 2080 1118 weit

1150 1128 1274 1167 entfernt,
1304 1131 1391 1160 etwas
1416 1128 1660 1171 Beunruhigendes
1681 1132 1759 1164 darin
1779 1140 1812 1174 zu
1836 1132 1963 1170 erblicken,
1980 1133 2078 1172 dürfen

1149 1174 1200 1207 wir
1212 1175 1275 1215 diese
1283 1172 1453 1216 Bewegung,
1471 1176 1555 1215 ihrem
1580 1176 1735 1219 Ursprunge
1756 1180 1812 1211 und
1833 1180 1908 1218 ihren
1925 1179 2077 1220 bisherigen

1147 1222 1319 1263 allgemeinen
1331 1221 1550 1263 Kundgebungen
1568 1224 1639 1264 nach,
1657 1224 1784 1266 vielmehr
1802 1226 1848 1258 als
1872 1226 1928 1258 eine
1949 1234 2073 1267 naturge¬

1147 1269 1225 1308 mäße
1249 1269 1434 1310 Erscheinung,
1448 1270 1499 1302 als
1520 1272 1575 1304 das
1593 1272 1716 1303 normale
1735 1272 1889 1313 Symptom
1910 1274 1980 1306 einer
2004 1274 2073 1313 fort¬

1141 1316 1321 1356 schreitenden
1326 1316 1506 1357 Entwicklung
1520 1317 1582 1357 auch
1595 1317 1633 1354 im
1643 1319 1802 1352 kantonalen
1815 1319 1897 1353 Leben
1919 1321 2071 1359 betrachten.

1143 1362 1203 1395 Die
1215 1363 1358 1401 Behörden
1364 1364 1445 1403 selbst
1457 1364 1549 1402 haben
1566 1365 1768 1407 Veranlassung
1789 1369 1855 1408 dazu
1878 1368 1988 1407 gegeben
2012 1370 2068 1401 und

1140 1409 1181 1449 sie
1191 1410 1291 1450 folgten
1301 1410 1381 1442 dabei
1392 1410 1551 1451 keineswegs
1568 1412 1661 1445 einem
1677 1414 1780 1452 äußern
1801 1414 1931 1453 Impuls,
1948 1417 1994 1447 der
2005 1416 2070 1454 auch

1144 1462 1206 1488 vom
1218 1457 1331 1489 Volke
1344 1462 1398 1489 aus
1413 1475 1452 1481 —
1464 1458 1501 1497 ich
1512 1458 1606 1492 betone
1617 1459 1699 1499 dieses
1710 1456 1795 1493 Wort
1809 1478 1849 1486 —
1870 1462 1937 1500 nicht
1954 1463 2070 1503 gegeben

1142 1505 1243 1535 werden
1255 1504 1352 1542 wollte;
1375 1505 1484 1543 sondern
1499 1505 1607 1547 innern,
1622 1506 1652 1538 in
1676 1507 1747 1546 ihrer
1770 1508 1904 1548 Stellung
1924 1510 1979 1541 und
1995 1509 2068 1548 Auf¬

1142 1550 1206 1590 gabe
1219 1550 1352 1590 liegenden
1365 1551 1595 1592 Beweggründen.

1199 1598 1254 1630 Die
1267 1598 1353 1638 Frage
1367 1600 1412 1630 der
1424 1598 1718 1640 Verfaffungsrevision
1732 1601 1762 1640 ist
1774 1602 1896 1643 nämlich,
1909 1603 1957 1634 wie
1970 1601 2066 1642 Ihnen

1139 1644 1258 1682 bekannt,
1282 1645 1358 1683 durch
1379 1646 1418 1676 die
1433 1645 1612 1680 Vorarbeiten
1628 1647 1675 1687 für
1695 1647 1750 1680 eine
1760 1649 1881 1682 revidirte
1893 1649 2064 1689 Gerichtsor¬

1139 1692 1292 1732 ganisation
1292 1692 1480 1732 herbeigeführt
1493 1694 1606 1733 worden,
1623 1693 1708 1727 indem
1713 1696 1813 1735 gewisse
1825 1696 2063 1738 Veränderungen,

1138 1739 1227 1776 welche
1245 1739 1328 1777 hierin
1347 1740 1376 1771 in
1395 1739 1618 1782 vorberathender
1618 1739 1751 1782 Instanz
1772 1744 1815 1774 als
1829 1745 2060 1783 wünschenswerth

1137 1786 1242 1817 erkannt
1260 1789 1366 1817 worden
1379 1786 1444 1825 sind,
1462 1787 1511 1825 erst
1533 1788 1608 1818 dann
1631 1787 1708 1826 durch
1727 1791 1779 1819 das
1800 1789 1954 1829 betreffende
1973 1790 2060 1830 Gesetz

1135 1832 1188 1864 in's
1209 1832 1291 1864 Leben
1309 1833 1414 1871 geführt
1432 1835 1536 1863 werden
1552 1832 1675 1872 könnten,
1693 1835 1813 1873 nachdem
1832 1836 1943 1876 einzelne
1953 1837 2058 1876 hierauf

1135 1878 1272 1918 bezügliche
1310 1879 1528 1919 Bestimmungen
1556 1883 1603 1912 der
1632 1880 1793 1921 Verfassung
1812 1884 1908 1922 vorher
1931 1885 1979 1923 auf
2000 1886 2057 1916 dem

1136 1924 1216 1964 Wege
1236 1927 1280 1956 der
1301 1925 1427 1963 Revision
1440 1925 1580 1965 modifizirt
1591 1928 1698 1958 worden
1709 1928 1807 1960 wären.
1848 1929 1890 1961 Es
1909 1931 1997 1969 mußte
2007 1931 2053 1970 sich

1132 1972 1187 2010 also
1208 1971 1246 2002 die
1268 1971 1355 2011 Frage
1378 1971 1474 2009 stellen,
1495 1974 1527 2003 ob
1541 1974 1580 2004 die
1599 1974 1807 2013 entsprechenden
1825 1976 2053 2017 Verfassungsän¬

1131 2020 1264 2056 derungen
1283 2018 1433 2056 angebahnt
1451 2020 1576 2049 werden
1581 2018 1662 2057 sollen
1673 2022 1737 2051 oder
1750 2022 1815 2059 nicht
1828 2025 1883 2053 und
1896 2023 1998 2060 sodann
2008 2025 2053 2063 lag

1131 2064 1170 2094 die
1190 2064 1296 2094 weitere
1314 2064 1402 2103 Frage
1417 2065 1493 2103 nahe,
1507 2065 1539 2095 ob
1553 2064 1593 2096 bei
1605 2064 1778 2106 Gelegenheit
1787 2068 1881 2106 solcher
1892 2069 2052 2109 Revisions¬

1130 2110 1273 2149 vorschläge
1286 2110 1352 2148 nicht
1364 2111 1425 2150 auch
1438 2112 1500 2146 noch
1513 2113 1611 2144 andere
1622 2112 1813 2154 Aenderungen
1827 2118 1871 2146 der
1889 2116 2050 2157 Verfassung

1129 2159 1186 2188 dem
1209 2156 1320 2196 Großen
1345 2157 1436 2196 Rathe
1460 2160 1516 2189 und
1538 2161 1597 2191 dem
1618 2159 1698 2191 Volke
1727 2162 1921 2202 vorgeschlagen
1946 2167 2049 2195 werden

1126 2205 1229 2243 sollten,
1246 2205 1450 2245 Aenderungen,
1468 2206 1509 2237 die
1525 2212 1599 2246 zwar
1620 2208 1689 2245 nicht
1708 2211 1833 2248 geradezu
1854 2211 1900 2242 als
1910 2211 2050 2250 dringend,

1127 2250 1189 2282 aber
1206 2253 1265 2289 doch
1278 2252 1321 2283 als
1333 2252 1474 2292 zeitgemäß
1487 2252 1621 2292 betrachtet
1633 2255 1738 2286 werden
1750 2256 1860 2288 können.

1185 2297 1233 2329 So
1246 2299 1295 2337 auf
1305 2299 1347 2329 die
1360 2299 1444 2337 Bahn
1455 2300 1582 2340 gebracht,
1592 2301 1637 2339 hat
1650 2301 1696 2340 sich
1709 2302 1748 2333 die
1763 2302 1988 2343 Aufmerksamkeit
2003 2307 2048 2336 der

1127 2344 1236 2384 Bürger
1255 2345 1306 2377 mit
1326 2346 1407 2384 Recht
1428 2347 1511 2385 diesen
1530 2347 1803 2389 Verfassungsfragen
1816 2353 1979 2390 zugewendet
1989 2354 2046 2384 und

1124 2391 1163 2422 die
1183 2391 1324 2429 besonnene
1347 2393 1408 2430 Art,
1427 2394 1475 2425 wie
1497 2394 1603 2432 dieselbe
1622 2396 1650 2426 in
1668 2396 1754 2427 vielen
1774 2399 1828 2428 und
1849 2398 2045 2437 verschiedenar¬

1122 2438 1194 2477 tigen
1212 2439 1317 2478 Kreisen
1340 2440 1489 2479 besprochen
1510 2444 1618 2473 worden
1640 2443 1706 2481 sind,
1725 2447 1799 2483 zeugt
1816 2445 1905 2483 dafür,
1931 2447 1981 2485 daß
2005 2446 2044 2477 die

1122 2486 1203 2524 große
1225 2485 1363 2525 Mehrheit
1377 2490 1424 2518 des
1436 2487 1535 2519 Volkes
1547 2490 1598 2519 den
1611 2488 1693 2528 Ernst
1705 2494 1751 2521 der
1764 2491 1852 2530 Sache
1862 2492 1965 2524 erkennt
1986 2496 2042 2525 und

1118 2531 1187 2570 nicht
1205 2533 1302 2572 gewillt
1322 2534 1365 2571 ist,
1386 2535 1605 2575 anderwärtigem
1627 2536 1743 2576 Beispiel
1766 2538 1880 2577 folgend,
1901 2539 1940 2571 die
1960 2540 2041 2572 Revi¬

1120 2578 1269 2618 sionsfrage
1288 2589 1347 2619 zum
1369 2580 1452 2619 Hebel
1472 2589 1503 2620 zu
1521 2583 1632 2620 machen,
1651 2584 1701 2615 mit
1722 2586 1780 2615 dem
1800 2588 1853 2616 das
1871 2587 2041 2624 Fundament

1118 2627 1213 2664 unsers
1230 2627 1376 2666 staatlichen
1397 2631 1453 2659 und
1470 2629 1582 2668 sozialen
1602 2629 1748 2662 Gebäudes
1768 2632 1917 2669 erschüttert
1936 2637 2040 2666 werden

1117 2672 1175 2711 soll,
1193 2674 1244 2712 daß
1269 2678 1299 2705 es
1321 2674 1389 2712 nicht
1413 2676 1542 2715 gesonnen
1562 2676 1601 2715 ist,
1619 2678 1695 2715 durch
1709 2679 1764 2710 eine
1777 2678 1971 2720 Totalrevision
1984 2682 2038 2713 eine

1116 2719 1275 2760 Verfassung
1290 2723 1350 2753 oder
1359 2722 1752 2765 Verfassungsbestimmungen,
1765 2726 1802 2757 die
1814 2731 1844 2758 ea
1857 2728 1903 2759 als
1912 2731 1962 2767 gut
1981 2731 2037 2760 und

1114 2768 1254 2805 werthvoll
1258 2769 1365 2800 erkannt
1373 2769 1419 2808 hat
1419 2769 1494 2808 auf's
1500 2770 1581 2811 Spiel
1581 2770 1619 2811 zu
1632 2772 1716 2810 setzen,
1735 2783 1780 2804 um
1789 2772 1955 2813 zweifelhafte
1963 2776 2036 2814 künf¬

1113 2814 1164 2853 tige
1178 2814 1431 2855 Errungenschaften
1444 2827 1481 2849 an
1496 2820 1573 2850 deren
1587 2819 1677 2850 Stelle
1689 2824 1772 2851 treten
1784 2830 1814 2860 zu
1833 2822 1922 2860 lassen.

1152 2861 1219 2892 Das
1228 2863 1403 2901 Zürcherische
1408 2863 1477 2895 Volk
1487 2865 1552 2902 weiß
1559 2866 1612 2898 und
1612 2866 1760 2898 anerkennt
1770 2869 1817 2907 es,
1817 2869 1872 2907 daß
1882 2870 1972 2907 unsere
1972 2870 2031 2907 Ver¬

1111 2907 1213 2947 fassung
1221 2911 1272 2939 das
1280 2910 1423 2949 gelungene
1437 2911 1514 2943 Werk
1525 2912 1595 2943 einer
1610 2913 1708 2952 Epoche
1721 2914 1760 2952 ist,
1768 2917 1844 2956 deren
1844 2917 2033 2956 Begeisterung

1110 2955 1155 2991 für
1174 2955 1288 2993 Freiheit
1308 2959 1364 2988 und
1383 2957 1538 2994 Volkswohl
1556 2962 1613 2990 und
1632 2962 1711 2991 deren
1721 2960 1860 3000 Thatkraft
1878 2964 1939 3001 noch
1958 2964 2033 3002 heute

1108 3001 1138 3031 in
1158 3003 1313 3041 zahlreichen
1327 3004 1474 3043 glücklichen
1487 3005 1678 3045 Schöpfungen
1693 3008 1740 3046 sich
1759 3012 1814 3038 uns
1837 3011 2031 3048 vergegenwär¬

1106 3047 1165 3088 tigt,
1184 3049 1255 3080 einer
1273 3048 1384 3089 Epoche,
1402 3052 1442 3081 die
1458 3052 1488 3082 in
1508 3055 1553 3083 der
1572 3061 1670 3084 neuern
1688 3053 1830 3092 Geschichte
1845 3059 1889 3086 des
1903 3055 2029 3089 Kantons

1106 3095 1201 3133 Zürich
1232 3096 1273 3127 die
1302 3098 1429 3135 schönsten
1454 3098 1565 3131 Blätter
1584 3100 1655 3138 füllt.
1699 3101 1811 3133 Darum
1831 3103 1948 3142 erscheint
1966 3104 2030 3143 diese

1105 3141 1264 3182 Verfassung
1277 3145 1381 3181 unserm
1395 3144 1473 3177 Volke
1486 3154 1533 3176 um
1544 3146 1571 3185 so
1584 3147 1657 3186 mehr
1671 3149 1717 3180 als
1731 3149 1773 3179 ein
1786 3146 1858 3187 Gut,
1875 3152 1926 3181 das
1944 3150 2029 3188 seiner

1103 3189 1186 3227 hohen
1207 3189 1429 3231 Werthschätzung
1449 3192 1552 3232 würdig
1573 3193 1604 3232 ist
1621 3196 1678 3224 und
1697 3195 1761 3226 eben
1780 3197 1873 3227 darum
1894 3196 1959 3228 wird
1979 3198 2026 3237 sich

1102 3236 1164 3274 auch
1184 3236 1223 3266 die
1241 3237 1384 3276 Hoffnung
1403 3238 1574 3272 vollkommen
1588 3241 1772 3281 gerechtfertigt
1790 3243 1898 3281 finden,
1926 3245 1977 3282 daß
1996 3244 2025 3276 in

1101 3283 1147 3314 der
1174 3283 1275 3321 ernsten
1303 3286 1360 3314 und
1389 3284 1521 3324 wichtigen
1543 3285 1630 3326 Frage
1648 3289 1694 3319 der
1713 3288 1843 3328 Revision
1859 3291 1937 3329 dieser
1955 3290 2024 3323 Ver¬

2145 853 2252 894 fassung
2268 854 2312 885 ein
2329 853 2521 894 ersprießliches
2540 857 2783 897 Zusammengehen
2798 858 2998 898 zwischenVolk
3007 863 3067 894 und

2145 900 2288 937 Behörden
2300 901 2339 932 die
2357 900 2446 939 Sache
2463 910 2525 942 zum
2543 906 2622 943 guten
2641 903 2717 944 Ziele
2735 904 2831 944 führen
2848 907 2941 938 werde.

2192 946 2260 979 Tit.
2293 947 2353 980 Die
2372 948 2553 990 Traktanden
2553 948 2637 990 dieser
2654 951 2770 991 Sitzung
2784 952 2850 991 lasse
2860 952 2896 990 ich
2909 953 3065 994 unberührt.

2143 993 2188 1026 Es
2209 995 2300 1033 müßte
2318 995 2381 1034 auch
2405 996 2502 1034 Ihnen
2522 997 2576 1029 mit
2596 998 2715 1037 Hinsicht
2735 999 2785 1037 auf
2804 1000 2848 1031 die
2857 996 3064 1042 gesetzgeberische

2143 1040 2263 1081 Vorlage
2289 1042 2334 1073 als
2360 1043 2514 1084 überflüssig
2539 1045 2687 1083 erscheinen,
2712 1044 2799 1078 wollte
2819 1046 2856 1085 ich
2879 1042 2968 1080 Allem
2999 1050 3064 1087 dem,

2141 1092 2204 1119 was
2222 1083 2319 1128 Ihnen
2340 1089 2454 1122 darüber
2474 1091 2547 1129 schon
2572 1093 2658 1132 gesagt
2675 1095 2733 1124 und
2752 1097 2814 1125 was
2836 1093 2932 1133 Ihnen
2950 1096 3062 1135 gedruckt

2137 1135 2295 1175 mitgetheilt
2315 1138 2423 1168 worden
2441 1137 2480 1176 ist,
2497 1140 2563 1177 auch
2576 1145 2630 1170 von
2641 1138 2722 1178 dieser
2730 1135 2822 1173 Stelle
2831 1144 2885 1172 aus
2897 1143 2961 1180 noch
2972 1143 3055 1175 etwas

2139 1181 2270 1222 beifügen,
2287 1185 2342 1215 und
2353 1188 2413 1216 was
2426 1186 2475 1216 den
2485 1184 2591 1225 Bericht
2603 1186 2691 1225 Ihrer
2704 1185 2888 1227 Kommission,
2907 1189 2998 1228 welche
3013 1187 3059 1222 die

2138 1229 2411 1271 Landesverwaltung
2427 1241 2461 1271 zu
2478 1232 2574 1271 prüfen
2592 1233 2670 1272 hatte,
2689 1234 2796 1274 betrifft,
2813 1235 2841 1274 so
2860 1234 2966 1275 begreift
2987 1232 3058 1276 sich's

2136 1277 2218 1315 leicht,
2242 1284 2320 1310 wenn
2346 1277 2384 1317 ich
2412 1279 2474 1317 mich
2502 1280 2599 1319 darauf
2627 1280 2779 1320 beschränke,
2796 1282 2836 1313 die
2859 1282 3057 1325 Ueberzeugung

2135 1324 2354 1364 auszusprechen,
2354 1324 2415 1364 daß
2433 1327 2478 1357 der
2499 1326 2584 1365 Fleiß,
2609 1328 2662 1359 mit
2669 1329 2735 1359 dem
2759 1329 2799 1359 die
2811 1328 2988 1369 Kommission
3001 1331 3054 1369 ihre

2133 1371 2257 1411 Aufgabe
2285 1380 2317 1411 zu
2344 1372 2455 1411 erfüllen
2483 1373 2529 1412 sich
2559 1373 2666 1412 bestrebt
2698 1375 2757 1412 hat,
2789 1375 2981 1417 Anerkennug
2995 1380 3055 1411 und

2133 1416 2218 1450 Dank
2233 1418 2275 1450 bei
2293 1419 2389 1458 Ihnen
2403 1420 2490 1458 finden
2508 1423 2601 1452 werde.

2187 1465 2247 1497 Tit.
2283 1466 2335 1505 Ich
2360 1466 2430 1498 kann
2459 1467 2525 1505 nicht
2550 1467 2694 1507 schließen,
2722 1469 2791 1508 ohne
2817 1469 2874 1502 Sie
2899 1472 2948 1506 um
2980 1472 3051 1511 Ihre

2131 1511 2266 1551 Nachsicht
2287 1513 2333 1551 für
2349 1515 2434 1546 meine
2453 1511 2692 1555 Geschäftsleitung
2711 1525 2741 1556 zu
2754 1514 2845 1549 bitten.
2882 1514 2936 1551 Sie
2947 1521 3051 1551 werden

2129 1560 2182 1591 mir
2194 1560 2259 1599 diese
2271 1561 2346 1592 Bitte
2358 1561 2505 1600 hoffentlich
2524 1568 2572 1594 um
2582 1563 2610 1600 so
2623 1562 2683 1601 eher
2695 1563 2831 1603 gewähren
2850 1571 2926 1597 wenn
2936 1565 2991 1598 Sie
3001 1560 3049 1605 sich

2126 1607 2261 1644 erinnern,
2292 1608 2344 1645 daß
2369 1607 2441 1646 schon
2472 1608 2603 1649 ungefähr
2631 1611 2669 1641 20
2701 1610 2789 1648 Jahre
2815 1611 2951 1651 verflossen
2973 1613 3039 1652 sind,

2124 1654 2174 1692 seit
2195 1654 2232 1692 ich
2238 1664 2312 1694 zum
2334 1655 2416 1694 ersten
2435 1652 2504 1688 Mal
2525 1664 2578 1688 von
2599 1656 2692 1696 diesem
2710 1652 2785 1696 Sitze
2795 1662 2849 1690 aus
2860 1667 2920 1698 zum
2931 1657 3045 1699 Großen

2128 1700 2220 1740 Rathe
2232 1702 2380 1741 gesprochen
2393 1704 2447 1733 und
2461 1703 2511 1742 daß
2525 1707 2556 1735 es
2567 1705 2605 1737 30
2618 1704 2709 1743 Jahre
2719 1705 2787 1743 sind,
2798 1705 2843 1744 seit
2855 1706 2917 1744 diese
2925 1707 3047 1745 Behörde

2125 1748 2179 1779 mir
2192 1748 2233 1779 die
2246 1749 2317 1784 Ehre
2330 1748 2449 1786 erwiesen
2456 1749 2516 1788 hat,
2539 1751 2607 1789 mich,
2614 1750 2644 1783 in
2653 1751 2726 1790 Ihre
2747 1751 2835 1784 Mitte
2851 1753 3047 1793 aufzunehmen.

2182 1795 2291 1835 Mögen
2320 1795 2393 1833 Ihre
2418 1795 2546 1828 Arbeiten
2573 1804 2626 1828 von
2649 1798 2810 1838 glücklichem
2848 1800 2957 1840 Erfolge
2983 1801 3046 1839 sein.

2123 1842 2176 1881 Ich
2195 1842 2293 1874 erkläre
2304 1842 2343 1873 die
2360 1842 2447 1882 zweite
2465 1843 2559 1883 Hälfte
2577 1846 2622 1876 der
2640 1844 2841 1886 Wintersitzung
2863 1847 2907 1886 für
2923 1848 3043 1887 eröffnet.

2409 1890 2427 1908 *
2571 1883 2626 1930 *
2742 1892 2762 1912 *

2176 1937 2245 1967 Das
2264 1935 2431 1972 Präsidium
2460 1936 2532 1977 zeigt
2559 1946 2613 1974 an,
2644 1938 2700 1975 daß
2727 1939 2772 1971 die
2790 1940 2966 1974 Traktanden
2988 1940 3036 1985 sich

2118 1978 2257 2014 vermehrt
2284 1978 2375 2014 haben
2400 1980 2479 2016 durch
2504 1983 2558 2012 das
2580 1981 2856 2021 Entlassungsgesuch
2876 1985 2923 2014 des
2944 1985 3036 2021 Herrn

2117 2018 2257 2055 Oberstlt.
2280 2019 2359 2055 Pfau
2384 2019 2430 2049 als
2451 2020 2584 2059 Mitglied
2611 2024 2659 2053 des
2683 2018 2738 2054 Gr.
2758 2022 2879 2062 Rathes,
2898 2028 2957 2057 und
2984 2028 3035 2058 des

2117 2061 2192 2096 Hrn.
2216 2061 2245 2092 R.
2258 2061 2298 2092 R.
2321 2062 2487 2100 Hagenbuch
2519 2068 2575 2094 von
2600 2066 2646 2094 der
2666 2062 2762 2096 Stelle
2781 2066 2857 2098 eines
2879 2066 3034 2100 Vertreters

2116 2105 2166 2133 des
2188 2102 2400 2140 Großrichters.

2175 2145 2201 2175 1.
2226 2145 2283 2176 Die
2303 2145 2395 2182 Wahl
2422 2148 2468 2176 des
2488 2147 2562 2183 Hrn.
2585 2146 2642 2179 Dr.
2663 2149 2808 2195 Dürsteler
2828 2150 2875 2181 als
2895 2151 3032 2190 Mitglied

2114 2189 2164 2217 des
2186 2188 2244 2218 Gr.
2265 2187 2375 2224 Rathes
2404 2188 2474 2218 wird
2502 2190 2650 2225 anerkannt
2678 2193 2734 2222 und
2749 2187 2816 2228 Hr.
2830 2192 2974 2229 Dürsteler
2991 2194 3037 2231 so¬

2113 2229 2174 2265 fort
2191 2229 2321 2267 beeidigt.

2170 2271 2199 2301 2.
2241 2272 2316 2302 Dem
2335 2272 2617 2312 Entlassungsgesuch
2642 2276 2691 2306 des
2711 2277 2782 2314 Hrn.
2803 2276 2928 2312 Oberstl.
2950 2275 3029 2315 Pfau

2110 2314 2184 2344 wird
2206 2315 2289 2343 unter
2305 2314 2390 2350 bester
2409 2314 2596 2355 Verdankung
2625 2315 2672 2353 für
2691 2317 2821 2357 geleistete
2840 2319 2953 2358 Dienste
2973 2324 3030 2352 ent¬

2111 2355 2250 2393 sprochen.
2291 2356 2342 2391 Hr.
2366 2355 2447 2392 Pfau
2464 2356 2541 2394 hatte
2560 2357 2630 2395 seine
2649 2359 2809 2398 Demission
2827 2364 2883 2392 aus
2902 2360 3030 2399 Gesund¬

2112 2397 2344 2437 heitsrücksichten
2365 2400 2505 2439 verlangt.

2170 2442 2196 2471 3.
2221 2439 2296 2479 Auch
2318 2441 2391 2477 Hrn.
2413 2442 2496 2473 R.R.
2518 2443 2685 2482 Hagenbuch
2714 2445 2783 2476 wird
2803 2447 2846 2477 die
2866 2447 3030 2491 gewünschte

2110 2481 2284 2520 Entlassung
2306 2486 2364 2513 von
2384 2486 2430 2514 der
2439 2483 2533 2516 Stelle
2542 2485 2620 2515 eines
2631 2486 2857 2519 Stellvertreters
2869 2489 2919 2520 des
2927 2489 3031 2528 Gosß¬

2108 2524 2223 2561 richters
2254 2525 2294 2554 im
2324 2525 2489 2556 kantonalen
2515 2527 2720 2567 Kriegsgericht
2746 2533 2829 2560 unter
2856 2530 2938 2569 bester
2955 2531 3028 2564 Ver¬

2108 2566 2239 2605 dankung
2258 2567 2306 2604 für
2326 2568 2457 2606 geleistete
2476 2569 2589 2605 Dienste
2608 2571 2727 2608 ertheilt.

2164 2608 2192 2638 4.
2217 2609 2461 2647 Gesetzesentwurf
2479 2611 2619 2648 betreffend
2641 2616 2692 2643 den
2713 2613 2837 2651 Verkauf
2855 2619 2912 2646 von
2931 2617 3023 2653 Brod,

2107 2653 2210 2689 Mehl,
2242 2654 2371 2685 Getreide
2392 2662 2427 2684 rc.
2477 2655 2544 2685 Aus
2565 2658 2625 2687 dem
2644 2659 2758 2695 Referat
2778 2662 2825 2689 des
2845 2660 2918 2695 Hrn.
2940 2662 3023 2693 R.R.

2106 2696 2183 2734 Benz
2206 2695 2267 2733 geht
2287 2696 2408 2732 hervor,
2429 2697 2482 2733 daß
2501 2698 2545 2728 die
2564 2699 2758 2739 Bestimmung
2779 2704 2826 2732 des
2848 2703 2919 2734 1859
2940 2704 3025 2741 erlas¬

2104 2737 2183 2775 senen
2206 2737 2342 2776 Gesetzes,
2379 2741 2423 2769 der
2445 2739 2543 2770 Bäcker
2564 2740 2645 2779 müsse
2664 2744 2724 2773 dem
2743 2742 2850 2780 Käufer
2869 2747 2921 2776 das
2942 2747 3022 2777 Brod

2104 2779 2265 2817 vorwägen,
2288 2780 2359 2817 nicht
2378 2779 2570 2820 durchgeführt
2587 2785 2696 2814 werden
2715 2785 2812 2817 konnte
2832 2789 2888 2817 und
2899 2787 2959 2827 jetzt
2972 2797 3024 2827 gar

2103 2821 2174 2852 keine
2193 2820 2333 2852 Kontrole
2359 2822 2442 2860 geübt
2469 2827 2565 2855 werde.
2615 2825 2714 2863 Dieser
2731 2829 2909 2868 Unordnung
2937 2831 3023 2869 müsst

2103 2864 2234 2902 gesteuert
2252 2865 2359 2893 werden
2380 2866 2543 2905 namentlich
2570 2867 2610 2898 im
2627 2868 2763 2906 Hinblicke
2787 2871 2840 2906 auf
2857 2872 2898 2902 die
2918 2873 3020 2903 ärmere

2099 2905 2195 2942 Klasse
2215 2907 2261 2935 der
2280 2904 2496 2945 Bevölkerung,
2529 2908 2624 2947 welche
2651 2914 2709 2940 von
2735 2913 2787 2942 den
2806 2912 2925 2944 Bäckern
2951 2914 3020 2945 viel¬

2099 2947 2181 2985 fältig
2205 2946 2345 2986 abhängig
2365 2947 2411 2985 sei.
2464 2950 2563 2988 Daher
2590 2954 2636 2982 der
2654 2952 2807 2993 Vorschlag
2837 2958 2884 2985 des
2915 2956 3021 2988 vorlie¬

2099 2991 2201 3027 genden
2224 2989 2394 3024 Entwurfs,
2426 2999 2457 3029 zu
2483 2993 2534 3022 den
2560 2998 2611 3025 vor
2631 2993 2704 3026 1859
2723 2995 2864 3035 geltenden
2881 2996 3018 3038 Gesetzes¬

2097 3031 2319 3070 bestimmungen
2337 3032 2407 3064 über
2424 3037 2475 3065 den
2492 3034 2691 3073 Brodverkauf
2706 3038 2936 3078 zurückzukehren,
2959 3046 3018 3072 wo¬

2096 3074 2160 3110 nach
2179 3073 2225 3104 die
2245 3073 2344 3105 Bäcker
2365 3076 2531 3114 angehalten
2554 3078 2622 3115 sind,
2644 3084 2725 3110 unter
2742 3082 2927 3120 polizeilicher
2941 3082 3016 3121 Auf¬

2096 3115 2158 3153 sicht
2176 3116 2274 3147 Brode
2304 3120 2360 3146 von
2393 3118 2479 3148 einem
2511 3119 2680 3157 bestimmten
2702 3122 2825 3162 Gewicht
2853 3132 2885 3163 zu
2913 3125 3014 3162 backen,

2152 3163 2205 3197 Hr.
2227 3162 2378 3200 Präsident
2397 3165 2556 3196 Widmer
2582 3167 2720 3205 bedauert,
2746 3170 2800 3206 daß
2831 3178 2898 3201 man
2916 3180 2953 3201 an
2972 3173 3016 3203 die

2095 3204 2189 3234 Stelle
2220 3206 2266 3235 des
2297 3205 2397 3242 bessern
2429 3206 2546 3247 Gesetzes
2567 3209 2610 3238 ein
2640 3209 2805 3248 schlechteres
2834 3212 2909 3251 setzen
2940 3214 3011 3245 will,

2093 3245 2168 3278 Was
2189 3247 2237 3276 bis
2255 3248 2313 3285 jetzt
2332 3248 2473 3287 gegolten,
2500 3248 2572 3285 hätte
2591 3251 2666 3287 schon
2697 3252 2888 3293 durchgeführt
2907 3258 3014 3287 werden

2098 3289 2217 3326 können,
2237 3296 2318 3319 wenn
2338 3298 2404 3320 man
2424 3292 2583 3331 energischer
2601 3301 2635 3331 zu
2649 3294 2746 3326 Werke
2764 3300 2904 3336 gegangen
2929 3297 3014 3329 wäre.

418 3382 586 3433 Feuilleton
617 3391 699 3427 1863
701 3417 710 3427 .

486 3470 545 3498 10.
565 3471 667 3510 März

105 3518 173 3545 1510
194 3514 262 3548 starb
276 3512 304 3541 in
319 3511 474 3549 Straßdurg
486 3515 532 3544 der
544 3518 659 3550 gelehrte
673 3515 799 3551 Mystiker
812 3517 891 3552 Joh.
907 3517 1030 3548 Geiler

191 3560 245 3585 von
268 3551 499 3588 Kaisersberg
513 3559 575 3588 (aus
593 3555 780 3588 Sckaffhausen
803 3555 966 3590 stammend),
983 3558 1028 3587 der

189 3593 330 3632 gewaltige
349 3591 564 3629 Volksprediger.
603 3597 646 3631 In
666 3595 752 3629 seinen
771 3597 862 3628 Reden
881 3599 969 3627 waltet
988 3598 1028 3629 die

189 3631 335 3672 Innigkeit
361 3634 406 3661 der
434 3634 660 3667 gemüthsreichen
689 3636 822 3670 deutschen
849 3637 948 3672 Mystik
973 3641 1026 3667 und

185 3676 233 3705 der
248 3672 353 3705 heitere,
373 3672 410 3705 oft
424 3672 556 3708 satyrische
569 3675 685 3706 Humor,
702 3676 747 3705 der
759 3677 799 3705 die
812 3677 1026 3708 Verkehrtheiten

186 3717 234 3744 der
245 3711 395 3745 damaligen
405 3711 504 3745 Kirche
517 3713 602 3747 scharf
618 3714 739 3747 befehdet.
764 3715 808 3750 In
823 3715 907 3748 seiner
924 3716 1023 3748 „christ¬

184 3754 270 3786 lichen
287 3749 473 3785 Pilgerschaft"
495 3753 563 3782 wird
583 3753 716 3789 angezeigt
740 3761 790 3787 „im
818 3754 944 3791 glychnuß
971 3759 1024 3787 und

185 3789 351 3829 eigenschafft
368 3790 441 3821 eines
464 3794 633 3827 wegfertigen
654 3794 767 3829 bilgers,
787 3796 837 3823 wie
854 3801 884 3824 er
904 3795 961 3832 mit
961 3795 1023 3832 flyß

180 3834 240 3864 und
257 3830 334 3865 ylend
360 3829 442 3864 suecht
461 3830 497 3863 sin
517 3832 601 3867 zitlich
616 3835 763 3867 heimuot."
797 3835 851 3867 Oft
877 3834 958 3869 findet
977 3836 1021 3869 sich

182 3873 239 3903 viel
257 3867 358 3903 sinnige
371 3869 460 3907 Poesie
479 3871 509 3901 in
530 3872 618 3905 seinen
638 3873 773 3909 Budern,
773 3873 810 3909 so
823 3874 895 3908 z.B.
915 3881 945 3905 in
961 3876 1019 3906 dem

179 3910 284 3949 „Hasen
302 3915 340 3939 im
360 3909 481 3943 Pfeffer."
506 3912 576 3947 Hier
593 3913 665 3945 heißt
681 3918 717 3949 es
725 3920 753 3949 z.
764 3913 825 3947 B:
825 3913 906 3947 „Die
918 3917 1019 3949 achtent

180 3948 345 3988 eigenschafft
369 3950 415 3979 des
433 3948 560 3988 haeßlins
560 3948 624 3988 ist,
651 3954 699 3982 das
718 3960 747 3983 es
767 3954 819 3988 sein
838 3955 934 3989 ruostat
953 3955 1019 3990 setzet

177 3993 210 4024 in
234 3994 284 4021 den
310 3988 400 4023 felsen.
437 3991 506 4025 Also
506 3991 583 4025 auch
611 3994 655 4022 ein
680 3998 773 4028 guoter
787 3993 1016 4031 christenmensch,

178 4036 228 4065 der
245 4031 289 4064 sich
309 4029 386 4061 selber
405 4030 497 4060 enkent
516 4033 558 4060 ain
578 4032 670 4066 häßlin
688 4034 742 4065 und
761 4033 805 4065 ein
830 4029 931 4067 unstark
947 4031 1016 4070 volk,

175 4071 224 4106 der
237 4071 291 4106 setzt
309 4070 362 4103 sein
379 4076 455 4099 ruow
474 4070 557 4101 allain
576 4072 605 4102 in
626 4072 696 4107 got,
714 4080 794 4104 wann
813 4077 842 4104 er
857 4073 938 4112 findet
956 4075 1013 4107 kain

181 4118 261 4145 ruow
281 4112 335 4140 dan
354 4109 385 4139 in
400 4102 490 4144 got."

101 4153 167 4191 1762
167 4153 242 4191 starb
261 4153 296 4188 in
296 4153 444 4188 Toulouse
466 4156 513 4186 der
536 4156 651 4189 fromme
671 4155 766 4200 Greis
766 4155 885 4200 Jean
885 4155 1011 4200 Calas

173 4198 225 4232 auf
238 4197 296 4225 dem
312 4194 386 4226 Rade
399 4190 461 4226 nach
474 4196 569 4228 vorher
582 4197 718 4226 erlittener
729 4189 885 4237 geschärfter
894 4199 1011 4233 Tortur,

170 4232 228 4268 das
248 4237 316 4270 letzte
339 4233 484 4268 öffentliche
500 4235 592 4271 Opfer
615 4237 671 4271 des
671 4237 961 4271 Priesterfanatismus
979 4244 1008 4270 in

170 4273 340 4312 Frankreich.
377 4274 417 4310 Zu
443 4274 497 4308 spät
523 4274 605 4306 ward'
621 4276 691 4310 seine
710 4273 853 4312 Unschuld
862 4279 1007 4315 gerichtlich

169 4314 321 4346 anerkannt
333 4314 387 4343 und
400 4313 468 4348 seine
483 4315 554 4348 Ehre
567 4317 760 4352 gerechtfertigt
766 4317 848 4351 durch
854 4317 1006 4352 Voltaire's

169 4355 383 4388 Bemühungen.

77 4397 150 4426 1772
167 4399 212 4434 Zu
229 4399 419 4433 Hannover
435 4399 527 4428 wurde
537 4399 658 4434 geboren
662 4400 716 4437 der
716 4400 889 4437 nachmalige
889 4400 1002 4437 Dichter

167 4439 224 4468 und
241 4437 385 4472 Philosoph
404 4437 573 4474 Friedrich
591 4445 656 4471 von
676 4441 866 4477 Schlegel.

1101 3387 1168 3413 1819
1188 3385 1252 3414 starb
1270 3386 1298 3416 in
1317 3387 1452 3423 München
1472 3387 1650 3423 Friedrich
1671 3391 1844 3425 Heinrich
1861 3392 2022 3429 Jakobi,

1185 3421 1221 3448 76
1238 3421 1323 3457 Jahre
1342 3423 1400 3456 alt,
1424 3424 1467 3452 ein
1487 3424 1557 3454 edler
1576 3425 1860 3462 Wahrheitsforscher,
1885 3429 2020 3463 gleichsam

1185 3456 1329 3490 Philosoph
1348 3460 1394 3486 des
1408 3458 1548 3489 Glaubens
1568 3463 1622 3490 und
1640 3463 1687 3491 der
1699 3462 1783 3493 Liebe,
1801 3463 1890 3493 indem
1909 3471 1949 3499 er,
1969 3467 2018 3495 den

1184 3491 1302 3527 strengen
1316 3492 1519 3525 rücksichtslosen
1535 3493 1603 3530 Weg
1622 3496 1667 3526 des
1682 3497 1929 3532 wissenschaftlichen
1942 3499 2020 3531 Den¬

1183 3525 1245 3556 kens
1271 3527 1410 3562 scheuend,
1425 3526 1487 3567 aus
1513 3529 1611 3562 seinem
1634 3533 1736 3563 reichen
1758 3534 1968 3564 Gemütseleben
1987 3535 2017 3565 in

1185 3562 1334 3598 lebendiger
1351 3566 1407 3592 und
1424 3562 1613 3597 hinreißender
1625 3564 1748 3598 Sprache
1766 3574 1823 3597 eine
1842 3569 2017 3605 Zuverlässig¬

1180 3596 1231 3625 keit
1249 3599 1294 3627 der
1311 3598 1447 3632 religiösen
1460 3601 1549 3635 Ideen
1564 3601 1602 3630 im
1617 3601 1749 3634 Gemüthe
1762 3605 1902 3637 nachwies,
1924 3608 2016 3638 welche

1182 3632 1265 3662 keiner
1293 3633 1408 3664 Beweise
1431 3635 1547 3668 bedürfe.
1587 3638 1835 3673 Bemerkenswerth
1862 3641 1905 3672 für
1927 3640 2015 3672 seinen

1178 3667 1353 3700 Standpunkt
1372 3668 1400 3698 ist
1418 3672 1462 3698 der
1482 3670 1640 3704 Ausspruch,
1661 3676 1709 3703 den
1729 3680 1757 3702 er
1776 3675 1817 3703 als
1838 3675 1921 3705 Greis
1939 3679 2015 3709 that:

1179 3703 1245 3737 „Ich
1271 3702 1316 3732 bin
1337 3703 1407 3738 jung
1431 3706 1546 3740 gewesen
1573 3709 1628 3736 und
1651 3708 1691 3738 alt
1708 3712 1861 3744 geworden,
1884 3713 1940 3741 und
1959 3713 2015 3747 lege

1179 3739 1227 3766 das
1240 3737 1361 3773 Zeugniß
1379 3741 1421 3771 ab,
1439 3738 1489 3774 daß
1505 3742 1544 3772 ich
1563 3748 1607 3770 nie
1624 3749 1652 3771 in
1668 3743 1754 3772 einem
1769 3743 1909 3775 Menschen
1923 3748 2015 3779 durch¬

1179 3771 1310 3806 greifende
1330 3775 1385 3802 und
1402 3775 1577 3805 aushaltende
1597 3777 1760 3810 Sittlichkeit
1788 3780 1920 3814 gefunden
1940 3784 2012 3815 habe,

1177 3809 1220 3837 als
1241 3805 1287 3845 bei
1287 3805 1545 3845 gottesfürchtigen.
1565 3812 1636 3844 Nur
1651 3814 1691 3843 bei
1709 3816 1789 3845 ihnen
1810 3816 1871 3847 fand
1892 3817 1929 3848 ich
1948 3820 2010 3847 auch

1177 3843 1346 3879 Freudigkeit
1362 3845 1410 3875 im
1419 3846 1522 3879 Leben,
1539 3847 1602 3877 eine
1618 3851 1747 3883 herzhafte
1769 3849 1886 3883 siegende
1906 3853 2010 3888 Heiter¬

1175 3874 1226 3907 keit
1243 3877 1268 3908 so
1285 3881 1513 3915 ausgezeichneter
1520 3881 1599 3916 Art,
1618 3883 1665 3917 daß
1686 3885 1716 3915 sie
1734 3889 1785 3914 mit
1800 3885 1898 3918 keiner
1898 3885 2007 3918 andern

1173 3912 1316 3948 verglichen
1336 3916 1441 3946 werden
1460 3914 1538 3947 kann.

1430 4029 1657 4065 Mistellen.

1146 4080 1204 4116 Aus
1221 4080 1361 4118 Frankfurt
1385 4085 1485 4117 werden
1509 4084 1553 4116 der
1569 4086 1621 4120 „A.
1636 4087 1687 4124 Z."
1713 4088 1827 4124 folgende
1846 4093 1909 4122 noch
1923 4097 2004 4126 unge¬

1079 4122 1173 4154 druckte
1185 4124 1291 4158 Poesien
1307 4126 1433 4161 Uhland's
1445 4127 1614 4163 mitgetheilt:
1630 4130 1731 4160 Uhland
1747 4131 1867 4163 verkehrte
1885 4139 1948 4167 gern
1963 4133 2001 4168 im

1078 4164 1161 4201 Hause
1178 4166 1255 4198 seines
1281 4168 1385 4201 hiesigen
1404 4167 1607 4204 Gstfreundes,
1630 4174 1675 4201 des
1692 4173 1781 4208 Arztes
1797 4176 1846 4205 Dr.
1861 4175 1897 4204 M
1912 4181 1923 4210 ;
1948 4176 2001 4206 hier

1076 4207 1178 4247 erschloß
1195 4202 1231 4243 er
1231 4202 1283 4243 sich
1308 4212 1430 4248 wenigen
1430 4212 1579 4248 Freunden
1599 4212 1627 4244 in
1651 4214 1756 4245 heiterer
1773 4216 1998 4251 Unbefangenheit.

1075 4249 1154 4281 Einer
1176 4249 1286 4283 Tochter
1309 4250 1356 4287 des
1373 4251 1473 4286 Hauses
1496 4252 1586 4285 schrieb
1612 4256 1683 4291 Frau
1699 4258 1800 4290 Uhland
1823 4265 1868 4288 am
1892 4262 1919 4290 8.
1937 4260 1998 4294 Mai

1074 4290 1138 4321 1849
1155 4292 1268 4327 folgende
1285 4294 1369 4329 Zeilen
1386 4294 1437 4325 in's
1454 4296 1570 4328 Album:

1171 4334 1223 4366 Ein
1239 4337 1353 4370 weinend
1372 4335 1443 4369 Kind
1458 4337 1519 4373 lagst
1537 4339 1583 4369 Du
1599 4338 1647 4370 auf
1659 4336 1781 4372 Mutters
1797 4341 1919 4377 Schooß,

1168 4372 1218 4403 Bis
1231 4373 1341 4404 lächelnd
1358 4375 1431 4409 rings
1446 4375 1593 4406 umstanden
1612 4378 1674 4408 Dich
1692 4378 1730 4407 die
1748 4378 1861 4414 Deinen;

1166 4409 1231 4441 Nun
1246 4411 1300 4441 Iebe
1315 4410 1341 4442 so
1357 4410 1414 4445 daß,
1432 4418 1508 4443 wenn
1525 4411 1613 4445 erfüllt
1629 4416 1697 4446 Dein
1714 4414 1795 4452 Loos,

1165 4448 1214 4479 Du
1228 4446 1320 4483 lächeln
1335 4450 1427 4486 mögst,
1444 4455 1520 4483 wenn
1535 4446 1586 4484 alle
1602 4458 1652 4484 um
1665 4452 1730 4488 Dich
1746 4453 1860 4486 weinen.

2090 3395 2142 3425 Am
2159 3398 2201 3424 22.
2221 3395 2281 3427 Mai
2297 3396 2325 3426 ist
2341 3397 2462 3427 darunter
2478 3398 2617 3434 beigefügt:

2255 3438 2412 3473 Inzwischen
2428 3441 2526 3470 wandle
2541 3441 2609 3474 frisch
2625 3443 2704 3476 hinan

2252 3477 2305 3505 Die
2321 3472 2482 3508 wechselvolle
2498 3477 2674 3515 Lebensbahn,

2250 3509 2306 3543 Auf
2322 3514 2365 3542 der
2381 3520 2443 3544 man
2461 3515 2533 3547 lacht,
2550 3516 2596 3549 auf
2611 3518 2653 3547 der
2669 3524 2732 3549 man
2749 3520 2843 3555 weint,

2251 3550 2319 3580 Bald
2335 3551 2423 3586 Regen
2441 3549 2506 3588 fällt,
2523 3554 2579 3583 bald
2597 3555 2696 3587 Sonne
2712 3557 2809 3593 scheint,

2250 3588 2311 3618 Und
2327 3591 2388 3620 doch
2403 3590 2442 3619 im
2457 3592 2589 3625 gläubigen
2609 3594 2722 3626 Gemüth

2249 3625 2309 3656 Das
2325 3625 2424 3661 Ew'ge,
2443 3628 2602 3662 Wechsellose
2618 3632 2700 3664 blüht.

2386 3670 2425 3703 Zu
2442 3668 2621 3703 freundlichem
2637 3673 2774 3706 Andenken
2790 3676 2818 3707 L.
2837 3677 2971 3710 Uhland.

2146 3711 2230 3743 Einer
2255 3713 2390 3749 Freundin
2417 3715 2465 3745 des
2496 3717 2622 3749 M.'schen
2646 3720 2747 3756 Hauses
2773 3719 2877 3755 schenkte
2903 3721 3003 3756 Uhland

2080 3754 2189 3784 Göthe's
2202 3755 2320 3787 Gedichte
2335 3759 2390 3787 und
2407 3757 2494 3791 schrieb
2510 3765 2557 3790 vor
2573 3760 2664 3792 seinem
2676 3763 2790 3797 Abschied
2801 3768 2854 3795 von
2861 3764 3001 3801 Frankfurt

2076 3802 2119 3826 am
2137 3798 2180 3826 31.
2200 3798 2260 3829 Mai
2278 3801 2342 3827 1849
2359 3798 2474 3834 folgende
2489 3801 2574 3837 Zeilen
2591 3802 2620 3833 in
2636 3804 2685 3835 das
2702 3801 2792 3839 Buch:

2174 3844 2220 3880 In
2236 3844 2317 3877 diesen
2332 3841 2545 3881 kampfbewegten
2560 3849 2727 3885 Maientagen

2174 3882 2245 3916 Hört
2260 3884 2321 3913 doch
2339 3882 2379 3913 die
2395 3885 2536 3919 Nachtigall
2554 3889 2619 3919 nicht
2633 3888 2682 3921 auf
2697 3896 2726 3924 zu
2742 3888 2865 3925 schlagen,

2172 3920 2236 3949 Und
2252 3920 2343 3950 mitten
2361 3920 2391 3951 in
2405 3923 2461 3951 dem
2477 3925 2610 3962 tobenden
2610 3925 2753 3962 Gedränge

2174 3957 2313 3989 Verhallen
2329 3959 2398 3990 nicht
2411 3961 2566 3992 unsterbliche
2581 3963 2707 3998 Gesänge.

2138 4003 2201 4035 Wie
2217 4009 2273 4034 rein
2287 4005 2341 4034 und
2358 4005 2428 4038 schön
2445 4007 2549 4040 berührt
2557 4014 2611 4039 uns
2621 4010 2683 4042 diese
2691 4011 2853 4047 Huldigung,
2867 4014 2895 4042 in
2907 4013 2994 4046 solcher

2066 4043 2127 4079 Zeit
2141 4051 2199 4075 von
2210 4045 2294 4076 einem
2309 4046 2417 4080 Dichter
2431 4052 2561 4086 gebracht,
2574 4052 2622 4085 in
2622 4052 2743 4085 welchem
2761 4054 2848 4086 Göthe
2862 4055 2933 4088 nicht
2933 4055 2987 4088 Ge¬

2062 4087 2216 4123 rechtigkeit
2216 4087 2308 4123 geübt
2308 4087 2397 4123 hatte!

2134 4134 2181 4170 Zu
2181 4134 2253 4170 dem
2266 4135 2523 4169 Barlametnsalbum
2539 4140 2567 4170 in
2583 4137 2755 4177 Faestmdes,
2764 4142 2819 4174 das
2828 4142 2885 4179 kurz
2900 4144 2946 4177 vor
2946 4144 2989 4177 der

2067 4175 2122 4207 eine
2140 4177 2380 4214 Verlagshandlung
2404 4177 2559 4213 veranstaltet
2580 4181 2666 4218 hatte,
2690 4183 2793 4216 steuerte
2817 4178 2932 4219 Uhland
2932 4178 2990 4219 den

2066 4218 2173 4253 Spruch
2190 4220 2259 4251 bei:

2262 4263 2316 4294 Ich
2326 4262 2387 4294 und
2402 4264 2478 4296 Weh
2478 4264 2524 4296 im
2539 4265 2635 4301 ganzen
2635 4265 2734 4301 Land

2262 4300 2309 4341 Ist
2309 4300 2381 4341 uns
2381 4300 2463 4341 noch
2463 4300 2540 4341 kein
2540 4300 2636 4341 Haupt
2636 4300 2774 4341 geboren?

2260 4338 2344 4369 Nein!
2360 4339 2420 4372 Es
2435 4339 2462 4371 ist
2475 4339 2530 4379 ein
2530 4339 2697 4379 Uebelstand;

2262 4376 2433 4410 Deutschland
2442 4375 2492 4414 hat
2492 4375 2560 4414 den
2567 4373 2638 4416 Kampf
2650 4383 2777 4415 verloren.
