4090 5551
319 214 527 246 Mittwoch
191 265 681 315 17. November 1926
338 330 514 374 Blatt 7
3073 232 3406 282 Abendausgabe.
3137 303 3343 363 Nr. 1865
882 152 2792 372 Neue Zürcher Zeitung
119 504 954 545 Die badischen Gemeindewahlen.
243 570 828 601 Von unserm badischen Mitarbeiter.
174 635 952 675 Wahlen, die in die Zeit zwischen den großen
117 672 953 715 Wahlgängen für den Reichstag fallen, sind ein
120 713 952 755 Barometer für die politische Luftströmung, die
117 751 951 795 sich unter Umständen ganz wesentlich verändern
117 790 950 835 kann. So begegnete neulich die Landtagswahl
118 833 952 875 in Sachsen einem starken Interesse weit über
118 873 951 915 dessen Grenzen hinaus. Nun haben gestern im
116 911 951 955 Lande Baden die Gemeindewahlen statt¬
118 952 951 995 gefunden. Sie zeigen im wesentlichen dieselben
114 991 951 1034 Symptome wie die Landtagswahl in Sachsen.
118 1033 950 1074 Auch hier vor allem eine noch weitere Zer¬
118 1070 950 1114 splitterung des Bürgertums. Zu den
116 1111 950 1154 politischen Parteien, die natürlich alle auf dem
118 1152 949 1194 Plan erschienen sind, ist eine ganze Anzahl
118 1194 948 1234 wirtschaftlicher Interessengrup¬
114 1232 948 1274 pen hinzugetreten. Die Musterkarte ist bunt
118 1271 947 1314 genug. So waren es z. B. in Karlsruhe nicht
118 1310 947 1354 weniger als elf Listen. Wie in Sachsen, so ist
117 1353 947 1394 auch bei den badischen Wahlen die Dominante
113 1392 947 1434 das starke Anwachsen der unpolitischen Organi¬
116 1433 946 1474 sationen: Hausbesitzer, Mittelstandspartei, Wirt¬
115 1473 947 1514 schaftspartei, Aufwertungspartei, Bund der
115 1511 946 1554 wirtschaftlich Geschädigten und Entrechteten
114 1552 945 1594 usw. Diese Interessengruppen haben es gut.
116 1594 945 1634 Sie sind nicht belastet mit dem Odium der poli¬
114 1634 945 1674 tischen Parteien, die bisher in Reich und Land
115 1674 945 1714 und Kommune die Verantwortung getragen
113 1712 944 1753 haben und die für alles, was insbesondere den
115 1754 944 1793 Mittelstand heute drückt, von ihm verantwort¬
116 1794 944 1834 lich gemacht werden. Oder sie hatten schon bis¬
111 1830 943 1874 her mit Anteil, wie z. B. die ja auch im Reichs¬
116 1872 944 1914 tag bereits vertretene Wirtschaftliche Vereini¬
113 1912 943 1953 gung oder der Landbund, die im Reichstag die
114 1954 943 1993 so angefeindete Steuerpolitik unter der damali¬
113 1993 943 2033 en deutschnationalen Führung im Kabinett
112 2032 942 2073 Luther mitgemacht haben, aber daheim fröhlich
115 2073 943 2113 dagegen Sturm laufen. Sie tragen nicht schwer
115 2113 944 2153 daran. Das Gedächtnis des Wählers ist kurz.
115 2153 944 2193 Woher weiß er, daß z. B. die verhaßte Ge¬
115 2193 944 2233 bäudesondersteuer nichts anderes ist als die
115 2233 944 2273 Ausführung eines Reichsgesetzes, das gerade
114 2272 944 2313 unter der Mitwirkung der Rechten zustande
115 2313 944 2352 gekommen ist? Der Wähler hört von der Seite
113 2350 942 2392 dieser Wirtschaftsgruppen, die bisher eine
111 2391 941 2432 eigene politische Leistung nicht aufzuweisen
115 2430 941 2472 haben, die scharfe Kritik, die er hören will. Er
112 2470 943 2512 schickt gegen die Aufwertung, wie sie gemacht
114 2509 942 2551 worden ist, eine eigene Partei auf die Rat¬
112 2549 942 2591 häuser, obwohl eine Aenderung der betreffenden
113 2589 943 2631 Gesetze selbstverständlich von dort aus nicht ge¬
112 2628 944 2670 macht werden kann und überhaupt im wesent¬
114 2669 946 2710 lichen kaum möglich ist. Wenn diese Gruppen,
115 2710 944 2749 die jetzt gewonnen haben, erst in den Gemeinden
114 2750 946 2789 selbst die Verantwortung haben und eine Weile
114 2789 947 2829 regieren, wird wohl eine Ernüchterung eintre¬
116 2829 947 2869 ten. Der Wähler wird erkennen, daß sie es im
114 2866 945 2909 wesentlichen auch nicht besser machen können.
114 2910 944 2949 Heute aber ist Hochkonjunktur für die Parole:
114 2949 946 2989 Gegen die politischen Parteien, für die Wirt¬
113 2987 948 3029 schaftsgruppen, die den Mittelstand schützen
114 3030 231 3058 wollen.
172 3073 944 3108 Neben den wirtschaftlichen Interessengrup¬
113 3106 945 3149 pen ist ebenfalls wie in Sachsen beachtenswert
118 3146 946 3188 ein wenigstens teilweiser Erfolg der Kom¬
114 3188 947 3228 munisten. Sie haben in einzelnen Städten
113 3226 945 3268 und in Industriegebieten ganz erheblich zuge¬
113 3265 946 3309 nommen. Am meisten wohl in Lörrach, wo
114 3307 946 3348 sie ihre Stimmenzahl verdoppelt haben und als
115 3347 948 3389 größte Partei auf das Rathaus kommen. Von
115 3385 948 3429 den übrigen Parteien scheint das Zentrum,
117 3427 947 3469 das seine Leute bei dem Ansturm der Wirt¬
115 3466 947 3509 schaftsgruppen immer noch am besten in der
117 3505 947 3549 Hand hat, sich im wesentlichen behauptet zu
115 3546 948 3589 haben, allerdings auch nicht ohne Schlappen da
115 3587 946 3629 und dort. Auch die Sozialdemokraten
115 3624 949 3669 haben insgesamt nicht schlecht abgeschnitten.
116 3667 946 3709 Die Riemen, welche die wirtschaftlichen Grup¬
115 3706 948 3749 pen bei diesen Wahlen geschnitten haben, stam¬
116 3747 946 3789 men wie in Sachsen aus der Haut der bürger¬
117 3787 950 3829 lichen Parteien, wie es scheint aber am meisten
118 3828 946 3869 aus der der Demokraten. Diese haben da
116 3867 948 3910 und dort für die heutigen Verhältnisse über¬
118 3908 949 3950 raschend gut abgeschnitten, aber anderwärts
118 3947 948 3990 sehr empfindliche Verluste erlitten. Das Bei¬
118 3987 950 4022 spiel zeigt, wie wenig bei der gegenwärtigen
995 485 1844 519 Stimmung in breiten Schichten der bürgerlichen
994 520 1820 559 Wähler die parlamentarische Parteipolitik auf
995 560 1821 600 diese Einfluß auszuüben vermag. Die Demo¬
993 601 1819 640 kraten haben in Rücksicht auf die Stimmung in
995 640 1820 680 beträchtlichen Kreisen der Partei sich von der
993 681 1820 721 Regierungskoalition vor einem Jahre getrennt
995 722 1817 759 und eine durchaus selbständige Politik inne¬
997 760 1817 799 gehalten. Sie haben im Landtag gegen die
992 800 1818 839 Gebäudesondersteuer und andere Steuern, auch
994 840 1821 879 gegen das Lehrerbildungsgesetz gestimmt. Trotz¬
994 880 1818 920 dem ist ihnen der Mißerfolg bei den Gemeinde¬
991 918 1533 951 wahlen nicht erspart geblieben.
1050 963 1819 998 Die Wahlbeteiligung war insgesamt
994 999 1820 1038 flau. Sie dürfte im Durchschnitt des Landes
995 1038 1818 1078 kaum über 45 Prozent betragen haben. In
992 1078 1818 1117 Karlsruhe haben nur 35 Prozent abgestimmt.
991 1118 1817 1157 60,000 Wähler sind der Wahlurne ferngeblieben.
992 1157 1818 1197 In Freiburg haben kaum 40 Prozent abge¬
989 1196 1818 1238 stimmt. In Mannheim 43 Prozent. In dem
990 1235 1817 1280 Städtchen Oberkirch ist das Kuriosum zu ver¬
989 1278 1819 1319 zeichnen, da die Sozialdemokraten dort ihre
988 1317 1815 1358 Vorschlagsliste zu spät eingereicht haben und
988 1357 1816 1388 infolgedessen von der Wahl ausgeschaltet waren.
1047 1400 1816 1438 Gewiß ist das Bild, das die badischen Ge¬
987 1437 1814 1477 meindewahlen bieten, nicht erfreulich. Wahl¬
991 1476 1817 1517 faulheit und Verranntheit auf wirtschaftliche
987 1515 1815 1558 Interessengrupen sind Erscheinungen, die den
987 1556 1817 1598 politischen Parteien ein ernstes Problem stellen.
987 1595 1816 1637 Es zeigt sich, daß alle Erfolge in der Konsoli¬
987 1635 1816 1677 dierung des Staates und alle treue Arbeit in
988 1674 1818 1716 der großen Politik keinen Eindruck auf starke
986 1715 1816 1756 Schichten im Bürgertum ausüben. Diese
986 1754 1819 1796 Schichten sehen nur dorthin, wo sie der Schuh
986 1793 1817 1834 drückt. Tatsächlich steht der Mittelstand
987 1835 1816 1872 heute unter einem starken Druck. Die Haus¬
986 1872 1813 1915 besitzer kommen über allen möglichen Steuern
985 1912 1819 1955 und die Unkosten ihres Besitzes bei der bestehen¬
986 1951 1811 1994 den Wohnungszwangswirtschaft immer noch
985 1993 1817 2034 nicht zu einer einigermaßen befriedigenden
985 2032 1813 2073 Rente. Die Gebäudesondersteuer, an und für
985 2073 1818 2112 sich gerecht, weil für die Abhilfe der Wohnungs¬
986 2113 1815 2151 not bestimmt, wird zu einem großen Teil immer
986 2152 1816 2192 noch für ganz andere Zwecke verwendet. Trotz
986 2192 1816 2232 allen Maßnahmen zur Abhilfe der Wohnungs¬
991 2232 1814 2271 not wird immer noch wenig genug gebaut;
988 2272 1815 2311 infolgedessen kommen auch die Handwerker,
986 2311 1818 2351 dieser wichtige Teil des Mittelstandes, auf
987 2351 1819 2391 keinen grünen Zweig. Das Geld ist teuer,
987 2391 1817 2431 wenn es geliehen werden muß. Es kostet immer
986 2429 1817 2471 noch 10—12 Prozent, während die Banken
987 2470 1817 2511 ihnen anvertrautes Geld mit kaum mehr als
986 2509 1816 2550 4 Prozent verzinsen. Während der Mittelstand
987 2549 1818 2590 es schwer hat, bemerkt er, wie die Industrie
986 2588 1818 2630 sich wieder konsolidiert hat und große Konzerne
987 2628 1818 2670 ungeheure Kapitalien zusammenballen. Der
987 2667 1817 2710 kleine Mittelstand in Stadt und Land ringt
986 2706 1817 2750 schwer, und wenn die bürgerlichen Parteien
987 2748 1818 2789 nicht noch viel mehr Einbuße erleiden wollen,
986 2788 1819 2829 müssen sie durch die Warnungssignale, wie die
987 2826 1815 2869 Wahlen in Baden und vorher in Sachsen, sich
988 2866 1816 2909 sagen lassen, daß die Abneigung gegen den
986 2906 1818 2948 politischen Betrieb und die politischen Parteien,
988 2945 1816 2988 die heute durch beträchtliche Kreise des Bürger¬
987 2985 1817 3028 tums geht, soviel Unberechtigtes und Demago¬
987 3026 1814 3067 gisches dabei auch mitläuft, doch auch berech¬
987 3064 1811 3107 tigte Gründe hat, die einer ernsten Prüfung
987 3104 1812 3147 bedürfen. Man kann nur wünschen, daß nicht
990 3144 1812 3187 so bald eine Reichstagsauflösung die Probe
987 3184 1810 3226 auf das Exempel machen muß. Angesichts der
987 3223 1813 3266 Symptome, die aus der bürgerlichen Wähler¬
987 3262 1813 3306 schaft jetzt zutage getreten sind, würden ihre
987 3304 1815 3346 Ergebnisse sehr wahrscheinlich noch weit mehr
986 3342 1816 3386 Zersplitterung als bisher zeitigen und die Füh¬
987 3383 1815 3426 rung der Geschäfte und die Bildung von Regie¬
989 3423 1816 3456 rungsmehrheiten noch viel schwieriger gestalten.
1031 3520 1780 3558 Arbeits- und Lohnverhältnisse.
1048 3578 1816 3618 Der Beschäftigungsgrad in der schweiz.
991 3616 1820 3660 Industrie. Bern, 16. Nov. ag An den Er¬
992 3657 1819 3700 hebungen des eidgenössischen Arbeitsamtes über
992 3696 1819 3741 die Lage der Industrie im 3. Quartal 1926 be¬
992 3738 1818 3782 teiligten sich 161 Betriebe. In diesen Betrieben
993 3778 1820 3822 waren am letzten Zahltag im Berichtsquartal ins¬
993 3818 1820 3862 gesamt 189,084 Arbeiter beschäftigt. Der Beschäf¬
992 3858 1820 3903 tigungsgrad im Berichtsquartal wird von 63,5
993 3900 1820 3943 Prozent der erfaßten Betriebe als gut oder be¬
992 3939 1816 3982 friedigend und von 36,5 Prozent der Betriebe als
993 3982 1819 4013 unbefriedigend oder schlecht bezeichnet. Auf die
1862 482 2683 520 Betriebe mit gutem oder befriedigendem Beschäf¬
1861 517 2682 560 tigungsgrad entfallen 65,9 Prozent der erfaßten
1858 558 2681 600 Arbeiter, auf die Betriebe mit unbefriedigendem
1862 597 2681 630 oder schlechtem Beschäftigungsgrad 34,1 Prozent.
1965 680 2571 727 Pensions- und Hilfskasse
2028 728 2508 771 der Bundesbahnen.
1907 796 2681 829 Mt. Der ständerätlichen Bundesbahnkommission
1857 830 2683 865 wurde dieser Tage von der Generaldirektion der
1858 866 2684 902 Bundesbahnen Bericht erstattet über die Ent¬
1858 903 2684 939 siehung des rund 320 Millionen Franlen betragen¬
1857 940 2683 975 den Defizites der Pensions- und Hilfskasse der
1857 976 2682 1011 Bundesbahnen. (In Nr. 1834 der „N. Z. Z." war
1857 1012 2684 1048 in der Agenturmeldung unrichtig zu lesen 380,000
1857 1049 2682 1085 Franken statt 380 Mill. Fr.) Im Anschluß daran
1857 1086 2682 1121 sei auf einige Zahlen aus der Entwicklung der
1857 1122 2684 1157 Kasse nachdrücklich hingewiesen. Der Versiche¬
1857 1158 2682 1194 rungsbestand an pensionierten Invaliden
1858 1195 2682 1231 betrug am 31. Dezember 1914 2572 Personen, die
1857 1232 2682 1268 eine Jahrespension von 3,996,450 Fr. bezogen. In
1857 1269 2684 1305 stetigem Anwachsen erreichte die Invalidenzahl
1856 1306 2683 1341 Ende 1920 3392 mit einer Jahrespension von
1856 1342 2683 1377 6,175,424 Fr Einen auffallenden Sprung nahm
1856 1378 2682 1414 die Entwicklung 1921; die Anzahl der Invaliden
1855 1415 2684 1451 war auf Ende des Jahres um fast 1700 Mann auf
1853 1452 2684 1488 5073 angestiegen, denen nun aber eine um 10 Mil¬
1856 1489 2685 1524 lionen höhere jährliche Rente, nämlich 16,007,477
1857 1525 2684 1561 Franken auszurichten war. Ende 1925 waren es
1855 1562 2684 1598 7748 Invalide mit 25,158,581 Fr. Jahrespension.
1856 1599 2685 1635 Einer gegenüber 1914 dreifachen Anzahl von In¬
1854 1636 2685 1671 validen steht eine 6-fache Steigerung der Jahres¬
1854 1672 2683 1707 pension gegenüber. Die Zahl der Witwen ist von
1856 1708 2686 1743 2096 im Jahre 1914 auf 4625 Ende 1925 angestie¬
1852 1744 2684 1780 gen, hat sich also etwas mehr als verdoppelt, wäh¬
1855 1781 2685 1817 rend die Witwenpensionen sich mehr als vervier¬
1857 1818 2684 1855 facht haben: 1914 wurden 1,323,293 Fr. an Witwen
1854 1856 2683 1891 ausgerichtet, 1925 waren es 5,862,505 Fr. Ebenso
1853 1892 2683 1927 sind die an Waisen zu zahlenden Pensionen gegen¬
1854 1928 2682 1964 über 1914 (145,962 Fr.) auf den 5½-fachen Betrag
1856 1965 2685 2000 angewachsen (804,014 Fr.), während die Anzahl
1856 2001 2470 2028 der Waisen sich kaum verdoppelt hat.
1904 2042 2684 2074 Entsprechend der Entwicklung im Versicherungs¬
1854 2075 2684 2111 bestand zeigen die Rechnung über die laufenden
1853 2112 2684 2147 Einnahmen und Ausgaben und die Bilanz be¬
1855 2148 2684 2184 unruhigende Bilder. Im Jahre 1914 standen den
1853 2185 2682 2221 Einnahmen von 13,47 Mill. Fr. an Ausgaben 5,61
1854 2222 2683 2258 Millionen Franlen gegenüber, wovon 5,49 Mill. Fr.
1855 2259 2685 2294 auf Unterstützungen und Pensionen entfielen. Der
1856 2295 2685 2330 Kassenüberschuß betrug 7,85 Mill. Fr. Wie steht
1856 2331 2684 2368 es 1925? Die Einnahmen sind mit 38,63 Mill. Fr.
1856 2369 2687 2404 ausgewiesen, sie haben nicht einmal den dreifachen
1856 2405 2687 2441 Betrag erreicht; die Ausgaben aber sind sechsmal
1855 2442 2686 2477 größer geworden und machen 33,30 Mill. Fr. aus,
1855 2478 2686 2514 wovon 32,76 Mill. Fr. für Unterstützungen und
1856 2515 2690 2551 Pensionen zu zahlen waren. Der Kassenüberschuß
1855 2552 2689 2588 hat also abgenommen und erreicht nur mehr 5,38
1856 2589 2690 2624 Millionen Franken. — Der Bilanz ist zu entneh¬
1855 2625 2691 2661 men, daß die angelegten Gelder von 114,447,201 Fr.
1856 2662 2690 2698 im Jahre 1914 auf 244,276,459 Fr. Ende 1925 an¬
1857 2699 2691 2735 gewachsen sind. An Deckungskapitalien
1857 2736 2692 2772 waren aber schon 1914 58,44 Mill. Fr. für die festen
1859 2773 2694 2809 Verpflichtungen, d. h. für die bereits laufenden
1856 2810 2692 2845 Renten, und 86,74 Mill. Fr. für die Verpflichtungen
1856 2846 2693 2881 gegenüber dem versicherten aktiven Personal erfor¬
1855 2882 2690 2918 derlich. Schon damals war also ein Fehlbetrag
1852 2919 2690 2955 von 30,74 Mill. Fr. vorhanden. Während damals
1854 2956 2691 2991 den Verpflichtungen gegenüber den Pensionsbezü¬
1854 2992 2689 3028 gern voll. mit 100 Prozent, nachgelebt werden
1854 3029 2689 3064 konnte, betrug das Deckungskapital des versicherten
1851 3065 2689 3101 aktiven Personals nur 65 Prozent der erforder¬
1852 3102 2687 3138 lichen Deckung. Bis und mit dem Jahre 1920 blieb
1853 3139 2689 3174 das Deckungsverhältnis für die Pensionsbezüger
1852 3175 2687 3211 100 Prozent, dasjenige für das versicherte aktive
1850 3212 2687 3249 Personal unterlag Schwankungen und erreichte
1851 3250 2687 3285 Ende 1920 nur 44 Prozent. Seither wurde die
1851 3286 2686 3322 Lage zunehmend schlimmer. Von 1921 an wurde
1851 3323 2687 3358 die Deckung für die laufenden Pensionen fortwäh¬
1852 3359 2687 3394 rend kleiner; sie beträgt zu Ende 1925 bloß noch
1851 3395 2688 3431 82 Prozent. Und für die Ansprüche des aktiven
1853 3432 2689 3468 Personals ist das Deckungsverhältnis 0 Prozent
1854 3469 2692 3505 geworden, d. h. die vorhandenen Vermögenswerte
1853 3506 2688 3542 bieten diesen Ansprüchen keinerlei Deckung mehr;
1853 3543 2689 3579 die vom aktiven Personal schon geleisteten Einzah¬
1854 3580 2688 3616 lungen und die der Schweizerischen Bundesbahnen
1855 3617 2690 3651 sind aufgebraucht worden. Für die Befriedigung
1856 3652 2690 3688 ihrer künftigen Ansprüche sind die heutigen Aktiven
1851 3689 2689 3726 ausschließlich auf die künftigen Eingänge angewie¬
1856 3727 2690 3763 sen, von denen erst noch ein Teil für die laufenden
1856 3764 2691 3800 Pensionen verwendet werden muß. Es sollte für
1856 3801 2693 3837 sie ein Deckungskapital von 319,043,807 Fr. vor¬
1857 3838 2693 3874 handen sein; für die laufenden Pensionen ein sol¬
1856 3875 2692 3910 ches von 298,812,103 Fr. Somit fehlt der Pen¬
1857 3911 2692 3948 sions- und Hilfskasse Ende 1925 zur Deckung ihrer
1856 3949 2691 3986 Verbindlichkeiten gegenüber dem Personal ein Be¬
1855 3987 2248 4014 trag von 373,579,451 Fr.
2772 505 3501 540 Schwurgericht in Winterthur.
2893 571 3365 594 Dienstag, 16. November.
2770 621 3556 657 Δ Heute begann, wiederum mit Oberrichter Dr.
2720 650 3558 695 Bertheau als Präsident, die zweite Abteilung der
2719 688 3558 732 gegenwärtigen Schwurgerichtssession; als Ge¬
2719 726 3556 769 schworne amten Kupferschmied Jean Bachmann,
2718 762 3556 806 Höngg, Obmann; Zeichner Adolf Koblet, Pfäffi¬
2718 800 3558 843 kon; Coiffeur Ernst Ackermann, Winterthur;
2720 838 3559 880 Spenglermeister Oslar Kulli, Zürich; Lokomotiv¬
2719 875 3560 916 führer Johann H. Rüegg, Zürich; Verwalter Al¬
2719 908 3560 953 bert Näf, Horgen: Spezereihändler Georg Juchli,
2719 944 3560 990 Zürich; Bahnarbeiter Otto Köppel, Thalwil; Coif¬
2719 984 3560 1026 feur Louis Schleisser, Zürich; Litograph Hermann
2720 1018 3557 1062 Kratz, Zürich; Gerüstkontrolleur Eduard Hunger¬
2720 1057 3560 1098 bühler, Zürich, und Kanzlist Werner Rüegg, Win¬
2719 1099 2837 1125 terthur.
2771 1130 3562 1173 Der erste Prozeß hatte einen wiederholten ein¬
2720 1165 3559 1209 fachen Betrug in einem 7000 Franken überstei¬
2716 1204 3558 1246 genden, 9085 Franken dagegen nicht übersteigenden
2720 1241 3560 1282 Betrage zum Gegenstand. Angeklagter war der
2717 1277 3562 1318 46jährige Kaufmann Albert Berchtold in Oer¬
2719 1313 3561 1355 likon. Er führte seinerzeit in Zürich ein Geschäft
2719 1350 3559 1391 mit Radioartikeln, befaßte sich auch mit andern Er¬
2720 1387 3560 1428 findungen und war in Unterhandlung wegen der
2719 1424 3557 1464 Uebernahme einer Vertretung für Südfrüchte.
2719 1460 3559 1500 Trotz dieser Vielseitigkeit ging es ihm schlecht. Er
2720 1495 3558 1536 erlitt verschiedene Verluste. Als die Not am größ¬
2720 1537 3559 1572 ten war, kam er an einem Dragonertag am 22.
2722 1573 3558 1609 März des letzten Jahres mit einem hablicheren
2720 1610 3556 1646 Dienstkameraden zusammen, mit dem er von seinen
2722 1647 3558 1682 Geschäften sprach und von einem „guten Schnitt",
2720 1683 3558 1718 den er machen könne, wenn er mehr Betriebskapi¬
2720 1719 3557 1755 tal hätte. Am andern Tag sprang ihm der andere,
2721 1756 3556 1793 ein Landwirt und Holzhändler, mit zwei Wechseln
2721 1794 3557 1828 von je 1565 Franken bei Berchtold hatte ihm
2720 1829 3556 1865 sechs Prozent Zins und Gewinnanteil versprochen.
2720 1866 3555 1902 Wiederum zwei Tage später ersuchte dieser seinen
2719 1903 3553 1938 Finanzmann um weitere 2000 Franken, da die
2719 1939 3556 1974 Bank die beiden Wechsel nicht diskontierte und er
2721 1975 3557 2011 für die Abwicklung der Geschäfte sofort Geld be¬
2723 2012 3558 2048 nötige. Sein Kamerad gab ihm denn auch zwei
2723 2049 3560 2084 Obligationen von je 1000 Franken, über die Berch¬
2716 2085 3552 2121 told verfügte. Am Karfreitag konnte der treue
2724 2122 3561 2158 Freund nochmals zur Akzeptierung eines Wechsels
2722 2159 3559 2194 über 5000 Franken bewogen werden. Nach ein
2722 2195 3558 2230 paar Tagen ersetzte er ihn mit einem Depotschein
2724 2231 3559 2267 für fünf Obligationen von je 1000 Franken, die
2720 2268 3556 2304 von Berchtold prompt eingelöst wurden. Das
2722 2305 3559 2341 Gesamtdarlehen von 7000 Franken verwendete der
2720 2342 3558 2377 Angeklagte in der Hauptsache zur Beruhigung
2727 2378 3565 2414 drängender Gläubiger, denn es liefen über 50 Be¬
2723 2415 3559 2451 treibungen und Konkursbegehren gegen ihn. Der
2722 2452 3559 2487 Angeklagte ist seither in Konkurs geraten, und
2724 2488 3560 2524 sein Finanzmann hat von den geliehenen Geldern
2725 2525 3563 2560 nichts mehr erhalten. Berchtold hat überdies auch
2724 2561 3560 2597 die beiden ersten vom Geschädigten akzeptierten
2727 2598 3563 2634 Wechsel in Umlauf gesetzt. Dabei hatte er vor dem
2728 2635 3566 2670 Akzept über 5000 Franken mündlich und schriftlich
2727 2671 3563 2706 erklärt, die beiden früheren Wechsel seien außer
2725 2707 3561 2743 Zirkulation und vernichtet. Der Damnifikat hat
2726 2744 3565 2781 denn auch bereits einen der Wechsel einlösen müs¬
2730 2782 3566 2817 sen und ist um weitere 1050 Franken zu Schaden
2731 2818 2891 2845 gekommen.
2788 2858 3563 2889 Der Angeklagte machte vor allem geltend, er
2731 2890 3559 2924 habe guten Grund gehabt, an den Erfolg seines
2732 2925 3562 2960 Geschäftes zu glauben; wider Erwarten sei die
2728 2961 3558 2995 Radiokonjunktur schlechter geworden; auch andere
2732 2996 3562 3030 Spekulationen hätten sich zerschlagen. Daß er Ver¬
2733 3031 3563 3065 luste erlitten, habe er dem Geschädigten nicht ver¬
2729 3066 3559 3101 schwiegen, als er ihn um seine Hilfe anging. Der
2730 3102 3561 3136 Betrogene, der nach seinem eigenen Zugeständnis
2728 3137 3560 3171 schon früher „aus lauter Dummheit" zahlreichen
2727 3172 3558 3207 Leuten ausgeholfen hat, half dem Berchtold als
2731 3208 3563 3243 Dienstkamerad und weil dieser ihm reichlichen Ge¬
2726 3244 3558 3278 winn in Aussicht gestellt hatte. Als der Finanz¬
2728 3279 3559 3314 mann dann die Gefahr erkannte, reichte er Straf¬
2727 3315 3559 3349 klage ein; er zog sie aber wieder zurück, als man
2730 3350 3563 3384 ihm versprach, er werde ohne Strafprozeß eher zu
2728 3385 3561 3419 seinem Gelde kommen. Die Staatsanwaltschaft
2728 3420 3561 3447 führte dann den Handel von Amtes wegen durch.
2782 3460 3563 3490 Neben Berchtold hatte sich wegen Gehilfen¬
2729 3491 3562 3525 schaft bei einfachem Betrug im Betrag von 5000
2730 3526 3562 3561 Franken der 33 Jahre alte Kaufmann Heinrich
2729 3562 3561 3596 Limbacher in Zürich zu verantworten. Ihm
2729 3597 3561 3631 wurde vorgeworfen, er habe sich, als Berchtold sich
2731 3632 3562 3667 um die 5000 Franken bemühte, dem Geldgeber
2733 3668 3564 3703 gegenüber als Inhaber eines Informations- und
2731 3704 3563 3738 Treuhandbureaus ausgegeben und als solcher die
2732 3739 3562 3774 Geschäfte des Berchtold als glänzend geschildert:
2734 3775 3566 3809 er habe auch die schriftliche Erklärung über die an¬
2732 3810 3565 3844 gebliche Vernichtung der früheren Wechsel aufge¬
2731 3845 3563 3880 setzt und versprochen, für die ganze Darlehens¬
2733 3881 3565 3915 schuld als Bürge einzustehen. Der Geschädigte be¬
2731 3916 3564 3950 hauptete. Leimbacher habe sich ihm telephonisch als
2729 3951 3569 3987 Treuhänder ausgegeben und eine Besprechung der
2733 3988 3567 4016 Angelegenheit verabredet. Leimbacher indessen be¬
335 4104 738 4136 Maurice Ravel.
173 4162 950 4204 Unsere schnellebige Zeit prägt ihr rapides
118 4199 951 4244 Tempo auch in der künstlerischen Bewegung aus,
121 4236 953 4284 insbesondere in der Musik unserer Tage, wo Strö¬
119 4275 953 4323 mungen und Gegenströmungen mit einer früher
119 4317 952 4363 nie gekannten Unrast sich auslösen, Ausdrucksfor¬
120 4355 955 4403 men und Stilarten in unerhörter Buntheit wech¬
121 4398 950 4442 seln, nebeneinander bestehen, sich durchdringen.
120 4433 953 4482 Stets neue aesthetische Ideale tauchen auf — und
121 4477 949 4519 verschwinden. Neben dem starken Zug zu Sensa¬
119 4515 952 4559 tionellem, zum Primitiven (und Barbarischen)
120 4554 952 4600 steht die Betonung des Formalen, der klassischen
121 4592 955 4640 ratio, der Abkehr vom rein Gefühlsmäßigen. Nur
120 4632 955 4679 eine starke Persönlichkeit vermag, wenngleich noch
121 4674 953 4718 in der früheren Generation wurzelnd, ihr eigenes
120 4710 955 4760 Gesicht zu bewahren, die Anstöße alter Bewegun¬
122 4752 955 4799 gen zu durchleben, in sich zu vereinen, nach der
122 4792 955 4837 ihr eigenen Gesetzmäßigkeit sie umzuformen und
123 4838 373 4867 zu assimilieren.
176 4874 957 4914 So steht Maurice Ravel mitten in unserer
125 4910 956 4955 Zeit. Der bewegte Reichtum und die Eigenart
121 4947 958 4996 seiner Entwicklung läßt seine Bedeutung im wei¬
123 4990 958 5034 testen Blickfeld erscheinen. Was ihn, den sen¬
121 5026 959 5075 siblen, kultivierten und raffinierten Klangpoeten,
120 5069 956 5114 den geistvollen Harmoniker, den subtilen melodi¬
123 5108 959 5153 schen Erfinder mitten in unsere bewegten Tage
124 5148 962 5191 hineinstellt, ihn von jeher den reinen Impressio¬
122 5187 958 5231 nisten ferner rückte, ist seine stark auf formales
126 5225 962 5271 Ebenmaß, auf Klarheit, Linie, Zeichnung und
124 5266 957 5310 Plastik gerichtete Eigenart, die bei stärksten Ak¬
124 5304 957 5349 zenten der Gemessenheit nicht entbehrt, im Tau¬
122 5343 961 5388 mel der buntesten Klangorgie ihre vornehme Herb¬
121 5384 958 5427 heit nicht verleugnet. Als Resultate so reicher
126 5421 964 5457 und so stark divergierender persönlicher Kräfte
989 4077 1824 4114 mag man Werke auffassen wie die wirbelnde und
992 4115 1818 4153 berauschende Valse neben dem Quatuor à cordes,
994 4153 1818 4192 neben seinen neuern Kammermusikwerken, die ganz
992 4193 1818 4230 auf Form, Geschliffenheit und gedanklichen Aus¬
990 4230 1817 4271 druck gestellt sind. In der „musique pure" von Wer¬
991 4272 1817 4310 ken letztgenannter Gattung spricht sich wohl seine
992 4311 1818 4350 vornehme Individualität am reinsten aus. In
990 4350 1817 4389 der Eigenart ihrer rhythmischen und harmoni¬
996 4390 1821 4428 schen Struktur, im schwelgerischen Aufblühen des
993 4427 1820 4468 spezifischen Klangkolorits und ihrem erotisch-pre¬
993 4465 1826 4508 ziösen Hauch spiegelt sich die ganze Dynamik die¬
994 4505 1821 4548 ses Künstlers, der inmitten aller Bewegung ein
993 4546 1481 4578 Einsamer und Outsider blieb.
1045 4587 1823 4627 Ravel ist Südfranzose, 1875 zu Ciboure (Bas¬
994 4625 1821 4667 ses Pyrénées) geboren. Daher seine Vorliebe für
994 4663 1822 4706 spanische Vorwürfe („L'heure espagnole"), für die
995 4702 1823 4745 reiche und schimmernde orientalische Ornamentik
995 4742 1824 4784 des Maurischen („Rhapsodie espagnole"), sein aus¬
996 4785 1822 4822 gesprochener Sinn für tänzerische Plastik (Ballet¬
999 4822 1823 4862 szenen; la Valse), sein Kult des Archaistischen und
1000 4862 1822 4901 Primitiven („Ma mère l'Oye"; die entzückend
998 4902 1822 4941 schlichte Klaviersuite „Le tombeau de Couperin").
998 4939 1823 4981 Wenngleich der Prunk und die luxuriöse Pracht
997 4979 1822 5021 seines Orchesterstils, von allen Reizen und
996 5021 1822 5060 Verführungen ferner Märchenlande, schimmert
999 5060 1823 5100 („Scheherazade"), so liegt doch der Schwerpunkt
996 5100 1822 5140 seines eigenartigen Könnens und seiner eigensten
998 5140 1825 5180 erfinderischen Begabung in der Bereicherung des
999 5179 1823 5220 Klavierstils. Schon in der „Pavane pour une Infante
997 5217 1822 5260 défunte" (1899), die mit ihrer schleppenden, gleich¬
997 5255 1825 5299 sam trauerverhängten Rhythmik und melodischer
999 5297 1822 5338 Kadenz an die naiv-raffinierte Sprache Wildescher
998 5336 1823 5376 Märchen erinnert, tönen neue Klangsymbole an,
998 5374 1824 5416 stärker noch in dem wundersam kadenzierten,
994 5413 1825 5448 wollüstig-monotonen Klangplätschern der „Jeux
1862 4078 2692 4110 d'eaux". Die gewählte Mischung von Harmonik,
1861 4111 2689 4149 Rhythmik und Bewegung (Terzenchromatik, mit
1861 4149 2690 4188 schimmernden Arpeggien und Sekundengängen
1860 4189 2688 4228 verschwimmend, verschwebendes Seufzen, von
1858 4228 2687 4268 engverstrickten, lüsternen Nonenakkorden) — all'
1859 4268 2689 4308 das ist völlig neu und eigenartig. — Selbst De¬
1860 4308 2687 4347 bussys neuerem Klavierstil gegenüber besteht eine
1861 4348 2688 4386 zeitliche Priorität: Die „Estampes" entstanden erst
1862 4386 2689 4425 1904. In den „Miroirs" (1907) schimmert und
1860 4426 2690 4464 gleißt eine verzauberte Welt klanggewordener Im¬
1859 4465 2690 4504 pressionen; „Noctuelles" ist das sehnsüchtige Liebes¬
1861 4505 2692 4544 stammeln lichttrunkener Nachtfalter; „la Vallée des
1861 4545 2692 4583 cloches", in einer einenen Mischung der Quarten¬
1862 4584 2691 4622 folgen ein seltsam-mystisches Klanggewirr; „Albo¬
1860 4623 2688 4662 rada del Gracioso", ein spanischer Schelmenroman;
1863 4662 2690 4701 „une barque sur l'Océan" bringt reizvolle Unter¬
1863 4702 2692 4740 malung wogender glissandi: „oiseaux tristes" ist in
1862 4741 2690 4779 Harmonik und klanglichem Ornament von seltsam
1861 4779 2237 4809 dumpfer Luft umhüllt.
1918 4825 2695 4858 Ganz im Bann des dichterischen Vorwurfs
1868 4858 2694 4897 (Gedichte von Aloysius Bertrand) steht die 1908
1864 4898 2691 4935 komponierte Klaviersuite: „Gaspard de la nuit". Die
1865 4934 2690 4975 Klangsprache ist von unerhörter „Spannung",
1863 4972 2691 5014 Intensität und Bildkraft, die Ausdruckspotenz
1863 5011 2692 5053 des Klaviers bis aufs Höchste gesteigert, die Reali¬
1864 5054 2693 5092 stik der Gesichte, die Phantastik des Spukhaften bis
1866 5092 2694 5132 zum Grauen aufgepeitscht. Selbst Liszt's „Ma¬
1865 5130 2694 5171 zeppa" hatte solche Klänge nicht beschworen. —
1864 5170 2694 5210 Als Höhepnukt von Ravels Schaffen möchte ich
1864 5211 2693 5250 die überaus reizvolle Orchestersuite: „Daphnis und
1865 5250 2694 5289 Chloe" bezeichnen, die in ihrer rührenden süßen
1866 5290 2696 5329 Melodik das holdeste aller griechischen Liebes¬
1866 5329 2695 5368 märchen in seiner ganzen naiven Zartheit und
1865 5369 2481 5398 naturhaft-reinen Sinnlichkeit erweckt.
1915 5410 2704 5439 Um die ganze Bedeutung dieser hervorragen¬
2734 4080 3569 4112 den Künstlerpersönlichkeit, ihre Stellung in und
2734 4113 3568 4151 über der Moderne zu kennzeichnen möchte ich eine
2733 4152 3568 4190 bedeutsame Dichtergestalt als Parallelerscheinung
2734 4191 3567 4230 wachrufen: Albert Samain, den „Neutöner"
2735 4230 3568 4269 Symbolisten und formalen Klassiker in einer
2735 4270 2856 4299 Person.
2787 4316 3567 4348 Wir dürfen es als eine besondere Gunst be¬
2734 4349 3568 4387 trachten, daß uns am 18. Nov. ein Zürcher Kon¬
2734 4387 3567 4426 zert die persönliche Bekanntschaft mit Ravel ver¬
2734 4427 3567 4466 mittelt und einen Ueberblick über sein bisheriges
2733 4466 3531 4496 Wirken bietet. H. S. Sulzberger.
2961 4564 3342 4595 Kleine Chronik.
2790 4621 3569 4654 Musikalische Notizen. Das 7. Donau¬
2740 4655 3571 4694 eschinger Kammermusikfest findet Mitte Juli
2741 4695 3575 4734 1927 statt; das Kuratorium gibt bekannt, daß
2741 4734 3574 4774 Kammermusikwerke jeder Art und Besetzung bis
2740 4775 3573 4814 1. Februar 1927 eingereicht werden können. — Als
2737 4815 3573 4853 einzige Uraufführung kündigt die Metropoli¬
2737 4854 3572 4892 tan-Oper des einheimischen Komponisten
2737 4893 3572 4932 Deems Taylor originalamerikanische Oper „Der
2739 4933 3575 4972 Henker des Königs" für Anfang Februar an. —
2740 4973 3574 5014 In Heidelberg findet Anfang Juni 1927 ein
2739 5014 3574 5053 dreitägiges Beethovenfest statt; als Festdirigent
2738 5054 3573 5091 wurde Furtwängler, als Festorchester wurden die
2739 5092 3576 5131 Berliner Philharmoniker verpflichtet. — Paul
2735 5129 3576 5172 Hindemiths „Marienleben", das kürzlich an
2739 5169 3577 5212 dieser Stelle irrtümlicherweise als Oratorium be¬
2738 5210 3575 5252 zeichnet wurde, ist ein Liederzyklus nach Rainer
2735 5249 3578 5292 Maria Rilke mit Klavierbegleitung. Clara Wirz-¬
2738 5292 3573 5332 Wyß, unsere treffliche Schweizer Sopranistin,
2738 5328 3575 5372 war dem Zyklus bei seiner Stuttgarter Erstauf¬
2742 5368 3578 5412 führung eine von der dortigen Presse nach Gebühr
2743 5409 3144 5441 gewürdigte Interpretin.
