4306 5551
204 104 1457 184 Nr. 259 Zweites Morgenblatt.
1723 104 2725 175 Der Zürcher Zeitung 127. Jahrgang
3007 100 4273 163 Dienstag, 18. September 1906.
201 223 4276 684 Neue Zürcher Zeitung
285 743 1295 780 Abonnementspreise. 3 Monate 6 Monate 12 Monate
200 776 1269 813 Zürich wenn die Zeitung abgeholt wird . Fr. 5.50 10.— 20.—
206 826 1266 866 Schweiz Bestellung beim Postbureau . . „ 6.50 12.50 25.—
262 850 1264 893 do. mit Bezug unter Privatadresse . „ 8.— 15.— 30.—
203 888 952 921 Deutschland Bestellung beim Postamt . Mk. 6.—
203 913 955 947 Oesterreich  do. . Kr. 8.34
239 803 1266 836 do. ins Haus gebracht . . . . . „ 6.30 12.— 24.—
3513 755 3944 787 Insertionspreise:
3451 792 4041 820 Per einspaltige Petitzeile oder deren Raum
1456 808 2991 951 und schweizerisches Handelsblatt.
3394 822 4106 847 für die Schweiz 25 Rp., für das Ausland 40 Rp.
3198 843 4284 874 Lokal-Inserate 20 Rp. (exkl. Finanz- u. Chiffre-Anzeigen, sowie f. Aktien-Ges.)
3546 875 3944 900 Reklamen Fr. 1.-- per Zeile
3519 909 3985 931 Allgemeine Inseraten-Annahme:
3573 936 3917 967 Rudolf Mosse
3237 972 4256 999 Annoncen-Expedition für alle schweizerischen und ausländischen Zeitungen
206 933 1265 973 Italien do. . Fr. 8.10 15.50 30.85
212 959 1266 1001 Russland do. . Rbl. 3.06 6.12 12.24
208 986 1269 1027 Uebrige Staaten des Weltpostvereins . Fr. 12.50 24.— 48.—
425 1024 1077 1062 Redaktionsbureau: Goethestraße 10.
3484 1006 3998 1031 5 Theaterstr. Zürich Goethestr. 10
198 1110 1179 1179 Die in Mexiko hervortretende Auflehnung gegen
309 1169 1066 1217 die nordameriankische Einwanderung.
290 1228 1182 1288 Aus Mexiko kommen seltsame Nach¬
203 1277 1185 1331 richten. „Die entschlossene Haltung des Präsi¬
203 1322 1180 1375 denten Diaz zwang die revolutionäre Junta,
209 1366 1187 1419 die zum 16. September eine politische Kund¬
203 1414 1185 1462 gebung plante, ihr Hauptquartier in Mexiko
207 1455 1190 1506 aufzugeben und nach Texas überzusiedeln, wo¬
205 1504 1183 1549 durch sie die vorläufige Niederlage anerkennt.
206 1545 1191 1594 Die deutsche, spanische, französische, italienische
208 1590 1190 1638 und amerikanische Kolonie in der Hauptstadt
209 1633 1196 1684 Mexiko hielten gestern Zusammenkünfte ab und
207 1678 1196 1730 nahmen darin Resolutionen an, in denen Ver¬
209 1723 1194 1775 trauen in die Festigkeit der bestehenden Ver¬
208 1771 833 1809 hältnisse ausgesprochen wird."
288 1814 1196 1864 Seltsam! Eine revolutionäre Junta! Will
210 1860 1194 1908 die Revolution wieder ihr Haupt erheben, nach¬
211 1902 1196 1954 dem der Sieg der liberalen Partei unter Porfirio
213 1949 1196 1997 Diaz (1876) dem Lande so lange den Frieden
216 1994 1196 2041 und hiermit die Grundlage zu blühender wirt¬
215 2037 1198 2087 schaftlicher Entwicklung gesichert hat? Im Zu¬
215 2085 1194 2131 sammenhang mit dieser Meldung stehen andere,
214 2128 1198 2175 wonach sich in ganz Mexiko eine starke Feind¬
217 2173 1200 2220 seligkeit gegen „amerikanische" Kaufleute und
214 2218 1200 2265 Industrielle, Angehörige, der Vereinigten
218 2263 1201 2309 Staaten, bemerkbar macht, deren Vertreibung
215 2307 1201 2354 zum 19. September, angekündigt wird. Un¬
218 2353 1200 2399 ruhen im Staate Sonora richteten sich gegen
217 2398 1200 2443 die Besetzung der bessern Posten auf den Eisen¬
216 2443 1198 2488 bahnen und in den Bergwerken durch „Ameri¬
220 2489 1200 2532 kaner". Zur Erklärung dieser Bewegung muß
219 2532 1199 2577 man sich die neuere Entwicklung Mexikos ver¬
220 2577 512 2612 gegenwärtigen.
297 2626 1195 2665 Seit der Unabhängigkeitserklärung (1821)
221 2664 1205 2711 gab es in Mexiko eine lange Reihe von Revolu¬
221 2711 1205 2755 tionen, die einerseits aus der politischen Un¬
221 2753 1205 2797 fähigkeit der Präsidenten, anderseits aus der
223 2798 1208 2840 Unbotmäßigkeit des zügellose Freiheit begehren¬
223 2839 1204 2885 den Volkes hervorgingen. Innerhalb von vierzig
223 2884 1204 2930 Jahren hat Mexiko sechsunddreißig Präsidenten
223 2930 1204 2974 gehabt. Erst Porfirio Diaz, ein Mann von
223 2975 1202 3018 eiserner Energie und hervorragender diploma¬
225 3019 1205 3062 tischer Begabung, verstand es, die Ruhe dauernd
223 3062 1207 3107 aufrechtzuhalten. Seine Wirtschaftspolitik, die
224 3107 1207 3151 ihm die Mittel lieferte zur Verbesserung des
225 3152 1206 3196 stehenden Heeres, ging darauf aus, durch Herbei¬
225 3197 1209 3240 ziehung von Ausländern den natürlichen Reich¬
225 3240 1209 3286 tum des Landes zu erschließen und demgemäß
226 3285 1209 3331 den Ackerbau wie den Bergbau gleichmäßig zu
225 3330 1210 3377 fördern. Die Herbeiziehung von Ausländern
223 3378 1208 3421 legte leider, indem sie eine starke Einwanderung
225 3421 1207 3467 aus den Vereinigten Staaten herbeiführte, den
227 3468 1210 3511 Grund zu den jetzt sich geltend machenden
225 3511 1210 3556 Schwierigkeiten. Ohne Frage hat die Diazsche
226 3556 1207 3601 Wirtschaftspolitik den Wohlstand und die Kauf¬
226 3599 1208 3647 kraft der Bevölkerung und hiermit die Steuer¬
228 3644 1199 3692 kraft des Landes außerordentlich gehoben.
226 3689 1210 3737 Mexiko bestreitet seine Ausgaben, fast aus¬
227 3733 1209 3783 schließlich durch die Einfuhrzölle, in deren Er¬
224 3777 1200 3828 hebung Diaz Ordnung und Ehrlichkeit brachte,
222 3820 1209 3874 und durch Stempelabgaben aller Art. Diese
223 3867 1208 3909 Wirtschafts- und Verkehrspolitik bedingte auch
1229 1086 2231 1140 die Erschließung entlegener Gegenden, die oft
1231 1131 2230 1185 genug Revolutionsherde waren. Deshalb ver¬
1234 1177 2233 1230 wendete die Regierung große Summen auf den
1238 1221 2235 1275 Bau von Eisenbahnen in oft ganz unent¬
1234 1268 2235 1319 wickelten Gegenden. Dies lohnte sich; denn mit
1236 1310 2237 1365 jedem Jahr erhöhten sich die Erträge der
1239 1356 2236 1411 Bahnen in dem Maße, wie sie die Kultur in
1238 1400 2241 1456 jene Einöden brachten und Ackerbau, Handel
1239 1447 2241 1500 und Industrie dort zur Blüte brachten. Mit
1241 1493 2240 1544 besonderem Eifer hat Porfirio Diaz den Bau
1244 1537 2240 1589 der Bahn über den Isthmus von Tehuantepel
1244 1582 2244 1633 betrieben, von der man erwartet, daß sie
1243 1626 2242 1679 einen großen Teil des Panamaverkehrs noch
1248 1673 2244 1723 vor der Vollendung des transozeanischen Kanals
1247 1717 2242 1768 an sich ziehen und eine Hauptverkehrsstraße des
1247 1761 2242 1813 Landes sein werde. Ein ganz hervorragendes
1246 1806 2236 1858 Verdienst hat er sich auch dadurch erworben,
1248 1851 2243 1903 daß er (im Verein mit dem Finanzminister
1247 1897 2245 1948 Limantour) die pünktliche Zahlung der Zinsen
1249 1942 2244 1993 der auswärtigen Schuld durchführte und da¬
1250 1988 2240 2038 durch, auch den Frieden nach außen sicherte.
1250 2033 2246 2082 Während früher die Unterlassung der Zins¬
1251 2079 2248 2127 zahlung auswärtige Verwicklungen und mit
1252 2123 2247 2172 ihnen viel Unglück für Mexiko heraufbeschworen
1251 2170 2248 2216 hatte, genießt dieser Staat jetzt auch finanziell
1253 2213 1605 2252 einen guten Ruf.
1332 2261 2246 2306 Daß Porfirio Diaz die Erschließung der
1255 2304 2248 2351 Hilfsquellen des Landes den Ausländern an¬
1254 2349 2246 2396 vertraute, ist von Anfang an gegen den Wunsch
1254 2395 2248 2441 des Volkes gewesen und hat, wie oben schon
1254 2439 2246 2486 angedeutet, den Keim gelegt zu damals nicht
1256 2484 2248 2531 vorausgesehenen Gefahren. Die Zukunft Mexikos
1253 2528 2248 2577 hängt nun einmal davon ab, wie sich sein
1256 2576 2250 2621 Verhältnis zu den Vereinigten Staaten ge¬
1256 2619 2252 2665 staltet, die bekanntlich längst an die Einver¬
1258 2664 2240 2710 leibung auch dieses reichen Landes denken.
1259 2707 2254 2755 Schon um die Mitte des 19. Jahrhunderts
1259 2756 2255 2796 führte ihre Begehrlichkeit zu Verwicklungen mit
1259 2797 2250 2840 Mexiko. Im Jahre 1847 brachen sie einen
1256 2840 2248 2884 Krieg vom Zaun und annektierten alles nörd¬
1256 2884 2251 2928 lich vom Rio Grande gelegene mexikanische
1253 2928 2250 2974 Gebiet, nämlich das fruchtbare und goldreiche
1258 2974 2250 3018 Oberkalifornien mit San Francisco und die
1262 3017 2253 3064 silberreichen Staaten Arizona, Neu-Mexiko
1261 3060 2250 3110 und Texas. Hiermit war der erste Schritt zu
1261 3108 2251 3155 weiterm Vordringen nach Süden getan, und
1261 3150 2250 3201 heute gilt es den Vereinigten Staaten als
1263 3197 2251 3246 selbstverständlich, daß Mexiko und Mittel¬
1260 3242 2252 3291 amerika mit dem Bau des interozeanischen
1263 3287 2250 3336 Kanals in die nordamerikanische Machtsphäre
1265 3333 2256 3381 fallen und deshalb eines Tages in Besitz ge¬
1265 3376 2255 3427 nommen werden müsse. Die Besitznahme wirt¬
1264 3423 2257 3472 schaftlich vorzubereiten, wurde die Aufgabe des
1263 3467 2259 3517 nordamerikanischen Großkapitals, das die Zu¬
1260 3513 2258 3562 lassung des fremden Unternehmertums aus¬
1263 3557 2257 3607 nützte und sich alsbald des Bergbaues und des
1264 3604 2067 3641 Eisenbahnbaues zu bemächtigen suchte.
1344 3652 2254 3698 Der Erzreichtum Mexikos ist gewaltig groß.
1266 3693 2260 3744 Sein Silberbergbau wird nur von dem der
1264 3738 2262 3789 Vereinigten Staaten übertroffen und liefert
1266 3784 2260 3834 noch heute etwa ein Viertel des auf der ganzen
1264 3828 2258 3879 Erde geförderten Silbers. Der Silberreichtum
1266 3876 2259 3913 ermöglicht dem Lande die Aufrechthaltung einer
2287 1079 3276 1131 reinen Silberwährung. Ein sehr liberales
2287 1125 3278 1177 Berggesetz trägt noch jährlich zur Vermehrung
2288 1173 3282 1221 des Silberbergbaues bei. Aber die Silber¬
2290 1216 3281 1266 bergwerke sind immer mehr in die Hände von
2290 1262 3283 1311 Nordamerikanern gelangt. Auch die Gold¬
2290 1308 3280 1355 ausbeute hat sich bedeutend gehoben. Immer
2290 1352 3283 1400 neue Bergwerke werden von „smarten" Ameri¬
2295 1397 3285 1445 kanern, ausfindig gemacht, und es gibt
2297 1440 3286 1491 Sanguiniker, die Mexiko als das Goldland der
2296 1487 3287 1536 Zukunft, neben Transvaal stellen. Wenn sie
2294 1532 3285 1581 recht haben, so wird dies für die Unabhängig¬
2298 1576 3285 1626 keit Mexikos entsprechend unheilvoll sein. Auch
2298 1622 3288 1671 Eisen, Kupfer, Blei, Zink, Quecksilber findet
2297 1668 3289 1715 sich reichlich, dagegen lohnt Steinkohle den Ab¬
2295 1712 3287 1761 bau nur in Coahuila. Die mexikanischen Eisen¬
2296 1759 3287 1806 bahnen sind zur Deckung ihres Kohlenbedarfs
2296 1802 3282 1852 auf, die Vereinigten Staaten, angewiesen.
2298 1850 3288 1897 Fast alle (ausgenommen nur die von Eng¬
2300 1895 3289 1941 ländern gebaute Bahn von der Hauptstadt nach
2301 1938 3291 1988 Veracruz und die von der mexikanischen Re¬
2298 1984 3292 2034 gierung gebaute und dann von einer englischen
2302 2031 3290 2078 Firma übernommene Tehuantepek-Bahn s. o.)
2302 2075 3293 2123 sind in amerikanischen Händen, werden von
2301 2120 3295 2168 amerikanischem, meist englisch sprechendem Per¬
2303 2165 3295 2213 sonal bedient und kaufmännisch von den ameri¬
2302 2211 3295 2259 kanischen Handelsmetroprolen aus geleitet. Sie
2300 2257 3293 2304 haben nahezu dieselbe Einrichtung wie die der
2300 2302 3293 2349 Vereinigten Staaten. Vertragsmäßig sollen sie
2301 2347 3290 2394 nach 90 Jahren in den Besitz des mexikanischen
2300 2391 3291 2440 Staates übergehen, der den Bau durch Sub¬
2300 2438 3294 2485 ventionen begünftigt, indem er für jeden
2301 2484 3298 2530 fertigen Kilometer eine bestimmte Summe
2302 2529 3295 2575 zahlt. Das hat die spekulativen Yankees oft ver¬
2303 2572 3297 2621 anlaßt, nicht den nächsten aber kostspieligeren
2304 2619 3299 2665 Weg zu wählen, sondern in endlosen Schlangen¬
2306 2664 3299 2709 windungen zu bauen, damit recht viele Kilo¬
2308 2708 3302 2754 meter herauskämen und die Baukosten auf den
2306 2755 3045 2788 Kilometer möglichst gering blieben.
2383 2801 3298 2841 Seit dem Ende der achtziger Jahre führte
2304 2841 3301 2887 die Silberentwertung eine vermehrte Ein¬
2302 2886 3299 2932 wanderung aus dem Goldlande Nordamerika
2303 2931 3298 2978 nach Mexiko herbei. Hier in dem aufblühenden
2302 2976 3297 3023 Lande sah man den Wert seines Geldes plötzlich
2303 3020 3299 3069 verdoppelt und fand mehr Gelegenheit, es vor¬
2304 3067 3299 3113 teilhaft anzulegen. Diese Einwanderung ließ
2304 3111 3290 3158 überall, besonders in den Städten des Nordens,
2303 3156 3298 3204 z. B. Juarez. Guaymas, Chihuahua, Mon¬
2303 3202 3298 3249 terey, Matamoros, und in der Hauptstadt be¬
2307 3248 3299 3294 deutende amerikanische Kolonien entstehen, wo¬
2308 3292 3300 3340 gegen Südamerika, fast noch gar keine Ein¬
2306 3338 3301 3385 wanderung aus den Vereinigten Staaten aufzu¬
2311 3383 3305 3430 weisen hat. Die amerikanische Kolonie der
2309 3428 3308 3475 Hauptstadt ist nächst der spanischen die größte
2313 3474 3307 3520 der dortigen Fremdenkolonien. Sie wird auf
2311 3517 3309 3566 dreitausend, meist wohlhabende Eingewanderte
2312 3562 3308 3612 geschätzt. Hier und in einigen andern Städten
2314 3608 3301 3657 erscheinen auch anglo-amerikanische Zeitungen.
2315 3654 3308 3702 Alljährlich wählen zahlreiche amerikanische Ge¬
2317 3699 3311 3748 sellschaftsreisen dieses Land als Ziel. Die
2312 3745 3310 3793 amerikanischen Eisenbahngesellschaften bieten
2313 3790 3311 3838 durch Reklame alles aus, möglichst viele
2312 3835 3309 3883 Reisende auf ihre Bahnstrecken zu locken. So
2314 3879 3311 3919 sind Reisen nach Mexiko in den Vereinigten
3336 1077 4305 1123 Staaten bereits ebenso Mode geworden w
3336 1123 3792 1159 der Zug nach Europa.
3413 1167 4305 1215 Es lag auf der Hand, wie leicht die in
3337 1211 4306 1259 Vorstehenden dargestellte Entwicklung den Ver
3338 1256 4304 1305 einigten Staaten eines Tages einen Vorwan
3337 1302 4304 1350 zur Einmischung in die innern Verhältniss
3342 1346 4305 1396 Mexikos bieten könnte. Aber die nun einma
3340 1392 4307 1441 von Porfirio Diaz befolgte Politik kann nich
3340 1436 4305 1486 rückgängig gemacht werden, mögen auch di
3341 1481 4307 1531 Sympathien der Mexikaner für die Beglücke
3342 1525 4307 1577 aus dem Norden immer mehr erkalten. Uebr
3344 1571 4306 1621 gens ist Mexiko durch diese Politik zu eine
3345 1614 4306 1667 wirtschaftlichen Blüte gelangt, die seine Wide
3344 1663 4307 1711 standskraft wesentlich gesteigert hat. Mexiko i
3344 1706 4306 1757 heute auch militärisch eine Macht, die zu unte
3343 1754 4305 1801 werfen den Vereinigten Staaten, schwer genu
3345 1798 4305 1847 fallen dürfte. Seine Selbständigkeit erschei
3347 1843 4306 1892 daher gesichert. Freilich, die Frage bleibt offe
3344 1889 4304 1937 ob nicht alles Land bis zum Panamakan
3345 1938 4305 1981 mit der zunehmenden Einwanderung vo
3347 1982 4305 2027 Yankees früher oder später den Vereinigte
3347 2028 4305 2073 Staaten auch ohne Krieg, sozusagen dur
3348 2074 3896 2109 Aussaugung zufalen muß.
3491 2158 4211 2198 Römisches Volksleben im Dialekt.
3859 2210 4305 2252 St. Rom, im August.
3413 2247 4306 2294 Wer in warmer, goldener Frühlings- oder Frü
3351 2291 4305 2334 sommer-Mittagsstunde bei dem Patriarchen unter d
3352 2329 4306 2376 römischen Wirten, Zi Pasquale Einkehr hält, um d
3347 2371 4307 2417 einen kleinen, mit Fraskataner angefeuchteten Im
3349 2412 4307 2458 einzunehmen, der wird Zeuge, wie sich an einem
3352 2453 4307 2499 stimmten Tische allmählich einige Gäste sammeln.
3349 2496 4305 2539 Tür des freundlichen Raums ist durch ein schweb
3350 2536 4305 2580 des, glasperlendurchsetztes Rohrgitter ersetzt, das
3353 2578 4306 2621 Fliegen abhält, aber den frischen Luftzug durchläßt,
3354 2619 4305 2661 mit dem Saum der blendendweißen Tischdecke spi
3358 2659 4305 2701 Auf dem Tisch stehen nach römischer Sitte Berge
3359 2699 4267 2742 Tellern zu beliebig verschwenderischem Gebrauch.
3360 2741 4305 2782 Aufsatz mit allerbestem Essig und tiefgoldenem süs
3362 2781 4306 2822 Sabineröl, Pfeffer und Salz, sowie endlich die dur
3354 2820 4306 2862 aus nicht überall, aber beim Zi Pasquale stets a
3353 2862 4305 2902 allersäuberlichste geputzten posate — Messer und Ga
3352 2903 4303 2944 Natürlich fehlt es auch an Servietten nicht. Das folge
3358 2945 4306 2985 Schauspiel entwickelt sich beinahe mit der Regelmäß
3356 2986 3607 3015 keit einer Uhr.
3417 3033 4306 3068 Eben hat der Commendatore R. sein scharfgeschnitte
3353 3069 4306 3109 Antlitz durch den Gittervorhang gesteckt, es aber wie
3354 3108 4306 3150 zurückgezogen, als er den Cavaliere ufficiale S. n
3352 3150 4284 3191 nicht am Tisch erblickte. (In Italien tituliert man
3354 3190 4305 3232 Leute nach ihren Orden; nur die Ritter des Annunziat
3352 3231 4305 3272 Ordens sind Exzellenz.) Eine halbe Minute spä
3354 3270 4307 3315 erscheint bereits der Gesuchte; eine schlanke, schöne
3355 3315 4274 3355 scheinung, eine römische Idealfigur vom Scheitel
3358 3353 4305 3397 zur Sohle. Der Cavaliere ufficiale ist ein höhe
3360 3395 4253 3437 Beamter beim Schatz- oder Finanzministerium.
3363 3435 4305 3479 macht es sich sofort, nachdem er den weißbärtigen M
3365 3477 4305 3521 und mich begrüßt, an der gedeckten Tafel bequem
3366 3520 4305 3562 hebt, während Zi Pascuale ebenfalls Platz genom
3367 3560 4303 3603 hat, mit neugieriger Vorsicht den über eine große, ru
3367 3598 4305 3645 Schüssel gestülpten Teller ab. Irgend ein römis
3365 3642 4273 3685 Gericht kommt zum Vorschein, das Alessandro,
3362 3682 4285 3726 Kellner, eben aus einer nahen Garküche geholt hat.
3362 3722 4290 3768 diesem Augenblick betritt der frühere Chefredakteur
3365 3765 4304 3808 „Capitano Fracassa", jetzige Abgeordnete und g
3363 3806 4307 3849 gewiß zukünftige Unterstaatssekretär und Minister Fa
3367 3847 4280 3891 wie gewöhnlich mit einem Scherz auf den Lippen,
3368 3887 4304 3922 Osteria. In einem parlamentarischen Wortgefecht h
530 3989 880 4036 Feuilleton.
552 4088 880 4112 Heinrich Laube.
223 4128 1210 4170 Heinrich Laubes ausgewählte Werke in
330 4165 1209 4212 zehn Bänden. Herausgegeben von Heinrich
328 4206 1210 4251 Hubert Houben. Leipzig, Max Hesses
328 4250 454 4279 Verlag.
288 4292 1209 4332 Zu Heinrich Laubes hundertstem Geburtstag (18.
222 4327 1207 4375 September) läßt der Klassiker-Verlag Max Hesse in
224 4369 1206 4415 Leipzig eine Ausgabe von Laubes Werken erscheinen,
222 4409 1208 4455 die auf lebhaftes Interesse aller Literatur-, insbesondere
225 4451 1206 4495 aller Theaterfreunde Anspruch erheben darf. Laube ist
223 4490 1208 4537 im Jahre 1884 gestorben, es wird daher noch eine Reile
224 4531 1208 4577 von Jahren dauern, bis seine Schriften durch das Recht
223 4569 1210 4618 des Nachdrucks freies Eigentum der Allgemeinheit wer¬
223 4610 1208 4660 den. Daß der Hessesche Verlag sich schon jetzt das Recht
224 4649 1209 4702 erworben hat, Laube unter seine Klassiker aufnehmen zu
222 4690 1208 4743 dürfen, ist erfreulich. Ein Mann, dessen Verdienste um
224 4729 1211 4783 das deutsche Theater außerordentlich sind, wird dadurch
223 4769 1209 4823 beinah um ein Jahrzehnt früher in seinem Streben und
225 4807 1044 4856 Wirken den weiteren Kreisen bekannt gemacht.
285 4845 1202 4907 Als Herausgeber zeichnet Heinrich Hubert Houben,
221 4889 1206 4948 der sich durch eine Reihe wertvoller Studien um die Ge¬
225 4931 1208 4988 schichte des Jungen Deutschlands verdient gemacht hat.
222 4974 1208 5028 Seine umfangreiche biographische Einleitung (275 Seiten;
223 5016 1207 5067 auch als besonderes Bändchen im Hesseschen Verlag er¬
221 5056 1207 5106 schienen) bietet denn auch ein gutes Bild der ganzen
223 5095 1211 5146 Epoche, in die Laubes Wirken fällt. Ein umfangreiches
221 5137 1210 5186 Material an Briefen und Akten liegt ihr zugrunde,
224 5180 1208 5226 zum großen Teil bisher ungedruckte Stücke, die Houben
221 5220 1207 5266 zum ersten Mal verwerten durfte und die er oft in seine
222 5261 842 5296 Schilderung vollinhaltlich verwebte.
282 5307 1206 5350 In der Auswahl aus Laubes Werken ist mit rich¬
221 5342 1207 5382 tigem Verständnis der Nachdruck nicht auf den drama¬
1263 3973 2261 4017 tischen Dichter, sondern auf den Dramaturgen gelegt
1263 4011 2262 4058 worden. So findet man denn nur fünf Dramen, die
1264 4052 2262 4099 ja zum Teil noch heute dem Repertoire angehören, ab¬
1264 4093 2263 4140 gedruckt — nämlich: „Rokoko", „Struensee", „Gottsched
1263 4133 2259 4180 und Gellert", „Die Karlsschüler" und den „Grafen
1263 4172 2261 4221 Esser". Der weitaus größere Raum ist den autobio¬
1262 4213 2261 4263 graphischen und theatergeschichtlichen Schriften Laubes
1265 4255 2261 4304 gewidmet. Da begegnet man Partien, die bisher unbe¬
1262 4293 2259 4346 kannt oder verschollen waren, so der frühesten drama¬
1262 4335 2261 4386 turgischen Arbeit Laubes, den „Briefen über das deutsche
1261 4374 2262 4428 Theater", die der Herausgeber in alten Jahrgängen
1261 4417 2260 4469 der „Allgemeinen Zeitung" aufgespürt hat, und Laubes
1261 4458 2264 4510 Lebenserinnerungen, die hier zum ersten Mal vollständig
1262 4497 2260 4550 erscheinen. Bedeutsam sind natürlich in erster Reihe die
1262 4538 2260 4591 eigenen Berichte des Dramaturgen und Direktors über
1261 4579 2263 4632 seine Tätigkeit: die Schriften über „Das Burgtheater",
1260 4620 2260 4672 über „Das norddeutsche Theater" und über die letzte
1261 4662 2261 4702 Stätte seiner Wirksamkeit, das „Wiener Stadttheater".
1328 4701 2261 4753 Daß alle diese Schriften für die Geschichte des
1262 4743 2260 4794 deutschen Theaters den Wert wichtiger Dokumente be¬
1262 4784 2262 4835 sitzen, ist ja bekannt. Aber auch aktuelles Interesse wird
1262 4826 2262 4875 man in ihnen hie und da entdecken, da sie nicht selten
1264 4865 2260 4918 von Personen der jüngsten Vergangenheit oder von sol¬
1262 4906 2263 4959 chen, die noch unter uns wandeln, berichten. Laube
1264 4951 2261 4998 war z. B. einer der ersten in Deutschland, der auf
1263 4989 2261 5039 Björnson aufmerksam wurde und ihn während seiner
1262 5030 2262 5079 Leipziger Direktion auf die Bühne brachte; und es ist
1264 5070 2258 5119 wohl auch eines der frühesten deutschen Urteile über
1262 5108 2255 5159 Björnsons Dramen, das wir in Laubes 1872 erschienenem
1261 5150 2260 5199 Buche über „Das norddeutsche Theater" lesen. Interessant
1262 5189 2254 5240 ist auch, was Laube im gleichen Buche von dem Viel¬
1261 5229 2257 5280 schreiber Rudolf Gottschall erzählt, den noch heute manche
1261 5269 2256 5321 für einen Dichter halten und der einmal als Theater¬
1262 5311 2253 5362 kritiker, als Laube in Leipzig „Des Meeres und der
1264 5352 2253 5392 Liebe Wellen" aufführte, sich im dortigen „Tageblatt"
2313 3981 3308 4020 den famosen Ausspruch leistete: „Dieser Grillparzer ist
2314 4018 3047 4051 ja doch nur ein sekundäres Talent" ...
2378 4063 3309 4103 Fesselnd sind natürlich auch Laubes „Eriunerungen",
2313 4099 3310 4144 die den 8. und 9. Band füllen und fast alle Menschen
2314 4141 3311 4185 berühren, die zwischen 1830 und 1880 in Deutschland
2316 4181 3313 4227 oder Fraukreich einen Namen hatten. Und da gerade
2313 4223 3311 4267 Laube unter den Schriftstellern des Jungen Deutschland
2314 4263 3314 4309 der vielseitigste Mann war, so sind seine Schilderungen
2318 4305 3314 4350 stets interessant. Selbst in Naturen, die ihm ihrem
2314 4347 3315 4391 ganzen Wesen nach entgegengesetzt sind, weiß er sich
2316 4387 3317 4432 hineinzufühlen und wird ihnen gerecht, z. B. Heine, mit
2314 4428 3317 4473 dem er in Paris verkehrte und von dem er ein überaus
2319 4469 3317 4514 feines Bild entwirft. Laube ist wohl der einzige unter
2316 4510 3316 4554 seinen Zeitgenossen, der auch dem Menschen Heine öffent¬
2317 4553 2719 4582 lich Ehrfurcht bezeugte.
2378 4594 3313 4638 Laube, der bisher im Grunde nur ein Name war,
2316 4631 3314 4677 an den sich nur einige wenige Theaterforscher kehrten,
2316 4673 3312 4717 wird durch diese billige Ausgabe seiner Werke auch den
2315 4713 3316 4758 weiteren Kreisen als ein Mann von eigener Physiogno¬
2316 4754 3315 4799 mie zu Bewußtsein treten, als einer der Besten seiner
2315 4795 3271 4827 Zeit.  J. Fr.
2587 4876 3026 4903 Von Pariser Moden.
2385 4924 3308 4960 Die ersten Hüte der beginnenden Herbst- und Winter¬
2316 4959 3307 5000 saison überraschen einigermaßen durch ihr „altmodisches"
2315 4999 3310 5041 Aussehen, wenigstens so lange man sie nur erst in
2313 5040 3309 5082 den Schaufenstern anstaunen kann. Ueber ihre Kleid¬
2313 5080 3308 5123 samkeit läßt sich nicht urteilen, bevor man sie auf den
2311 5119 3308 5164 Köpfen gesehen hat. Sie sind meistens gros, zum Teil
2312 5158 3308 5207 sogar riesenhaft, und die reichliche Verwendung von
2309 5200 3308 5247 Samt und Ripsseide gibt ihnen dazu etwas recht
2307 5239 3308 5289 Schwerfäliges. Das ist nämlich das Charateristische
2307 5281 3306 5329 der neuen Hutmoden, daß die Köpfe, wenn auch der
2308 5321 3310 5371 breite glatte Rand aus Filz besteht, durch einen Bausch
2309 5364 3310 5402 oder Puff aus Samt oder Seide gebildet werden, dessen
3363 3988 4288 4023 Form höchst unbestimmt, aber möglichst stoffreich
3366 4023 4305 4063 Da wird dann ein Band herumgelegt und zu ei
3366 4064 4302 4105 kleinen Schleife geschlungen, und die Bänder se
3365 4105 4305 4145 scheinen aus den Zeiten der Kiepenhüte mit den brei
3366 4143 4288 4188 Bindebändern und der türkischen Umschlagetücher
3366 4187 4305 4229 stammen. Von dem einfarbigen Samt¬ oder Atl
3367 4225 4305 4272 grunde heben sich steife runde Rosen ab, die in scha
3368 4268 4306 4313 Umrissen und feinen Stichen wie eingestickt ausse
3368 4308 4304 4355 sehr verschieden von den bisherigen zartfarbigen Blum
3369 4351 4261 4396 die gleichsam eingemalt in einem Taffetgrunde
3371 4392 4267 4436 schwammen. Auf den umfangreichen Hutformen
3370 4434 4303 4478 der Capelinenart erhalten Massen von Federn P
3372 4476 4306 4517 sowohl Straußenfedern als Flügel und ganze Bü
3373 4518 4307 4557 von weichen schillernden Hahnenfedern, die bei je
3370 4557 4303 4598 Lufthauche auf und nieder wallen. Ebenso üppig
3370 4598 4278 4638 der Blumenschmuck, doch nimmt man gewöhnlich
3373 4639 4305 4679 eine Art, z. B. Georginen, und alle in der Fa
3367 4678 4291 4719 übereinstimmend. Für Reise und Motorfahrt gilt
3369 4719 4305 4761 weicher ungarnierter Filzhut mit langem Seidenmussel
3367 4760 4305 4802 schleier, der unter dem Kinn gebunden wird oder
3369 4800 4080 4833 zwei Enden flattert, als das passendste.
3432 4845 4282 4884 UInter den Kleiderstoffen der kommenden Saison
3369 4881 4303 4925 Samt die führende Rolle spielen, und schon zei
3368 4921 4306 4967 sich als erste Neuheit für Straßenkostüme maulw
3367 4963 4305 5007 graue, pflaumenblaue, grüne breit gerippte San
3362 5001 4306 5050 Ein eleganteres Genre geben wiederum der „velo
3361 5044 4305 5091 frsison" oder „pied de poule" und der velours chif
3363 5083 4305 5133 ab. Bei dem ersteren sind kleine samtene Vier
3364 5125 4287 5174 unregelmäßig über den seidenen Grund verteilt, in
3362 5165 4303 5215 Tat den Eindrücken eines Hühnerfußes im Sa
3364 5207 4304 5255 nicht unähnlich, der zweite ist mit zierlichen Blü
3366 5247 4283 5297 kränzchen gemustert, und sein Name bezeichnet die
3368 5289 4290 5337 geheure Weichheit und Geschmeidigkeit, mit der er
3365 5335 3649 5364 fassonieren läßt.
