3202 4606
194 107 889 446 Neue
919 125 3058 529 Zürcher-Zeitung

516 543 736 578 Abonnement.

705 578 797 601 Jährlich
814 578 828 599 6
828 578 921 599 Monate.
934 578 950 599 3
950 578 1041 599 Monate.

213 600 308 629 Zürich
308 600 377 629 (wenn
377 600 423 629 die
423 600 514 629 Zeitung
514 600 611 629 abgeholt
611 600 675 629 wird)
694 604 734 630 Fr.
734 604 802 630 16.—
821 602 861 629 Fr.
861 602 922 629 8.—
944 603 984 628 Fr.
984 603 1042 628 4.50

212 623 324 651 Schweiz
335 627 372 660 (bei
386 627 433 660 allen
445 626 584 653 Postbureaux)
704 644 714 654 „
737 630 802 649 21.—
831 642 840 652 „
863 629 926 649 10.50
957 642 966 652 „
988 629 1042 649 5.50

212 650 322 674 Italien
332 651 452 685 (Bestellung
464 652 493 673 bei
505 654 538 674 der
550 655 671 681 Expedition)
704 665 713 680 „
738 654 802 674 31.—
832 667 842 677 „
864 654 927 674 15.50
958 667 967 677 „
988 654 1043 674 8.50

214 672 365 705 Frankreich
365 672 487 704 (Bestellung
487 672 523 704 bei
523 672 562 704 der
562 672 684 704 Expedition)
706 694 715 704 „
740 679 771 699 38.
780 689 805 693 —
833 681 843 702 „
866 679 927 700 19.—
957 692 966 702 „
976 678 1042 700 10.—

1273 638 1739 710 Fünfundfünfzigster
1770 643 2027 715 Jahrgang.

388 710 701 737 Deutsch-österreischer
711 711 877 738 Postverband

267 739 296 763 zu
302 733 414 759 abonniren
426 734 456 770 bei
464 739 503 756 den
515 737 602 764 dortigen
615 738 749 762 Postbureaux
749 738 780 762 zu
793 737 891 763 folgenden
904 737 992 763 Preisen:

213 759 308 788 Jährlich
353 762 366 781 7
374 760 430 786 Thlr.
439 762 465 781 10
473 761 521 787 Sgr.
546 765 570 783 14
578 762 598 787 fl.
608 765 633 783 25
642 755 671 784 kr.
676 756 729 789 südd.
729 756 769 789 W.
795 763 819 782 18
826 763 847 787 fl.
856 764 881 783 28
889 763 913 784 kr
922 762 967 783 östr.
975 763 1044 788 Währ.

213 787 230 805 6
245 787 329 808 Monate
353 788 378 810 3
378 788 399 810 „
439 788 472 810 20
472 788 499 810 „
559 790 579 811 7
579 790 593 811 „
609 789 637 812 13
637 789 655 812 „
692 803 701 812 „
806 788 827 811 9
827 788 840 811 „
856 789 886 811 14
886 789 903 811 „
938 802 947 811 „
1008 802 1017 811 „

213 811 230 831 3
244 812 329 834 Monate
354 813 384 836 1
384 813 399 836 „
439 812 476 835 25
476 812 500 835 „
557 814 580 836 3
580 814 592 836 „
607 814 633 833 46
646 826 667 838 „
667 826 719 838 „
719 826 748 838 „
806 815 827 837 4
827 815 839 837 „
853 814 878 834 57
892 828 901 837 „
936 827 946 836 „
1008 828 1017 837 „

499 845 550 871 Für
566 846 655 867 andere
672 846 767 868 Länder

308 872 349 895 sind
362 870 494 895 Bestellungen
507 876 535 891 an
547 872 576 892 die
589 871 704 895 Expedition
716 873 738 893 in
749 872 819 898 Zürich
832 872 963 897 einzusenden.

1361 798 1649 881 Zweites
1693 798 1915 870 Blatt.

2569 554 2726 587 Inserate

2233 593 2275 617 sind
2290 599 2317 616 an
2329 594 2486 620 Haasenstein
2504 596 2522 615 &
2538 596 2629 622 Bogler
2645 597 2668 617 in
2685 596 2762 622 Zürich,
2785 595 2853 621 Basel,
2870 595 2934 621 Genf,
2948 594 3057 620 Stuttgart,

2377 619 2489 646 Frankfurt,
2503 621 2578 644 Berlin,
2592 622 2696 647 Hamburg
2708 627 2731 642 rc.
2743 626 2770 647 cr,
2783 621 2912 646 einzusenden.

2233 651 2454 676 Insertionspreis
2466 653 2500 677 für
2512 654 2539 675 di
2553 654 2635 679 Schweiz
2647 655 2675 680 20
2675 655 2721 680 Rp.
2721 655 2757 680 die
2770 654 2893 680 fünfspaltige
2906 653 2966 679 Zeile,
2978 651 3011 677 für
3022 653 3058 674 das

2418 678 2512 701 Ausland
2524 680 2548 700 25
2561 681 2610 702 Cts.,
2625 680 2636 701 7
2649 681 2730 705 Kreuzer
2742 681 2786 700 oder
2798 680 2811 699 2
2824 679 2873 705 Sgr.

2429 737 2510 758 Bureaux
2521 737 2553 759 der
2565 737 2680 759 Redaktion:
2698 737 2831 764 Brunngasse,
2843 738 2863 757 2.

2235 794 2267 814 An
2281 794 2348 816 Sonn-
2358 797 2398 815 und
2410 795 2510 821 Freitagen
2522 797 2570 817 wird
2581 792 2612 818 die
2624 797 2709 822 Zeitung
2722 797 2799 818 einmal,
2814 800 2842 816 an
2852 792 2889 816 den
2901 794 2979 820 übrigen
2992 793 3058 820 Tagen

2540 821 2625 846 zweimal
2639 822 2762 848 ausgegeben.

2465 878 2555 904 Einzelne
2565 879 2676 900 Nummern
2688 880 2744 904 kosten
2759 880 2783 901 10
2795 879 2836 904 Rp.

235 942 492 1014 Zürich,

1275 947 1574 1013 Donnerstag,
1611 948 1684 1002 18.
1719 948 1860 1016 März
1897 950 2024 1003 1875.

2845 951 2924 1001 Nr.
2956 950 3045 1004 140

301 1098 576 1141 Schweizerische
597 1100 1036 1141 Bundesversammlung.

315 1184 595 1225 Ständerath.
628 1184 747 1225 Sitzung
761 1191 825 1216 vom
848 1185 898 1215 17.
911 1182 1010 1224 März.

258 1247 309 1279 Auf
323 1247 366 1274 der
381 1242 490 1276 heutigen
502 1242 697 1275 Tagesordnung
715 1242 802 1275 stehen:

258 1286 285 1316 1.
301 1280 366 1313 Die
382 1279 709 1312 Büdgetpostulate.
730 1278 792 1312 Noch
802 1278 904 1311 bestehen
913 1278 965 1306 vier
974 1278 1131 1312 Differenzen.

194 1322 267 1358 Vgl.
286 1317 566 1350 Nationalrathsverhdl.
591 1325 647 1345 vom
674 1317 712 1345 13.
730 1318 767 1345 ds.
792 1316 833 1344 der
859 1316 891 1344 N.
909 1315 939 1350 Z.
960 1315 988 1350 Z.
1015 1316 1058 1344 Nr.
1077 1316 1132 1344 131.

194 1360 322 1396 Postulat
338 1358 385 1387 Nr.
399 1354 419 1382 4
434 1354 492 1381 betr.
504 1354 654 1388 Uebergriffe
671 1355 698 1382 in
714 1354 750 1382 die
769 1352 864 1382 Kredite
881 1353 965 1381 milder
982 1353 1133 1386 Stiftungen.

196 1391 266 1428 Die
266 1391 552 1428 Kommissionsmehrheit
564 1391 775 1424 (Berichterstatter
785 1390 830 1425 Hr.
849 1389 986 1423 Vigier)
1005 1392 1134 1424 beantragt

197 1436 376 1472 Zustimmung
399 1437 453 1463 zum
473 1428 657 1462 Nationalrath,
683 1429 730 1464 Hr.
748 1428 878 1461 Sulzer
896 1427 978 1460 jedoch,
1004 1427 1134 1460 unterstützt

191 1481 256 1503 von
282 1469 344 1507 Hrn.
365 1466 500 1499 Keller,
526 1465 673 1501 Festhalten;
699 1470 725 1494 es
754 1465 829 1499 stehen
845 1465 886 1499 sich
911 1465 948 1493 bei
973 1466 1013 1492 der
1032 1464 1133 1497 Abstim¬

198 1519 287 1543 mung
304 1508 336 1536 14
353 1512 425 1540 gegen
442 1504 475 1531 14
492 1504 616 1532 Stimmen
634 1503 774 1537 gegenüber,
799 1503 846 1530 und
869 1504 910 1530 der
925 1502 1061 1534 Präsident,
1087 1503 1134 1536 Hr.

198 1542 318 1582 Köchlin,
335 1541 466 1576 entscheidet
483 1541 521 1572 für
534 1540 678 1574 Festhalten.
698 1555 727 1560 —
744 1540 854 1573 Postulat
872 1540 916 1568 Nr.
925 1540 942 1566 6
959 1540 1018 1567 betr.
1028 1539 1133 1572 Büdget¬

198 1588 300 1620 ansätze
316 1582 356 1617 für
372 1581 408 1608 die
425 1578 673 1611 Kontrolingenieurs
701 1578 760 1606 wird
779 1577 821 1606 mit
837 1578 887 1605 dem
906 1576 1079 1609 Nationalrath
1098 1586 1135 1610 ge¬

197 1623 314 1657 strichen.
331 1633 363 1638 —
380 1616 426 1645 Nr.
435 1615 453 1642 8
469 1615 528 1643 betr.
546 1616 582 1643 die
600 1614 737 1647 Baupfiicht
755 1623 802 1642 von
820 1614 904 1649 Zürich
922 1615 971 1641 und
987 1614 1061 1642 Bern.
1086 1614 1135 1642 Die

201 1657 371 1691 Kommission
386 1655 516 1686 beantragt
532 1652 666 1686 Festhalten
692 1653 740 1680 und
757 1653 818 1680 wird
835 1660 882 1679 von
898 1652 962 1685 Hrn.
977 1652 1135 1684 Bundesrath

202 1695 344 1728 Knüsel
361 1691 525 1726 nachdrücklich
542 1690 680 1724 unterstützt,
702 1690 757 1718 weil
774 1690 811 1718 die
827 1698 882 1717 vom
899 1689 1075 1721 Nationalrath
1093 1697 1136 1716 an¬

203 1740 365 1770 genommene
392 1728 537 1762 Streichung
563 1736 611 1756 von
636 1730 678 1756 der
706 1727 801 1760 Presse,
826 1726 963 1758 namentlich
989 1734 1037 1754 von
1060 1726 1136 1754 einem

202 1772 333 1809 offiziösen
349 1769 438 1801 Organ
456 1766 497 1793 des
515 1759 628 1793 Kantons
646 1764 721 1798 Bern,
738 1765 780 1792 als
798 1764 833 1791 ein
850 1764 955 1796 Verzicht
972 1763 1013 1791 der
1025 1764 1136 1792 Bundes¬

202 1812 332 1846 behörden
357 1805 399 1838 auf
424 1804 462 1831 die
478 1802 564 1835 Pflicht
592 1803 633 1830 der
659 1806 792 1837 genannten
816 1802 876 1829 Orte
901 1801 1026 1834 ausgelegt
1051 1801 1135 1828 werde.

205 1847 263 1884 Hr.
282 1841 537 1875 Bodenheimer
561 1839 652 1872 (Bern)
679 1840 804 1872 beantragt
828 1837 960 1872 umgekehrt
985 1837 1138 1871 Streichung,

204 1886 271 1915 weil
297 1884 333 1911 die
352 1877 542 1914 gegenwärtigen
559 1876 762 1909 Verhandlungen
787 1876 843 1903 über
869 1875 906 1903 die
924 1874 1002 1906 Sache
1028 1874 1087 1906 nicht
1111 1875 1138 1902 in

203 1922 299 1957 irgend
325 1919 389 1947 einer
406 1914 523 1947 Richtung
550 1913 681 1946 beeinflußt
707 1914 799 1941 werden
823 1912 903 1943 sollen.
939 1911 991 1939 Mit
1008 1912 1041 1939 26
1065 1919 1138 1944 gegen

204 1962 225 1988 1
247 1959 356 1989 Stimme
380 1952 443 1981 wird
468 1952 515 1979 das
540 1950 652 1983 Postulat
678 1950 834 1984 festgehalten.
850 1963 883 1968 —
901 1949 947 1976 Nr.
965 1948 998 1974 10
1022 1951 1082 1976 betr.
1100 1948 1139 1975 die

205 1996 365 2032 konsequente
389 1989 567 2021 Beibehaltung
593 1989 636 2015 der
661 1988 776 2020 einzelnen
801 1985 987 2019 Büdgetansätze
1012 1985 1139 2017 innerhalb

206 2037 283 2064 einer
307 2032 355 2060 und
378 2026 497 2058 derselben
514 2025 682 2058 Verwaltung.
717 2025 780 2057 Nach
806 2024 901 2057 Antrag
925 2023 966 2050 der
983 2022 1140 2055 Kommission

206 2073 280 2103 wird
297 2067 402 2101 dasselbe
421 2063 524 2095 aufrecht
542 2062 656 2096 erhalten,
674 2064 707 2090 in
707 2064 760 2090 dem
775 2062 863 2093 Sinne,
880 2059 926 2093 daß
945 2064 971 2087 es
989 2062 1052 2093 auch,
1070 2068 1139 2087 wenn

207 2115 257 2140 der
277 2101 452 2137 Nationalrath
480 2100 522 2133 auf
547 2101 588 2127 der
606 2100 749 2132 Streichung
774 2100 890 2131 beharren
907 2097 980 2130 sollte,
1005 2098 1045 2125 als
1070 2096 1141 2128 bloße

210 2146 361 2177 Einladung
377 2142 420 2168 des
439 2136 620 2170 Ständerathes
638 2145 670 2164 an
688 2137 732 2163 den
749 2135 905 2167 Bundesrath
923 2134 999 2167 gelten
1016 2132 1065 2166 soll.

270 2183 295 2211 2.
311 2174 549 2214 Frachtgesetz.
584 2173 627 2201 Da
653 2173 701 2208 Hr.
718 2172 851 2205 Köchlin
878 2171 917 2199 als
943 2169 1142 2202 Berichterstatter

209 2225 260 2251 der
279 2215 438 2248 Kommission
461 2211 554 2245 fungirt
578 2211 628 2238 und
653 2211 699 2246 Hr.
716 2208 893 2242 Vizepräsident
916 2207 1067 2240 Ringier
1093 2207 1143 2234 ab¬

211 2255 351 2289 wesend
368 2252 402 2286 ist,
431 2249 454 2281 so
481 2248 544 2276 wird
569 2256 619 2275 von
638 2247 753 2280 Ersterem
782 2245 827 2280 Hr.
843 2245 956 2277 Kopp,
983 2246 1144 2278 abgetretener

210 2292 349 2328 Präsident
364 2290 407 2316 des
416 2286 512 2319 Rathes
530 2285 625 2318 ersucht,
641 2286 687 2313 den
696 2282 785 2316 Vorsitz
801 2290 828 2315 zu
844 2282 939 2315 führen.
949 2296 978 2300 —
988 2282 1038 2309 Die
1054 2280 1144 2312 stände¬

209 2330 331 2365 räthliche
348 2323 504 2356 Kommission
522 2324 657 2355 beantragt,
683 2322 709 2348 in
735 2322 800 2350 einer
819 2319 947 2353 Mehrzahl
972 2327 1020 2346 von
1037 2317 1145 2351 Punkten

211 2372 265 2398 den
284 2363 428 2398 Beschlüssen
445 2362 488 2387 des
505 2359 709 2392 Nationalrathes
726 2357 892 2391 zuzustimmen,
915 2356 1022 2388 dagegen
1046 2355 1098 2389 hält
1115 2355 1146 2387 sie

210 2408 243 2435 in
264 2404 369 2432 anderen
384 2398 433 2426 und
452 2397 476 2424 in
493 2396 615 2429 wichtigen
625 2395 782 2428 wesentlichen
791 2394 887 2427 Fragen
904 2393 941 2420 die
952 2392 1145 2425 ursprünglichen

213 2432 507 2473 Ständerathsbeschlüsse
524 2439 578 2460 vom
597 2431 637 2459 21.
655 2431 757 2459 Oktober
774 2439 795 2458 v.
813 2430 841 2462 J.
861 2429 971 2460 aufrecht.

272 2478 312 2512 In
327 2477 368 2504 der
385 2471 462 2507 Folge
478 2472 521 2497 der
537 2468 629 2498 Artikel
645 2468 748 2496 kommen
765 2476 792 2494 in
807 2466 981 2499 Behandlung:

273 2516 327 2545 Art.
345 2513 368 2539 1.
401 2508 459 2538 Wir
475 2506 559 2540 treffen
577 2506 629 2538 hier
647 2505 717 2538 gleich
735 2504 778 2536 auf
795 2504 843 2531 eine
860 2505 901 2531 der
918 2502 1056 2535 wichtigsten
1067 2502 1146 2535 Diffe¬

214 2561 315 2589 renzen.
348 2550 400 2577 Der
412 2543 586 2576 Nationalrath
606 2542 716 2575 beschloß,
734 2545 760 2569 es
778 2540 847 2573 sollen
864 2541 900 2567 die
913 2539 1079 2572 Eisenbahnen
1096 2539 1146 2566 ein¬

212 2593 272 2627 fach
289 2597 329 2623 zur
341 2584 507 2618 Beförderung
525 2579 667 2613 verpflichtet
689 2580 735 2611 sein
752 2578 791 2610 für
809 2577 910 2610 Verkehr
928 2576 972 2607 auf
988 2575 1145 2607 inländischen

215 2631 273 2659 und
300 2620 478 2654 ausländischen
493 2618 607 2651 Bahnen,
634 2618 675 2643 der
697 2614 850 2647 Ständerath
875 2615 981 2646 dagegen
1004 2612 1147 2645 beschränkte

214 2667 284 2701 diese
301 2659 479 2694 Verpflichtung
497 2656 540 2683 mit
557 2656 607 2682 dem
626 2653 720 2688 Zusatz:
743 2652 836 2685 „soweit
854 2653 882 2682 sie
900 2651 942 2678 mit
959 2651 1003 2677 den
1019 2650 1147 2677 ausländi¬

215 2707 288 2738 schen
305 2699 408 2732 Bahnen
426 2695 452 2721 in
469 2692 571 2725 Verkehr
589 2691 688 2724 stehen."
722 2690 819 2718 Bereits
844 2689 878 2715 im
896 2686 1069 2718 Nationalrath
1095 2686 1146 2718 sind

214 2742 286 2776 diese
301 2738 367 2767 beide
377 2732 515 2768 Fassungen
532 2730 559 2758 in
567 2728 711 2761 Diskussion
727 2727 857 2760 gekommen
874 2726 932 2758 (vgl.
944 2724 1146 2756 Nationalraths¬

218 2774 424 2812 verhandlungen
441 2770 483 2797 der
500 2766 613 2801 N.Z.Z.
630 2766 676 2794 Nr.
685 2765 752 2798 127).
786 2763 833 2792 Die
849 2761 1004 2793 Kommission
1021 2762 1148 2793 beantragt

219 2813 345 2847 nunmehr
363 2807 499 2844 Festhalten
516 2813 556 2836 am
572 2803 684 2837 früheren
695 2799 971 2834 Ständerathsbeschluß,
988 2800 1019 2826 da
1037 2797 1079 2826 mit
1096 2798 1147 2825 dem

219 2843 525 2885 Nationalrathsbeschluß
551 2840 689 2872 namentlich
715 2838 751 2867 die
777 2837 961 2871 schweizerischen
986 2836 1089 2870 Bahnen
1114 2835 1147 2862 im

219 2886 373 2924 Verhältniß
388 2891 417 2918 zu
433 2883 478 2909 den
496 2878 676 2910 ausländischen
694 2886 720 2910 zu
732 2876 784 2909 sehr
799 2875 893 2907 belastet
904 2874 1009 2901 würden.
1042 2873 1079 2902 Es
1096 2880 1149 2899 ver¬

219 2926 346 2964 theidigen
362 2921 421 2954 diese
434 2918 527 2951 Ansicht
545 2917 582 2944 die
594 2915 651 2950 HH.
669 2914 807 2947 Köchlin
823 2913 872 2940 und
888 2911 1150 2943 Bodenheimer.

218 2970 274 3004 Hr.
293 2960 421 2993 Sulzer
447 2956 530 2988 bringt
556 2954 625 2981 einen
650 2951 827 2980 vermittelnden
844 2950 1015 2985 Zusatzantrag
1039 2948 1085 2979 ein,
1109 2955 1151 2974 um

218 3007 264 3034 die
282 2998 392 3032 Aufgabe
419 2996 461 3023 der
478 2990 646 3025 Eisenbahnen
671 2990 712 3018 als
733 2988 882 3021 Spediteurs
905 2994 971 3019 zwar
995 2994 1023 3019 zu
1046 2985 1152 3018 fordern,

221 3044 287 3071 aber
317 3033 416 3071 zugleich
446 3032 485 3059 als
514 3030 563 3057 und
591 3036 625 3055 an
648 3026 725 3055 Stelle
754 3033 801 3053 von
819 3024 972 3058 Spediteurs,
1006 3032 1045 3050 um
1079 3021 1153 3054 dieses

222 3069 446 3112 Schmarotzervolk
462 3067 572 3099 allmälig
589 3073 618 3097 zu
632 3064 765 3097 beseitigen,
782 3063 807 3091 in
824 3060 1012 3094 beschränkender
1031 3059 1107 3091 Weise
1124 3067 1152 3092 zu

221 3114 357 3150 reguliren.
391 3109 428 3137 Er
446 3108 534 3134 lautet:
561 3103 626 3137 „Die
643 3102 772 3133 Annahme
789 3108 835 3128 von
853 3098 1030 3133 Frachtbriefen
1054 3097 1093 3128 für
1118 3097 1154 3124 di¬

221 3154 304 3183 rekten
321 3147 424 3180 Verkehr
443 3144 486 3171 mit
502 3144 554 3170 dem
571 3139 686 3169 Ausland
710 3138 772 3166 kann
789 3145 835 3165 von
852 3138 896 3164 den
913 3134 1154 3167 Eisenbahnverwal¬

221 3196 318 3224 tungen
344 3184 386 3217 aus
411 3181 463 3211 eine
479 3181 532 3208 dem
549 3177 701 3210 diesfälligen
718 3174 853 3207 Bedürfniß
870 3172 1041 3206 entsprechende
1059 3169 1155 3203 Anzahl

220 3237 278 3258 von
296 3222 429 3253 Stationen
447 3215 575 3250 beschränkt
593 3214 686 3242 werden
705 3209 939 3246 (Exportstationen).
973 3209 1067 3242 Finden
1085 3207 1155 3239 solche

222 3262 418 3296 Versendungen
436 3255 479 3288 aus
495 3256 601 3282 anderen
619 3251 751 3280 Stationen
768 3249 830 3282 statt,
854 3248 880 3280 so
895 3246 922 3279 ist
947 3246 973 3273 in
990 3247 1041 3273 dem
1057 3244 1155 3277 Fracht¬

222 3300 292 3333 brief
318 3297 391 3326 neben
417 3293 470 3322 dem
495 3290 636 3326 definitiven
652 3287 870 3321 Bestimmungsort
895 3284 944 3311 eine
964 3283 1036 3315 dieser
1054 3281 1156 3313 Export¬

222 3340 347 3374 stationen
364 3341 391 3366 zu
409 3329 548 3363 bezeichnen,
565 3335 615 3355 von
632 3328 702 3354 deren
718 3324 837 3357 Vorstand
855 3322 961 3350 alsdann
977 3321 1019 3347 der
1035 3317 1157 3351 definitive

1184 1073 1265 1101 direkte
1283 1074 1428 1107 Frachtbrief
1446 1074 1609 1107 anzufertigen
1634 1074 1683 1102 und
1709 1074 1747 1102 ein
1765 1074 1880 1106 Duplikat
1907 1074 2027 1107 desselben
2051 1076 2102 1102 dem

1183 1110 1302 1142 Absender
1326 1120 1353 1144 zu
1376 1112 1528 1140 übermitteln
1544 1111 1595 1144 ist."
1616 1125 1647 1130 —
1666 1110 1717 1149 Für
1735 1111 1773 1139 die
1790 1111 1898 1146 Fassung
1915 1113 1957 1140 des
1975 1112 2102 1140 National¬

1183 1148 1385 1182 rathsbeschlusses
1402 1149 1459 1182 steht
1475 1149 1580 1182 dagegen
1599 1148 1638 1176 ein
1655 1148 1699 1183 Hr.
1717 1148 1877 1181 Bundesrath
1900 1148 2037 1181 Schenk,
2060 1150 2102 1177 der

1182 1185 1344 1218 nachdrücklich
1361 1185 1511 1220 hervorhebt,
1527 1184 1576 1218 daß
1593 1185 1631 1213 die
1647 1184 1752 1216 Bahnen
1768 1193 1817 1214 nur
1832 1185 1898 1217 ihrer
1915 1189 1965 1213 aus
1980 1186 2033 1213 dem
2043 1186 2104 1213 Ver¬

1182 1222 1361 1255 kehrsmonopol
1378 1222 1573 1255 entspringenden
1591 1221 1771 1255 Verpflichtung
1793 1222 1961 1256 Nachkommen,
1988 1231 2056 1251 wenn
2072 1222 2104 1255 sie

1182 1259 1207 1286 in
1223 1259 1374 1292 allgemeiner
1392 1259 1470 1291 Weise
1487 1260 1527 1287 als
1541 1258 1691 1291 Spediteurs
1706 1258 1872 1293 funktioniren,
1890 1259 1920 1287 ob
1937 1260 1981 1287 mit
1997 1259 2104 1287 direktem

1183 1297 1236 1324 oder
1254 1297 1415 1329 gebrochenem
1432 1296 1543 1329 Verkehr,
1559 1296 1604 1323 mit
1622 1295 1696 1325 einem
1713 1296 1768 1324 oder
1786 1297 1855 1329 mehr
1872 1296 2048 1330 Frachtbriefen
2065 1305 2105 1329 rc.,

1182 1335 1227 1361 das
1244 1333 1276 1365 sei
1294 1334 1358 1361 dann
1375 1333 1426 1360 eine
1443 1333 1567 1365 sekundäre
1584 1333 1680 1366 Frage;
1702 1333 1753 1366 hier
1770 1333 1857 1366 handle
1873 1337 1901 1361 es
1918 1334 1960 1366 sich
1985 1342 2027 1361 um
2044 1333 2104 1366 Auf¬

1182 1370 1279 1403 stellung
1308 1371 1351 1398 des
1380 1370 1534 1403 allgemeinen
1551 1369 1719 1402 Grundsatzes.
1754 1370 1892 1403 Umgekehrt
1920 1371 2027 1404 replizirt
2054 1371 2102 1405 Hr.

1182 1407 1336 1440 Köchlin,
1352 1407 1401 1440 daß
1418 1407 1491 1440 dieser
1509 1407 1648 1439 allgemeine
1655 1406 1791 1439 Grundsatz
1808 1408 1864 1436 eben
1880 1408 1935 1440 doch
1953 1407 2104 1440 nothwendig

1183 1445 1225 1473 mit
1250 1446 1294 1472 den
1315 1444 1541 1479 Haftpflichtssätzen
1559 1453 1584 1471 u.
1603 1444 1620 1477 s.
1637 1452 1667 1472 w.
1693 1444 1717 1471 in
1735 1444 1893 1477 Verbindung
1918 1444 1985 1477 stehe.
2019 1445 2104 1472 Weder

1183 1482 1237 1514 nach
1255 1482 1378 1514 deutschem
1396 1481 1450 1514 noch
1469 1480 1524 1514 nach
1541 1480 1711 1513 französischem
1723 1481 1791 1513 Recht
1809 1482 1884 1509 werde
1902 1481 1928 1509 in
1945 1481 2029 1515 solcher
2040 1482 2104 1514 theo¬

1184 1519 1285 1550 retischer
1303 1518 1380 1550 Weise
1397 1521 1474 1546 etwas
1491 1517 1600 1551 praktisch
1619 1525 1678 1551 ganz
1694 1517 1860 1551 Unmögliches
1878 1518 1998 1552 verlangt,
2016 1519 2059 1546 wie
2077 1522 2104 1546 es

1184 1557 1223 1584 der
1233 1555 1408 1588 Nationalrath
1418 1555 1529 1588 aufstelle,
1545 1563 1594 1582 von
1603 1555 1644 1582 der
1652 1555 1708 1587 Post
1718 1563 1786 1587 wage
1795 1563 1851 1583 man
1861 1555 1921 1588 nicht
1929 1564 1958 1588 zu
1966 1555 2104 1588 verlangen,

1185 1599 1238 1623 was
1256 1603 1313 1622 man
1331 1595 1380 1627 hier
1398 1602 1446 1621 von
1463 1594 1505 1621 den
1517 1593 1621 1625 Bahnen
1638 1592 1757 1626 verlange,
1774 1596 1822 1621 und
1839 1593 1892 1626 doch
1910 1593 1986 1626 besitze
2002 1594 2039 1621 die
2047 1594 2104 1626 Post

1184 1632 1210 1660 in
1228 1640 1287 1665 ganz
1305 1634 1404 1660 anderer
1421 1630 1498 1663 Weise
1509 1630 1546 1658 ein
1556 1630 1679 1663 Monopol
1696 1630 1735 1657 als
1753 1631 1790 1658 die
1799 1630 1910 1663 Bahnen.
1922 1645 1954 1649 —
1963 1630 2054 1658 Weiter
2065 1631 2103 1658 be¬

1185 1669 1260 1702 stehen
1276 1669 1302 1696 in
1319 1669 1372 1696 Art.
1382 1669 1397 1695 1
1415 1676 1462 1695 nur
1479 1667 1533 1700 noch
1550 1666 1713 1695 redaktionelle
1723 1667 1884 1700 Differenzen,
1902 1676 1939 1695 wo
1956 1667 2050 1695 überall
2066 1668 2105 1695 die

1185 1705 1340 1738 Kommission
1348 1707 1400 1733 dem
1407 1704 1579 1736 Nationalrath
1594 1704 1753 1737 zuzustimmen
1769 1704 1896 1737 vorschlägt
1903 1704 1947 1731 mit
1955 1704 2105 1737 Ausnahme,

1186 1743 1233 1776 daß
1251 1751 1283 1770 an
1300 1744 1351 1770 dem
1368 1742 1445 1774 letzten
1462 1742 1555 1770 Lemma
1572 1742 1615 1768 des
1633 1740 1745 1773 Artikels,
1764 1741 1882 1774 handelnd
1900 1749 1947 1769 von
1964 1742 2004 1769 der
2017 1741 2102 1773 Beför¬

1186 1780 1371 1813 derungspflicht
1387 1780 1428 1807 der
1445 1779 1556 1812 Bahnen,
1583 1778 1621 1806 die
1648 1778 1674 1806 in
1691 1778 1912 1812 ausnahmsweisen
1929 1778 2104 1812 Verhältnissen

1186 1818 1269 1851 stehen,
1296 1817 1427 1851 gegenüber
1453 1817 1494 1844 der
1512 1816 1658 1849 Streichung
1675 1815 1742 1845 durch
1760 1816 1805 1843 den
1822 1815 2005 1849 Nationalrath,
2027 1815 2105 1849 festge¬

1187 1855 1268 1889 halten
1296 1856 1389 1882 werden
1418 1853 1469 1885 soll.
1511 1852 1637 1886 Bezüglich
1663 1852 1760 1884 letzterer
1786 1852 1947 1885 Bestimmung
1975 1853 2038 1886 hatte
2065 1854 2106 1880 der

1188 1893 1363 1926 Nationalrath
1387 1891 1424 1919 die
1451 1892 1476 1918 in
1499 1891 1542 1918 den
1559 1889 1728 1924 Konzessionen
1754 1890 1794 1916 der
1820 1889 1936 1922 einzelnen
1953 1890 2056 1923 Bahnen
2073 1890 2105 1923 je¬

1189 1930 1271 1957 weilen
1289 1929 1437 1962 enthaltenen
1447 1927 1655 1961 Beschränkungen
1672 1926 1710 1960 für
1727 1927 1848 1959 genügend
1866 1926 1971 1959 erachtet,
1990 1926 2026 1954 die
2034 1927 2106 1955 Kom¬

1188 1967 1281 1999 mission
1298 1967 1356 1994 aber
1371 1965 1446 1998 findet
1463 1965 1530 1993 einen
1548 1964 1693 1997 bezüglichen
1710 1963 1823 1998 Hinweis
1849 1963 1876 1990 in
1892 1963 1944 1991 dem
1961 1963 2038 1995 Gesetz
2052 1964 2106 1996 doch

1189 2005 1227 2036 für
1244 2004 1404 2036 nothwendig.

1239 2050 1336 2081 Endlich
1353 2048 1479 2080 beantragt
1497 2048 1543 2081 Hr.
1560 2047 1717 2081 Herzog,
1735 2046 1760 2072 in
1784 2046 1834 2073 dem
1853 2046 1949 2079 Antrag
1967 2046 2053 2079 Sulzer
2070 2047 2108 2073 die

1191 2086 1273 2115 Worte
1292 2085 1434 2119 „Annahme
1452 2086 1494 2112 des
1512 2082 1701 2117 Frachtbriefes"
1724 2083 1750 2109 in
1769 2083 1910 2115 „Annahme
1925 2084 1966 2110 der
1984 2082 2106 2110 Waaren"

1190 2132 1217 2157 zu
1234 2124 1371 2151 amendiren
1387 2122 1438 2149 und
1455 2123 1499 2149 den
1508 2121 1604 2154 zweiten
1617 2120 1676 2152 Satz
1692 2128 1718 2152 zu
1735 2119 1850 2152 streichen,
1865 2119 1936 2152 sowie
1953 2120 1997 2147 den
2014 2120 2109 2152 Antrag

1193 2161 1232 2189 als
1250 2161 1303 2188 Art.
1320 2161 1376 2187 2bis
1395 2159 1572 2191 aufzunehmen,
1598 2159 1682 2185 womit
1697 2157 1742 2191 Hr.
1761 2157 1849 2189 Sulzer
1874 2156 1916 2188 sich
1934 2156 2110 2189 einverstanden

1193 2198 1285 2226 erklärt.
1301 2211 1333 2216 —
1351 2196 1389 2229 In
1406 2195 1448 2223 der
1466 2194 1697 2227 Abstimmung
1713 2194 1775 2221 wird
1798 2193 1901 2226 zunächst
1918 2194 1973 2225 nach
1991 2194 2042 2220 dem
2058 2193 2109 2221 An¬

1193 2239 1247 2267 trag
1272 2235 1313 2261 der
1336 2231 1624 2265 Kommissionsmehrheit
1648 2231 1703 2262 nach
1728 2232 1780 2258 dem
1806 2230 1917 2262 früheren
1934 2229 2048 2262 Beschluß
2071 2231 2111 2257 der

1194 2270 1284 2304 Passus
1301 2270 1398 2303 „soweit
1414 2269 1445 2302 sie
1454 2270 1496 2296 mit
1505 2270 1548 2297 den
1557 2267 1734 2299 ausländischen
1741 2267 1849 2298 Bahnen
1866 2267 1893 2293 in
1902 2266 2005 2298 Verkehr
2022 2266 2112 2299 stehen"

1195 2307 1238 2336 mit
1254 2307 1286 2335 21
1305 2314 1376 2339 gegen
1394 2306 1411 2332 4
1429 2306 1550 2333 Stimmen
1567 2304 1734 2337 festgehalten;
1760 2303 1850 2335 sodann
1870 2303 1918 2330 das
1934 2303 1995 2335 letzte
2012 2303 2114 2335 Lemma,

1196 2345 1253 2372 betr.
1273 2344 1309 2371 die
1321 2343 1478 2378 Hinweisung
1496 2341 1538 2374 auf
1555 2340 1761 2373 ausnahmsweise
1779 2339 1876 2373 gestellte
1885 2340 1989 2372 Bahnen
1999 2339 2115 2372 ebenfalls

1195 2382 1237 2410 mit
1253 2382 1286 2408 20
1304 2381 1425 2409 Stimmen
1444 2378 1600 2412 festgehalten,
1617 2379 1650 2405 im
1668 2378 1787 2410 Uebrigen
1805 2379 1855 2405 dem
1873 2377 2048 2410 Nationalrath
2066 2378 2114 2404 bei¬

1195 2418 1315 2452 gestimmt.
1348 2417 1401 2445 Der
1421 2418 1515 2449 Antrag
1535 2416 1726 2449 Sulzer-Herzog
1752 2417 1857 2447 dagegen
1875 2414 1937 2441 wird
1955 2414 2010 2446 nach
2029 2414 2115 2446 diesem

1195 2454 1472 2487 Abstimmungsresultat
1489 2461 1542 2481 vom
1559 2452 1730 2485 Antragsteller
1746 2452 1932 2484 zurückgezogen.

1245 2500 1297 2527 Art.
1315 2500 1331 2526 4
1348 2500 1396 2526 und
1414 2499 1438 2525 5.
1473 2498 1529 2526 Wir
1545 2497 1625 2530 finden
1651 2497 1702 2530 hier
1718 2497 1805 2524 wieder
1823 2495 1925 2529 zunächst
1942 2496 2019 2528 einige
2036 2496 2116 2524 redak¬

1195 2537 1288 2565 tionelle
1309 2536 1469 2569 Differenzen,
1495 2543 1532 2562 wo
1557 2535 1596 2562 die
1614 2533 1770 2565 Kommission
1787 2534 1838 2561 dem
1857 2533 2032 2566 Nationalrath
2049 2542 2117 2566 zuzu¬

1195 2575 1298 2607 stimmen
1315 2574 1451 2605 beantragt.
1490 2572 1546 2599 Von
1573 2571 1684 2604 größerer
1709 2570 1852 2601 Bedeutung
1877 2569 1905 2601 ist
1929 2569 2007 2603 Ziffer
2032 2570 2048 2596 6
2073 2572 2116 2598 des

1196 2648 1321 2680 Reisender
1347 2655 1394 2674 nur
1419 2654 1447 2678 zu
1472 2646 1536 2673 einer
1553 2645 1762 2677 Ersatzforderung
1790 2644 1844 2676 „für
1869 2644 2035 2676 nothwendige
2051 2644 2118 2671 Aus¬

1195 2686 1280 2718 lagen"
1308 2683 1430 2716 berechtigt
1456 2683 1526 2715 wird,
1550 2683 1655 2714 dagegen
1681 2681 1736 2713 nach
1755 2680 2051 2713 Nationalrathsbeschluß
2076 2682 2119 2709 der

1197 2719 1508 2755 Schadensersatzanspruch
1527 2718 1567 2751 sich
1585 2721 1665 2751 zudem
1682 2719 1736 2750 noch
1755 2717 1798 2750 auf
1825 2718 1907 2751 „einen
1925 2717 2118 2749 nachweisbaren

1196 2760 1305 2787 weiteren
1322 2757 1446 2789 Schaden"
1466 2756 1584 2789 erstrecken
1601 2755 1651 2788 soll.
1684 2755 1730 2787 Im
1756 2755 1854 2787 ersteren
1871 2754 1942 2788 Falle
1959 2754 2011 2786 gibt
2028 2754 2088 2782 Art.
2102 2755 2120 2781 5

1197 2796 1246 2824 eine
1264 2796 1431 2827 Ausdehnung
1458 2795 1499 2821 des
1517 2793 1666 2826 Anspruches
1692 2800 1739 2819 nur
1766 2792 1805 2825 für
1830 2792 1874 2819 den
1892 2791 1950 2824 Fall
1971 2793 2012 2819 der
2030 2792 2120 2825 Arglist

1197 2834 1244 2861 und
1263 2832 1351 2865 groben
1367 2830 1557 2864 Fahrlässigkeit,
1575 2834 1631 2857 was
1647 2829 1763 2861 natürlich
1781 2830 1837 2861 nach
1854 2829 1906 2855 dem
1918 2828 2120 2862 Nationalraths¬

1197 2870 1301 2903 beschluß
1327 2869 1434 2897 alsdann
1460 2867 1595 2902 dahinfällt.
1630 2867 1679 2895 Die
1695 2866 1990 2899 Kommissionsmehrheit,
2015 2866 2120 2898 Bericht¬

1198 2907 1303 2940 erstatter
1320 2905 1364 2940 Hr.
1381 2905 1538 2938 Köchlin,
1553 2903 1684 2937 unterstützt
1701 2911 1749 2931 von
1767 2904 1812 2937 Hr.
1831 2902 2032 2935 Kappeler,
2047 2903 2120 2930 bean¬

1199 2948 1262 2977 tragt
1272 2943 1405 2977 Festhallen
1423 2950 1463 2969 am
1474 2940 1755 2974 Ständerathsbeschluß,
1772 2941 1851 2968 indem
1868 2941 1909 2967 der
1920 2939 2122 2972 Nationalraths¬

1200 2980 1303 3014 beschluß
1321 2979 1433 3013 allzusehr
1460 2986 1507 3007 von
1526 2978 1590 3006 einer
1606 2977 1743 3011 juridischen
1763 2977 1971 3005 Sentimentalität
1989 2977 2122 3010 gegenüber

1200 3020 1251 3047 dem
1268 3017 1431 3051 Individuum
1449 3016 1527 3044 diktirt
1543 3016 1640 3048 worden
1658 3014 1705 3048 sei;
1721 3015 1759 3042 die
1777 3014 1935 3047 Minderheit,
1955 3014 1999 3048 Hr.
2018 3013 2121 3046 Droz,

1201 3057 1304 3088 dagegen
1323 3054 1486 3089 Zustimmung
1513 3061 1564 3086 zum
1583 3052 1767 3085 Nationalrath.
1785 3066 1815 3071 —
1834 3051 1873 3085 In
1898 3053 1939 3079 der
1957 3050 2122 3083 Abstimmung

1202 3094 1263 3122 wird
1281 3093 1306 3120 in
1323 3094 1366 3120 den
1382 3090 1581 3123 nebensächlichen
1598 3090 1695 3123 Fragen
1721 3088 1825 3122 zunächst
1849 3089 1910 3121 ohne
1926 3087 2045 3116 Weiteres
2069 3088 2123 3115 dem

1203 3128 1374 3162 Nationalrath
1392 3127 1542 3160 zugestimmt,
1560 3127 1688 3160 betreffend
1697 3126 1775 3160 Ziffer
1784 3126 1800 3153 6
1817 3125 1924 3153 alsdann
1942 3125 2004 3152 wird
2020 3124 2124 3157 zunächst

1203 3167 1245 3200 auf
1262 3167 1356 3199 Antrag
1364 3165 1486 3198 Kappeler
1503 3172 1538 3192 ev.
1546 3164 1573 3191 in
1581 3164 1619 3192 die
1628 3163 1849 3196 nationalräthliche
1865 3162 1974 3196 Fassung
1998 3162 2039 3189 der
2055 3162 2123 3190 Aus¬

1203 3205 1267 3233 druck
1286 3202 1395 3238 „direkter
1413 3201 1537 3233 Schaden"
1557 3201 1644 3233 anstatt
1662 3199 1748 3232 einfach
1769 3200 1909 3233 „Schaden"
1936 3198 2124 3231 aufgenommen,

1205 3243 1252 3270 und
1271 3240 1356 3273 endlich
1380 3239 1456 3272 jedoch
1480 3237 1590 3271 definitiv
1615 3238 1660 3265 mit
1675 3237 1707 3264 21
1726 3237 1850 3265 Stimmen
1878 3244 1911 3263 an
1937 3237 1989 3263 dem
2013 3234 2124 3268 früheren

1205 3278 1318 3310 Beschluß
1334 3276 1490 3310 festgehalten.

1255 3315 1308 3343 Art.
1325 3314 1349 3342 6.
1389 3313 1460 3346 Ohne
1477 3311 1619 3344 Diskussion
1644 3312 1704 3339 wird
1731 3310 1774 3343 aus
1790 3309 2062 3342 Kommissionalantrag
2087 3307 2125 3335 die

2151 1075 2260 1109 Fassung
2279 1077 2322 1104 des
2339 1075 2542 1109 Nationalrathes
2561 1076 2670 1108 adoptirt
2687 1076 2748 1109 (vgl.
2767 1074 3076 1108 Nationalrathsverhand¬

2151 1113 2240 1146 lungen
2256 1114 2283 1141 in
2300 1113 2341 1141 der
2361 1113 2407 1146 „N.
2426 1113 2455 1148 Z.
2474 1113 2521 1148 Z."
2540 1113 2587 1141 Nr.
2605 1112 2676 1146 129).

2201 1150 2255 1178 Art.
2272 1150 2296 1177 9.
2331 1150 2405 1180 Ueber
2432 1151 2476 1178 den
2494 1143 2589 1183 Inhalt
2613 1150 2657 1178 des
2683 1148 2867 1182 Frachtbriefes.
2900 1147 2954 1179 Auf
2978 1147 3076 1181 Antrag

2152 1187 2194 1214 der
2209 1186 2366 1219 Kommission
2383 1188 2480 1216 werden
2497 1186 2575 1221 Ziffer
2590 1187 2609 1215 9
2624 1187 2669 1214 des
2686 1184 2982 1219 Nationalrathsbeschluß
2998 1187 3027 1212 es
3037 1192 3077 1218 ge¬

2152 1223 2245 1257 strichen
2271 1224 2460 1257 (Werthangabe
2486 1224 2523 1252 bei
2551 1224 2697 1256 Transport
2723 1223 2750 1251 in
2780 1222 2977 1256 Gegenständen,
3005 1222 3077 1250 deren

2154 1261 2309 1294 Frachtpreis
2331 1261 2387 1294 nach
2412 1262 2464 1289 dem
2481 1261 2567 1294 Werth
2590 1261 2709 1293 berechnet
2724 1260 2807 1292 wird),
2829 1259 2935 1293 dagegen
2953 1258 3032 1294 Ziffer
3048 1258 3081 1286 10

2154 1297 2302 1331 (Aufnahme
2319 1306 2367 1326 von
2383 1297 2524 1329 besonderen
2542 1297 2654 1326 Abreden
2670 1298 2712 1325 der
2726 1296 3000 1330 vertragsschließenden
3015 1295 3079 1327 Par¬

2153 1334 2225 1367 teien)
2240 1343 2287 1363 neu
2305 1334 2493 1368 aufgenommen.
2526 1334 2604 1362 Ueber
2621 1333 2699 1369 Ziffer
2714 1334 2732 1361 4
2749 1333 2794 1366 soll
2813 1333 2847 1361 im
2863 1332 3076 1367 Zusammenhang

2154 1372 2198 1399 mit
2214 1372 2268 1400 Art.
2286 1372 2318 1399 15
2335 1371 2459 1404 gehandelt
2478 1372 2580 1399 werden.

2203 1393 2256 1420 Art.
2274 1393 2291 1420 9
2301 1393 2350 1420 bis.
2383 1393 2447 1421 Vom
2457 1392 2632 1425 Nationalrath
2649 1400 2696 1419 neu
2703 1391 2884 1424 aufgenommen
2896 1389 3019 1425 (Haftung
3037 1390 3079 1417 des

2155 1430 2289 1462 Absenders
2314 1429 2353 1461 für
2379 1429 2416 1457 die
2442 1429 2578 1463 Richtigkeit
2602 1429 2644 1457 der
2671 1428 2789 1462 Angaben
2813 1428 2857 1455 des
2882 1426 3081 1461 Frachtbriefes).

2154 1466 2218 1499 Nach
2235 1465 2512 1498 Kommissionalantrag
2527 1466 2590 1493 wird
2606 1466 2648 1493 der
2666 1465 2720 1496 erste
2737 1464 2807 1498 Theil
2824 1464 2898 1497 dieses
2908 1463 3015 1492 Arttkels
3032 1463 3080 1491 bei¬

2154 1504 2273 1537 behalten,
2298 1504 2403 1537 dagegen
2429 1504 2469 1531 der
2488 1503 2570 1538 Zusatz
2593 1502 2722 1537 gestrichen,
2748 1502 2843 1534 wonach
2869 1502 2906 1530 bei
2932 1501 3079 1535 unrichtigen

2155 1541 2280 1574 Angaben,
2305 1540 2380 1573 außer
2405 1541 2446 1568 der
2472 1539 2668 1572 Nachforderung
2693 1547 2739 1567 von
2757 1539 2923 1572 Frachtsätzen,
2949 1538 3003 1571 noch
3030 1538 3081 1566 eine

2154 1578 2228 1611 näher
2245 1586 2273 1611 zu
2290 1576 2441 1610 regulirende
2458 1575 2708 1608 Conventionalstrafe
2733 1575 2851 1608 gefordert
2876 1575 2971 1603 werden
2997 1574 3080 1603 könne.

2206 1624 2259 1652 Art.
2278 1624 2316 1651 10.
2352 1624 2423 1652 Wird
2442 1623 2539 1657 gleicher
2548 1622 2626 1654 Weise
2644 1623 2704 1656 ohne
2714 1622 2855 1654 Diskussion
2873 1622 2927 1654 nach
2946 1622 2996 1649 dem
3006 1620 3082 1650 Kom¬

2156 1661 2368 1694 missionalantrag
2384 1661 2492 1694 erledigt,
2518 1661 2539 1688 d.
2566 1660 2589 1693 h.
2606 1661 2656 1693 bez.
2673 1660 2767 1688 Lemma
2790 1660 2803 1686 1
2830 1659 2897 1691 durch
2916 1658 3083 1693 Zustimmung

2156 1707 2208 1732 zum
2226 1698 2409 1732 Nationalrath,
2426 1699 2474 1731 bez.
2491 1697 2588 1726 Lemma
2606 1698 2623 1725 2
2647 1698 2754 1730 dagegen
2779 1696 2848 1729 durch
2866 1696 2991 1728 Annahme
3020 1694 3084 1723 einer

2157 1744 2247 1768 neuen,
2274 1738 2323 1763 aus
2348 1736 2398 1762 dem
2425 1734 2527 1769 frühern
2554 1733 2732 1767 Ständeraths-
2764 1733 2813 1761 und
2841 1734 2892 1760 dem
2916 1731 3085 1765 vorliegenden

2156 1809 2377 1842 bahnverwaltung
2392 1808 2537 1842 verpflichtet
2553 1808 2602 1841 sein
2619 1807 2671 1841 soll,
2696 1808 2749 1835 dem
2766 1805 2885 1839 Absender
2908 1805 2950 1838 für
2965 1806 3015 1833 das
3032 1804 3086 1837 auf¬

2158 1847 2272 1879 gegebene
2298 1845 2428 1880 Frachtgut
2453 1844 2522 1874 einen
2547 1844 2744 1879 Empfangschein
2771 1843 2842 1877 (resp.
2870 1843 2907 1871 ein
2925 1841 3083 1879 Frachtbrief¬

2157 1883 2264 1916 duplikat
2281 1883 2324 1911 mit
2340 1883 2386 1916 bez.
2401 1882 2562 1915 Bemerkung)
2580 1882 2787 1915 auszuhändigen.

2210 1931 2264 1958 Art.
2284 1931 2323 1957 11.
2356 1929 2416 1964 Hier
2434 1929 2477 1962 hat
2502 1930 2543 1957 der
2562 1928 2739 1961 Nationalrath
2766 1927 2804 1956 die
2820 1926 3014 1960 Bestimmungen
3029 1926 3088 1954 über

2160 1969 2205 1995 den
2228 1967 2365 2000 Ladeschein
2388 1967 2516 1995 bedeutend
2533 1965 2656 1999 abgekürzt
2682 1966 2729 1992 und
2755 1965 2799 1993 der
2826 1963 2977 1996 Ständerath
3002 1962 3090 1996 stimmt

2162 2006 2221 2038 ohne
2238 2004 2379 2036 Diskussion
2394 2003 2441 2031 bei.

2206 2041 2259 2068 Art.
2278 2040 2317 2068 13.
2359 2039 2411 2067 Der
2438 2038 2613 2071 Nationalrath
2639 2037 2704 2070 hatte
2728 2037 2766 2064 bei
2793 2036 2885 2069 Folgen
2910 2034 3085 2069 mangelhafter

2157 2078 2318 2111 Verpackung,
2343 2078 2379 2104 die
2396 2076 2461 2109 schon
2479 2084 2523 2103 vor
2540 2076 2582 2103 der
2601 2074 2744 2107 Absendung
2773 2073 2855 2107 hätten
2875 2073 2973 2100 bemerkt
2990 2073 3085 2100 werden

2157 2116 2255 2148 können,
2271 2115 2325 2142 dem
2340 2113 2516 2142 Reklamanten
2532 2111 2648 2140 eventuell
2664 2112 2709 2139 den
2722 2110 2825 2140 Beweis
2840 2109 2965 2142 auferlegt,
2979 2109 3030 2142 daß
3044 2110 3088 2136 der

2160 2153 2270 2185 Schaden
2288 2159 2332 2179 vor
2349 2152 2389 2178 der
2407 2150 2519 2183 Aufgabe
2536 2151 2578 2177 des
2588 2149 2670 2178 Gutes
2688 2148 2824 2181 entstanden
2841 2147 2882 2179 sei.
2915 2146 2969 2175 Der
2978 2146 3085 2175 Stände¬

2160 2190 2214 2222 rath
2231 2190 2337 2221 dagegen
2345 2188 2431 2220 streicht
2448 2187 2525 2218 diesen
2534 2187 2616 2221 Zusatz
2632 2187 2682 2213 und
2699 2185 2751 2218 hält
2759 2184 2836 2212 damit
2847 2192 2880 2212 an
2895 2184 2938 2212 der
2954 2183 3087 2218 ursprüng¬

2160 2226 2232 2258 lichen
2248 2224 2358 2259 Fassung
2374 2224 2422 2256 fest.

2216 2260 2272 2286 Art.
2288 2258 2329 2285 14.
2363 2258 2456 2290 (Rechte
2480 2258 2523 2284 des
2545 2255 2702 2289 Absenders.)
2733 2255 2807 2283 Wird
2834 2253 2891 2286 nach
2916 2254 2958 2281 der
2981 2250 3092 2287 Fassung

2167 2296 2209 2322 des
2227 2294 2429 2326 Nationalrathes
2458 2300 2637 2326 angenommen.
2673 2292 2739 2325 (Vgl.
2759 2291 2807 2324 „N.
2833 2291 2863 2324 Z.
2891 2290 2939 2324 Z."
2957 2290 3007 2317 No.
3025 2290 3092 2323 129.)

2215 2333 2268 2360 Art.
2286 2331 2325 2358 15.
2360 2331 2412 2359 Der
2430 2330 2595 2362 Ständerath,
2614 2329 2680 2363 hatte
2695 2329 2734 2357 die
2749 2326 3027 2361 Dispositionskollision
3046 2327 3089 2354 des

2166 2369 2301 2403 Absenders
2329 2369 2376 2396 und
2397 2367 2537 2402 Adressaten
2562 2367 2619 2399 nach
2647 2365 2765 2399 deutschen
2794 2365 2956 2396 Grundsätzen
2984 2363 3089 2397 geregelt

2166 2406 2344 2439 (Ausdehnung
2369 2406 2409 2432 der
2427 2404 2581 2437 Disposition
2607 2405 2649 2431 des
2668 2402 2829 2434 Absenders),
2855 2402 2895 2429 der
2914 2400 3090 2433 Nationalrath

2168 2444 2224 2471 aber
2251 2444 2323 2476 suchte
2336 2442 2404 2474 diese
2421 2441 2514 2475 Ansicht
2538 2441 2582 2468 mit
2607 2441 2660 2468 dem
2685 2438 2851 2472 französischen
2867 2438 2951 2470 Rechte
2966 2437 3045 2465 damit
3061 2445 3090 2470 zu

2168 2481 2318 2511 vermitteln,
2342 2479 2389 2512 daß
2414 2480 2441 2506 in
2457 2479 2503 2506 den
2520 2476 2670 2511 Frachtbrief
2686 2476 2722 2503 die
2739 2475 2888 2507 Bemerkung
2905 2474 3090 2507 aufgenommen

2167 2519 2261 2545 werden
2285 2517 2355 2550 solle,
2378 2518 2425 2544 das
2444 2515 2498 2545 Gut
2513 2514 2569 2547 reise
2586 2513 2629 2545 aus
2645 2513 2772 2545 Rechnung
2789 2512 2838 2539 und
2856 2511 2948 2544 Gefahr
2965 2512 3009 2539 des
3026 2511 3087 2539 Ver¬

2168 2554 2271 2587 senders,
2280 2554 2356 2582 wobei
2364 2554 2424 2581 denn
2433 2554 2485 2586 hier
2495 2553 2535 2580 der
2543 2550 2651 2583 deutsche,
2660 2550 2695 2577 bei
2704 2549 2809 2582 Mangel
2818 2549 2882 2576 einer
2889 2548 2977 2581 solchen
2986 2548 3087 2580 Bestim¬

2168 2600 2242 2624 mung
2253 2591 2312 2619 aber
2324 2591 2371 2617 das
2380 2589 2527 2623 französische
2535 2588 2606 2621 Recht
2614 2587 2718 2615 eintrete.
2727 2600 2762 2606 —
2773 2586 2824 2614 Die
2830 2584 2987 2617 Kommission
3005 2583 3092 2618 schlägt

2169 2628 2286 2661 nunmehr
2302 2627 2435 2661 Festhalten
2452 2634 2484 2654 an
2501 2626 2551 2653 dem
2568 2624 2681 2658 früheren
2697 2621 2826 2656 Beschlusse
2843 2630 2899 2654 vor,
2926 2622 2957 2649 da
2973 2621 3028 2649 dies
3044 2622 3090 2649 den

2169 2665 2315 2697 natürlichen
2341 2663 2603 2696 Rechtsanschauungen
2628 2661 2678 2688 und
2706 2660 2797 2693 speziell
2825 2660 2872 2686 den
2900 2657 3090 2692 schweizerischen

2170 2702 2306 2735 Interessen
2323 2701 2385 2734 mehr
2411 2700 2553 2733 entspreche,
2578 2699 2658 2726 indem
2674 2697 2750 2725 damit
2766 2698 2806 2724 der
2823 2696 2919 2730 Handel
2945 2694 2988 2727 auf
3006 2693 3091 2723 Kredit

2169 2739 2302 2772 begünstigt
2317 2738 2400 2765 werde.
2418 2736 2603 2772 Zweckmäßiger
2619 2734 2651 2768 sei
2669 2737 2696 2761 es
2711 2733 2801 2766 zudem,
2818 2733 2935 2760 entweder
2951 2732 3004 2759 dem
3021 2732 3090 2760 einen

2172 2776 2226 2803 oder
2242 2776 2294 2803 dem
2312 2775 2400 2802 andem
2419 2773 2515 2808 System
2536 2772 2577 2804 sich
2603 2770 2793 2803 anzuschließen,
2822 2769 2908 2802 anstatt
2935 2768 2975 2801 sich
3002 2768 3094 2802 sowohl

2172 2813 2301 2846 gegenüber
2326 2811 2496 2844 französischem
2512 2810 2552 2837 als
2569 2808 2695 2841 deutschem
2712 2807 2796 2840 Rechte
2813 2806 2857 2838 auf
2874 2806 2944 2833 einen
2960 2806 3094 2839 unsicheren

2172 2850 2256 2878 Boden
2272 2858 2300 2882 zu
2316 2848 2398 2880 stellen.
2420 2848 2511 2882 Zudem
2528 2846 2589 2879 habe
2606 2846 2647 2873 der
2665 2843 2841 2876 Nationalrath
2860 2842 2916 2876 auch
2935 2842 2983 2876 sein
2994 2842 3092 2876 System

2171 2887 2229 2914 betr.
2246 2885 2331 2919 Kosten
2347 2886 2394 2913 und
2412 2883 2561 2918 Haftbarkeit
2586 2882 2654 2915 (Art.
2672 2881 2703 2908 12
2719 2889 2745 2909 u.
2763 2880 2780 2913 s.
2798 2881 2840 2912 w.)
2866 2888 2910 2913 gar
2938 2879 2999 2912 nicht
3015 2879 3090 2911 konse¬

2173 2926 2244 2957 quent
2268 2921 2437 2954 durchgeführt.
2453 2934 2485 2940 —
2504 2920 2620 2952 Dagegen
2636 2917 2780 2950 vertheidigt
2797 2917 2830 2943 im
2848 2916 2943 2943 Namen
2959 2916 3002 2943 der
3019 2915 3092 2944 Kom¬

2173 2958 2421 2992 missionsminderheit
2437 2958 2483 2992 Hr.
2501 2957 2591 2989 Droz
2607 2956 2651 2983 den
2668 2951 2965 2986 Nationalrathsbeschluß
2982 2952 3025 2980 als
3042 2953 3093 2981 eine

2173 2997 2288 3029 glückliche
2311 2994 2523 3027 Berücksichtigung
2547 2993 2590 3020 des
2616 2990 2782 3025 französischen
2800 2988 2896 3022 Rechtes
2914 2989 2963 3017 und
2980 2989 3024 3016 des
3040 2996 3093 3022 zum

2173 3033 2255 3066 Theile
2280 3033 2328 3066 jetzt
2352 3032 2416 3064 schon
2433 3030 2581 3063 bestehenden
2598 3026 2862 3063 Handelsgebrauches.
2897 3025 2951 3059 Für
2967 3025 3007 3052 die
3023 3024 3096 3053 Kom¬

2174 3069 2396 3104 missionsmehrheit
2413 3067 2517 3101 sprechen
2533 3066 2574 3099 sich
2592 3065 2675 3093 weiter
2693 3067 2741 3092 aus
2757 3063 2797 3091 die
2820 3062 2879 3097 HH.
2904 3062 3097 3095 Kappeler,

2174 3108 2307 3142 Herzog
2325 3106 2371 3133 und
2389 3103 2674 3137 Russenberger,
2699 3100 2739 3132 für
2765 3099 2802 3128 die
2819 3097 3097 3132 Kommissionsminder¬

2174 3145 2221 3177 heit
2236 3143 2282 3177 Hr.
2302 3142 2441 3175 Sulzer.
2453 3154 2485 3161 —
2498 3140 2536 3173 In
2552 3140 2594 3167 der
2612 3137 2779 3170 Abstimmung
2796 3137 2858 3164 wird
2875 3136 2918 3163 mit
2936 3134 2966 3163 17
2985 3143 3058 3168 gegen
3065 3136 3098 3163 10

2176 3181 2296 3209 Stimmen
2313 3188 2346 3207 an
2362 3180 2412 3206 dem
2429 3177 2539 3211 früheren
2555 3174 2688 3209 Beschlusse
2703 3172 2862 3207 festgehalten.
2894 3172 2936 3205 In
2953 3171 3029 3205 Folge
3053 3173 3098 3201 da¬

2174 3225 2221 3244 von
2238 3216 2291 3249 fällt
2307 3215 2383 3251 Ziffer
2399 3215 2419 3241 4
2434 3215 2461 3242 in
2477 3213 2530 3241 Art.
2546 3212 2564 3239 9
2578 3219 2628 3240 von
2644 3210 2710 3243 selbst
2727 3218 2799 3242 weg,
2826 3210 2859 3236 da
2882 3209 2925 3236 der
2942 3207 3092 3241 Frachtbrief

2175 3262 2224 3281 nun
2241 3253 2279 3281 die
2287 3252 2435 3284 Bemerkung
2451 3250 2510 3279 über
2519 3248 2587 3281 Reise
2605 3246 2648 3280 auf
2660 3246 2755 3280 Gefahr
2771 3247 2814 3274 des
2823 3245 2988 3279 Empsängers
3005 3252 3030 3272 u.
3038 3244 3055 3278 s.
3065 3253 3099 3273 w.

2175 3290 2309 3323 überhaupt
2326 3289 2384 3321 nicht
2399 3287 2519 3320 enthalten
2535 3285 2606 3313 wird.

562 3470 721 3520 Feuilleton
746 3469 823 3510 1875
824 3499 832 3509 .

595 3584 799 3614 Theater.

432 3636 575 3671 „Grausame
591 3632 663 3660 Lieb'!
679 3632 719 3665 In
734 3630 829 3666 gleicher
845 3629 913 3664 Fülle
929 3627 1047 3660 schmerzen

430 3673 492 3703 Dein
509 3670 635 3703 Wermuth
652 3671 701 3697 und
718 3668 781 3696 Dein
797 3667 878 3701 Honig
894 3665 969 3696 uns're
986 3662 1067 3694 Brust,

431 3710 484 3739 Und
501 3710 574 3739 Deine
591 3706 689 3740 Arzenei
705 3705 750 3733 wie
766 3704 838 3732 Deine
853 3702 971 3733 Wunden,

432 3748 479 3777 Sie
494 3747 585 3775 werden
602 3744 672 3777 gleich
690 3740 812 3776 gefährlich
828 3742 882 3774 stets
898 3736 1038 3771 erfunden!"

1012 3773 1089 3806 Tasso.

279 3819 537 3861 Opernbericht.
570 3817 627 3846 Wie
643 3817 680 3845 ein
697 3815 759 3850 Licht
775 3817 849 3842 vor'm
865 3812 964 3846 völligen
974 3807 1097 3843 Erlösche
1097 3807 1155 3843 noch

225 3866 323 3901 einmal
337 3864 366 3892 in
379 3861 448 3897 jäher
462 3858 524 3892 Hast
539 3855 686 3889 aufflammt,
702 3854 727 3887 so
741 3851 836 3886 glaubte
855 3851 911 3884 auch
927 3849 963 3876 die
982 3846 1156 3881 gegmwärtige,

227 3903 349 3936 nunmehr
374 3900 407 3928 im
425 3892 636 3929 Geschwindschritt
653 3892 702 3919 dem
719 3890 785 3918 Ende
799 3888 913 3923 zueilende
931 3885 1022 3917 Saison
1038 3883 1079 3916 sich
1095 3890 1157 3911 ener¬

228 3941 291 3980 gisch
307 3937 427 3979 aufraffen
443 3934 492 3962 und
508 3937 552 3960 vor
567 3928 711 3962 Thorschluß
729 3927 784 3960 noch
801 3927 856 3959 eine,
873 3929 937 3959 zwar
945 3922 1005 3956 nicht
1021 3928 1085 3953 neue,
1102 3919 1158 3946 aber

226 3982 286 4015 doch
302 3979 372 4010 lange
386 3973 450 4007 nicht
465 3971 564 4005 gehörte,
581 3966 680 3995 beliebte
695 3967 761 3999 Oper
776 3965 850 3993 bieten
865 3971 895 3997 zu
911 3962 1003 3994 müssen.
1038 3957 1158 3990 Vielleicht

228 4019 287 4057 galt
302 4019 328 4044 es
344 4013 409 4046 auch,
425 4024 457 4029 —
474 4009 519 4036 wie
535 4005 677 4038 Böswillige
705 4002 832 4037 behaupten
857 4000 941 4029 wollen
958 4012 988 4017 —
1006 3998 1047 4024 den
1064 3995 1159 4022 Beweis

226 4065 264 4093 zu
280 4053 372 4086 liefern,
387 4047 437 4081 daß
454 4053 510 4074 man
526 4042 588 4078 nicht
603 4042 686 4070 immer
705 4041 745 4073 „in
755 4039 830 4073 Nacht
846 4036 961 4067 wandle."

287 4089 349 4125 „Die
364 4079 599 4114 Sonambule"
617 4078 685 4113 zeigt,
702 4075 748 4111 daß
764 4076 854 4104 Bellini
883 4075 915 4102 im
932 4067 1160 4106 elegisch-rührenden

230 4125 355 4159 Ausdruck
371 4122 450 4153 ebenso
466 4117 526 4153 groß
542 4122 603 4148 war,
621 4115 661 4143 als
678 4115 710 4142 im
727 4113 883 4147 pathetischen.
915 4110 964 4138 Der
972 4104 1159 4141 Instrumental¬

228 4164 295 4201 theil
309 4163 341 4196 ist
356 4155 555 4194 außerordentlich
571 4151 679 4188 geschickt,
695 4150 740 4184 fast
755 4150 800 4184 auf
814 4150 855 4177 der
864 4148 930 4183 Höhe
946 4147 985 4173 der
1000 4142 1161 4178 französischen

229 4202 334 4236 Meister
348 4196 479 4232 behandelt.
496 4193 545 4221 Als
560 4190 637 4224 Sujet
653 4189 753 4223 figurirt
767 4192 832 4222 zwar
847 4196 894 4215 nur
909 4185 959 4214 eine
973 4181 1074 4218 ziemlich
1082 4179 1162 4207 mond¬

231 4239 345 4277 scheinige
358 4230 568 4267 Liebesgeschichte;
586 4228 616 4260 sie
632 4226 709 4261 erhält
725 4225 799 4260 jedoch
814 4225 883 4259 durch
909 4223 947 4251 die
973 4221 1054 4254 schöne,
1084 4217 1163 4250 weiche

231 4278 286 4308 und
301 4273 390 4309 duftige
406 4268 489 4301 Musik
497 4268 536 4295 ein
551 4263 691 4300 glänzendes
706 4262 786 4295 Relief
810 4267 858 4290 von
874 4259 1011 4293 Sinnigkeit
1025 4256 1075 4285 und
1095 4254 1163 4287 süßer

232 4309 415 4348 Schwärmerei.
450 4305 496 4333 Die
511 4301 635 4336 Geschichte
652 4300 695 4331 soll
711 4300 736 4327 in
754 4299 793 4326 der
808 4298 912 4333 Schweiz
930 4296 1029 4330 spielen;
1056 4296 1082 4320 es
1104 4291 1163 4325 fehlt

232 4349 311 4387 jedoch
326 4349 368 4376 der
381 4344 504 4374 Lokalton,
521 4342 565 4367 das
581 4336 799 4370 Charakteristische,
815 4338 865 4364 und
881 4337 905 4368 so
912 4334 971 4368 habe
988 4333 1021 4366 ich
1036 4328 1077 4364 die
1077 4328 1162 4364 Hand¬

232 4391 297 4421 lung
311 4395 332 4421 z.
349 4385 382 4414 B.
399 4383 428 4411 in
443 4379 548 4410 London,
564 4376 624 4410 ohne
638 4374 747 4408 Schaden
763 4373 818 4405 nach
833 4374 876 4401 den
892 4370 1033 4405 schottischen
1047 4366 1164 4402 Hochlan¬

231 4428 279 4455 den
295 4424 398 4456 verlegen
415 4419 489 4452 sehen.
525 4412 655 4448 „Amina",
673 4413 721 4440 eine
736 4410 843 4445 poetische
853 4409 953 4441 Gestalt,
968 4408 1006 4436 die
1020 4406 1084 4441 schon
1100 4404 1164 4437 ihrer

232 4459 389 4495 Kindlichkeit
405 4456 455 4486 und
471 4451 585 4487 Unschuld
602 4455 679 4484 wegen
706 4447 854 4483 sympathisch
880 4445 987 4479 berührt,
1007 4449 1059 4472 war
1079 4447 1127 4470 von
1142 4440 1164 4475 je

230 4501 287 4530 eine
299 4493 483 4530 Lieblingsrolle
497 4492 541 4525 für
553 4486 843 4521 Koloratursängerinnen
868 4484 919 4513 und
944 4482 1006 4512 wird
1021 4487 1070 4510 von
1091 4479 1165 4513 diesen

1201 3397 1366 3432 vorzugsweise
1382 3409 1414 3414 —
1430 3395 1475 3423 wie
1495 3394 1615 3428 „Agathe"
1634 3396 1668 3422 im
1682 3393 1841 3428 „Freischütz",
1857 3399 1905 3420 von
1921 3391 2064 3425 angehenden
2072 3391 2126 3417 dra¬

1203 3437 1323 3468 matischen
1339 3433 1506 3466 Sängerinnen
1524 3446 1554 3451 —
1572 3440 1626 3466 zum
1647 3433 1731 3466 „ersten
1748 3431 1859 3464 Versuch"
1880 3430 1924 3461 auf
1940 3430 1979 3456 der
1990 3428 2075 3461 Bühne
2092 3436 2127 3460 ge¬

1202 3467 1284 3506 wählt.
1318 3470 1373 3504 Daß
1390 3470 1432 3503 Fr.
1450 3468 1765 3503 Kempter-Levnoff
1782 3469 1808 3495 in
1825 3468 1893 3498 dieser
1904 3465 2057 3499 Glanzpartie
2068 3472 2127 3497 ganz

1202 3510 1322 3542 besonders
1337 3508 1453 3540 excelliren
1478 3508 1571 3539 würde,
1599 3511 1652 3534 war
1679 3506 1867 3538 vorauszusehen.
1902 3504 1949 3530 Sie
1976 3502 2058 3535 befand
2086 3501 2126 3534 sich

1202 3546 1298 3580 sichtlich
1315 3547 1341 3573 in
1358 3546 1430 3577 ihrem
1446 3544 1571 3572 Elemente.
1605 3543 1757 3578 Begeistigter
1768 3542 1919 3575 Wohlklang,
1935 3538 2128 3573 geschmackvollste

1203 3583 1391 3617 Gesangstechnik
1407 3582 1456 3609 und
1473 3582 1631 3616 durchdachtes
1640 3580 1711 3615 Spiel
1728 3582 1850 3613 ergänzten
1867 3579 1908 3611 sich
1924 3576 2065 3610 gegenseitig.
2082 3575 2128 3602 Die

1202 3621 1350 3654 hinreißende
1366 3620 1474 3652 Leistung
1495 3620 1631 3647 kulminirte
1660 3619 1686 3646 in
1702 3618 1742 3644 der
1770 3617 1845 3650 letzten
1862 3616 1955 3648 Szene;
1983 3613 2027 3640 mit
2054 3612 2127 3644 eigen,

1203 3657 1314 3692 thümlich
1330 3657 1482 3690 ergreifender
1490 3655 1687 3688 Naturwahrheit
1703 3652 1770 3681 ward
1781 3654 1824 3681 das
1833 3651 1989 3680 Traumleben
1998 3650 2035 3676 der
2043 3648 2127 3680 Nacht¬

1203 3695 1343 3726 wandlerin,
1359 3694 1395 3721 die
1411 3694 1502 3726 nervöse
1519 3693 1660 3725 Aufregung
1686 3692 1735 3718 und
1764 3691 1809 3717 das
1835 3688 1936 3722 freudige
1953 3685 2074 3719 Erwachen
2091 3693 2126 3717 ge¬

1204 3733 1314 3767 schildert.
1348 3731 1410 3765 Herr
1427 3731 1520 3765 Horn
1537 3730 1656 3762 (Elwino)
1688 3729 1759 3761 schien
1784 3727 1839 3759 noch
1859 3725 1945 3759 hörbar
1972 3722 2128 3757 angegriffen;

1204 3778 1251 3799 nur
1268 3769 1303 3797 bei
1321 3768 1471 3801 Wiedergabe
1488 3769 1533 3799 der,
1550 3776 1570 3801 z.
1589 3767 1621 3795 B.
1640 3775 1679 3793 am
1696 3764 1791 3799 Schluß
1819 3765 1857 3790 des
1885 3763 1956 3793 ersten
1973 3762 2041 3788 Aktes
2069 3767 2128 3792 ganz

1204 3807 1321 3840 unnöthig
1337 3805 1523 3838 verschwendeten
1550 3804 1625 3838 hohen
1642 3804 1720 3831 Noten
1747 3803 1828 3828 konnte
1855 3806 1910 3827 man
1933 3799 1991 3825 keine
2008 3796 2128 3830 Schwäche

1204 3846 1333 3877 bemerken;
1362 3843 1418 3874 diese
1447 3844 1542 3870 wurden
1559 3843 1605 3870 wie
1621 3839 1761 3875 gewöhnlich
1789 3837 1923 3872 gewaltsam
1951 3833 2128 3867 herausgepreßt

1206 3883 1254 3911 und
1272 3880 1473 3913 beeinträchtigten
1489 3881 1531 3907 den
1548 3879 1608 3911 sonst
1625 3878 1683 3910 recht
1699 3877 1776 3904 netten
1787 3876 1902 3906 Vortrag.
1934 3871 2053 3904 Weßhalb
2068 3871 2130 3898 denn

1206 3921 1261 3953 stets
1278 3919 1311 3946 im
1328 3918 1450 3949 Schweiße
1467 3917 1537 3948 seines
1554 3915 1687 3950 Angesichta
1704 3913 1816 3944 arbeiten,
1844 3916 1911 3938 wenn
1928 3918 1983 3936 man
1999 3912 2024 3935 es
2040 3908 2131 3940 leichter

1206 3957 1281 3989 haben
1297 3955 1377 3983 kann?
1409 3953 1472 3987 Herr
1486 3952 1509 3980 v.
1527 3952 1672 3979 Willem
1687 3949 1801 3977 verdiente
1828 3948 1872 3975 mit
1893 3947 1976 3974 vollem
1992 3946 2061 3978 Recht
2079 3945 2130 3977 das,

1206 3994 1256 4028 hier
1273 3994 1327 4021 eben
1355 3991 1416 4024 nicht
1443 3990 1589 4023 landläufige
1605 3988 1732 4021 Prädikat:
1762 3985 1933 4019 ansgezeichnet.
1968 3983 2031 4010 Sein
2053 3981 2131 4015 „Graf

1207 4029 1335 4064 Rudolph"
1354 4029 1424 4062 zeigte
1440 4027 1547 4062 Noblesse
1575 4027 1603 4054 in
1618 4026 1673 4053 Ton
1698 4024 1748 4051 und
1760 4023 1883 4057 Haltung.
1914 4020 1970 4048 Mit
1994 4021 2045 4047 dem
2069 4020 2134 4052 allzu

1208 4069 1331 4097 modernen
1348 4067 1508 4099 Salonanzug
1524 4064 1585 4096 ließe
1601 4063 1642 4096 sich
1659 4060 1768 4094 vielleicht
1778 4060 1878 4093 rechten.
1904 4058 1950 4085 Die
1967 4058 2015 4085 drei
2031 4064 2133 4091 genann¬

1208 4108 1247 4134 ten
1264 4104 1457 4139 Hauptpersonen
1473 4102 1569 4130 wurden
1586 4099 1718 4133 wiederholt
1746 4098 1782 4126 bei
1810 4096 1895 4130 offener
1910 4095 1987 4129 Szene
2002 4097 2051 4122 und
2079 4094 2135 4128 nach

1209 4141 1302 4175 Schluß
1319 4141 1435 4173 ehrenvoll
1452 4138 1627 4173 ausgezeichnet.
1645 4136 1697 4164 Mit
1713 4137 1755 4163 den
1772 4135 1908 4162 Vertretern
1924 4133 1964 4160 der
1980 4132 2134 4160 Nebenrollen

1209 4180 1270 4207 kann
1286 4176 1323 4212 ich
1323 4176 1531 4212 glücklicherweise
1545 4174 1691 4208 summarisch
1716 4172 1846 4204 verfahren.
1878 4170 1964 4199 Weder
1990 4170 2028 4198 die
2041 4170 2137 4198 Damen

1210 4215 1368 4249 Reiffert
1384 4213 1458 4248 (Lisa)
1474 4212 1522 4242 und
1538 4211 1713 4245 Goßmann
1730 4207 1852 4242 (Therese),
1869 4207 1925 4241 noch
1935 4207 1999 4240 Herr
2015 4205 2136 4238 Geisen¬

1210 4253 1308 4287 hofer
1323 4251 1428 4284 (Alexis)
1455 4249 1590 4281 verstanden
1617 4251 1650 4281 es
1678 4245 1759 4280 irgend
1785 4245 1824 4272 ein
1840 4244 1957 4278 Interesse
1984 4242 2135 4276 einzusflößen.

1213 4290 1285 4324 „Viel
1301 4289 1361 4317 Soll
1377 4289 1427 4315 und
1443 4287 1519 4321 wenig
1533 4285 1634 4320 Haben"
1653 4284 1731 4312 würde
1758 4283 1798 4310 der
1813 4282 1956 4315 Kaufmann
1983 4282 2056 4314 sagen.
2089 4280 2136 4307 Die

1211 4328 1288 4361 Chöre
1303 4326 1396 4359 agirten
1411 4325 1462 4358 sehr
1477 4324 1552 4357 brav;
1567 4330 1617 4351 nur
1631 4320 1718 4350 einmal
1734 4321 1786 4348 trat
1801 4319 1839 4347 ein
1853 4318 1941 4346 kleiner
1955 4316 2086 4351 Zwiespalt
2092 4315 2137 4342 mit

1211 4365 1261 4392 dem
1278 4362 1395 4396 Orchester
1410 4362 1456 4390 ein.
1489 4362 1543 4389 Das
1559 4362 1644 4393 letztere
1660 4357 1742 4392 scheint
1768 4356 1826 4390 auch
1842 4356 1869 4383 in
1897 4356 1938 4382 der
1955 4353 2086 4387 Auflösung
2100 4352 2137 4379 be¬

1212 4401 1313 4435 griffen;
1329 4400 1370 4432 seit
1387 4399 1474 4433 einiger
1490 4398 1545 4431 Zeit
1560 4396 1665 4429 vermisse
1679 4394 1712 4428 ich
1728 4392 1865 4427 schmerzlich
1886 4391 1931 4420 das
1956 4389 2034 4424 zweite
2049 4388 2135 4421 Fagot.

1211 4440 1257 4468 Die
1273 4436 1405 4473 Harmonie
1431 4436 1501 4464 leidet
1528 4435 1609 4468 schwer
1635 4435 1704 4462 unter
1731 4431 1812 4464 diesem
1828 4429 1938 4463 Mangel.
1972 4427 2035 4460 Auch
2051 4426 2080 4459 ist
2095 4426 2138 4459 für

1213 4477 1316 4509 Pauken,
1332 4474 1396 4503 beide
1411 4472 1549 4502 Trommeln
1566 4471 1616 4500 und
1632 4470 1747 4503 Triangel
1763 4468 1810 4496 nur
1824 4467 1863 4495 da
1888 4465 1986 4499 einziger
2000 4462 2139 4491 Bearbeiter

2176 3389 2316 3421 vorhanden.
2349 3387 2402 3414 Und
2436 3387 2475 3414 der
2507 3384 2589 3417 scheint
2621 3383 2670 3410 mir
2702 3382 2757 3415 doch
2789 3380 2839 3409 kein
2870 3379 3022 3413 vielarmiger
3052 3379 3101 3412 Po¬

2177 3426 2218 3458 lyp
2226 3428 2286 3453 !—

2227 3448 2284 3475 Von
2301 3448 2339 3473 der
2355 3446 2463 3479 ohnedem
2480 3445 2561 3478 kurzeen
2577 3443 2644 3476 Oper
2661 3447 2711 3470 war
2727 3440 2853 3469 bedeutend
2869 3438 2988 3474 gestrichen
3005 3439 3105 3467 worden.

2180 3486 2225 3512 Am
2242 3484 2368 3517 schwersten
2383 3483 2451 3511 ward
2467 3481 2515 3511 mir
2531 3482 2570 3508 der
2587 3479 2693 3512 Verzicht
2710 3478 2754 3511 auf
2771 3480 2814 3506 den
2830 3476 2956 3511 herrlichen
2971 3476 3105 3510 Eingangs¬

2178 3522 2229 3554 chor
2243 3529 2298 3555 zum
2314 3521 2401 3548 dritten
2418 3520 2471 3547 Akt.

2229 3564 2282 3597 Für
2298 3563 2402 3595 Montag
2431 3563 2473 3589 den
2492 3561 2530 3587 15.
2548 3560 2622 3592 März
2651 3563 2702 3585 war
2718 3557 2837 3592 Lortzings
2864 3554 3025 3589 „Wildschütz"
3053 3561 3108 3588 zum

2180 3601 2275 3634 Benefiz
2292 3601 2331 3628 des
2346 3598 2426 3633 Herrn
2442 3595 2621 3629 Musikdirektor
2638 3595 2770 3628 Klahre
2798 3594 2910 3627 angesetzt.
2945 3592 2996 3620 Und
3024 3591 3108 3619 wieder

2180 3638 2260 3670 mußte
2276 3638 2315 3665 ein
2330 3635 2507 3669 unglückseliger
2513 3632 2678 3667 Zwischafall
2693 3631 2729 3659 die
2740 3631 2819 3664 Szene
2833 3630 2967 3658 verändern.
2983 3628 3019 3660 Je
3026 3626 3110 3662 größwe

2180 3675 2216 3702 die
2232 3674 2379 3706 Spannung,
2408 3673 2468 3705 desto
2496 3669 2668 3703 empfindlicher
2696 3668 2731 3696 die
2749 3667 2929 3700 Enttäuschung.
2963 3665 3046 3698 Sogar
3072 3664 3109 3692 die

2182 3712 2289 3738 Reklame
2305 3710 2347 3742 fiel
2363 3707 2488 3743 gründlich
2504 3707 2571 3735 'rein.
2587 3707 2636 3734 Ein
2654 3705 2755 3740 plötzlich
2770 3704 2804 3738 (?)
2820 3704 2980 3736 eingetretenes
2997 3701 3110 3734 Unwohl¬

2181 3748 2229 3778 sein
2244 3748 2285 3775 des
2300 3746 2381 3780 Herrn
2395 3746 2419 3774 v.
2436 3744 2576 3773 Willem
2592 3742 2679 3776 machte
2694 3742 2730 3769 die
2737 3740 2949 3775 wohlvorbereitete
2956 3736 3110 3771 Aufführung

2182 3785 2313 3818 unmöglich
2329 3784 2377 3812 und
2394 3784 2435 3811 des
2443 3782 2622 3815 Benefizianten
2638 3779 2733 3813 gerechte
2742 3777 2914 3812 Anwartschaft
2931 3775 2973 3808 auf
2987 3775 3027 3802 ein
3034 3774 3110 3807 wohl¬

2182 3823 2310 3850 verdientes
2327 3835 2358 3840 —
2367 3821 2417 3848 und
2433 3821 2496 3854 setzen
2514 3819 2560 3846 wir
2578 3818 2658 3851 hinzu,
2676 3815 2788 3849 dringend
2804 3813 2945 3846 bedürftiges
2953 3825 2983 3829 —
2993 3806 3110 3844 größeres,

2182 3859 2321 3892 pekuniäres
2334 3857 2469 3891 Erträgniß
2494 3863 2525 3888 zu
2550 3855 2652 3887 Wasser.
2685 3853 2734 3880 Der
2765 3849 2925 3884 „Wildschütz"
2956 3847 3112 3876 verwandelte

2184 3897 2224 3930 sich
2253 3896 2311 3924 über
2327 3895 2402 3929 Nacht
2427 3895 2454 3923 in
2482 3893 2547 3925 einen
2567 3888 2784 3925 „Freischütz".
2818 3886 2870 3917 Die,
2897 3887 2933 3912 im
2948 3883 3112 3912 Eskamotiren

2184 3933 2323 3968 erstaunlich
2339 3932 2457 3966 gewandte
2468 3930 2560 3962 Saison
2577 3929 2658 3956 konnte
2674 3925 2738 3959 selbst
2754 3925 2788 3952 im
2795 3922 2941 3955 Verscheiden
2957 3921 3007 3953 ihre
3015 3920 3112 3948 Mucken

2184 3972 2247 4005 nicht
2264 3971 2338 4005 lassen
2353 3970 2403 3997 und
2418 3968 2500 4001 mußten
2515 3969 2563 3993 uns
2578 3964 2634 3997 noch
2651 3962 2740 3990 einmal
2765 3968 2821 3995 zum
2835 3957 2970 3990 Ueberdruß
2994 3958 3045 3991 „die
3059 3956 3112 3986 Ko¬

2186 4010 2261 4037 mödie
2276 4009 2317 4036 der
2331 4006 2472 4040 Irrungen"
2492 4003 2625 4036 vorführen.
2659 3999 2709 4032 Auf
2724 3998 2775 4025 eine
2790 3995 2908 4030 geraubte
2908 3995 3032 4030 Hoffnung
3047 3995 3113 4027 mehr

2186 4047 2242 4073 oder
2257 4044 2359 4077 weniger
2374 4043 2428 4074 darf
2444 4045 2469 4070 es
2485 4042 2532 4068 uns
2547 4038 2572 4072 ja
2588 4036 2650 4070 nicht
2665 4037 2815 4066 ankommen;
2845 4033 2936 4067 „Legt's
2949 4039 2980 4065 zu
2997 4031 3040 4060 den
3054 4029 3114 4059 Ueb-

2186 4082 2283 4117 rigen."

2235 4116 2361 4150 Natürlich
2377 4115 2419 4145 bin
2436 4115 2468 4148 ich
2477 4112 2531 4141 weit
2538 4112 2617 4139 davon
2624 4109 2734 4142 entfernt,
2751 4106 2851 4136 Webers
2859 4105 3017 4139 Meisterwerk
3025 4104 3106 4140 irgend

2185 4158 2231 4186 wie
2244 4164 2275 4191 zu
2290 4155 2349 4187 nahe
2364 4155 2438 4182 treten
2452 4158 2484 4186 zu
2499 4151 2599 4182 wollen;
2615 4146 2673 4175 aber
2688 4146 2745 4179 auch
2761 4147 2801 4173 des
2812 4143 2892 4174 Guten
2910 4145 2971 4171 kann
2985 4146 3011 4170 es
3026 4142 3064 4177 zu
3064 4142 3113 4177 viel

2186 4195 2284 4222 werden.
2315 4191 2364 4223 Ich
2378 4190 2445 4223 halte
2459 4186 2517 4220 mich
2531 4194 2566 4214 an
2580 4185 2691 4220 Heinrich
2702 4183 2749 4210 IV.
2765 4182 2888 4211 bekanntes
2907 4179 3041 4214 „toujours
3046 4178 3113 4206 Per¬

2187 4230 2271 4257 drix".
2305 4228 2384 4260 Schon
2401 4226 2471 4259 dieser
2487 4225 2539 4257 gute
2554 4222 2636 4256 König
2652 4221 2733 4254 scheint
2749 4217 2844 4253 gewußt
2859 4225 2888 4251 zu
2905 4216 2993 4252 haben,
3009 4215 3056 4249 daß
3071 4216 3115 4245 der

2186 4268 2264 4299 wahre
2279 4264 2365 4297 Genuß
2391 4271 2439 4291 nur
2456 4264 2482 4290 in
2510 4261 2548 4287 der
2565 4258 2744 4291 Abwechselung
2767 4256 2834 4289 liegt.
2867 4255 2946 4286 Dieser
2961 4252 3115 4287 Philsophie

2185 4304 2244 4336 muß
2258 4301 2316 4335 ich
2330 4300 2440 4334 Zürich's
2454 4296 2678 4331 Theaterpablikum
2692 4293 2812 4327 zuneigen,
2836 4292 2896 4319 denn
2911 4292 2957 4319 das
2971 4289 3045 4324 Haus
3060 4293 3116 4318 war

2186 4349 2235 4369 nur
2249 4328 2342 4373 dürftig
2356 4337 2449 4371 gefüllt.
2480 4332 2561 4369 Herrn
2575 4331 2710 4365 Klahre
2724 4329 2825 4358 wurden
2839 4328 2877 4357 die
2886 4326 3037 4361 lebhaftesten
3045 4326 3116 4355 Ova¬

2187 4378 2284 4405 tionen:
2310 4371 2495 4408 Orchestertusch,
2522 4368 2658 4404 rauschende
2673 4364 2870 4400 Empfangssalve
2884 4365 2935 4392 und
2950 4362 3117 4397 Lorbeerkranz

2186 4413 2292 4448 geweiht,
2319 4412 2375 4445 auch
2402 4410 2440 4438 die
2466 4407 2546 4443 genial
2570 4405 2744 4438 durchgeführte
2757 4402 2894 4431 Ouverture
2910 4400 3037 4433 beklatscht.
3069 4398 3118 4429 Die

2187 4452 2254 4485 Oper
2270 4451 2328 4484 ging
2342 4447 2444 4483 ziemlich
2460 4445 2532 4481 glatt.
2549 4444 2604 4473 Neu
2619 4442 2693 4476 besetzt
2708 4444 2790 4469 waren
2800 4436 2889 4472 „Max"
2900 4436 2950 4466 und
2968 4437 3022 4469 „der
3028 4436 3115 4471 Fürst.
