4110 5551
240 165 1121 234 Nr. 567. Extraausgabe.
1597 163 2497 229 Der Zürcher Zeitung 137. Jahrgang.
3005 156 3919 219 Sonntag, 9. April 1916.
240 240 3937 659 Neue Zürcher Zeitung
354 730 813 775 Abonnementspreise:
244 775 1345 809 Zürich bei d. Administration od. Ablage abgeholt Fr. 2.— 5.60 10.— 20.—
358 812 1348 833 durch die Austräger ins Haus gebracht „ 2.50 6.80. 12.80 25.—
246 842 1343 865 Schweiz Bestellung beim Postbureau ... ... ... „ 2.50 6.80 12.80 25.—
362 871 1346 892 Mit Bezug unter Privatadresse (Streifband) „ 3.— 8.50 16.50 32.—
245 897 1136 929 Ausland: Deutschland ... ... Mk. 2.70 7.30
424 925 1348 952 Oesterreich ... ... Kr. 4.50 12.40 24.50 48.70
425 952 1343 981 Ungarn ... ... „ 3.50 9.60 18.20 36.80
422 974 1347 1007 Italien ... ... Fr. 3.— 8.15 15.55 30.85
418 1001 1359 1034 Holland ... ... fl. 1.85 5.30 10.05 20.05
416 1029 1348 1060 Rußland ... ... Rbl. 1.80 3.55 6.60 13.20
272 1057 1348 1090 Frankreich, England, Amerika etc. (Streifband) Fr. 5.— 14.— 27.50 54.—
991 718 1340 749 1 3 6 12
962 748 1369 781 Monat Monate Monate Monate
2065 744 2131 796 und
626 940 754 965 Bestellung
665 965 724 994 beim
640 993 744 1017 Postamt
1462 823 2746 959 schweizerisches Handelsblatt
3170 745 3606 780 Insertionspreise:
3025 781 3743 812 Die einspaltige Kolonelzeile oder deren Raum 25 Rp.,
3064 813 3706 833 für Anzeigen ausländischen Ursprungs 40 Rp.,
3201 841 3590 863 Reklamen Fr. 1.50 per Zeile.
1791 1001 2401 1058 Täglich 3 Ausgaben
2889 891 3821 931 Redaktion (Telephon 650) und Druckerei (Telephon 5732):
3247 932 3502 958 Falkenstraße 11.
2884 971 3950 1004 Administration (Telephon 2060) und Expedition (Telephon 10163):
3246 1005 3503 1032 Goethestraße 10.
2885 1046 3951 1071 Annoncen-Abteilung (Telephon 2534): Theaterstr. 5 / Goethestr. 10.
270 1168 1112 1221 Friedensmöglichkeiten in der Reichs¬
562 1222 823 1265 kanzlerrede.
429 1292 958 1316 Von Dr. Alfred H. Fried.
310 1354 1148 1395 In einem Satz der deutschen Kanzlerrede
252 1393 1144 1440 liegt etwas wie Hoffnung: „Das Europa, das
251 1438 1147 1484 aus dieser ungeheuersten Krise entstehen wird,
251 1481 1144 1528 wird in vielen Stiücken dem alten nicht gleichen.
252 1527 1147 1572 Das geflossene Blut kommt nie zurück. Das
251 1569 1145 1616 vertane Gut kommt nur langsam zurück. Wie
251 1614 1143 1660 es auch sein wird, es muß für alle Völker, die es
251 1657 1144 1705 bewohnen, ein Europa friedlicher Arbeit wer¬
251 1705 1148 1749 den. Der Friede, der diesen Krieg beenden soll,
251 1746 1148 1793 muß von Dauer sein, nicht den Keim neuer
249 1792 1146 1837 Kriege, sondern der endgültigen friedlichen Ord¬
253 1834 1106 1871 nung der europäischen Dinge in sich tragen."
310 1885 1145 1926 Das ist ja das, was auch die Pazifisten aller
249 1923 1147 1971 Länder erhoffen. Das wäre das Programm,
250 1968 1150 2015 auf Grund dessen der Krieg beendigt werden
253 2013 1148 2059 könnte. Denn ein Friede, der nicht den Keim
251 2057 1146 2104 neuer Kriege in sich tragen soll, kann nicht der
250 2101 1144 2149 aufgezwungene Friede eines Siegers sein, kann
252 2148 1152 2193 kein Volk verletzen, keinen Anlaß zu Racheplänen
254 2189 1154 2237 geben; er hat eine Organisation zur Voraus¬
254 2233 1152 2281 setzung, die einem jeden Sicherheit bietet, und
256 2280 1151 2325 stellt solche Vorteile in Aussicht, daß die mit
255 2322 1150 2369 einer solchen Organisation verbundenen Ein¬
254 2369 1152 2414 schränkungen reichlich aufgewogen werden. Ein
255 2412 1146 2459 solcher Friede wird auch nicht allein auf Rü¬
256 2458 1152 2503 stungen beruhen dürfen, sondern muß ein durch
254 2502 1153 2547 Verträge herausgebildetes Ebenmaß der Rü¬
256 2545 1151 2592 stungen herbeiführen. Das wäre „die end¬
258 2590 1152 2636 gültige friedliche Ordnung der europäischen
258 2633 1154 2680 Dinge". Meinte das der Reichskanzler, ver¬
260 2679 1154 2725 standen ihn jene so, die diesen Worten ihr
261 2723 1151 2769 „Bravo" zuriefen? Wenn ja, dann können
260 2770 945 2802 wir morgen Frieden haben.
315 2815 1157 2858 Vielleicht liegt auch in jenem Teil der Rede
255 2854 1156 2902 etwas die Hoffnung Erweckendes, wo der Reichs¬
257 2899 1156 2946 kanzler sich „an die Adresse Asquith" wendet.
253 2945 1157 2989 Der Reichskanzler sagte, Asquith verlange die
255 2990 1157 3032 vollstädige Zerstörung der militärischen Macht
257 3032 1157 3078 Preußens. Und er fügt hinzu: „Gesetzt den Fall,
259 3076 1155 3124 ich schlüge Asquith vor, mit mir die Friedens¬
261 3120 1155 3168 möglichkeiten zu prüfen, und Asquith begänne
259 3167 1156 3213 mit seiner endgültigen und vollständigen Zer¬
261 3212 1155 3257 störung der militärischen Macht Preußens, dann
260 3255 1155 3301 wäre das Gespräch beendigt, noch bevor es an¬
257 3299 452 3334 gefangen."
321 3352 1159 3390 Das sollte doch der Reichskanzler nur einmal
261 3387 1158 3435 probieren. Es ist ja beinahe sicher, daß Asquith
261 3433 1158 3479 mit dieser Forderung nicht käme. Täte er es,
262 3477 1158 3523 dann würde der Orkan der Empörung gegen
265 3522 1159 3567 ihn im englischen Volk nicht geringer sein als
261 3568 1155 3611 im deutschen. Das Wagnis wäre nicht groß;
265 3611 1159 3656 denn im ungünstigen Fall würde der furor teu¬
263 3655 1160 3701 tonicus derart aufbrausen, daß er die Gegner
264 3701 1160 3745 zu Tode erschrecken würde, im günstigen Fall
261 3746 1158 3788 hätten wir morgen einen aussichtsreichen Waf¬
266 3789 1160 3834 fenstillstand. Es ist ja klar, daß Asquith gar
265 3835 1159 3879 nicht an das denkt, was der Kanzler aus seinen
266 3880 1159 3922 Worten glaubt entnehmen zu können. Kein
264 3923 1159 3956 Mensch in Europa will eine „vollständige Zer¬
1189 1153 2081 1191 störung der militärischen Macht Deutschlands".
1190 1192 2081 1235 Wenn irgendwo im Kriegsjargon davon ge¬
1189 1236 2080 1279 sprochen wird, meint man doch nur eine Schwä¬
1188 1280 2080 1322 chung jenes militärischen Einflusses auf, die
1189 1323 2080 1366 Politik, der die Unsicherheit Europas erzeugte.
1191 1367 2082 1412 Wenn man bei den Gegnern Deutschlands
1193 1413 2081 1457 immer nur von diesen Erscheinungen in Deutsch¬
1193 1458 2083 1501 land spricht und nie von den eigenen, so ge¬
1195 1502 2084 1545 schieht das nur, weil man während des Krieges
1193 1546 2083 1590 eine solche Selbstkritik nicht für angebracht hält.
1192 1591 2083 1624 Im Grunde wird mit solchen Redensarten nichts
2123 1142 3020 1186 anderes zum Ausdruck gebracht als der Wunsch,
2123 1181 3021 1230 daß der künftige Friede nirgends mehr auf
2124 1227 3021 1274 Schwerterspitzen, sondern durch die gleichmäßige
2125 1269 3022 1319 Mitwirkung aller auf einer breiten, gegen
2125 1315 3019 1362 militärische Einflüsse aller Länder geschützten
2129 1363 2730 1396 Grundlage errichtet werden soll.
2193 1407 3021 1452 Eine solche Aufklärung würde sich am ersten
2127 1450 3024 1495 Tag der Verhandlungen ergeben, nachdem der
2128 1493 3021 1540 Reichskanzler an Asquith jene erlösende Frage
2129 1537 3024 1583 richten würde, ob er geneigt sei, mit ihm die
2131 1584 2741 1617 Friedensmöglichkeiten zu prüfen.
1585 1715 2630 1776 Der europäische Krieg.
1259 1824 2085 1861 Wien, 8. April. (Wiener Korr.- Bureau.)
1194 1862 2085 1905 Amtlich wird mitgeteilt: Russischer und
1196 1906 2087 1950 südöstlicher Kriegsschauplat: Nichts von
1193 1951 1607 1985 besonderer Bedeutung.
1257 2002 2086 2039 Italienischer Kriegsschauplatz: Auf der
1194 2040 2085 2083 Hochfläche von Doberdo wurde der Feind
1196 2084 2086 2127 heute nacht aus einigen vorgetriebenen Sappen
1195 2128 2086 2173 vertrieben. Auch südlich des Mrzlivrh nah¬
1196 2172 2085 2218 men unsere Truppen eine feindliche Stellung
1195 2219 2086 2261 und brachten dabei 43 Gefangene und ein Ma¬
1197 2262 2086 2304 schinengewehr ein. An der Tiroler Front un¬
1197 2305 2086 2350 terhielt die italienische Artillerie in mehreren
1197 2351 2088 2394 Abschnitten, ganz besonders aber gegen unsere
1199 2392 2090 2438 Stellungen westlich von Riva, ein heftiges
1197 2439 2087 2483 Feuer. Eine feindliche Abteilung, die sich in
1198 2483 2084 2529 einer unserer Sappen am Südhange des Rec¬
1197 2526 2087 2573 chetta festgesetzt hatte, wurde durch Gegenan¬
1198 2571 2087 2617 griff vertrieben. Die Zahl der bei der Säube¬
1199 2616 2086 2662 rung des Rauchkofls eingebrachten Gefangenen
1201 2661 2090 2705 erhöht sich auf drei Offiziere und 150 Mann.
1199 2706 2088 2749 Alle andern dort kämpfenden Italieier fielen
1200 2750 1528 2784 im Handgemenge.
1263 2799 2093 2840 Gestern beim Morgengrauen griffen Ge¬
1202 2837 2093 2884 schwader von Land- und Seeflugzeu¬
1201 2883 2090 2928 gen die Bahnhöfe von Casarea und San Gior¬
1201 2925 2088 2972 gio di Nogare mit deutlich erkennbarem Erfolg
1202 2969 2092 3018 an. Von den kühnen Fliegern, die sich zum
1202 3013 2093 3063 Bombenwurf tief hinunterließen, sind drei nicht
1202 3058 2052 3096 zurückgekehrt. (Gez.) Höfer.
1200 3138 2094 3181 Dentsch-französischer Kriegsschauplatz
1267 3206 2093 3253 Paris, 8. April. (Havas.) Amtliche Mittei¬
1204 3248 2090 3298 lung von 3 Uhr nachmittags: In den Argonnen
1203 3291 2096 3343 Minenkämpfe bei Fille Morte, wo wir zwei
1204 3338 2096 3387 Gegenminen mit Erfolg springen ließen. Bei
1205 3380 2100 3431 Punkt 285 haben wir den Südrand des durch
1206 3427 2093 3475 die Explosion einer deutschen Mine hervorgeru¬
1206 3469 2099 3520 fenen Trichters besetzt. Westlich der Maas haben
1205 3516 2095 3564 die Deutschen im Laufe der Nacht ihre Angriffe
1207 3560 2095 3609 gegen unsere Stellungen südlich und am Ost¬
1206 3603 2096 3653 ausgange von Haucourt erneuert. Auf die¬
1207 3648 2093 3698 sem Punkt hat der Feind trotz seinen wieder¬
1208 3692 2098 3742 holten Anstrengungen uns nicht aus unsern
1205 3734 2098 3787 Linien vertreiben können, von denen ein mör¬
1208 3781 2096 3831 derisches Feuer ausging, das ihm große Ver¬
1207 3826 2099 3875 luste zufügte. Südlich von Haucourt gelang
1207 3869 2100 3919 es den Deutschen, in zwei kleinern Werken Fuß
1206 3910 2099 3953 zu fassen, die zwischen Haucourt und dem Punkt
2130 1817 3030 1858 287 liegen, den wir besetzt halten. Südwestlich
2132 1856 3025 1902 von Béthincourt dauerte der Kampf mit Gra¬
2133 1899 3027 1946 naten in den Verbindungsgräben und längs
2132 1942 3028 1991 der Straße Béthincourt-Chattancourt fort und
2133 1989 3028 2035 brachte uns einige Vorteile ein. Oestlich der
2132 2031 3029 2080 Maas zeitweilig aussetzendes Bombardement
2132 2078 3031 2123 gegen unsere Stellungen. Ein feindlicher Gra¬
2133 2124 3030 2166 natenangriff auf einen unserer Schützengräben
2132 2167 3032 2210 nördlich der Kuppe des Forts Vaux wurde durch
2134 2211 3032 2256 unser Feuer abgeschlagen. In der Woëvre ruhige
2133 2257 3030 2300 Nacht. In den Vogesen wurde eine feindliche
2134 2300 3028 2345 Aufklärungsabteilung, die versuchte, einen un¬
2135 2346 3033 2389 serer kleinen Posten am Langenfeldkopf südlich
2135 2390 3031 2433 von Sondernach zu nchmen, durch unser Ge¬
2134 2434 2506 2467 wehrfeuer zerstreut.
2198 2500 3032 2538 Paris, 9. April. (Havas.) Amtliche Mittei¬
2136 2535 3036 2584 lung vom 8. April, abends 11 Uhr. Südlich
2135 2585 3033 2627 der Are zerstörte Sperrfeuer unserer Artillerie
2136 2628 3033 2671 die Mühle von St. Aurin, wo sich ein Beobach¬
2137 2672 3036 2715 tungsposten befand, und schoß feindliche Grä¬
2137 2716 3035 2760 ben nördlich von Beuvraignes zusammen. In
2136 2761 3034 2804 der Champagne, in der Gegend von Navarin
2136 2805 3033 2850 erwiderten wir durch Sperrfeuer auf ein sehr
2136 2851 3034 2895 heftiges Bombardement, das einen Angriff er¬
2137 2896 3035 2939 warten ließ. Der Feind ging nicht aus seinen
2135 2940 3034 2983 Schützengräben heraus. In den Argonnen kon¬
2138 2984 3036 3026 zentrisches Feuer auf die feindlichen Batterien
2141 3027 3037 3070 im Bois de Cheppy, in der Gegend von Mont¬
2140 3071 3037 3116 faucon-Malancourt. In der Gegend von Ver¬
2139 3117 3037 3161 dun kein bedeutendes Ereignis zu melden,
2139 3162 3036 3206 ausßer einer ziemlich heftigen Beschießung un¬
2139 3207 3037 3250 serer Front Béthincourt.-Mort-Hom¬
2141 3251 3038 3294 me-Cumières. In den Vogesen große
2137 3295 3037 3327 Tätigkeit unserer Artillerie im Tale der Fecht.
2202 3347 3037 3385 Belgisches Communiqué: Ruhiger Tag
2140 3386 2615 3418 auf der belgischen Front.
2195 3445 3040 3478 Ein französische Preßstimme, über Verdun.
2140 3476 3041 3517 Paris, 8. April. ag Im „Echo de Paris" schreibt
2141 3518 3041 3556 Marcel Hutin über die Schlacht von Verdun: Wäh¬
2143 3554 3046 3597 rend des ganzen gestrigen Tages dauerte das Bom¬
2140 3598 3042 3635 bardement unseres Vorsprunges von Béthin¬
2140 3633 3041 3676 court sowie unserer Stellungen bei den Ort¬
2141 3676 3043 3715 schaften Esnes und Montzéville fort, was klar die
2141 3714 3039 3755 Richlung der nächsten Angriffe anzeigt und ihnen
2142 3752 3046 3795 den Charakter der Ueberraschung nimmt. Offenbar
2142 3792 3044 3834 sind unsere Poilus von Béthincourt in einer gefähr¬
2144 3835 3046 3872 lichen Lage, und man muß sich darauf gefaßt machen,
2143 3873 3046 3912 daß ihnen, da jeder Heldenmut seine Grenze in der
2143 3913 3044 3944 Nützlichkeit des Opfers findet, der Befehl gegeben
3062 1138 3957 1172 wird, diesen Punkt zu räumen, der mit noch
3070 1172 3957 1211 größerer Heftigkeit als Punkt 295 (Mort-Homme
3065 1212 3802 1241 dem Kreuzfeuer des Feindes ausgesetzt ist.
3139 1279 3881 1313 Italienischer Kriegsschauplatz.
3128 1343 3958 1380 Rom, 8. April. ag (Amtlicher Kriegsbericht
3067 1381 3957 1424 Nr. 318, vom 8. April, abends 6 Uhr.) Längs
3075 1425 3962 1469 der ganzen Front Tätigkeit der Artillerie und
3075 1470 3961 1512 kleiner Abteilungen. In der Gegend des Cri¬
3069 1513 3958 1557 stallo konzentrierte der Feind das Feuer zahl¬
3069 1558 3957 1601 reicher Batterien jeden Kalibers gegen die von
3072 1602 3958 1644 uns auf dem Rauchkofl kürzlich besetzten
3070 1645 3961 1690 Stellungen. Um unsere Truppen nicht unnöti¬
3073 1691 3961 1733 gen Verlusten auszusetzen, wurde der vorgescho¬
3074 1734 3962 1777 bene Graben in guter Ordnung geräumt.
3073 1778 3963 1822 In Karnien wurde ein kleiner Angriff gegen
3078 1823 3965 1866 den großen Pal zurückgeschlagen. Unsere Bat¬
3078 1867 3966 1910 terien zerstreuten auf dem Marsch befindliche
3076 1911 3965 1955 Kolonnen des Valentina- und des Kronhoftales
3075 1956 3962 1999 (Gail). Auf dem Vodine (Monte Nero) über¬
3074 2000 3963 2042 fiel der Gegner eine unserer Lunetten. Durch
3078 2043 3964 2087 einen unverzüglichen Gegenangriff wurde er
3076 2088 3964 2132 in Unordnung zuvückgeschlagen und ließ 76 Ge¬
3076 2133 3965 2176 fangene, darunter zwei Offiziere sowie ein Ma¬
3076 2177 3967 2220 schinengewehr in unserer Hand. Im Abschnitt
3078 2221 3967 2264 von Blobna (mittlerer Isonzo) wurde ein vor¬
3078 2265 3966 2307 geschobener, feindlicher Posten umzingelt und
3081 2308 3930 2343 gefangen genommen. (Gez.) Cadorna.
3130 2370 3967 2402 Rom, 8. April. (Stefani.) Der Feind, der nun¬
3075 2403 3968 2441 mehr daran verzweifelt, zu Wasser, zu Lande und in
3076 2442 3971 2481 der Luft noch Erfolge davonzutragen, hat begonnen,
3076 2481 3970 2520 Manifeste in unsere Linien zu werfen, um phan¬
3076 2521 3970 2560 tastische Erfolge mitzuteilen, was natürlich nur die
3076 2560 3972 2599 Heiterkeit unserer Truppen erregt. Eines dieser
3080 2600 3973 2638 Manifeste enthält zwei Karten der Kriegszone. Die
3076 2639 3970 2678 erste zeigt in roter Farbe an, was Italien durch den
3075 2678 3970 2717 von Oesterreich im April 1915 angebotenen Vertrag
3079 2718 3973 2757 erlangt haben würde, die zweite stellt dar, was
3081 2757 3975 2796 Italien nach neun Kriegsmonaten eroberte. Natür¬
3080 2797 3975 2834 lich gibt sich der Urheber des Manifestes den An¬
3076 2835 3970 2874 schein, als ob ihm ein großer Teil unserer tatsäch¬
3082 2874 3977 2913 lichen Eroberungen unbekannt sei. Indessen darf
3082 2914 3975 2953 man selbst in Anbetracht der vom Feinde in beschei¬
3078 2953 3974 2993 denen Grenzen angezeigten Erfolge mit Fug und
3082 2993 3976 3032 Recht fragen, wieso die österreichische Heeresleitung
3080 3033 3975 3070 die uns immerhin nicht unbeträchtliche Erfolge zuge
3081 3071 3975 3110 steht, immer wieder zu der dreisten Behauptung
3078 3111 3973 3149 zurückehrt, die italienische Offensive stehe nach zehn
3078 3150 3973 3189 Kriegsmonaten immer noch auf der Linie, von der
3079 3189 3828 3220 sie bei Beginn der Feindseligkeiten ausging.
3248 3268 3808 3303 Balkankriegsschauplatz.
3141 3329 3980 3362 In Elbassan. (Aus einem bulgarischen Briefe,
3077 3362 3973 3402 Mitteilung.) Im herrlichen Grün des Schkumbi¬
3083 3402 3972 3442 tales breitet sich diese albanische Stadt aus. Sie ist
3085 3442 3976 3481 die Stadt der Zypressen, der Oliven und Orangen¬
3083 3482 3976 3520 wälder. Von unserer Stellung aus, auf dem Berge
3083 3521 3975 3559 Babia, konnten wir im dichten, herrlichen Grün nur
3087 3559 3977 3598 einzelne weiße Flecken gewahren — die alten,
3086 3599 3976 3636 weißen Häuser. Die Albanier erzählten uns so viel
3088 3636 3978 3675 Schönes von dieser Stadt, daß wir Sehnsucht darnach
3086 3676 3975 3714 bekamen, und uns der Babia, auf dem wir drei
3087 3715 3977 3753 Moate lang hausten, von Tag zu Tag unbequemer
3088 3754 3979 3793 vorkam. Wir sehnten uns nach einer bewohnten
3087 3793 3979 3832 Ortschaft, nach einer Ebene, nach einem Tal. Auf
3089 3833 3979 3871 dem Babia hatten wir den letzten Kampf mit den
3090 3872 3980 3909 Serben; dort erlebten sie ihre letzte große Nieder¬
3092 3910 3740 3939 lage. Das war am 21. Dezember 1915.
533 4042 903 4086 Feuilleton.
262 4156 1168 4191 Vanderveldes Erinnerungen an die Yserschlacht.
318 4213 1168 4255 ki. Kriegserinnerungen belgischer Staatsmänner
269 4251 1168 4294 und Diplomaten stehen augenblicklich in Frankreich
269 4291 1168 4333 und England hoch im Kurs, und so hat sich kürz¬
269 4329 1169 4373 lich auch der bekannte Minister Emile Vandervelde
271 4369 1168 4412 zur Veröffentlichung eines Memoirenbruchstückes
269 4410 1169 4451 entschlossen, das sich mit seinen Erlebnissen in der
269 4446 1169 4491 Yserschlacht beschäftigt. Es erscheint in der Londoner
273 4489 1108 4523 Monatsschrift „Nineteenth Century and after"
327 4530 1169 4570 Als Vandervelde am 15. Oktober von Dünkirchen
272 4568 1169 4609 nach Furnes fuhr, wo sich das königliche Haupt¬
270 4607 1170 4649 quartier befand, da gewann er den Eindruck, als
271 4645 1170 4689 sei es mit der Nervenkraft der belgischen Bevölke¬
272 4684 1168 4729 rung, des belgischen Heeres zu Ende. Zum Zurück¬
273 4725 1170 4768 legen des Weges brauchte sein Kraftwagen volle
273 4766 1170 4809 zwei Stunden, obwohl Dünkirchen von Furnes nur
270 4801 1172 4850 zwanzig Kilometer entfernt ist; Straßen und Felder
269 4848 1169 4887 waren mit Flüchtlingen bedeckt, die sich und ihre
269 4884 1170 4927 liebsten Besitztümer nach Frankreich in Sicherheit
273 4924 1172 4966 brachten; wohl 60,000 Menschen zogen da erschöpft,
269 4963 1171 5006 dem Zusammenbrechen nahe, an dem Wagen des
269 5002 1170 5045 belgischen Ministers vorüber. Was den düstern Ein¬
274 5040 1172 5085 druck des Bildes steigerte, waren zahlreiche Soldaten,
269 5080 1172 5125 die, aus Antwerpen flüchtend, teilweise waffenlos,
274 5120 1172 5165 fast ohne Ausrüstungsgegenstände, die sie rücksichts¬
274 5163 1173 5205 los in den Straßengraben geschleudert hatten, über¬
271 5201 1174 5245 nächtig und disziplinlos der Grenze zustrebten und
275 5239 1173 5284 dort erst durch französische Gendarmen zur Be¬
272 5283 1174 5323 sinnung gebracht werden mußten. Die Stimmung
273 5320 1176 5354 in Furnes entsprach dem Elend, das sich auf der
1208 4009 2102 4054 Fahrt entrollt hatte: auf dem Marktplatz des Ortes
1212 4047 2103 4093 traf Vandervelde den Brüsseler Großindustriellen
1209 4087 2104 4133 Paul Lippens, der seit Ausbruch des Krieges als
1210 4126 2107 4172 Freiwilliger dem belgischen Heer angehörte und
1212 4165 2106 4212 neun Monate später fiel. Lippens war gänzlich ent¬
1212 4203 2106 4251 mutigt und rief Vandervelde schneidend zu: „Wenn
1212 4246 2106 4291 unser Heer in seinem jetzigen Zustand auch nur
1211 4285 2107 4330 zwei Tage Widerstand leistet, so geht es nicht mit
1213 4323 2108 4370 rechten Dingen zu!" Die folgenden Tage waren
1213 4362 2109 4410 für die Truppen König Alberts unter diesen Um¬
1212 4403 2108 4449 ständen die härtesten, die sie im Weltkrieg überhaupt
1212 4443 2110 4489 durchlebt haben. Der Verlust von Antwerpen hatte
1213 4482 2107 4528 ihre Moral untergraben, ihr Zutrauen in die Zu¬
1213 4523 2111 4568 kunft erschüttert; dabei versagte die Intendantur
1213 4563 2110 4608 gänzlich, Verstärkungen von französischer oder eng¬
1214 4600 2107 4647 lischer Seite blieben aus, und so schien eine gänz¬
1213 4640 2107 4687 liche Zerschmetterung nur eine Frage der Zeit. Wenn
1213 4678 2106 4727 überhaupt Widerstand geleistet wurde, so lag das
1214 4719 2112 4766 in der strategisch günstigen Stellung, die das bel¬
1213 4760 2108 4805 gische Heer zwischen Dixmuiden und Nieuport hin¬
1215 4800 2108 4845 ter dem Yserkanal eingenommen hatte; aber auch
1214 4843 2119 4885 diese Stellung begann in der Nacht vom 22. zum
1214 4878 2109 4925 23. Oktober zu wanken, als deutsche Truppen Ter¬
1214 4915 2113 4964 vaete erstürmten und den Uebergang auf das linke
1215 4965 1567 4995 Yserufer erzwangen.
1273 4997 2111 5044 Alles schien verloren, als am Mittag des
1215 5035 2113 5083 23. Oktober ein englisches Geschwader vor der bel¬
1216 5076 2114 5123 gischen Küste erschien und die deutschen Stellungen
1216 5118 2111 5163 unter Feuer nahm. Vandervelde befand sich da¬
1217 5154 2112 5202 mals gerade in Nieuport, und zwar hinter den
1216 5195 2114 5241 belgischen Feldbatterien, die hinter dichten Ver¬
1216 5234 2113 5280 hauen von grünen Zweigen versteckt, der deutschen
1218 5276 2112 5320 Artillerie antworteten; es war erdrückend heiß; ein
1215 5312 2114 5351 Teil der Bedienungsmannschaft hatte sich schlafen¬
2145 4011 3045 4045 gelegt, aß oder rasierte sich. Der Minister hatte
2147 4046 3047 4083 im Offiziersunterstand eine Tasse Kaffee genom¬
2147 4083 3047 4122 men und trat nun ins Freie. „Der Geschützdonner
2147 4123 3048 4161 war lebhafter geworden, und als unerfahrener Neu¬
2149 4162 3049 4201 ling bemühte ich mich, unter den Detonationen, die
2150 4201 3049 4241 um uns herum stattfanden, das trockene Gebell der
2150 4241 3051 4281 Feldartillerie, den tiefen Baß der Mörser hinter
2151 4281 3050 4320 uns, deren Geschosse über unsere Köpfe hinweg¬
2149 4321 3049 4360 sausten, das Krachen der Schrapnells zu unter¬
2150 4360 3050 4399 scheiden, deren gelbliche Rauchbälle uns an ein
2148 4400 3049 4439 Feuerwerk am hellichten Tage erinnerten. Plötzlich
2151 4439 3051 4479 setzte in der Ferne dumpferer Donner ein; wie das
2149 4479 3050 4518 Brüllen eines Löwen klang es, der seine lungen¬
2147 4519 3050 4557 schwächern Genossen übertönt: drunten vor Nieuport
2149 4558 3051 4597 waren auf der ruhigen See englische Schiffe heran¬
2149 4597 3051 4636 gedampft, die das Feuer gegen die feindlichen Linien
2152 4637 3053 4675 eröffneten. Sie waren drei Kilometer weit von
2150 4676 3052 4715 uns entfernt, die wir nur zehn Meter hinter unsern
2150 4716 3052 4755 Batterien standen; aber ihre schweren Geschütze
2151 4753 3054 4795 dröhnten derartig laut, daß jeder andere Laut neben
2152 4792 3052 4836 ihnen verschwand. Einie ganze Stunde lang sahen
2151 4835 3054 4875 wir sie meilenweit landeinwärts schießen und den
2152 4874 3053 4906 deutschen Vormarsch in dieser Richtung verhindern."
2210 4917 3057 4954 Trotz dieser Hilfe gelang es den französischen
2154 4951 3056 4994 Marinefüsilieren des Admirals Ronach im Verein
2155 4992 3058 5033 mit den belgischen Infanteristen des Obersten
2154 5030 3054 5072 Meiser nur schwer, dem deutschen Ansturm stand¬
2154 5069 3058 5112 zuhalten; Nieuport mit seinem Brückenkopf war noch
2157 5109 3054 5150 immer hart gefährdet, und so entschloß sich die bel¬
2155 5151 3057 5190 gische Heeresleitung am 25. Oktober, ihre letzte Ver¬
2156 5188 3058 5232 teidigungslinie durch Herstellung eines weiten Ueber¬
2156 5228 3060 5272 schwemmungsgebietes zwischen dem Yserdeich und
2156 5267 3055 5312 dem Damm der nach Nieuport führenden Eisenbahn
2155 5309 3058 5342 zu sichern. Zwei junge Pionieroffiziere, die Haupt¬
3088 4009 3983 4041 leiute Thys und Ulmo, brachen in der Nacht zum
3087 4041 3985 4081 28. auf, bestimmten einen alten Schleusenwärter
3089 4082 3986 4121 durch Geld und Aussicht auf eine Auszeichnung zur
3091 4122 3990 4161 Hilfeleistung und arbeiteten mit einigen zehn Mann
3092 4161 3989 4200 drei Tage lang zwischen der belgischen und der deut¬
3092 4201 3988 4239 schen Kampflinie an der Herstellung des Ueber¬
3094 4239 3990 4279 schwemmungsgebietes. Setzte die Flut ein, so öff¬
3093 4280 3988 4319 neten sie die Schleusen, bei Eintritt der Ebbe
3093 4320 3990 4358 schlossen sie sie, um das bereits eingedrungene Wasser
3093 4359 3989 4398 am Abfließen zu verhindern. Auf diese Weise be¬
3093 4398 3989 4438 gann das Gelände vor den belgischen Stellungen
3094 4438 3991 4477 allmählich feucht zu werden; nach einigen Tagen
3093 4478 3990 4516 dehnte sich vor der sechs Stunden laugen Front eine
3093 4517 3991 4556 vier bis fünf Kilometer breite künstliche Lagune,
3095 4556 3992 4596 die 90 bis 120 Zentimeter tief war und jedes weitere
3093 4596 3990 4635 Vordringen der deutschen Truppen unmöglich machte,
3095 4636 3990 4675 da der Boden von kleinen Wasserläufen durchschnitten
3095 4675 3990 4715 wurde und vorrückende Truppen dabei hineingeraten
3096 4710 3991 4755 und zugrunde gehen konnten. Am 30. Oktober tobte
3098 4753 3987 4794 der Kampf noch einmal auf dem linken Flügel und
3095 4791 3989 4833 in der Mitte der belgischen Stellungen in ganzer
3096 4830 3993 4873 Heftigkeit, deutsche Truppen erreichten den Bahn¬
3098 4871 3992 4913 damm und drangen in Raemscapelle ein; die bel¬
3098 4909 3993 4953 gische Aufstellung drohte, durchbrochen zu werden;
3100 4946 3993 4993 da machte die Flut und das damit verbundene
3098 4988 3993 5032 Steigen der Ueberschwemmung jede weitere Kampf¬
3101 5026 3990 5072 tätigteit unmöglich, und die Schlacht mußte abge¬
3101 5063 3993 5113 brochen werden. Am selben Tage trafen die ersten
3100 5103 3992 5152 französischen Verstärkungen ein, und am Abend
3097 5144 3993 5192 konnte Vandervelde auf dem Marktplatz von Furnes
3097 5185 3988 5231 einer Parade beiwohnen, mit der König Albert den
3099 5224 3990 5271 soeben eingetroffenen General Joffre in seinem
3098 5264 3653 5301 Hauptquartier willkonmen hieß.
