3200 4606
248 124 432 152 Abonnement:

196 163 240 189 Bei
255 163 314 187 allen
324 160 474 192 Postbureaux

179 196 255 226 franko
283 196 345 224 durch
368 195 401 221 die
422 201 487 226 ganze

267 229 399 260 Schweiz:

214 266 242 289 12
252 265 347 289 Monate
366 262 404 289 Fr.
416 264 452 288 16.

228 294 242 317 6
254 293 349 318 Monate
368 288 405 320 Fr.
430 291 453 317 8.

178 327 225 356 Für
231 326 307 356 Zürich
320 332 344 350 u.
354 324 487 356 Umgebung

208 361 243 385 bei
257 360 293 384 der
314 359 457 389 Expedition:

219 395 233 417 6
243 394 339 418 Monate
359 392 395 420 Fr.
406 393 428 416 6.
438 404 469 410 —

220 423 233 447 3
244 423 340 447 Monate
359 417 395 449 Fr.
406 422 429 447 3.
438 423 468 445 50

613 224 1089 453 Neue
1133 227 2608 523 Zürcher-Zeitung.

207 480 253 509 Für
270 480 312 504 das
331 479 462 503 Ausland

180 509 287 534 abonnire
295 514 349 532 man
359 507 399 538 gef.
408 504 443 532 bei
451 507 488 531 der

179 536 487 570 Post-Zeitungsexpedition

179 567 206 592 in
214 566 291 596 Zürich
308 566 357 589 oder
367 565 442 589 direkte
451 564 488 589 bei

210 596 251 620 den
260 594 379 625 Verlegern
387 592 458 623 selbst.

1491 92 1601 169 Nr.
1601 92 1777 169 343.

600 561 784 624 Zürich,
804 564 1000 621 Montag

1350 521 1647 576 Einundvierzigster
1674 519 1858 577 Jahrgang.

1208 636 1297 667 Druck
1318 636 1374 666 und
1395 636 1503 675 Verlag
1523 641 1580 668 von
1599 635 1700 673 Orell,
1720 635 1806 675 Füßli
1825 637 1881 668 und
1901 637 2005 673 Comp.

2148 571 2176 618 9
2219 565 2453 631 Dezember
2491 568 2615 615 1861.

2759 123 3004 159 Insertionsgebühr:

2726 164 2772 190 Die
2792 163 2899 196 4spaltige
2921 164 3036 196 Petitzeile

2769 191 2820 218 oder
2834 193 2897 220 deren
2911 194 2991 220 Raum

2808 222 2836 247 15
2845 222 2949 252 Rappen.

2722 280 2922 312 Korrespondenzen
2941 280 2988 310 sind
3004 286 3033 306 an

2760 309 2793 334 die
2809 309 2997 338 Redaktion,

2723 338 2827 368 Inserate
2841 340 2938 370 dagegen
2953 346 2982 364 an
2997 335 3032 363 die

2791 367 2963 399 Expedition

2731 397 2769 421 der
2784 396 2816 421 N.
2825 393 3021 430 Zürcher-Zeitung

2793 432 2819 456 zu
2836 426 2958 456 adressiren.

2751 454 2944 487 Ankündigungen
2958 460 3002 481 von

2723 483 2901 509 Medikamenten
2926 484 3029 514 bedürfen

2743 513 2778 536 der
2790 512 2962 548 Genehmigung
2973 514 3009 539 der

2758 541 2995 573 Medizinaldirektion.

2722 597 2796 626 Briefe
2804 600 2847 623 und
2854 600 2938 626 Gelder
2943 600 3028 630 franko.

485 784 746 831 Wochenschau.

212 877 273 912 Die
295 877 414 919 Pariser
435 878 631 921 Telegramme
664 886 733 912 vom
762 879 794 913 8.
826 877 898 920 Dez.
929 876 1076 921 Morgens

137 924 243 964 stellen
268 925 350 960 einen
373 926 460 970 Krieg
483 926 610 968 zwischen
627 926 765 969 England
787 928 848 960 und
865 928 912 960 der
926 927 1076 960 nordame¬

138 973 317 1015 rikanischen
341 974 439 1009 Union
463 975 510 1008 als
532 975 749 1016 unvermeidlich
773 977 843 1017 dar,
867 977 925 1008 und
949 980 1024 1016 zwar
1046 974 1077 1007 in

140 1020 241 1064 Folge
265 1022 342 1055 einer
365 1028 432 1056 vom
456 1022 703 1063 Staatssekretär,
734 1022 827 1064 Herrn
850 1021 1002 1062 Seward,
1040 1032 1077 1056 an

143 1067 223 1103 Lord
249 1069 349 1113 Lyons
373 1071 532 1112 gemachten
557 1069 734 1114 Erklärung,
759 1069 814 1109 daß
845 1071 888 1103 die
911 1069 1007 1104 Union
1029 1080 1079 1113 zur

149 1116 336 1160 Verhaftung
353 1120 400 1151 der
424 1116 704 1161 Südkommissarien
730 1116 904 1161 vollständig
930 1117 1078 1161 berechtigt

143 1166 272 1207 gewesen
295 1165 342 1205 sei.

210 1218 260 1260 In
284 1218 378 1259 Paris
402 1219 463 1262 sagt
486 1227 566 1260 man,
590 1219 645 1258 daß
669 1219 758 1262 Prinz
782 1218 935 1260 Napoleon
958 1218 1009 1260 sich
1033 1229 1080 1262 ge¬

138 1274 199 1308 gen
225 1266 271 1300 die
294 1266 505 1310 Anerkennung
527 1269 577 1300 des
599 1267 771 1300 Südbunds
793 1268 949 1299 verwende.

212 1319 286 1353 Das
310 1318 426 1361 Pariser
445 1319 590 1361 „Temps"
617 1318 714 1362 bringt
736 1321 822 1352 unter
845 1318 935 1358 seinen
951 1319 1080 1360 neuesten

137 1365 336 1408 Nachrichten
366 1366 410 1399 die
433 1367 565 1404 Ankunft
593 1369 644 1400 des
666 1366 770 1405 Oberst
791 1366 891 1401 Lemat
912 1366 942 1399 in
964 1366 1079 1409 Paris;

137 1414 272 1455 derselbe
303 1415 419 1458 gehörte
450 1424 499 1457 zur
529 1414 646 1457 Kanzlei
668 1416 715 1448 der
737 1413 1078 1456 Süd-Kommissarien,

136 1464 207 1495 und
234 1463 338 1497 konnte
361 1461 411 1503 sich
435 1465 486 1496 den
512 1462 770 1505 Nachforschungen
793 1462 847 1502 auf
867 1464 929 1495 dem
950 1462 1075 1504 „Trent"

138 1510 204 1543 mit
228 1514 283 1544 den
308 1510 479 1554 wichtigsten
503 1509 657 1551 Depeschen
684 1510 835 1553 entziehen.
864 1511 915 1553 Hr.
931 1510 1029 1544 Lemat
1044 1511 1078 1552 ist

134 1560 194 1591 der
225 1559 319 1596 Sohn
355 1557 431 1591 eines
460 1558 527 1598 nach
559 1561 605 1591 der
634 1557 786 1599 Louisiana
820 1559 1076 1602 ausgewanderten

137 1605 324 1649 Franzosen.

213 1658 274 1693 Die
297 1658 476 1700 französische
501 1657 664 1701 Regierung
687 1658 767 1692 denkt
789 1668 826 1693 an
863 1658 922 1692 eine
956 1659 1075 1699 Reform

133 1707 194 1740 der
218 1706 552 1750 Handelsgesetzgebung
575 1709 634 1739 und
659 1706 708 1746 hat
731 1716 763 1748 zu
787 1707 887 1747 diesem
903 1707 1002 1746 Behuf
1017 1708 1076 1741 eine

130 1754 344 1799 Kommission
368 1753 538 1799 aufgestellt.
582 1753 644 1788 Der
668 1754 875 1798 gegenwärtige
899 1755 995 1798 Codex
1025 1759 1076 1789 da¬

132 1801 200 1837 tirt
225 1811 284 1837 von
312 1803 405 1837 1810.

210 1857 273 1892 Die
296 1856 416 1892 Wiener
440 1855 559 1889 Blätter
582 1857 692 1888 werden
724 1855 797 1895 nicht
820 1856 923 1898 müde,
959 1856 1011 1896 auf
1032 1856 1076 1890 die

126 1903 282 1949 Haltung
306 1906 356 1937 der
380 1902 524 1945 offiziösen
547 1902 662 1943 Pariser
684 1902 778 1946 Presse
799 1903 831 1937 in
854 1907 915 1937 dem
939 1904 1076 1938 amerika¬

126 1951 392 1996 nisch-englischen
414 1949 542 1993 Konflikt
573 1950 759 1991 hinzuweisen
792 1951 852 1985 und
881 1955 963 1984 deren
996 1952 1076 1991 Eifer

125 2007 170 2040 zu
202 1999 340 2042 Gunsten
365 1997 521 2041 Englands
545 1999 601 2030 und
626 1996 711 2037 seiner
735 1998 809 2039 Ehre
834 1998 892 2040 sehr
914 2000 1074 2043 verdächtig

122 2055 168 2088 zu
206 2048 320 2090 finden.
368 2046 490 2086 „Nichts
520 2045 596 2078 wäre
622 2064 663 2071 —
693 2045 851 2088 behaupten
886 2046 928 2080 die
958 2047 1075 2082 Wiener

119 2093 296 2136 Journale
321 2113 362 2119 —
385 2093 539 2134 Napoleon
568 2093 766 2135 erwünschter,
797 2095 844 2128 als
873 2094 917 2128 ein
944 2095 1075 2140 englisch¬

120 2143 377 2183 amerikanischer
401 2141 502 2183 Krieg,
531 2143 577 2173 der
600 2140 753 2184 Englands
776 2141 878 2184 Macht
900 2142 930 2175 in
954 2142 1077 2183 Europa

118 2191 284 2231 vielleicht
307 2189 361 2229 auf
380 2188 474 2231 Jahre
496 2187 604 2230 hinaus
628 2188 708 2230 brach
732 2189 810 2231 legen
843 2192 902 2222 und
926 2192 974 2221 der
997 2190 1077 2228 fran¬

117 2238 277 2279 zösischen
317 2236 427 2276 Politik
463 2239 516 2269 den
554 2235 676 2274 freiesten
715 2235 893 2277 Spielraum
926 2236 1078 2278 gewähren

114 2285 272 2318 würde."
292 2303 333 2309 —
351 2284 508 2326 Nächstens
531 2283 603 2317 wird
627 2293 695 2317 man
719 2282 932 2324 herausfinden,
951 2282 1006 2322 daß
1024 2285 1078 2316 das

112 2341 228 2375 ganze
254 2331 346 2372 Spiel
369 2337 428 2362 von
451 2330 605 2369 Napoleon
629 2332 760 2373 angelegt
783 2333 901 2363 worden
923 2331 966 2368 ist.

205 2379 420 2420 Charakterisch
444 2378 477 2418 ist
501 2378 544 2411 die
568 2380 721 2421 Agitation
743 2383 774 2413 in
795 2381 908 2422 Irland
932 2390 965 2423 zu
988 2381 1078 2415 Gun¬

113 2432 197 2472 sten
225 2426 479 2464 Nordamerika's.

202 2481 267 2516 Die
290 2477 672 2523 Regierungsfreundlichen
689 2478 805 2512 Blätter
829 2479 859 2512 in
883 2479 974 2513 Turin
1000 2480 1076 2518 erhe¬

107 2532 189 2565 ben
218 2531 264 2564 die
281 2529 452 2570 Schutzrede
470 2526 742 2569 Buoncompagni's
766 2527 832 2568 noch
854 2527 922 2560 über
939 2525 1075 2569 diejenige

106 2588 194 2614 von
230 2576 366 2619 Ratazzi.
411 2573 525 2617 Bessere
552 2573 669 2613 Dienste
699 2575 745 2607 als
777 2575 821 2608 die
851 2574 950 2609 Reden
979 2575 1074 2616 leisten

106 2634 198 2663 dem
224 2626 352 2661 Turiner
375 2622 501 2658 Kabinet
526 2622 568 2654 die
590 2622 717 2661 neuesten
732 2622 861 2664 Berichte
876 2629 934 2656 von
946 2622 1074 2663 Schlap¬

109 2685 208 2719 pen,
242 2673 344 2713 welche
375 2673 419 2704 die
443 2668 660 2711 bourbonischen
684 2669 806 2703 Banden
831 2670 943 2703 erlitten
969 2671 1072 2710 haben.

112 2725 184 2759 So
213 2723 279 2756 kam
303 2717 411 2761 Major
436 2717 597 2759 Eichelberg
626 2720 677 2749 den
706 2717 756 2751 29.
779 2716 893 2751 Novbr.
915 2725 972 2751 von
997 2718 1072 2751 einer

112 2770 322 2814 dreitägigen
354 2765 578 2808 Durchsuchung
612 2767 659 2797 der
689 2764 781 2807 Berge
810 2773 869 2799 von
893 2765 986 2800 Lauro
1011 2769 1070 2799 und

111 2821 303 2863 Mugnano
329 2813 426 2858 zurück
448 2816 507 2847 und
532 2813 639 2852 brachte
653 2812 818 2854 Munition,
843 2813 1072 2855 Korresponden¬

110 2878 179 2913 zen
206 2868 270 2900 und
295 2862 467 2904 Gefangene
491 2859 563 2901 mit,
587 2860 630 2893 die
653 2870 680 2893 er
705 2864 756 2894 den
779 2861 904 2895 Banden
927 2862 1072 2904 abgejagt.

114 2918 203 2953 Von
230 2912 388 2953 Chiavone
412 2907 488 2950 heißt
512 2910 552 2949 es,
577 2907 631 2947 daß
655 2907 716 2949 ihm
738 2917 794 2941 nur
816 2909 883 2949 noch
907 2909 948 2942 20
970 2907 1072 2942 Mann

120 2960 376 3007 übriggeblieben
399 2957 481 2998 seien.
526 2955 573 2998 In
589 2955 732 2989 Termano
757 2959 855 2990 wurde
870 2956 902 2990 in
917 2959 964 2989 der
980 2955 1073 2997 Nacht

127 3020 203 3047 vom
228 3010 283 3045 28.
307 3006 361 3045 auf
385 3008 437 3039 den
461 3003 513 3038 29.
535 3003 698 3039 November
727 3007 774 3037 der
797 3004 963 3047 berüchtigte
987 3004 1072 3039 Ban¬

122 3059 249 3102 denchef
272 3054 414 3100 Angelini
438 3051 491 3086 mit
507 3052 529 3085 8
544 3051 705 3091 Gefährten
722 3052 870 3096 gefangen.
909 3051 981 3087 Laut
998 3053 1073 3086 allen

121 3108 314 3152 Rapporten
348 3105 397 3137 der
429 3100 795 3134 Militärkommandanten
832 3105 878 3133 der
912 3099 1073 3142 Basilicata

118 3159 197 3199 hält
221 3154 277 3197 sich
301 3152 348 3186 die
371 3148 604 3191 Nationalgarde
637 3147 697 3188 sehr
721 3148 790 3181 brav
825 3149 884 3182 und
919 3147 1075 3190 moralisirt

115 3205 220 3245 durch
244 3202 292 3242 ihr
315 3196 446 3239 Beispiel
476 3196 544 3235 auch
571 3194 616 3228 die
639 3194 850 3239 Bevölkerung.
894 3196 941 3239 In
963 3195 1076 3230 Roma¬

1144 760 1255 804 gliauo,
1288 760 1333 793 bei
1353 760 1542 803 Bicigliano,
1566 760 1740 806 Principato
1764 762 1900 805 citeriore,
1924 763 1989 806 sind
2010 763 2075 797 700

1144 807 1354 848 Bourbonische
1379 808 1545 852 umzingelt.
1589 808 1667 849 Nach
1692 810 1841 852 Berichten
1865 814 1920 845 aus
1944 811 2073 853 Potenza

1145 863 1212 890 vom
1235 855 1266 890 4.
1289 855 1362 897 Dez.
1387 856 1515 896 flüchtete
1541 856 1591 898 sich
1624 864 1670 891 der
1694 858 1878 898 Bandenchef
1899 858 2074 893 Giammino

1145 905 1176 938 in
1200 904 1259 938 eine
1281 905 1374 947 Höhle
1398 907 1457 938 und
1482 907 1580 939 wurde
1602 904 1634 939 in
1650 906 1789 948 derselben
1806 906 1973 941 verbrannt.
2009 908 2075 940 Aus

1146 951 1292 993 Avellino,
1317 952 1346 986 3.
1370 952 1452 996 Dez.,
1477 953 1549 987 wird
1574 953 1721 996 gemeldet,
1746 953 1802 994 daß
1826 955 1955 988 General
1982 954 2075 996 Fran¬

1146 1001 1202 1044 zini
1225 1000 1270 1033 die
1292 999 1463 1043 Briganden
1495 1000 1533 1034 im
1559 1000 1650 1035 Wald
1677 1009 1734 1035 von
1757 1001 1935 1043 Monticchio
1960 1003 2077 1045 geschla¬

1147 1057 1215 1091 gen,
1245 1047 1300 1087 daß
1330 1047 1508 1091 Uneinigkeit
1539 1050 1625 1083 unter
1655 1050 1706 1083 den
1730 1050 1932 1090 Bandenchefs
1957 1050 2076 1094 Borjes,

1147 1096 1265 1137 Crocco,
1289 1095 1438 1139 Langlais,
1463 1096 1544 1131 Nino
1568 1099 1628 1131 und
1651 1097 1749 1132 Namo
1772 1100 1984 1143 ausgebrochen
2014 1103 2075 1134 und

1146 1144 1281 1186 dieselben
1312 1143 1362 1187 sich
1390 1145 1420 1178 in
1450 1145 1536 1179 kleine
1558 1145 1674 1187 Haufen
1698 1146 1845 1191 aufgelöst
1869 1147 1971 1186 haben.
2016 1148 2076 1182 Die

1149 1192 1379 1237 Vertheidigung
1402 1200 1460 1227 von
1477 1193 1661 1236 Pietragalla
1688 1197 1777 1237 macht
1802 1198 1854 1229 den
1879 1196 2077 1240 Bürger-Mi¬

1146 1242 1217 1284 lizen
1241 1240 1327 1283 große
1350 1241 1434 1281 Ehre.
1480 1242 1569 1276 Etwa
1587 1243 1649 1276 100
1663 1242 1762 1277 Mann
1787 1243 1856 1285 stark
1879 1244 1983 1285 sammt
1996 1245 2077 1280 Wei¬

1147 1291 1213 1321 bern
1237 1289 1297 1322 und
1322 1289 1449 1323 Kindern
1472 1290 1503 1323 in
1525 1291 1588 1323 dem
1605 1290 1708 1333 Palast
1730 1295 1779 1325 des
1795 1292 1922 1336 Herzogs
1939 1298 1996 1326 von
2010 1294 2077 1327 Atri

1147 1336 1314 1380 verschanzt,
1339 1336 1452 1379 schossen
1477 1337 1513 1377 sie
1536 1338 1582 1370 bis
1599 1337 1745 1381 Morgens
1769 1339 1829 1372 drei
1843 1340 1904 1379 Uhr
1927 1344 1984 1373 aus
2001 1341 2076 1374 allen

1146 1384 1279 1427 Fenstern
1304 1387 1363 1417 und
1387 1386 1552 1426 verharrten
1577 1387 1630 1425 auf
1651 1386 1739 1426 ihrem
1752 1386 1869 1429 Posten,
1894 1387 2016 1431 obgleich
2033 1388 2076 1421 die

1146 1431 1378 1470 Bourbonischen
1403 1433 1446 1467 die
1462 1432 1660 1478 umliegenden
1674 1435 1782 1477 Häuser
1799 1435 1829 1468 in
1845 1435 1952 1469 Brand
1969 1437 2076 1480 gesteckt

1147 1482 1255 1513 hatten.
1299 1480 1357 1514 Sie
1374 1480 1477 1519 hielten
1494 1481 1544 1521 sich
1561 1480 1607 1514 bis
1632 1484 1682 1515 den
1700 1484 1807 1516 andern
1824 1482 1951 1527 Morgen
1969 1494 2017 1517 um
2037 1485 2076 1518 10

1145 1529 1214 1570 Uhr,
1238 1534 1284 1561 wo
1307 1528 1394 1568 ihnen
1417 1529 1459 1562 70
1481 1528 1582 1563 Mann
1606 1529 1837 1574 Nationalgarde
1860 1538 1917 1564 von
1935 1532 2074 1575 Acerenza

1146 1586 1179 1620 zu
1204 1575 1291 1618 Hülfe
1309 1576 1417 1609 kamen.
1465 1576 1525 1610 Die
1541 1576 1713 1620 Briganden
1729 1578 1829 1619 bliesen
1846 1578 1998 1618 Chamade
2014 1584 2072 1614 und

1150 1623 1241 1663 ließen
1255 1624 1297 1657 40
1313 1623 1404 1657 Todte
1420 1623 1450 1657 in
1475 1628 1527 1657 den
1540 1624 1684 1666 Straßen,
1709 1626 1844 1666 während
1869 1627 1904 1667 sie
1926 1629 2006 1668 mehr
2029 1628 2075 1662 als

1148 1673 1209 1706 100
1231 1671 1424 1705 Verwundete
1450 1672 1558 1713 hatten.

1209 1724 1255 1767 In
1279 1724 1357 1759 Rom
1381 1724 1413 1763 ist
1436 1726 1481 1758 die
1498 1724 1718 1769 Photographie
1735 1745 1775 1751 —
1794 1726 1921 1768 offenbar
1937 1727 1969 1760 in
1985 1727 2075 1770 Folge

1145 1772 1219 1806 einer
1237 1781 1325 1816 gegen
1339 1772 1381 1805 die
1397 1772 1525 1816 Königin
1546 1781 1606 1806 von
1632 1774 1743 1815 Neapel
1766 1776 1948 1819 begangenen
1963 1775 2075 1818 Indis¬

1145 1820 1250 1854 kretion
1274 1838 1313 1843 —
1339 1822 1420 1853 unter
1443 1821 1549 1864 strenge
1573 1820 1683 1862 Censur
1701 1822 1812 1866 gestellt
1834 1826 1961 1856 worden.

1207 1872 1398 1915 Bezeichnend
1431 1872 1478 1911 für
1508 1873 1551 1906 die
1582 1872 1762 1918 Stimmung
1785 1874 1817 1908 in
1839 1874 2019 1919 Petersburg
2042 1875 2075 1918 ist

1144 1923 1199 1956 das
1222 1920 1407 1962 Mißtrauen,
1431 1921 1487 1954 mit
1510 1921 1639 1961 welchem
1663 1923 1716 1956 das
1741 1922 1896 1963 Personale
1919 1927 1968 1956 der
1991 1924 2075 1962 frem¬

1143 1972 1198 2003 den
1221 1967 1476 2009 Gesandtschaften
1506 1969 1667 2010 überwacht
1700 1969 1783 2004 wird.
1830 1970 1908 2004 Man
1941 1970 2075 2010 fahndete

1143 2018 1224 2061 sogar
1248 2016 1300 2054 auf
1323 2017 1374 2049 den
1399 2015 1564 2056 Thürhüter
1587 2017 1664 2050 eines
1689 2017 2073 2060 Gesandtschafts-Hotels,

1143 2065 1209 2098 weil
1232 2064 1351 2102 derselbe
1375 2064 1421 2097 der
1437 2063 1632 2108 Verbreitung
1657 2068 1704 2098 der
1718 2065 1912 2109 Herzen'schen
1932 2066 2070 2108 „Glocke"

1143 2112 1304 2153 verdächtig
1329 2121 1402 2144 war.

1208 2163 1268 2196 Die
1291 2163 1478 2205 gemischte
1501 2163 1754 2204 Kommission
1777 2166 1809 2199 in
1833 2166 1913 2204 Genf
1942 2166 1993 2205 hat
2015 2167 2076 2207 ihre

1146 2210 1394 2253 Untersuchungen
1411 2210 1479 2242 über
1496 2213 1548 2242 den
1566 2211 1742 2253 Grenzstreit
1758 2219 1817 2245 von
1833 2213 2078 2247 Ville-!a-Grand

1148 2255 1309 2302 geschlossen
1335 2257 1393 2289 und
1415 2256 1449 2299 ist
1472 2258 1535 2290 laut
1560 2261 1607 2291 der
1642 2258 1753 2292 Nation
1788 2259 1890 2302 Suisse
1921 2268 1956 2302 zu
1990 2259 2079 2293 einem

1148 2306 1203 2339 mit
1226 2307 1287 2336 dem
1313 2303 1540 2346 schweizerischen
1564 2304 1678 2346 Bericht
1702 2305 1857 2347 wesentlich
1881 2306 2077 2348 übereinstim¬

1148 2354 1269 2385 menden
1291 2351 1426 2391 Resultat
1450 2352 1577 2394 gelangt.

1491 2421 1731 2461 Schweiz.

1204 2489 1335 2522 Zürich.
1377 2489 1430 2519 Die
1449 2489 1563 2527 Zürcher
1584 2491 1820 2529 Freitagszeitung
1851 2492 1916 2521 wird
1948 2499 2000 2521 von
2028 2495 2074 2522 den

1144 2531 1248 2561 Basler
1272 2531 1399 2562 Blättern
1420 2533 1505 2569 scharf
1523 2533 1673 2572 gezüchtigt,
1709 2536 1766 2564 weil
1785 2535 1819 2570 sie
1839 2536 1991 2570 behauptet,
2023 2537 2074 2565 das

1144 2573 1244 2612 Defizit
1265 2582 1317 2604 von
1340 2575 1413 2606 1862
1432 2577 1468 2613 sei
1488 2578 1528 2608 ein
1548 2577 1684 2617 fingirtes,
1708 2586 1752 2607 um
1782 2577 1819 2608 im
1839 2578 2075 2616 Schanzenprozeß

1143 2617 1193 2647 mit
1215 2617 1361 2651 Baselland
1382 2619 1470 2657 zeigen
1491 2629 1522 2659 zu
1542 2621 1655 2654 können,
1683 2620 1735 2656 daß
1756 2621 1796 2651 die
1828 2621 1916 2652 Stadt
1948 2627 2001 2650 von
2031 2624 2074 2651 der

1142 2660 1424 2699 Schanzenschleifung
1452 2665 1539 2694 keinen
1563 2663 1652 2701 Profit
1672 2663 1747 2700 habe.

1199 2725 1233 2731 —
1263 2708 1324 2739 Wir
1348 2710 1447 2745 machen
1476 2712 1516 2741 die
1536 2712 1700 2747 Einwohner
1721 2710 1835 2748 Zürichs
1855 2711 1904 2745 auf
1923 2713 1980 2742 vier
2001 2713 2073 2743 Vor¬

1139 2753 1283 2789 stellungen
1304 2752 1495 2790 aufmerksam,
1526 2755 1565 2784 die
1585 2755 1634 2792 Hr.
1659 2753 1739 2789 Prof.
1762 2754 1905 2791 Hasert
1935 2754 2073 2791 nächstens

1140 2796 1176 2826 im
1198 2794 1294 2832 großen
1314 2795 1490 2831 Kasinosaale
1512 2798 1589 2835 geben
1610 2797 1689 2826 wird.
1731 2797 1789 2827 Mit
1809 2796 1889 2834 Hülfe
1910 2798 1983 2828 eines
2005 2806 2072 2829 win¬

1140 2837 1213 2875 zigen
1235 2837 1468 2873 Gasmikroskops
1500 2839 1562 2869 wird
1593 2848 1620 2869 er
1652 2840 1711 2869 dem
1733 2840 1879 2876 Zuschauer
1899 2849 1975 2870 einen
1995 2840 2073 2874 selten

1139 2879 1290 2918 gewährten
1314 2880 1431 2911 Einblick
1452 2881 1602 2918 verschaffen
1624 2882 1652 2911 in
1672 2886 1722 2911 den
1737 2883 1804 2912 Bau
1826 2884 1868 2912 der
1889 2883 2073 2917 Insektenwelt

1139 2926 1197 2953 und
1217 2928 1261 2953 der
1281 2924 1381 2953 Blume
1402 2926 1456 2953 und
1478 2925 1517 2954 die
1536 2924 1826 2962 Infusionsthierchen,
1850 2929 1902 2955 und
1923 2926 1979 2956 eine
1993 2926 2073 2962 Reihe

1140 2975 1195 2996 von
1216 2965 1423 3003 merkwürdigen
1442 2966 1713 3005 Lichterscheinungen
1738 2977 1783 3007 zur
1805 2970 1979 3007 Darstellung
2001 2971 2073 2999 brin¬

1139 3018 1199 3048 gen.
1239 3010 1289 3046 Hr.
1312 3009 1408 3046 Hasert
1438 3011 1485 3045 hat
1509 3009 1549 3040 die
1570 3011 1652 3045 besten
1673 3011 1891 3049 Empfehlungen
1912 3020 1965 3041 von
1987 3013 2073 3043 Auto¬

1140 3051 1238 3084 ritäten
1260 3051 1343 3087 seines
1363 3052 1472 3088 Faches.

1201 3116 1230 3121 —
1255 3099 1309 3130 Die
1332 3100 1581 3138 Schwyzerzeitung
1600 3104 1684 3131 nennt
1705 3103 1753 3132 den
1784 3102 1896 3139 Antrag
1926 3101 1972 3135 für
2002 3102 2072 3137 Auf¬

1143 3145 1249 3181 hebung
1269 3144 1315 3172 des
1336 3143 1454 3179 Klosters
1477 3144 1601 3180 Rheinau
1623 3144 1856 3181 „überraschend".
1901 3144 1969 3176 Eine
1984 3152 2072 3182 zwan¬

1146 3186 1292 3227 zigjährige
1313 3186 1531 3224 Ueberraschung.

2194 779 2229 787 —
2250 764 2359 799 Gestern
2374 764 2474 800 brachte
2493 764 2538 795 der
2551 764 2697 803 Feuerbote
2715 770 2769 795 von
2784 763 2919 802 Fluntern
2931 764 2971 794 die
2984 764 3073 801 Nach¬

2139 806 2211 843 richt,
2233 806 2285 844 daß
2307 811 2334 836 es
2356 807 2383 837 in
2404 807 2618 844 Volkentschweil
2638 807 2742 838 brenne.

2198 855 2303 886 Bern.
2345 856 2401 893 Zur
2423 856 2604 894 Behandlung
2628 857 2671 887 der
2692 857 2792 895 Frage,
2814 863 2855 888 wo
2873 856 2913 887 die
2929 856 3002 887 Aare
3015 863 3072 887 von

2142 897 2184 927 der
2205 898 2460 934 Biel-Bern-Bahn
2483 899 2662 935 überschritten
2676 900 2780 930 werden
2796 900 2866 936 solle,
2890 900 2922 937 ist
2935 902 2984 930 den
2999 900 3073 931 Mit¬

2143 939 2255 978 gliedern
2278 943 2323 971 des
2345 941 2456 979 Großen
2479 943 2581 980 Rathes
2604 943 2652 978 auf
2676 942 2789 980 nächsten
2824 943 2998 982 Donnerstag
3028 943 3071 974 bei

2143 983 2223 1016 Eiden
2246 985 2364 1021 geboten.

2199 1031 2322 1069 Tessin.
2366 1032 2419 1063 Die
2434 1031 2621 1070 großräthliche
2637 1033 2987 1073 Eisenbahn-Kommission
3003 1035 3072 1067 wird

2143 1075 2177 1105 im
2199 1074 2315 1113 Verlauf
2333 1076 2410 1112 dieser
2432 1076 2523 1111 Woche
2542 1076 2644 1113 Bericht
2665 1077 2799 1113 erstatten.

2500 1185 2743 1217 Ausland.

2203 1263 2368 1293 Amerika.
2412 1263 2465 1293 Als
2499 1263 2538 1292 die
2569 1263 2755 1301 Abgesandten
2785 1265 2833 1295 des
2863 1266 3073 1296 Sonderbunds

2144 1306 2193 1338 auf
2212 1308 2268 1337 dem
2289 1307 2371 1338 Trent
2393 1306 2523 1343 verhaftet
2542 1309 2660 1342 wurden,
2685 1307 2766 1341 sollen
2787 1307 2842 1345 ihre
2855 1309 3002 1346 Depeschen
3023 1312 3073 1341 da¬

2144 1351 2219 1388 durch
2241 1354 2348 1389 gerettet
2369 1354 2476 1381 worden
2498 1351 2560 1385 sein,
2583 1350 2635 1388 daß
2666 1351 2775 1388 Mistreß
2798 1352 2901 1385 Slidell
2934 1354 2967 1390 sie
2996 1357 3075 1386 unter

2142 1394 2213 1430 ihrer
2232 1395 2375 1425 Krinoline
2398 1395 2532 1429 versteckte.

2200 1458 2235 1465 —
2257 1443 2327 1473 Laut
2349 1443 2462 1479 neuesten
2486 1443 2620 1476 Berichten
2643 1443 2696 1473 will
2717 1443 2827 1474 Lincoln
2847 1443 2887 1478 die
2900 1445 2989 1482 Frage
3010 1445 3074 1476 über

2142 1487 2180 1517 die
2190 1488 2358 1525 Freigebung
2372 1489 2416 1516 der
2428 1486 2684 1524 Südkommissarien
2699 1495 2735 1517 an
2750 1490 2799 1517 den
2810 1488 2937 1529 Kongreß
2951 1490 3073 1527 bringen.

2198 1536 2426 1567 Deutschland.
2469 1535 2689 1571 Karlsruhe.
2733 1535 2791 1566 Der
2826 1537 3000 1575 Großherzog
3024 1538 3074 1573 hat

2142 1580 2188 1608 den
2210 1587 2263 1609 von
2287 1581 2329 1609 der
2349 1579 2472 1609 Kammer
2494 1587 2524 1617 zu
2545 1578 2626 1617 ihrem
2649 1578 2824 1615 Präsidenten
2845 1580 2992 1618 gewählten
3014 1582 3075 1611 Ab¬

2142 1624 2300 1660 geordneten
2328 1622 2506 1659 Hildebrandt
2526 1622 2660 1660 bestätigt.
2702 1622 2852 1659 Prestinari
2872 1624 2964 1653 wurde
2983 1631 3074 1661 wegen

2142 1665 2222 1700 seiner
2241 1667 2365 1703 Haltung
2395 1668 2423 1695 in
2455 1668 2498 1695 der
2528 1665 2713 1702 Kirchenfrage
2743 1666 2811 1701 nicht
2840 1667 2912 1704 mehr
2942 1667 3073 1706 gewählt.

2143 1709 2340 1747 Vizepräsident
2359 1711 2448 1738 wurde
2468 1711 2512 1738 der
2532 1708 2715 1746 Abgeordnete
2735 1710 2850 1745 Schaaf.

2199 1757 2597 1792 Donaufürstenthümer.
2648 1758 2890 1796 Montenegro.
2933 1759 2989 1789 Mit
3017 1761 3075 1791 dem

2144 1801 2274 1839 Aufstand
2297 1803 2324 1831 in
2346 1804 2388 1831 der
2410 1800 2600 1839 Herzegowina
2621 1800 2711 1837 scheint
2732 1804 2771 1832 es,
2795 1801 2837 1834 seit
2851 1803 2890 1832 die
2904 1802 3005 1839 Helden
3026 1804 3075 1833 des

2143 1845 2212 1875 Luka
2234 1844 2396 1880 Bukalovich
2418 1846 2456 1874 bei
2478 1844 2550 1879 Piva
2581 1852 2629 1874 vor
2659 1848 2705 1874 den
2739 1843 2915 1876 anrückenden
2946 1845 3076 1882 Truppen

2143 1889 2226 1920 Omer
2248 1887 2374 1924 Pascha's
2403 1887 2628 1926 davongelaufen,
2662 1887 2702 1917 ein
2734 1886 2902 1928 vorläufiges
2932 1888 3008 1919 Ende
3043 1897 3076 1928 zu

2142 1932 2236 1968 haben.

2190 2024 2504 2073 Telegraphische
2520 2027 2735 2070 Depeschen
2756 2027 2826 2066 der
2842 2028 2895 2064 R.
2915 2028 2966 2069 B.
2981 2028 3031 2069 B.

2206 2080 2348 2115 Niort.
2392 2080 2501 2123 Wegen
2525 2080 2765 2124 Wahlintriguen
2789 2081 2823 2122 ist
2852 2084 2905 2124 Hr.
2931 2082 3076 2125 Plassiart

2143 2128 2253 2169 (früher
2278 2128 2603 2171 Departementalrath)
2629 2139 2662 2172 zu
2693 2129 2761 2171 zwei
2783 2129 2900 2171 Jahren
2937 2130 3076 2175 Einsper¬

2144 2185 2227 2218 rung,
2251 2176 2296 2208 die
2318 2176 2517 2217 Posthalterin
2540 2177 2648 2210 Ravan
2682 2182 2779 2220 wegen
2817 2177 3078 2217 Briefunterschla¬

2147 2232 2224 2266 gung
2249 2233 2281 2265 zu
2306 2224 2365 2256 drei
2386 2223 2500 2257 Monat
2523 2224 2693 2267 Gefängniß
2718 2225 2889 2265 verurtheilt
2912 2230 3039 2264 worden.

2211 2276 2366 2316 Paris,
2388 2276 2418 2309 8.
2442 2275 2588 2320 Mittags.
2634 2276 2691 2310 Ein
2708 2276 2962 2320 Debats-Artikel,
2979 2282 3079 2312 unter¬

2146 2324 2261 2366 zeichnet
2277 2323 2403 2365 Camus,
2428 2325 2497 2358 über
2520 2326 2563 2357 die
2578 2324 2862 2370 Dappenthalfrage,
2888 2326 2999 2368 schließt
3023 2328 3080 2362 wie

2146 2371 2239 2413 folgt:
2264 2372 2315 2406 Da
2342 2375 2372 2405 es
2396 2372 2531 2416 dringlich
2555 2373 2597 2414 ist,
2622 2375 2678 2414 daß
2702 2383 2770 2406 man
2795 2375 2849 2409 mit
2874 2375 2958 2416 dieser
2983 2375 3079 2419 Frage

2145 2430 2176 2463 zu
2201 2421 2293 2454 einem
2317 2421 2397 2455 Ende
2423 2421 2549 2461 komme,
2586 2422 2614 2460 so
2645 2421 2717 2455 wird
2740 2421 2791 2462 sich
2816 2422 2980 2465 Frankreich
3005 2424 3080 2465 nicht

2145 2468 2292 2505 enthalten
2316 2470 2435 2510 können,
2459 2471 2524 2502 bald
2549 2470 2608 2502 eine
2631 2470 2717 2510 ernste
2732 2470 2895 2512 Initiative
2918 2481 2951 2514 zu
2976 2472 3080 2516 ergrei¬

2144 2518 2200 2557 fen.
2245 2517 2315 2552 Von
2351 2516 2436 2558 dieser
2468 2517 2629 2560 Initiative
2661 2519 2710 2556 hat
2740 2518 2906 2560 Frankreich
2940 2521 3079 2561 bisdahin

2144 2569 2199 2599 aus
2223 2565 2365 2606 Rücksicht
2389 2566 2435 2605 für
2459 2567 2502 2599 die
2519 2566 2650 2610 Schweiz
2666 2566 2760 2600 keinen
2776 2566 2926 2607 Gebrauch
2942 2570 3079 2612 gemacht.

2143 2614 2206 2648 Der
2228 2614 2297 2656 Fall
2321 2615 2384 2647 läge
2409 2618 2525 2655 anders,
2549 2621 2632 2648 wenn
2649 2614 2814 2658 Frankreich
2831 2617 2895 2650 laut
2918 2619 2971 2650 den
2987 2617 3078 2651 Akten

2145 2668 2202 2695 von
2240 2662 2321 2696 1815
2357 2670 2422 2696 vom
2458 2661 2653 2704 Dappenthal
2680 2662 2770 2706 Besitz
2802 2664 2937 2708 ergreifen
2968 2666 3078 2699 würde.

2144 2709 2237 2744 Dann
2261 2711 2360 2743 würde
2376 2710 2419 2742 die
2432 2710 2561 2753 Schweiz
2579 2710 2638 2743 eine
2651 2711 2885 2756 Verständigung
2901 2713 3078 2753 nachsuchen.

2207 2758 2336 2797 Polen.
2382 2757 2445 2791 Der
2461 2757 2625 2792 Verwalter
2650 2762 2698 2792 der
2722 2758 2841 2801 Diözese
2864 2760 3020 2801 Warschau
3043 2761 3079 2801 ist

2143 2813 2175 2846 zu
2199 2806 2265 2847 zehn
2288 2805 2406 2847 Jahren
2431 2805 2619 2849 Verweisung
2654 2808 2721 2847 nach
2745 2806 2881 2841 Sibirien
2905 2808 3079 2848 verurtheilt

2143 2858 2269 2886 worden.

2377 2962 2646 2997 Aktien-Theater
2663 2964 2698 2993 in
2713 2959 2841 2995 Zürich.

2141 3010 2271 3049 Montag,
2294 3012 2322 3041 9.
2346 3011 2412 3051 Dez.
2455 3012 2609 3043 Ouverture
2629 3016 2682 3041 aus
2703 3014 2748 3042 der
2768 3013 2845 3048 Oper
2866 3014 3007 3047 „Undine"
3024 3022 3079 3045 von

2217 3053 2345 3092 Lortzing.
2364 3071 2393 3076 —
2413 3055 2491 3093 „Der
2512 3054 2688 3092 Fabrikant."
2729 3056 2890 3092 Schauspiel
2910 3058 2938 3087 in
2960 3057 2977 3087 3
2991 3058 3078 3089 Akten

2220 3107 2273 3131 von
2295 3102 2434 3132 Devrient.
2452 3116 2486 3122 —
2513 3102 2667 3132 Ouverture
2686 3106 2739 3132 aus
2762 3104 2806 3133 der
2826 3105 2904 3140 Oper
2927 3105 3079 3143 „Orpheus

2218 3144 2245 3175 in
2266 3147 2310 3174 der
2331 3146 2502 3175 Unterwelt".
2526 3161 2561 3167 —
2583 3146 2765 3183 Verschiedene
2789 3147 3019 3187 Gesangspiecen.

516 3299 695 3354 Feuilleton.

182 3392 242 3422 Am
263 3393 299 3418 9.
325 3387 503 3422 Dezember
522 3383 592 3411 1315
612 3383 772 3415 beschworen
791 3383 832 3413 die
851 3382 907 3413 drei
919 3382 1073 3415 Urkantone

112 3439 168 3469 ein
207 3434 309 3470 ewiges
332 3428 475 3463 Bündniß.
499 3444 526 3450 —
549 3429 589 3457 An
617 3429 762 3462 demselben
782 3430 858 3465 Tage
887 3433 976 3459 wurde
1004 3429 1073 3458 1594

111 3487 173 3517 der
194 3478 280 3517 große
300 3473 543 3512 Schwedenkönig
543 3473 650 3512 Gustav
669 3475 770 3508 Adolf,
795 3475 864 3503 1608
884 3477 928 3503 der
947 3473 1074 3510 englische

111 3530 242 3560 Dichter
261 3526 343 3562 John
364 3521 490 3554 Milton,
521 3519 590 3546 1717
609 3525 649 3554 zu
667 3520 786 3553 Stendal
812 3523 859 3550 der
885 3518 965 3555 große
985 3520 1074 3551 Alter¬

111 3572 330 3607 thumskenner
361 3568 478 3606 Johann
507 3563 633 3601 Joachim
661 3563 852 3596 Winkelmann
881 3565 1015 3601 geboren,
1044 3580 1069 3586 —

111 3620 183 3651 und
206 3617 277 3649 starb
298 3615 369 3647 1798
399 3612 430 3647 zu
450 3609 529 3645 Halle
547 3611 593 3639 der
612 3610 654 3639 als
674 3611 811 3646 Begleiter
832 3610 927 3644 Cook's
946 3609 1074 3642 bekannte

112 3662 277 3699 Professor
296 3660 416 3697 Johann
436 3655 577 3688 Reinhard
598 3654 712 3691 Forster.

111 3787 199 3822 Das
224 3783 293 3825 erste
309 3775 669 3820 Äbonnements-Konzert
691 3778 739 3810 der
757 3777 942 3821 allgemeinen
956 3778 1075 3822 Musik¬

222 3831 396 3879 gesellschaft
418 3830 449 3865 in
470 3829 572 3870 Zürich
595 3839 643 3863 am
663 3828 695 3864 3.
717 3829 871 3874 Dezember
898 3831 987 3865 1861.

199 3898 273 3928 Man
292 3901 348 3924 war
366 3892 509 3927 berechtigt,
526 3890 574 3921 mit
590 3889 682 3926 großen
700 3890 889 3926 Erwartungen
907 3892 933 3922 in
949 3894 998 3922 das
1013 3894 1076 3926 heu¬

109 3943 179 3978 tige
193 3940 256 3972 erste
267 3935 596 3969 Abonnements-Konzert
608 3936 651 3964 der
661 3933 829 3969 allgemeinen
843 3934 1076 3970 Musikgesellschaft

110 3982 156 4025 zu
176 3985 282 4018 gehen,
308 3984 341 4010 da
368 3980 477 4011 dasselbe
494 3980 571 4009 durch
587 3977 626 4007 die
646 3976 817 4012 Mitwirkung
836 3978 906 4008 einer
921 3979 965 4009 der
982 3981 1077 4010 dedeu¬

111 4026 245 4058 tendsten
264 4021 501 4056 Klaviervirtuosen
519 4022 556 4052 im
574 4026 651 4056 guten
669 4021 777 4054 Sinne,
795 4023 841 4051 des
858 4021 943 4056 Herrn
961 4022 1076 4055 Alfred

116 4070 242 4107 Jaell,
270 4069 325 4097 und
352 4069 396 4096 der
412 4065 467 4098 hier
483 4072 511 4094 in
529 4064 617 4099 Zürich
634 4065 661 4093 in
684 4064 751 4094 allen
770 4065 888 4095 Blättern
906 4068 1076 4100 vergötterten

116 4110 259 4148 Fräulein
277 4115 338 4138 von
351 4108 489 4138 Vestvali
505 4108 662 4139 verherrlicht
672 4109 774 4137 werden
786 4106 864 4138 sollte.
886 4108 954 4138 Was
966 4109 1077 4143 zunächst

115 4155 169 4186 die
189 4154 359 4186 Anordnung
377 4153 423 4181 des
440 4150 618 4185 Programms
635 4152 688 4179 und
706 4152 753 4180 den
767 4150 1017 4182 Gesammteindruck
1034 4154 1079 4182 be¬

116 4197 219 4231 trifft,
245 4196 270 4228 so
289 4202 345 4225 war
361 4196 410 4224 das
427 4194 543 4228 Konzert
560 4193 608 4223 viel
624 4200 655 4229 zu
672 4194 749 4229 lang;
770 4193 831 4228 zwei
850 4195 975 4225 Stunden
993 4194 1020 4224 ist
1036 4195 1077 4226 die

116 4239 246 4272 äußerste
263 4237 349 4272 Länge
370 4236 414 4269 für
439 4237 481 4267 ein
498 4237 630 4273 Konzert,
657 4244 732 4268 wenn
756 4235 870 4268 Musiker
895 4237 935 4266 als
960 4237 1077 4272 Zuhörer

118 4285 237 4320 gedacht
254 4284 368 4316 werden,
385 4281 534 4312 anderthalb
552 4281 679 4313 Stunden
703 4281 731 4313 ist
747 4280 790 4314 für
806 4280 848 4311 ein
865 4278 949 4314 mäßig
967 4280 1078 4312 musika¬

118 4326 188 4358 lisch
207 4324 347 4359 gebildetes
366 4322 505 4356 Publikum
525 4330 621 4358 genug.

182 4366 239 4398 Die
250 4365 436 4400 wundervolle,
450 4366 528 4396 breite
538 4367 592 4396 und
602 4365 653 4395 mit
663 4365 780 4401 wenigen
792 4366 899 4399 Mitteln
912 4365 935 4398 so
947 4365 1078 4402 schwung¬

119 4409 186 4442 voll
202 4411 262 4439 und
278 4407 411 4445 großartig
426 4408 581 4444 hingestellte
595 4408 749 4441 Ouverture
765 4417 816 4442 von
834 4409 972 4445 Cherubini
987 4412 1076 4442 wurde

1138 3292 1164 3324 so
1181 3290 1330 3323 vortrefflich
1342 3289 1468 3327 exekutirt,
1486 3289 1533 3323 daß
1550 3298 1611 3321 man
1630 3290 1657 3321 in
1674 3291 1713 3321 die
1726 3291 1785 3320 beste
1800 3291 1962 3326 Stimmung
1980 3292 2071 3326 versetzt

1139 3339 1227 3366 wurde
1245 3338 1297 3364 und
1316 3334 1364 3364 wir
1382 3339 1432 3363 uns
1450 3342 1480 3369 zu
1498 3337 1554 3364 dem
1572 3342 1655 3365 neuen
1674 3334 1828 3369 Dirigenten
1846 3336 1923 3366 Glück
1942 3335 2071 3368 wünschen

1139 3378 1266 3413 mußten;
1284 3385 1312 3408 es
1331 3385 1383 3408 war
1396 3378 1433 3408 die
1445 3378 1506 3408 beste
1518 3376 1630 3412 Leistung
1643 3379 1687 3408 des
1700 3378 1853 3410 Orchesters.
1878 3378 1969 3413 Einige
1981 3379 2073 3411 schüch¬

1140 3426 1210 3452 terne
1228 3421 1334 3456 Einsätze
1359 3423 1402 3450 der
1420 3420 1649 3451 Blasinstrumente
1675 3420 1775 3452 schoben
1802 3420 1850 3450 wir
1867 3424 1939 3451 mehr
1956 3421 2003 3452 auf
2020 3422 2073 3452 Be¬

1139 3464 1285 3499 fangenheit
1301 3468 1343 3494 als
1362 3461 1528 3498 Unfähigkeit.
1563 3463 1612 3494 Die
1630 3463 1726 3498 Geiger
1750 3464 1909 3495 überraschen
1928 3468 2004 3495 durch
2021 3466 2073 3495 ihre

1140 3507 1242 3540 Einheit
1260 3511 1312 3538 und
1332 3507 1369 3537 die
1387 3509 1497 3542 langen,
1516 3509 1574 3538 hoch
1591 3506 1635 3540 sich
1658 3507 1892 3542 aufschwingenden
1910 3507 2074 3541 Tonformen

1140 3550 1229 3581 kamen
1248 3558 1292 3586 zur
1309 3550 1393 3580 vollen
1412 3551 1527 3583 Geltung

1191 3595 1229 3626 Es
1246 3599 1297 3624 trat
1314 3601 1370 3623 nun
1388 3593 1510 3630 Fräulein
1528 3598 1575 3622 von
1594 3593 1704 3624 Vestvali
1722 3597 1797 3623 unter
1815 3593 1999 3624 rauschendem
2013 3593 2075 3625 Bei¬

1140 3637 1185 3670 fall
1205 3640 1247 3667 des
1266 3636 1421 3670 Publikums
1438 3635 1494 3669 auf,
1514 3644 1558 3666 um
1578 3643 1629 3666 uns
1647 3643 1697 3666 aus
1714 3637 1835 3669 Rossini's
1851 3635 1971 3666 kokettem
1983 3639 2075 3664 Stabat

1142 3683 1229 3709 mater
1246 3679 1300 3709 eine
1318 3680 1378 3710 Arie
1396 3679 1582 3714 vorzuführen;
1607 3678 1708 3712 dieselbe
1725 3681 1770 3715 ist,
1796 3679 1851 3710 rein
1869 3679 2016 3711 musikalisch
2034 3684 2075 3710 be¬

1141 3726 1254 3757 trachtet,
1272 3724 1350 3755 höchst
1367 3724 1551 3753 unbedeutend.
1582 3722 1643 3754 Wir
1659 3723 1748 3753 hörten
1766 3722 1805 3753 die
1825 3723 1970 3757 Sängerin,
1989 3725 2075 3754 welche

1141 3766 1190 3797 mit
1202 3765 1278 3796 allem
1288 3767 1374 3800 Pomp
1384 3766 1451 3796 einer
1460 3765 1554 3799 Prima
1564 3766 1662 3796 Donna
1673 3767 1699 3795 in
1709 3766 1797 3801 Zürich
1810 3766 1916 3800 auftrat,
1928 3774 1987 3801 zum
2000 3767 2075 3798 ersten

1140 3810 1213 3843 Mal,
1231 3812 1317 3841 hatten
1336 3810 1446 3843 indessen
1464 3809 1513 3839 viel
1528 3809 1665 3840 Rühmens
1682 3815 1732 3839 von
1749 3809 1818 3841 ihrer
1835 3809 1990 3842 Schönheit,
2009 3810 2075 3842 ihrer

1140 3856 1294 3883 wunderbar
1312 3853 1415 3886 schönen
1429 3853 1550 3885 Stimme
1568 3856 1620 3882 und
1633 3853 1699 3885 ihrer
1712 3853 1877 3883 entwickelten
1890 3852 2074 3886 Gesangskunst

1140 3898 1239 3930 gehört.
1275 3896 1327 3926 Die
1346 3896 1488 3927 Schönheit
1515 3894 1638 3925 erkennen
1659 3896 1706 3925 wir
1730 3903 1781 3928 an,
1811 3896 1849 3925 die
1874 3895 1995 3926 Stimme
2021 3903 2074 3925 war

1139 3938 1228 3971 früher
1254 3937 1337 3973 gewiß
1361 3942 1423 3971 auch
1448 3938 1538 3972 schön,
1564 3937 1603 3968 die
1620 3937 1808 3973 Gesangskunst
1835 3939 1920 3970 besteht
1945 3937 1973 3967 in
1991 3938 2073 3968 einem

1139 3981 1331 4017 mangelhaften
1349 3980 1516 4015 Verständniß
1542 3981 1702 4014 italienischer
1719 3982 1827 4013 Manier
1843 3981 1890 4010 mit
1905 3980 2075 4016 französischer

1141 4024 1315 4060 Karrikatur;
1335 4026 1372 4054 die
1385 4025 1512 4058 wahrhaft
1523 4030 1602 4060 guten
1612 4025 1777 4057 italienischen
1790 4025 1987 4059 Sängerinnen,
1999 4026 2074 4055 deren

1141 4076 1171 4099 es
1187 4068 1282 4100 freilich
1297 4067 1365 4101 nicht
1381 4068 1442 4099 viele
1465 4068 1551 4103 giebt,
1579 4069 1664 4103 singen
1688 4068 1754 4100 nicht
1778 4067 1803 4100 so
1821 4068 1867 4097 wie
1885 4067 2007 4102 Fräulein
2024 4074 2075 4098 von

1138 4111 1262 4147 Vestvali,
1280 4113 1335 4141 und
1352 4114 1395 4141 der
1412 4119 1489 4147 ganze
1502 4113 1614 4147 Vortrag
1633 4112 1758 4141 erinnerte
1775 4116 1828 4141 uns
1840 4111 1930 4143 lebhaft
1947 4118 1982 4140 an
1994 4110 2076 4143 einige

1141 4154 1343 4189 Aufführungen
1361 4154 1388 4184 in
1406 4156 1449 4184 der
1466 4153 1561 4189 großen
1573 4154 1648 4187 Oper
1665 4154 1690 4184 in
1709 4154 1799 4187 Paris,
1817 4160 1857 4183 wo
1874 4153 1921 4182 wir
1931 4153 2020 4186 Roger
2036 4155 2076 4183 als

1138 4197 1227 4228 Ruine
1250 4197 1289 4227 die
1313 4197 1406 4230 Partie
1427 4199 1472 4227 des
1497 4198 1568 4229 Roul
1594 4202 1648 4228 und
1666 4197 1753 4232 Edgar
1779 4196 1891 4232 zerfetzen
1917 4197 2026 4229 hörten;
2045 4190 2095 4218 —

1139 4248 1175 4269 an
1194 4241 1233 4269 die
1258 4241 1367 4276 graziöse
1384 4241 1512 4272 Römerin
1530 4241 1705 4274 Picolomini,
1732 4248 1765 4270 an
1790 4240 1831 4269 die
1848 4238 1970 4272 Crivelli,
1986 4246 2020 4268 an
2037 4240 2077 4269 die

1142 4285 1219 4313 Artot
1246 4285 1300 4313 und
1325 4286 1418 4313 andre
1442 4288 1504 4318 gute
1521 4283 1729 4318 Sängerinnen,
1754 4283 1792 4311 die
1818 4282 1865 4311 wir
1888 4281 1913 4310 in
1930 4283 1976 4310 der
1994 4281 2077 4314 Scala

1141 4328 1252 4361 hörten,
1279 4327 1406 4356 erinnerte
1430 4333 1484 4356 uns
1501 4327 1622 4361 Fräulein
1649 4334 1698 4357 von
1717 4326 1826 4358 Vestvali
1841 4325 1924 4359 nicht;
1950 4323 1979 4354 in
1996 4325 2078 4359 Paris

1143 4370 1230 4399 würde
1255 4375 1319 4399 man
1348 4369 1377 4401 sie
1393 4372 1456 4402 noch
1473 4373 1608 4405 ertragen,
1626 4369 1654 4399 in
1672 4369 1791 4400 Mailand
1809 4368 1861 4398 und
1879 4367 1975 4399 Genua
1992 4369 2078 4399 würde

1142 4418 1208 4442 man
1224 4411 1257 4445 sie
1272 4411 1341 4443 nicht
1365 4413 1438 4445 mehr
1459 4414 1583 4444 anhören.
1619 4412 1671 4443 Die
1687 4411 1812 4444 Stimme
1836 4410 1862 4443 ist
1886 4409 1927 4441 ein
1950 4411 2076 4447 schwerer,

2138 3288 2196 3316 aber
2207 3288 2311 3317 voller
2328 3287 2452 3319 schöner
2464 3289 2691 3324 Mezzo-Sopran,
2704 3292 2757 3320 und
2771 3298 2827 3322 war
2838 3294 2881 3322 der
2894 3301 2989 3328 ganzen
3002 3294 3083 3326 Ton¬

2139 3330 2221 3364 gestalt
2237 3334 2299 3362 nach
2311 3338 2341 3366 zu
2354 3332 2476 3364 urtheilen
2488 3332 2529 3362 nie
2541 3335 2624 3366 mehr,
2638 3330 2694 3367 jetzt
2712 3333 2777 3367 muß
2794 3336 2834 3365 die
2853 3336 2989 3371 Sängerin
3007 3337 3078 3369 schon

2139 3379 2197 3402 vom
2216 3376 2254 3408 gis
2272 3381 2306 3404 an
2325 3374 2377 3405 sehr
2393 3375 2520 3410 vorsichtig
2538 3376 2683 3409 verfahren,
2702 3380 2757 3407 und
2775 3380 2833 3410 thut
2851 3379 2905 3409 dies
2918 3380 3008 3411 freilich
3027 3380 3080 3411 mit

2140 3414 2228 3450 großer
2245 3416 2467 3452 Geschicklichkeit,
2493 3420 2552 3450 doch
2570 3418 2612 3453 so,
2631 3418 2679 3452 daß
2698 3420 2728 3452 sie
2746 3421 2774 3450 in
2790 3424 2835 3451 der
2851 3424 2995 3454 erwähnten
3014 3424 3078 3454 Arie

2140 3458 2166 3488 in
2183 3460 2240 3489 dem
2265 3461 2375 3491 höchsten
2393 3460 2564 3496 Aufschwung
2590 3462 2695 3495 plötzlich
2720 3468 2771 3493 aus
2796 3465 2840 3494 der
2856 3466 2926 3496 Noth
2944 3466 2999 3496 eine
3016 3467 3079 3499 Tu¬

2140 3502 2205 3535 gend
2222 3507 2325 3533 machen
2351 3502 2458 3537 mußte,
2485 3507 2539 3534 und
2564 3507 2676 3537 dadurch
2694 3507 2767 3536 einen
2792 3514 2853 3542 ganz
2870 3509 3079 3546 unnatürlichen,

2141 3544 2322 3580 fremdartigen
2341 3546 2466 3577 Eindruck
2490 3549 2641 3582 hervorrief.
2676 3550 2727 3580 Die
2752 3549 2827 3581 tiefen
2845 3551 2922 3583 Töne
2949 3553 3001 3583 sind
3025 3558 3078 3584 von

2141 3588 2227 3619 Natur
2244 3589 2332 3624 schön,
2358 3591 2417 3622 doch
2446 3593 2577 3624 behandelt
2602 3593 2642 3622 die
2661 3593 2788 3625 Besitzerin
2814 3593 2933 3626 dieselben
2957 3595 3005 3627 auf
3020 3597 3080 3627 eine

2141 3630 2244 3664 wirklich
2263 3632 2366 3668 widrige
2379 3635 2439 3664 Art.
2466 3635 2550 3671 Franz
2568 3637 2699 3668 Schubert
2716 3638 2758 3667 hat
2776 3636 2819 3668 sich
2836 3637 2918 3672 gewiß
2936 3638 2974 3668 im
2987 3640 3079 3671 Grabe

2141 3677 2306 3709 umgedreht,
2332 3683 2407 3707 wenn
2433 3686 2461 3707 er
2478 3680 2526 3708 den
2544 3679 2672 3711 Wandrer
2689 3685 2738 3709 von
2756 3680 2878 3715 Fräulein
2895 3686 2947 3711 von
2965 3681 3079 3714 Vestvali

2140 3718 2228 3752 hörte;
2254 3726 2318 3749 man
2343 3719 2409 3750 kann
2435 3721 2516 3752 diesen
2535 3722 2637 3754 Liedern
2663 3723 2734 3752 einen
2758 3724 2875 3758 gewissen
2893 3725 3078 3757 dramatischem

2139 3760 2232 3791 Accent
2248 3762 2384 3797 verleihen,
2401 3764 2442 3794 die
2455 3765 2733 3797 Schröder-Devrient,
2752 3765 2791 3796 die
2802 3766 2875 3801 Lind,
2893 3768 2933 3796 die
2945 3767 3078 3803 Wagner,

2141 3802 2304 3838 Stokhausen
2315 3808 2462 3838 verstanden
2479 3811 2533 3839 und
2549 3809 2670 3840 verstehen
2686 3810 2743 3843 das,
2760 3809 2822 3842 doch
2838 3810 2876 3839 bei
2887 3811 3012 3846 Fräulein
3022 3817 3078 3842 von

2140 3846 2248 3878 Vestvali
2274 3849 2340 3879 wird
2366 3851 2429 3882 diese
2452 3852 2656 3886 Dramatisirung
2682 3859 2727 3886 zur
2753 3851 2925 3890 Karrikatur,
2950 3854 2981 3885 sie
3006 3855 3077 3886 wird

2141 3891 2247 3925 gradezu
2265 3892 2384 3924 unschön.
2406 3893 2492 3925 Leider
2508 3893 2612 3927 mußten
2630 3894 2677 3923 wir
2688 3893 2766 3927 außer
2778 3896 2836 3925 dem
2854 3896 2963 3930 ziemlich
2980 3896 3078 3931 flachen

2141 3931 2199 3963 Lied
2217 3940 2266 3964 von
2285 3936 2385 3967 Kücken
2402 3941 2464 3969 noch
2482 3938 2521 3967 ein
2538 3938 2628 3967 drittes
2645 3939 2737 3970 hören,
2755 3937 2783 3967 in
2801 3939 2918 3970 welchem
2936 3939 2976 3970 die
2994 3941 3078 3973 Sän¬

2141 3976 2212 4010 gerin
2230 3979 2395 4012 Gelegenheit
2416 3984 2483 4011 hatte
2508 3988 2538 4013 zu
2555 3980 2656 4015 zeigen,
2682 3979 2729 4012 daß
2747 3980 2778 4013 sie
2795 3986 2856 4012 auch
2874 3981 2943 4013 keine
2961 3984 3078 4015 Kolora¬

2141 4024 2216 4050 turen
2241 4020 2295 4051 klar
2317 4023 2400 4057 singen
2427 4023 2499 4053 kann.
2533 4024 2570 4054 Es
2594 4023 2727 4058 unterliegt
2753 4022 2849 4055 keinem
2874 4026 3000 4061 Zweifel,
3027 4027 3080 4061 daß

2142 4063 2230 4093 unsere
2246 4065 2389 4098 heimischen
2415 4066 2501 4096 beiden
2517 4066 2908 4103 Mezzo-Sopran-Stimmen,
2926 4069 2965 4100 die
2983 4071 3032 4101 wir
3048 4080 3080 4103 in

2143 4106 2288 4142 Konzerten
2306 4116 2335 4143 zu
2353 4111 2429 4140 hören
2448 4109 2610 4144 Gelegenheit
2626 4111 2727 4142 hatten,
2746 4110 2879 4147 gesunder,
2898 4115 2943 4143 der
2960 4114 3078 4150 Vortrag

2142 4150 2292 4184 natürlicher
2317 4155 2368 4181 und
2391 4152 2514 4184 wahrhaft
2534 4150 2681 4184 kunstvoller
2701 4152 2763 4189 sind,
2789 4155 2831 4185 als
2848 4158 2892 4186 der
2909 4156 3014 4193 Gesang
3031 4159 3078 4189 der

2143 4193 2264 4228 Fräulein
2282 4200 2331 4225 von
2349 4195 2466 4226 Vestvali.

2215 4239 2287 4274 Herr
2308 4238 2380 4273 Jaell
2400 4237 2429 4270 ist
2447 4239 2488 4268 als
2508 4238 2636 4271 Künstler
2658 4248 2689 4275 zu
2702 4241 2863 4278 anerkannt,
2882 4244 2926 4275 als
2939 4243 2989 4278 daß
3008 4251 3076 4275 man

2145 4281 2209 4311 über
2230 4283 2272 4314 ihn
2294 4282 2345 4312 viel
2364 4283 2439 4319 sagen
2460 4286 2574 4318 könnte,
2593 4292 2621 4314 er
2641 4284 2704 4318 steht
2723 4285 2752 4316 in
2772 4286 2856 4318 vieler
2876 4289 2993 4323 Hinsicht
3011 4291 3079 4320 über

2144 4324 2217 4360 jeder
2242 4328 2348 4361 Kritik;
2376 4336 2403 4357 er
2431 4330 2476 4361 hat
2503 4328 2549 4363 sich
2577 4330 2606 4359 in
2635 4330 2719 4365 seiner
2737 4332 2852 4364 Manier
2880 4336 2940 4370 fern
2960 4341 3011 4364 von
3029 4337 3079 4365 der

2145 4370 2297 4407 Liszt'schen
2317 4372 2419 4406 Schule
2438 4375 2578 4409 gehalten,
2607 4382 2650 4405 wo
2677 4375 2744 4412 diese
2763 4379 2878 4416 anfängt
2894 4381 2944 4411 das
2962 4380 3078 4413 Klavier

2146 4423 2178 4452 zu
2196 4416 2324 4454 schlagen,
2344 4418 2441 4453 anstatt
2458 4425 2488 4451 es
2507 4427 2539 4456 zu
2558 4420 2676 4458 spielen;
2695 4429 2723 4454 er
2743 4423 2868 4456 erinnert
2884 4432 2918 4456 an
2932 4425 3077 4463 Hummel,
