3853 5551
246 244 334 305 Nr.
359 242 507 303 336

1557 244 1633 314 Der
1671 239 1825 313 Zürcher
1855 239 2019 313 Zeitung
2055 237 2151 299 119.
2177 236 2391 310 Jahrgang.

2665 231 2967 303 Sonntag,
2999 231 3073 291 4.
3103 226 3431 299 Dezember
3463 226 3667 288 1898.

216 376 1034 786 Neue
1114 352 3720 883 Zürcher-Zeitung

409 899 826 935 Abonnementspreise.
856 909 871 933 3
877 905 980 933 Monate.
994 906 1008 932 6
1018 905 1114 932 Monate.

234 939 324 967 Zürich,
338 941 399 966 wenn
410 939 447 964 die
459 939 554 965 Zeitung
562 939 658 966 abgeholt
671 939 724 960 wird
749 950 754 963 .
776 950 785 960 .
808 950 827 960 .
849 935 885 964 Fr.
902 931 964 957 5.50
988 931 1023 961 Fr.
1038 934 1111 955 10.—

269 970 304 992 do.
342 964 382 990 ins
393 965 457 989 Haus
472 965 569 990 gebracht
616 978 624 987 .
647 978 656 989 .
677 976 686 988 .
712 979 723 989 .
749 979 753 990 .
778 976 791 984 .
813 977 821 987 .
858 976 872 989 „
896 957 961 983 6.—
1000 973 1010 985 „
1037 957 1113 981 11.50

233 994 350 1020 Schweiz
370 990 486 1019 Bestellung
499 991 548 1014 beim
562 989 686 1017 Postbureau
709 1002 719 1014 .
745 1001 757 1012 .
777 1000 784 1010 .
813 1004 818 1013 .
860 1003 872 1012 „
898 984 961 1011 6.50
996 998 1011 1011 „
1038 985 1113 1010 12.50

288 1021 321 1045 do.
368 1020 408 1039 mit
417 1016 495 1044 Bezug
500 1016 569 1039 unter
576 1015 728 1041 Privatadresse
743 1030 756 1039 .
777 1025 785 1038 .
811 1025 818 1035 .
857 1025 872 1035 „
893 1007 961 1036 8.—
995 1022 1005 1036 „
1039 1009 1115 1033 15.—

234 1047 414 1066 Deutschland
434 1042 556 1072 Bestellung
572 1040 630 1065 beim
640 1039 735 1069 Postamt
746 1055 756 1066 .
776 1052 786 1065 .
811 1049 823 1063 .
839 1037 882 1062 Mk.
898 1036 959 1062 6.—

234 1068 518 1097 Oesterreich-Ungarn
589 1065 627 1092 do.
783 1064 805 1093 fl.
820 1062 836 1089 d.
851 1061 883 1088 W.
898 1065 962 1087 5.66

234 1099 510 1123 Italien-Aegypten
588 1094 628 1120 do.
784 1107 794 1118 .
814 1106 826 1121 .
847 1087 888 1119 Fr..
900 1089 961 1115 8.10
985 1086 1028 1119 Fr.
1036 1090 1116 1111 15.50

236 1124 328 1151 Uebrige
335 1122 426 1144 Staaten
434 1122 473 1145 des
485 1118 730 1145 Weltpostvereins
749 1132 756 1141 .
784 1131 792 1143 .
813 1132 822 1142 .
861 1131 877 1145 „
885 1112 968 1140 12.50
995 1128 1015 1145 „
1036 1114 1119 1139 24.—

289 1155 308 1176 5
316 1150 460 1182 Tonhallestr.
474 1147 769 1179 Redaktionsbureau
784 1147 901 1175 Goethestr.
914 1146 949 1172 10

1325 918 1470 1069 und
1526 925 2071 1097 schweizerisches
2117 918 2626 1097 Handelsblatt

3063 875 3425 914 Insertionspreise:

2996 917 3035 944 Per
3049 918 3167 944 einspaltige
3176 916 3277 942 Petitzeile
3289 916 3333 937 oder
3346 916 3404 937 deren
3418 914 3489 936 Raum

2938 944 2974 971 für
2985 945 3016 966 die
3030 943 3119 969 Schweiz
3132 946 3159 965 25
3173 944 3222 970 Rp.,
3240 942 3275 967 für
3287 942 3325 963 das
3338 940 3436 962 Ausland
3449 942 3476 962 40
3488 939 3537 967 Rp.,

2775 972 2947 1000 Lokal-Inserate
2957 973 2986 995 20
2996 971 3037 999 Rp.
3047 971 3104 998 (exkl.
3112 971 3206 1000 Finanz.
3217 974 3237 990 u.
3247 968 3450 994 Chiffre-Anzeigen,
3460 966 3522 992 sowie
3535 966 3549 993 f.
3561 964 3704 993 Aktien-Ges.),

3082 996 3195 1019 Reklamen
3204 995 3243 1023 Fr.
3253 996 3301 1021 1.—
3301 996 3344 1021 per
3350 993 3417 1020 Zeile.

3056 1031 3167 1059 Alleinige
3180 1028 3445 1057 Inseraten-Annahme:

3099 1060 3252 1091 Rudolf
3266 1059 3392 1088 Mosse

2805 1100 3043 1128 Annoncen-Expedition
3063 1099 3098 1126 für
3110 1099 3148 1120 alle
3163 1096 3318 1125 schweizerischen
3334 1097 3378 1117 und
3393 1094 3542 1121 ausländischen
3561 1093 3672 1122 Zeitungen

3005 1133 3019 1154 5
3031 1128 3171 1160 Tonhallestr.
3195 1124 3291 1160 Zürich
3316 1127 3433 1153 Goethestr.
3444 1124 3475 1151 10

421 1315 451 1347 □
474 1312 602 1348 (Korresp.
624 1319 684 1342 vom
702 1314 729 1341 2.
748 1311 906 1346 Dezember.)

305 1376 368 1412 Die
392 1375 567 1417 ordentliche
590 1373 816 1416 Wintersession
849 1372 900 1407 der
938 1371 1080 1407 Bundes¬

240 1420 457 1463 versammlung
482 1419 638 1462 verspricht
662 1417 714 1459 sich
739 1414 846 1459 ruhig
865 1416 1015 1450 abwickeln
1046 1425 1081 1459 zu

240 1465 367 1506 wollen;
391 1473 438 1497 am
463 1463 610 1506 Horizont
635 1461 671 1503 ist
695 1461 757 1495 kein
779 1454 825 1495 die
848 1460 991 1495 Gemüter
1014 1460 1081 1503 auf¬

241 1508 382 1552 regendes
405 1507 612 1541 Traktandum
637 1504 770 1549 sichtbar,
798 1504 877 1547 wohl
900 1504 968 1538 aber
988 1503 1083 1547 liegen

242 1552 392 1596 Geschäfte
413 1550 515 1592 bereit,
560 1550 604 1585 die
644 1549 805 1590 Studium,
848 1548 964 1589 Arbeit,
1006 1549 1083 1584 Ver¬

241 1598 359 1641 tiefung
383 1596 510 1639 fordern.
557 1595 644 1638 Ohne
667 1592 869 1637 Schmeichelei
894 1593 961 1636 darf
984 1593 1083 1636 gesagt

241 1642 367 1682 werden,
396 1639 453 1682 daß
478 1639 509 1674 in
534 1639 587 1674 den
611 1639 714 1682 letzten
739 1638 855 1682 Jahren
871 1638 940 1680 nach
956 1637 1081 1679 Kräften

241 1686 289 1721 die
312 1685 384 1729 Zeit
406 1694 460 1727 zur
483 1682 589 1719 Arbeit
612 1684 783 1725 ausgenützt
821 1682 938 1724 wurde;
983 1680 1082 1724 hierin

241 1729 349 1774 scheint
371 1728 440 1771 nach
475 1727 631 1771 vielfachen
669 1726 905 1768 Bestätigungen
950 1725 1078 1760 Wandel

244 1772 405 1817 gegenüber
428 1771 530 1806 weiter
570 1770 816 1814 zurückliegenden
859 1769 976 1812 Jahren
1023 1768 1085 1803 ein¬

244 1821 376 1861 getreten
398 1825 433 1859 zu
456 1815 528 1857 sein.
578 1816 676 1850 Wenn
720 1818 754 1847 es
798 1814 931 1856 trotzdem
976 1811 1087 1847 einmal

243 1861 389 1905 passieren
411 1859 497 1898 kann,
533 1858 591 1900 daß
615 1858 677 1893 eine
700 1857 833 1899 Tagliste
860 1856 1024 1899 „versagt",
1053 1856 1087 1898 so

244 1905 367 1948 braucht
390 1914 459 1939 man
484 1902 529 1937 die
554 1901 646 1946 Klage
669 1900 748 1945 nicht
772 1900 857 1944 gleich
880 1911 916 1944 zu
941 1898 1087 1943 generali¬

244 1950 349 1995 sieren.

310 1994 369 2032 Im
391 1991 604 2034 Vordergrund
630 1989 701 2034 steht
726 1988 870 2031 natürlich
901 1988 947 2024 die
970 1988 1087 2024 Bud¬

245 2038 557 2081 getberatung.
605 2033 668 2070 Die
712 2032 945 2076 Kommissionen
990 2032 1087 2066 beider

245 2083 327 2118 Räte
351 2080 443 2123 haben
469 2080 596 2120 beraten,
635 2077 689 2113 wie
712 2078 774 2112 und
797 2087 847 2112 um
871 2076 926 2111 wie
950 2076 1007 2110 viel
1030 2077 1086 2110 das

245 2123 472 2167 Budgetdefizit
494 2123 548 2167 sich
573 2122 739 2166 reduzieren
762 2121 840 2164 lasse.
890 2120 950 2154 Sie
987 2120 1086 2163 stellen

247 2168 362 2205 allerlei
385 2169 536 2210 Anträge,
577 2171 637 2201 uns
661 2166 731 2199 aber
768 2165 835 2199 aber
858 2164 923 2199 will
946 2164 1081 2207 scheinen,

246 2224 317 2250 man
341 2212 424 2255 führe
448 2211 487 2245 da
508 2211 586 2245 denn
620 2209 686 2252 doch
725 2209 974 2252 Scheinmanöver
1012 2212 1080 2248 aus,

248 2258 310 2294 und
334 2264 417 2298 wage
440 2259 474 2289 es
495 2254 584 2297 nicht,
616 2254 673 2288 den
695 2252 786 2287 Stier
808 2264 848 2287 an
871 2253 926 2287 den
948 2253 1088 2296 Hörnern

250 2314 287 2347 zu
309 2300 418 2344 packen.
462 2298 533 2333 Von
560 2296 710 2340 fraglicher
735 2297 815 2331 Güte
838 2297 873 2339 ist
896 2297 946 2330 der
969 2296 1088 2338 Antrag

252 2346 306 2389 auf
329 2343 513 2385 Streichung
531 2342 583 2376 des
599 2341 729 2384 Postens
746 2348 804 2374 von
829 2342 1007 2381 1,000,000
1030 2341 1085 2383 Fr.

249 2391 300 2433 für
322 2390 378 2423 den
415 2384 748 2428 Amortisationsfonds
785 2384 836 2417 des
873 2383 1089 2426 Konversions¬

251 2432 406 2476 anleihens
429 2439 489 2465 von
513 2432 609 2464 1897.
661 2428 787 2462 Warum
821 2427 875 2461 den
912 2428 1089 2462 Bundesrat

252 2476 443 2518 veranlassen,
481 2474 546 2509 eine
562 2472 700 2517 gesunder
715 2470 1002 2516 Finanzgebahrung
1026 2475 1090 2506 ent¬

251 2522 415 2565 sprungene
453 2518 615 2560 Maßregel
662 2514 860 2559 aufzugeben?
908 2514 995 2549 Wird
1041 2515 1091 2549 der

254 2565 365 2610 Posten
389 2563 551 2606 gestrichen,
580 2562 607 2604 so
633 2560 702 2602 muß
728 2570 759 2594 er
774 2558 881 2602 einfach
897 2559 993 2600 später
1009 2559 1092 2602 nach¬

252 2609 352 2652 geholt
377 2608 500 2647 werden,
530 2613 692 2648 gewonnen
707 2604 745 2646 ist
761 2602 854 2637 damit
870 2602 979 2645 nichts.
1014 2603 1092 2645 Auch

254 2653 362 2696 scheint
386 2656 417 2685 es
441 2651 491 2684 der
527 2648 768 2691 ständerätlichen
790 2647 986 2687 Kommission
1010 2646 1093 2680 dabei

252 2697 336 2740 selbst
360 2695 438 2737 nicht
461 2694 536 2736 recht
561 2694 639 2736 wohl
660 2702 696 2735 zu
720 2691 788 2733 sein,
829 2690 1005 2733 wenigstens
1027 2690 1094 2733 fügt

254 2741 294 2782 sie
316 2738 372 2778 bei,
401 2737 447 2770 die
471 2737 655 2778 Streichung
678 2736 751 2778 habe
775 2736 828 2769 den
844 2734 944 2775 Sinn,
972 2734 1029 2776 daß
1045 2734 1091 2768 bei

253 2783 346 2818 einem
372 2780 540 2822 allfälligen
558 2778 893 2823 Rechnungsüberschuß
910 2779 962 2812 des
979 2778 1094 2821 Jahres

254 2828 339 2860 1899
365 2824 397 2858 in
412 2824 499 2865 erster
512 2823 599 2857 Linie
623 2823 695 2865 diese
719 2823 850 2857 Million
875 2823 936 2856 dem
961 2821 1097 2856 Amorti¬

252 2867 462 2913 sationsfonds
486 2866 665 2910 zuzuweisen
701 2866 752 2907 sei.
793 2865 901 2908 Hierin
940 2866 1012 2907 liegt
1046 2866 1096 2899 der

252 2914 325 2956 beste
350 2910 481 2951 Beweis,
525 2910 585 2951 daß
607 2918 678 2944 man
716 2909 825 2951 einfach
863 2909 950 2942 Wert
987 2909 1096 2950 darauf

253 2959 337 2999 legte,
390 2954 458 2997 nach
484 2954 590 2996 Außen
613 2953 662 2988 ein
699 2955 828 2986 netteres
873 2951 1014 2993 Bildchen
1059 2961 1094 2994 zu

252 3002 362 3046 zeigen.
397 3000 468 3033 Das
493 2998 527 3040 ist
553 2997 619 3032 aber
645 2996 677 3031 in
699 2995 914 3040 Finanzsachen
937 2994 1014 3038 nicht
1038 2994 1094 3029 das

252 3044 374 3087 richtige
398 3043 566 3085 Vorgehen.
614 3040 692 3076 Dem
716 3040 899 3082 Vernehmen
923 3039 991 3081 nach
1016 3038 1092 3072 wird

253 3090 308 3133 sich
333 3088 409 3122 denn
432 3086 502 3128 auch
525 3086 604 3130 Herr
621 3083 800 3119 Bundesrat
815 3083 930 3127 Hauser
953 3082 1092 3125 energisch

253 3134 384 3176 dagegen
400 3141 451 3174 zur
468 3130 575 3172 Wehre
597 3129 691 3172 setzen.
720 3128 825 3162 Sollte
841 3127 890 3161 der
907 3126 1089 3167 Ständerat,

253 3179 305 3213 der
327 3176 375 3210 die
399 3174 557 3218 Priorität
580 3173 641 3217 hat,
670 3172 792 3215 dennoch
816 3170 907 3213 seiner
930 3169 1096 3212 Komission

252 3220 433 3266 zustimmen,
463 3219 494 3261 so
516 3217 594 3252 wird
618 3226 692 3260 ganz
714 3215 800 3259 sicher
823 3216 872 3249 der
895 3214 1095 3249 Nationalrat

252 3265 345 3308 dieser
370 3263 557 3306 Streichung
580 3261 658 3304 nicht
680 3259 859 3305 zustimmen.

320 3308 392 3343 Mit
415 3307 465 3341 der
489 3305 704 3346 Dekretierung
733 3312 790 3338 von
829 3302 1097 3346 Mehreinnahmen

253 3353 372 3396 verhält
396 3356 427 3385 es
451 3350 504 3393 sich
528 3349 653 3393 ähnlich.
681 3348 750 3383 Wir
775 3348 903 3391 stimmen
920 3345 1098 3390 vollständig

254 3398 311 3432 mit
327 3397 383 3430 den
399 3394 639 3438 Ausführungen
656 3393 738 3427 eines
750 3390 1098 3435 zentralschweizerischen

252 3442 380 3477 Blattes
403 3438 534 3473 überein.
580 3439 623 3472 Es
649 3436 724 3470 wird
750 3443 846 3478 wegen
870 3434 974 3478 solcher
1020 3434 1096 3468 Ein¬

254 3479 706 3527 nahmenerhöhungbeschlüssen
747 3479 807 3513 kein
845 3479 973 3521 Rappen
1018 3478 1099 3520 mehr

256 3527 406 3570 eingehen,
435 3526 486 3558 als
509 3529 542 3558 es
568 3522 705 3566 ohnedies
731 3523 780 3555 der
802 3522 874 3565 Fall
897 3524 985 3555 wäre.
1028 3521 1097 3555 Und

255 3572 345 3614 fügen
371 3568 427 3603 wir
450 3568 505 3607 bei,
552 3567 596 3600 die
619 3566 809 3607 Einnahmen
832 3565 896 3606 sind
921 3565 962 3598 im
986 3574 1096 3614 ganzen

253 3616 317 3661 jetzt
340 3614 420 3656 schon
445 3609 690 3654 hochgeschraubt.
731 3609 789 3644 Um
827 3608 890 3642 eine
927 3607 1096 3641 Reduktion

255 3661 308 3694 des
331 3656 481 3700 Defizites
517 3652 720 3698 herbeiführen
759 3662 793 3696 zu
833 3651 953 3691 können,
996 3651 1096 3692 nehme

254 3712 325 3739 man
352 3701 398 3735 die
420 3699 545 3742 Scheere
584 3699 644 3733 und
690 3697 771 3739 stutze
815 3695 859 3730 die
904 3694 1096 3736 ungezählten

254 3744 493 3782 Subventionen
515 3743 568 3786 für
590 3742 700 3783 Dinge,
745 3740 790 3774 die
813 3739 889 3781 nicht
913 3738 960 3772 ein
984 3737 1094 3780 eigent¬

254 3791 344 3833 liches
384 3786 639 3829 Staatsinteresse
662 3784 766 3828 haben,
816 3783 918 3826 Dinge
964 3781 1009 3815 die
1046 3782 1096 3815 der

256 3836 359 3870 Staat
382 3832 426 3866 bei
466 3829 706 3873 wohlgespicktem
755 3827 862 3863 Beutel
907 3825 1097 3868 unterstützen

255 3879 320 3922 soll,
343 3877 391 3911 die
412 3876 472 3918 ihm
498 3875 567 3908 aber
590 3873 667 3916 nicht
684 3872 729 3907 die
746 3871 855 3906 Mittel
869 3871 920 3913 für
936 3869 1097 3912 wichtigere

256 3921 414 3962 Auslagen
437 3919 552 3952 rauben
577 3918 690 3960 dürfen.
742 3916 821 3950 Man
845 3915 914 3958 höre
952 3914 1005 3956 auf
1042 3913 1098 3947 mit

256 3966 307 4000 der
329 3962 504 4005 unheimlich
529 3962 640 4003 starken
666 3958 970 4000 Subventionierung
993 3957 1097 4000 reicher

256 4005 539 4049 Genossenschaften,
593 4003 817 4046 wohlhabender
840 4002 996 4037 Verbände
1020 4002 1094 4036 aller

1123 1215 1193 1255 Art,
1221 1212 1387 1256 begüterter
1408 1210 1517 1254 Kreise,
1544 1209 1591 1244 die
1613 1213 1645 1244 es
1668 1219 1742 1253 ganz
1772 1207 1883 1251 einfach
1905 1217 1959 1242 an¬

1126 1257 1275 1302 genehmer
1298 1256 1408 1299 finden,
1445 1262 1534 1290 wenn
1556 1253 1606 1289 der
1628 1253 1720 1289 Bund
1745 1252 1807 1296 ihre
1851 1246 1960 1286 Sekre¬

1127 1302 1236 1337 tariate
1257 1300 1381 1344 bezahlt,
1426 1300 1474 1334 als
1498 1305 1584 1333 wenn
1607 1297 1645 1341 sie
1668 1297 1750 1340 selbst
1772 1296 1826 1331 den
1849 1295 1960 1331 Beutel

1128 1345 1228 1389 öffnen
1249 1344 1371 1387 müssen.
1397 1343 1553 1386 Auslagen
1576 1342 1625 1385 für
1647 1341 1777 1381 Bauten,
1807 1340 1852 1375 die
1868 1340 1962 1375 weder

1127 1390 1188 1434 jetzt
1213 1388 1354 1431 dringend
1377 1387 1472 1431 nötig,
1501 1387 1569 1430 noch
1586 1387 1682 1429 später
1697 1384 1863 1428 Bedürfnis
1881 1384 1955 1427 sind,

1129 1436 1211 1476 möge
1234 1443 1302 1467 man
1327 1432 1470 1476 streichen.
1497 1432 1561 1466 Der
1585 1429 1797 1474 diplomatische
1821 1430 1958 1472 Apparat

1129 1477 1203 1521 ließe
1226 1477 1277 1520 sich
1303 1480 1390 1512 unter
1427 1475 1646 1519 Beibehaltung
1685 1474 1735 1508 des
1780 1473 1961 1516 Charakters

1130 1523 1177 1557 der
1201 1522 1421 1563 Vertretungen
1445 1520 1478 1554 in
1501 1520 1554 1554 den
1578 1518 1785 1562 verschiedenen
1824 1517 1961 1552 Ländern

1130 1565 1247 1609 billiger
1271 1565 1418 1608 gestalten,
1447 1571 1533 1599 wenn
1556 1574 1624 1599 man
1647 1562 1722 1604 nicht
1748 1562 1890 1605 allzusehr
1914 1561 1959 1595 die

1131 1610 1288 1654 Schemata
1327 1609 1375 1644 der
1398 1608 1597 1651 Großstaaten
1636 1606 1811 1650 nachahmen
1848 1605 1958 1640 würde.

1130 1655 1178 1691 An
1203 1654 1311 1697 solchen
1335 1654 1395 1687 und
1420 1652 1568 1696 ähnlichen
1606 1652 1727 1692 Dingen
1772 1650 1864 1692 lassen
1910 1649 1962 1692 sich

1131 1698 1260 1734 dauernd
1284 1697 1429 1740 Abstriche
1446 1696 1621 1738 anbringen.
1647 1694 1824 1738 Allerdings
1840 1693 1961 1736 müßten

1132 1743 1177 1777 die
1200 1742 1399 1784 Anregungen
1422 1741 1497 1783 dazu
1520 1745 1578 1774 aus
1601 1740 1656 1774 den
1678 1738 1779 1773 Räten
1817 1739 1955 1778 kommen,

1133 1785 1187 1822 wie
1211 1785 1255 1820 die
1280 1785 1501 1827 Veranlassung
1524 1793 1559 1826 zu
1597 1784 1651 1818 den
1688 1782 1850 1825 Ausgaben
1897 1782 1965 1824 auch

1134 1838 1191 1865 von
1215 1830 1333 1872 dorther
1366 1829 1440 1863 kam.
1489 1829 1553 1862 Der
1599 1826 1775 1863 Bundesrat
1812 1827 1864 1870 hat
1909 1826 1965 1860 das

1134 1874 1253 1917 Budget
1277 1872 1379 1916 gemäß
1403 1873 1456 1907 den
1480 1872 1615 1915 früheren
1637 1870 1817 1913 Beschlüssen
1862 1870 1965 1913 aufzu¬

1134 1918 1243 1962 stellen.
1284 1918 1337 1952 Da
1360 1916 1429 1951 aber
1452 1916 1492 1950 im
1516 1915 1595 1951 Rate
1619 1919 1650 1950 es
1674 1914 1810 1949 niemand
1833 1915 1889 1949 mit
1912 1915 1966 1949 den

1133 1961 1251 2004 Kreisen
1275 1961 1431 1996 verderben
1453 1959 1528 2001 will,
1571 1959 1617 1994 die
1654 1959 1795 2003 getroffen
1841 1959 1956 1993 werden

1134 2006 1262 2047 müßten,
1292 2005 1367 2040 wird
1406 2009 1439 2039 es
1462 2003 1542 2047 wohl
1581 2003 1628 2039 ein
1668 2003 1805 2047 frommer
1843 2003 1965 2046 Wunsch

1134 2050 1255 2090 bleiben,
1307 2049 1364 2092 daß
1388 2050 1443 2083 das
1482 2048 1601 2091 Budget
1625 2048 1656 2082 in
1695 2046 1881 2091 Einnahmen
1904 2048 1964 2081 und

1133 2094 1296 2136 Ausgaben
1320 2092 1523 2135 ausgeglichen
1546 2092 1648 2126 werde.

1199 2138 1258 2173 Die
1274 2138 1365 2180 Wahl
1382 2138 1433 2171 des
1449 2135 1762 2179 Bundespräsidenten
1778 2135 1813 2178 ist
1829 2135 1959 2178 gegeben,

1134 2182 1302 2224 vermutlich
1319 2182 1386 2224 auch
1409 2180 1455 2215 die
1471 2181 1522 2214 des
1539 2180 1805 2224 Vizepräsidenten,
1832 2180 1964 2222 nachdem

1135 2227 1178 2262 die
1203 2225 1546 2267 Bundesversammlung
1568 2225 1661 2266 letztes
1678 2224 1758 2267 Jahr
1780 2223 1828 2258 ein
1851 2224 1965 2266 Präju¬

1136 2270 1179 2313 diz
1197 2270 1360 2312 geschaffen,
1390 2269 1506 2312 wonach
1530 2268 1637 2311 zuerst
1637 2268 1700 2311 alle
1715 2278 1808 2302 neuen
1826 2268 1967 2302 Bundes¬

1136 2313 1369 2356 ratsmitglieder
1419 2322 1471 2355 zur
1532 2311 1785 2354 Primas-Würde
1845 2311 1968 2354 erhoben

1137 2358 1251 2394 werden
1271 2356 1373 2400 sollen,
1424 2356 1512 2390 bevor
1545 2355 1650 2390 wieder
1673 2354 1753 2389 einer
1775 2355 1824 2388 der
1847 2355 1968 2389 Aeltern

1137 2412 1175 2438 an
1221 2401 1266 2435 die
1312 2400 1404 2442 Reihe
1442 2400 1557 2440 kommt,
1597 2400 1642 2433 die
1676 2398 1756 2442 schon
1779 2398 1888 2433 einmal
1925 2398 1970 2433 die

1137 2444 1386 2491 Präsidentschaft
1410 2443 1545 2478 bekleidet
1567 2443 1670 2486 haben.

1203 2489 1270 2524 Mit
1294 2488 1440 2531 Interesse
1462 2487 1536 2530 sieht
1560 2497 1629 2522 man
1652 2488 1702 2521 der
1724 2487 1881 2529 Beratung
1920 2486 1970 2520 des

1139 2532 1443 2579 Forstpolizeigesetzes
1467 2535 1617 2575 entgegen.
1659 2531 1705 2566 Es
1742 2541 1808 2573 mag
1835 2531 1866 2573 ja
1890 2530 1970 2573 schon

1139 2577 1242 2621 richtig
1266 2577 1335 2620 sein,
1364 2577 1422 2618 daß
1445 2586 1514 2610 man
1538 2576 1616 2617 mehr
1639 2575 1714 2618 thun
1730 2575 1822 2616 sollte,
1852 2575 1900 2609 als
1924 2574 1970 2609 die

1139 2621 1333 2664 Kommission
1356 2620 1389 2654 in
1413 2620 1496 2663 ihren
1520 2619 1699 2662 bereinigten
1722 2619 1878 2661 Anträgen
1903 2626 1969 2652 vor¬

1140 2666 1256 2710 schlägt.
1283 2664 1365 2698 Man
1389 2664 1460 2705 muß
1484 2663 1552 2697 aber
1574 2663 1642 2698 eben
1666 2663 1806 2705 beachten,
1844 2662 1902 2703 daß
1925 2662 1970 2696 die

1140 2708 1335 2751 Kommission
1358 2707 1450 2750 selbst,
1483 2707 1516 2741 in
1539 2706 1791 2749 unvermeidlicher
1814 2706 1972 2749 Rücksicht¬

1141 2753 1246 2795 nahme
1269 2752 1323 2795 auf
1344 2751 1392 2785 die
1414 2750 1648 2793 gegenwärtigen
1672 2749 1860 2793 finanziellen
1898 2750 1974 2784 Ver¬

1143 2796 1280 2841 hältnisse
1304 2796 1355 2830 des
1378 2795 1515 2833 Bundes,
1559 2794 1610 2837 sich
1648 2793 1729 2836 weise
1754 2794 1973 2836 Beschränkung

1143 2841 1301 2882 auferlegte
1314 2839 1372 2873 und
1392 2838 1536 2881 Abstriche
1552 2839 1665 2881 machte,
1695 2838 1739 2871 die
1755 2837 1793 2879 sie
1809 2838 1974 2881 anfänglich

1143 2884 1219 2926 nicht
1242 2882 1414 2924 voraussah.
1464 2883 1560 2916 Unter
1590 2883 1651 2916 dem
1676 2881 1901 2924 Gesichtspunkt
1925 2882 1974 2915 der

1141 2926 1333 2968 allgemeinen
1356 2925 1524 2967 Interessen
1549 2925 1680 2961 verdient
1703 2926 1758 2958 das
1775 2925 1971 2968 unbedingtes

1141 2971 1214 3005 Lob.
1262 2970 1320 3004 Um
1367 2969 1396 3011 so
1434 2969 1499 3011 eher
1537 2969 1638 3012 dürfen
1678 2968 1723 3002 die
1761 2969 1971 3012 Forstmänner

1141 3013 1315 3056 begründete
1338 3011 1475 3055 Aussicht
1498 3012 1598 3056 haben,
1642 3012 1699 3054 daß
1737 3012 1819 3055 ihren
1858 3013 1973 3047 weiter¬

1142 3057 1283 3102 gehenden
1309 3056 1466 3099 Wünschen
1490 3056 1671 3100 entsprochen
1695 3055 1779 3097 wird,
1807 3056 1907 3099 sobald
1925 3058 1973 3091 der

1141 3114 1259 3137 nervus
1281 3113 1387 3135 rerum
1421 3101 1705 3135 confoederationis
1742 3101 1797 3134 das
1843 3101 1969 3135 erlaubt.

1207 3145 1275 3180 Und
1299 3148 1332 3179 es
1354 3144 1425 3186 muß
1449 3144 1554 3178 wieder
1592 3144 1681 3188 besser
1718 3143 1854 3186 kommen,
1906 3145 1973 3179 weil

1143 3189 1195 3231 auf
1218 3189 1263 3223 die
1286 3189 1385 3231 Länge
1408 3188 1508 3231 unsere
1531 3198 1569 3222 an
1592 3188 1639 3222 ein
1674 3188 1861 3232 Haushalten
1902 3190 1973 3230 ohne

1143 3233 1273 3276 Defizite
1297 3233 1446 3275 gewöhnte
1470 3232 1672 3275 Bevölkerung
1710 3237 1741 3265 es
1765 3232 1841 3275 nicht
1864 3233 1972 3267 dulden

1144 3277 1230 3317 wird,
1269 3277 1328 3318 daß
1350 3276 1392 3310 im
1414 3276 1507 3311 Bund
1530 3276 1575 3309 die
1611 3275 1775 3318 Ausgaben
1820 3276 1852 3310 in
1896 3276 1975 3310 einer

1146 3321 1239 3363 Weise
1262 3320 1396 3363 wachsen,
1425 3319 1483 3362 daß
1500 3320 1546 3353 die
1562 3320 1747 3363 Einnahmen
1764 3319 1840 3362 nicht
1857 3320 1975 3362 Schritt

1146 3365 1246 3409 halten
1261 3365 1382 3399 können.
1424 3364 1468 3398 Es
1486 3364 1542 3407 gilt
1558 3374 1629 3398 neue
1645 3363 1925 3407 Einnahmequellen
1941 3374 1976 3405 zu

1145 3409 1255 3453 suchen.
1304 3409 1390 3451 Fasse
1413 3418 1482 3442 man
1506 3418 1564 3443 nur
1588 3408 1633 3442 die
1655 3407 1774 3449 Quelle,
1817 3415 1902 3442 wenn
1940 3409 1978 3450 sie

1146 3454 1289 3497 gefunden
1315 3453 1358 3495 ist,
1403 3452 1490 3495 gleich
1515 3452 1671 3496 ordentlich
1697 3451 1757 3493 tief,
1806 3452 1901 3486 damit
1938 3451 1976 3495 sie

1145 3497 1270 3540 reichlich
1294 3496 1426 3539 sprudle;
1466 3497 1547 3530 dann
1569 3496 1643 3530 wird
1668 3496 1716 3530 der
1739 3496 1832 3530 Bund
1856 3496 1924 3538 auch
1948 3496 1979 3530 in

1145 3540 1189 3575 die
1214 3541 1290 3582 Lage
1316 3540 1452 3582 kommen,
1497 3540 1550 3582 auf
1583 3540 1644 3574 dem
1669 3539 1789 3575 Gebiete
1814 3540 1864 3574 des
1904 3540 1979 3574 Ver¬

1146 3584 1236 3627 kehrs,
1265 3585 1315 3617 der
1339 3584 1412 3626 Post
1436 3584 1496 3617 und
1521 3584 1569 3618 der
1593 3583 1793 3626 Telegraphen
1818 3584 1979 3628 diejenigen

1145 3627 1401 3670 Erleichterungen
1426 3627 1568 3661 eintreten
1584 3637 1617 3670 zu
1636 3627 1734 3669 lassen,
1757 3627 1801 3660 die
1818 3627 1977 3670 zeitgemäß

1143 3669 1224 3713 sind;
1257 3671 1337 3703 dann
1361 3670 1437 3704 wird
1461 3680 1530 3704 man
1555 3679 1611 3704 von
1636 3672 1697 3705 dem
1722 3670 1828 3711 Axiom
1852 3672 1979 3714 abgehen

1144 3714 1264 3754 können,
1293 3714 1367 3755 Post
1401 3714 1462 3748 und
1502 3714 1666 3757 Telegraph
1694 3713 1778 3754 (incl.
1806 3715 1971 3758 Telephon)

1143 3757 1262 3799 müßten
1286 3757 1363 3799 nicht
1385 3766 1445 3791 nur
1467 3757 1521 3799 sich
1545 3757 1625 3798 selbst
1662 3757 1790 3799 erhalten
1831 3759 1892 3792 und
1931 3759 1976 3792 die

1144 3800 1260 3843 eigenen
1284 3800 1447 3841 Ausgaben
1478 3800 1689 3842 amortisieren,
1732 3800 1855 3841 sondern
1894 3802 1978 3842 sogar

1144 3845 1211 3887 noch
1235 3844 1318 3879 einen
1342 3843 1471 3879 Gewinn
1495 3844 1544 3887 für
1588 3843 1633 3878 die
1678 3843 1847 3886 allgemeine
1892 3845 1978 3887 Kasse

1145 3888 1301 3932 abwerfen.

2158 1232 2239 1285 Des
2268 1231 2432 1284 Kaisers
2459 1229 2679 1283 Heimkehr.

2360 1313 2426 1350 ♂♂
2444 1311 2597 1347 Berlin,
2620 1313 2643 1342 1.
2664 1309 2813 1347 Dezember.

2072 1365 2140 1399 Das
2162 1363 2337 1407 Kaiserpaar
2358 1362 2425 1406 hält
2447 1361 2531 1405 heute
2563 1360 2658 1404 seinen
2692 1359 2832 1404 feier¬

2006 1408 2137 1451 lichen
2159 1408 2330 1451 Einzug
2353 1407 2386 1441 in
2403 1406 2526 1447 Berlin;
2550 1405 2596 1440 die
2608 1404 2742 1447 Kaiserin
2757 1402 2834 1437 wird

2006 1452 2090 1487 dabei
2114 1452 2152 1487 im
2175 1452 2289 1494 Wagen
2306 1452 2354 1486 der
2369 1450 2472 1493 Kaiser
2487 1459 2522 1492 zu
2538 1449 2647 1492 Pferde
2662 1447 2834 1492 erscheinen;

2006 1497 2052 1531 bei
2076 1497 2123 1531 der
2146 1495 2334 1539 Gelegenheit
2356 1494 2464 1537 möchte
2490 1493 2530 1536 ich
2553 1492 2734 1535 berichtigen,
2777 1490 2835 1532 daß

2007 1541 2055 1575 der
2078 1540 2184 1584 Kaiser
2206 1539 2283 1583 nicht
2305 1538 2349 1573 bei
2374 1539 2437 1573 dem
2462 1537 2596 1580 Einzuge
2625 1537 2655 1570 in
2678 1534 2832 1578 Jersalem,

2007 1585 2130 1626 sondern
2152 1584 2197 1619 bei
2221 1584 2271 1618 der
2294 1582 2492 1625 Einweihung
2524 1581 2572 1615 der
2596 1579 2784 1623 Erlöserkiche
2800 1578 2832 1613 in

2007 1629 2087 1671 jener
2109 1628 2248 1670 Rüstung
2287 1627 2347 1661 und
2370 1623 2586 1668 Kleiderpracht
2625 1625 2747 1667 auftrat,
2791 1622 2836 1657 die

2009 1674 2060 1715 ihn
2084 1673 2138 1708 wie
2160 1671 2327 1714 Lohengrin
2350 1670 2505 1713 erscheinen
2528 1669 2598 1712 ließ.
2626 1670 2720 1713 Heute
2735 1667 2835 1710 durch¬

2008 1717 2083 1760 zieht
2106 1718 2153 1752 der
2174 1716 2278 1758 Kaiser
2310 1723 2368 1749 von
2407 1715 2471 1748 dem
2493 1713 2533 1747 im
2571 1713 2750 1755 Tiergarten
2788 1710 2834 1745 be¬

2009 1761 2125 1804 legenen
2158 1759 2338 1803 Schlößchen
2376 1761 2517 1796 Bellevue
2562 1760 2611 1795 ein
2653 1755 2744 1792 Stück
2789 1756 2838 1790 der

2011 1803 2418 1848 Berlin-Charlottenburger
2441 1801 2588 1845 Chaussee,
2639 1802 2724 1836 reitet
2747 1799 2832 1842 durch

2012 1850 2068 1884 das
2103 1847 2351 1890 Brandenburger
2388 1847 2473 1890 Thor
2509 1846 2554 1880 die
2591 1846 2709 1888 Straße
2744 1844 2841 1879 Unter

2011 1894 2065 1927 den
2089 1893 2200 1928 Linden
2225 1892 2344 1934 entlang
2389 1901 2439 1925 am
2475 1890 2619 1925 Denkmal
2656 1890 2706 1924 des
2743 1888 2841 1924 Alten

2011 1937 2089 1980 Fritz
2126 1937 2186 1972 und
2231 1936 2292 1970 dem
2338 1934 2617 1970 Nationaldenkmal
2661 1934 2711 1969 des
2756 1932 2838 1967 alten

2010 1981 2128 2024 Kaisers
2152 1981 2200 2015 bis
2222 1990 2287 2023 zum
2310 1979 2449 2015 Berliner
2472 1978 2663 2022 Stadtschloß
2701 1986 2740 2011 an
2791 1977 2840 2010 der

2011 2026 2119 2068 Spree.
2146 2024 2225 2060 Sein
2249 2023 2362 2067 Einzug
2402 2023 2468 2066 geht
2508 2023 2567 2065 also
2606 2022 2651 2057 die
2688 2020 2836 2064 berühmte

2010 2069 2167 2112 historische
2191 2067 2473 2111 Triumph-Straße
2500 2067 2630 2109 entlang,
2658 2065 2755 2108 welche
2771 2064 2839 2107 nach

2010 2115 2063 2148 den
2087 2113 2209 2156 Kriegen
2232 2120 2290 2146 von
2315 2114 2408 2152 1864,
2439 2113 2520 2144 1866
2544 2111 2606 2145 und
2632 2110 2769 2144 1870/71
2796 2109 2839 2143 die

2010 2157 2238 2201 heimkehrenden
2263 2155 2428 2198 siegreichen
2445 2155 2606 2198 Feldherrn
2623 2164 2660 2188 an
2676 2153 2725 2188 der
2740 2152 2841 2196 Spitze

2012 2203 2062 2235 der
2085 2203 2226 2244 Truppen
2250 2200 2383 2242 umringt
2407 2207 2466 2233 von
2502 2200 2550 2232 der
2588 2197 2744 2240 jubelnden
2782 2197 2842 2231 Be¬

2011 2246 2166 2288 völkerung
2190 2244 2393 2286 durchmaßen.
2420 2243 2486 2277 Vor
2500 2243 2562 2276 dem
2578 2240 2844 2283 Brandenburger-

2013 2290 2112 2332 Thore
2135 2288 2257 2328 werden,
2286 2287 2341 2321 wie
2362 2287 2409 2320 bei
2425 2287 2474 2320 der
2488 2286 2629 2328 Rückkehr
2643 2286 2721 2328 jener
2736 2284 2846 2326 Sieger

2014 2333 2060 2366 die
2105 2332 2335 2373 Würdenträger
2386 2331 2437 2364 der
2492 2330 2591 2364 Stadt
2647 2328 2736 2363 neben
2793 2329 2846 2362 den

2016 2376 2137 2419 Spitzen
2159 2376 2208 2410 der
2231 2374 2422 2409 Generalität
2445 2375 2505 2408 und
2543 2373 2739 2409 Admiralität
2785 2373 2839 2406 das

2015 2420 2190 2462 Kaiserpaar
2202 2418 2358 2460 begrüßen.
2378 2420 2444 2453 Der
2456 2417 2684 2460 Bürgermeister
2695 2416 2846 2459 Kirschner

2017 2465 2067 2498 der
2090 2464 2141 2506 seit
2164 2463 2306 2506 ungefähr
2329 2462 2420 2496 einem
2444 2461 2546 2505 halben
2569 2462 2665 2505 Jahre
2688 2460 2841 2503 vergeblich

2016 2509 2069 2551 auf
2093 2508 2136 2542 die
2159 2506 2314 2550 kaiserliche
2338 2506 2532 2548 Bestätigung
2563 2506 2653 2547 seiner
2690 2512 2752 2539 vom
2786 2505 2839 2538 den

2016 2551 2304 2586 Stadtverordneten
2328 2551 2513 2593 vollzogenen
2537 2550 2628 2593 Wahl
2657 2559 2721 2592 zum
2745 2548 2841 2583 Ober¬

2017 2595 2235 2639 bürgermeister
2273 2594 2399 2630 Berlins
2445 2595 2537 2638 harrt,
2586 2594 2662 2628 wird
2709 2592 2846 2635 umgeben

2018 2648 2076 2674 von
2101 2639 2389 2674 Stadtverordneten
2414 2639 2474 2672 und
2511 2638 2753 2673 Gemeinderäten
2792 2637 2845 2670 den

2018 2683 2255 2727 heimkehrenden
2279 2682 2378 2725 Kaiser
2401 2682 2459 2716 mit
2495 2682 2586 2716 einem
2610 2680 2847 2716 Willkommens¬

2019 2728 2096 2770 gruß
2118 2727 2158 2761 im
2181 2727 2296 2762 Namen
2319 2727 2367 2759 der
2391 2726 2491 2760 Stadt
2521 2726 2701 2769 empfangen,
2749 2724 2843 2758 wobei

2020 2771 2066 2805 die
2087 2771 2314 2814 Kirchenglocken
2336 2770 2440 2804 läuten
2462 2770 2583 2804 werden.
2622 2770 2681 2804 Die
2705 2768 2847 2810 gesamten

2020 2815 2121 2850 Garde
2137 2816 2278 2857 Truppen
2295 2815 2408 2847 werden
2426 2814 2479 2847 den
2494 2814 2565 2855 Weg
2585 2814 2705 2855 entlang
2722 2812 2849 2855 Spalier

2019 2859 2116 2893 bilden
2140 2859 2198 2892 und
2224 2858 2254 2891 in
2279 2858 2339 2891 dem
2355 2858 2530 2900 Lustgarten
2550 2857 2624 2891 beim
2642 2856 2753 2901 Schloß
2770 2856 2846 2890 wird

2018 2912 2083 2945 zum
2107 2902 2238 2946 Schlusse
2262 2902 2323 2935 eine
2347 2902 2466 2944 Parade
2489 2901 2669 2944 abgehalten.
2705 2900 2760 2935 Bei
2785 2901 2847 2934 dem

2019 2947 2133 2989 schönen
2157 2946 2280 2985 Wetter,
2308 2946 2362 2979 das
2386 2945 2444 2979 wir
2467 2945 2549 2987 heute
2565 2945 2667 2988 haben,
2695 2944 2770 2979 wird
2786 2944 2843 2978 das

2019 2989 2191 3032 Schauspiel
2214 2989 2242 3031 so
2267 2990 2396 3024 lärmend
2421 2990 2483 3023 und
2499 2989 2527 3031 so
2544 2990 2684 3031 glänzend
2708 2988 2761 3022 wie
2785 2998 2844 3022 nur

2018 3034 2137 3077 möglich
2161 3033 2228 3076 sein,
2258 3033 2334 3068 denn
2357 3034 2407 3067 der
2429 3033 2566 3076 feierliche
2605 3033 2720 3075 Einzug
2757 3032 2852 3075 findet

2019 3078 2156 3120 Mittags
2180 3087 2229 3111 um
2245 3078 2259 3108 1
2276 3077 2339 3120 Uhr
2361 3078 2442 3119 statt,
2472 3078 2532 3119 also
2554 3088 2606 3120 zur
2624 3078 2702 3120 Zeit,
2730 3084 2777 3110 wo
2800 3076 2849 3119 für

2019 3121 2064 3155 die
2087 3121 2200 3164 meisten
2225 3120 2372 3164 Geschäfte
2395 3122 2457 3155 und
2480 3121 2656 3164 Komptoirs
2680 3120 2725 3155 die
2762 3121 2851 3163 große

2020 3165 2212 3208 Essenspause
2246 3164 2290 3207 ist,
2319 3172 2364 3198 wo
2399 3165 2544 3205 Arbeiter,
2572 3165 2768 3208 Schulkinder
2791 3165 2851 3198 und

2020 3208 2251 3251 Ladenmädchen
2277 3209 2328 3251 auf
2350 3209 2411 3242 dem
2447 3208 2649 3251 Mittagsweg
2687 3208 2760 3251 sind,
2806 3215 2851 3242 wo

2019 3258 2051 3287 es
2075 3252 2239 3295 überhaupt
2254 3262 2294 3287 an
2309 3252 2398 3295 jedem
2416 3253 2607 3294 Wochentage
2623 3261 2680 3286 von
2695 3252 2851 3294 Menschen

2021 3297 2053 3331 in
2077 3297 2130 3331 den
2147 3297 2285 3337 Straßen
2301 3296 2452 3330 wimmelt.
2480 3297 2628 3339 Während
2645 3297 2694 3330 des
2711 3295 2846 3337 Einzugs

2022 3341 2087 3384 sind
2103 3340 2274 3384 polizeiliche
2292 3341 2642 3383 Straßen-Sperrungen
2659 3341 2845 3382 angeordnet,

2023 3389 2088 3419 was
2113 3386 2176 3428 noch
2200 3385 2300 3418 weiter
2322 3395 2372 3427 zur
2394 3384 2583 3427 Aufstauung
2600 3385 2703 3424 starker
2726 3383 2847 3425 Massen

2025 3429 2098 3471 nahe
2120 3430 2167 3462 der
2191 3428 2459 3471 Einzugs-Straße
2481 3428 2628 3471 Vorschub
2651 3428 2750 3471 leistet.

2070 3474 2155 3515 Ohne
2171 3473 2279 3517 großen
2295 3474 2445 3515 Aufwand
2462 3482 2518 3507 von
2531 3473 2693 3517 Phantasie
2710 3473 2784 3506 kann
2800 3472 2851 3515 sich

2027 3518 2083 3551 das
2093 3518 2267 3560 Kaiserpaar
2283 3517 2419 3551 inmitten
2432 3518 2483 3551 des
2495 3517 2852 3560 Menschengewühls,das

2028 3561 2080 3604 sich
2106 3562 2213 3604 infolge
2237 3562 2286 3596 der
2301 3561 2605 3604 Verkehrs-Störung
2622 3561 2748 3604 aufthun
2764 3560 2850 3601 wird,

2026 3606 2256 3649 vorübergehend
2290 3607 2337 3639 der
2373 3605 2629 3649 schmeichelhaften
2666 3605 2855 3646 Vorstellung

2025 3649 2174 3693 hingeben,
2219 3650 2276 3689 daß
2300 3655 2330 3683 es
2354 3650 2479 3692 wirklich
2517 3650 2563 3683 ein
2602 3650 2660 3684 Art
2698 3649 2855 3691 sieghaften

2025 3692 2174 3735 Einzuges
2199 3693 2230 3726 in
2255 3693 2299 3726 die
2315 3693 2592 3737 Reichshauptstadt
2616 3694 2689 3735 hält.
2718 3693 2786 3727 Nur
2811 3693 2855 3726 die

2024 3737 2269 3778 weißgekleideten
2315 3738 2643 3779 Ehren-Jungfrauen
2688 3737 2747 3770 und
2793 3736 2855 3770 eine

2023 3780 2303 3822 psalmen-singende
2326 3781 2531 3823 Schuljugend
2547 3781 2625 3814 wird
2648 3780 2757 3823 fehlen;
2782 3779 2855 3821 diese

2023 3833 2057 3864 zu
2076 3823 2237 3865 beschaffen,
2259 3831 2322 3857 war
2340 3824 2385 3865 für
2401 3825 2448 3857 die
2463 3824 2602 3859 Berliner
2618 3823 2852 3868 Hoflieferanten

2023 3867 2084 3900 und
2109 3866 2457 3909 Magistrats-Personen
2482 3868 2526 3901 die
2541 3862 2612 3910 Zeit
2627 3872 2668 3910 zu
2687 3868 2760 3910 kurz.
2788 3867 2854 3901 Wie

2022 3909 2129 3951 gesagt,
2171 3911 2226 3944 das
2250 3910 2409 3953 äußerliche
2434 3911 2506 3946 Bild
2544 3911 2620 3945 wird
2666 3910 2710 3945 bei
2755 3915 2853 3952 gutem

2022 3953 2136 3987 Wetter
2158 3953 2204 3988 ein
2229 3953 2417 3996 bestechendes
2442 3955 2509 3997 sein,
2554 3955 2622 3997 auch
2647 3965 2683 3988 an
2710 3954 2853 3996 tüchtigen

2021 3996 2261 4040 Hurrrahrufern
2288 3998 2362 4032 wird
2385 4003 2418 4032 es
2443 3998 2518 4041 nicht
2541 3999 2651 4042 fehlen;
2697 3997 2734 4041 sie
2757 3998 2852 4041 fehlen

2875 1199 2924 1235 nie
2946 1199 3007 1234 und
3040 1197 3089 1232 bei
3122 1197 3214 1232 keiner
3252 1194 3443 1239 Gelegenheit
3480 1193 3513 1229 in
3557 1192 3636 1228 einer
3676 1192 3709 1236 so

2877 1244 2988 1287 großen
3011 1241 3113 1277 Stadt
3141 1241 3199 1276 wie
3220 1239 3339 1275 Berlin.

2943 1284 3021 1319 Was
3045 1282 3114 1317 aber
3136 1281 3235 1325 hinter
3258 1280 3311 1314 den
3349 1278 3517 1322 befohlenen
3553 1278 3712 1320 Truppen-

2880 1328 3051 1371 Spalieren,
3103 1326 3202 1370 hinter
3247 1324 3296 1359 der
3317 1323 3404 1359 Kette
3442 1322 3492 1357 der
3527 1321 3713 1364 neugierigen

2881 1372 3106 1415 Müßiggänger
3139 1370 3202 1405 und
3236 1368 3286 1403 der
3315 1367 3401 1412 ihren
3447 1366 3715 1410 Geschäftsgängen

2882 1416 3105 1459 aufgehaltenen
3126 1413 3384 1455 Menschenmenge
3418 1411 3474 1445 das
3517 1409 3620 1453 übrige
3664 1418 3714 1443 ar¬

2882 1460 3012 1495 beitende
3035 1459 3097 1493 und
3118 1458 3273 1501 nüchterne
3295 1455 3403 1491 Berlin
3426 1462 3483 1489 von
3504 1454 3568 1489 dem
3611 1461 3714 1497 pomp¬

2884 1504 2984 1547 haften
3007 1503 3137 1546 Einzuge
3161 1500 3243 1536 denkt
3267 1499 3327 1535 und
3352 1499 3425 1543 sagt,
3469 1498 3524 1532 das
3562 1498 3635 1532 wird
3666 1498 3716 1532 der

2885 1547 3034 1584 Kenntnis
3058 1547 3109 1581 des
3132 1545 3327 1589 Kaiserpaars
3367 1543 3445 1586 wohl
3482 1542 3612 1577 dauernd
3650 1545 3713 1577 ent¬

2886 1602 2973 1636 zogen
2996 1590 3120 1626 bleiben.
3147 1589 3267 1625 Leider!
3290 1588 3361 1630 muß
3385 1597 3454 1622 man
3470 1586 3633 1621 bedauernd
3649 1585 3716 1629 hin¬

2885 1637 3016 1680 zufügen,
3045 1636 3121 1670 denn
3135 1635 3193 1669 das
3209 1633 3289 1677 kurze
3303 1633 3483 1674 Vergnügen
3498 1631 3551 1665 des
3567 1630 3715 1674 Einzuges

2886 1681 2922 1723 ist
2944 1680 3023 1724 wohl
3038 1680 3122 1714 kaum
3136 1679 3184 1714 die
3196 1677 3302 1719 langen
3318 1676 3466 1719 kritischen
3481 1675 3716 1717 Betrachtungen

2887 1728 2969 1765 wert,
2996 1724 3097 1767 welche
3117 1728 3150 1758 es
3174 1721 3417 1764 durchschnittlich
3441 1720 3482 1753 im
3503 1720 3613 1762 Gefolg
3650 1719 3714 1760 hat.

2951 1766 3024 1801 Seit
3048 1767 3110 1801 dem
3132 1766 3217 1808 Tage
3240 1765 3290 1798 der
3325 1762 3468 1805 Rückkehr
3504 1762 3556 1796 des
3593 1755 3714 1803 Kaisers

2886 1811 2918 1846 in
2942 1811 3093 1854 Potsdam
3115 1809 3191 1844 wird
3214 1808 3271 1843 das
3308 1807 3434 1850 Gerücht
3480 1805 3556 1849 nicht
3600 1805 3712 1847 stumm,

2886 1855 2943 1897 daß
2967 1855 3016 1890 der
3054 1854 3126 1898 Chef
3164 1854 3215 1888 des
3261 1851 3439 1894 kaiserlichen
3483 1849 3715 1884 Civilkabinetts

2886 1901 2963 1944 Herr
2986 1899 3013 1934 v.
3039 1899 3243 1933 Lucanus
3283 1895 3352 1930 bald
3376 1903 3433 1930 von
3456 1894 3560 1937 seinem
3605 1893 3713 1938 Posten

2886 1944 3007 1987 scheiden
3030 1943 3133 1978 werde.
3184 1940 3244 1977 Die
3267 1940 3349 1975 einen
3373 1938 3506 1982 glauben,
3558 1948 3589 1973 er
3625 1938 3717 1972 werde

2886 1989 2972 2031 gehen
2996 1988 3044 2022 als
3069 1987 3164 2030 Opfer
3208 1984 3260 2019 des
3303 1984 3475 2027 Lippeschen
3518 1982 3707 2026 Streitfalls,

2886 2032 2953 2067 weil
2975 2031 3022 2066 ein
3046 2029 3238 2066 Sündenbock
3284 2029 3427 2072 gefunden
3473 2027 3586 2062 werden
3608 2026 3706 2069 müsse,

2885 2077 2945 2111 dem
2970 2076 3015 2110 die
3038 2075 3154 2119 schroffe
3178 2073 3309 2118 Fassung
3345 2073 3396 2106 der
3432 2071 3610 2114 kaiserlichen
3656 2072 3718 2105 De¬

2886 2121 2976 2163 pesche
3000 2130 3036 2154 an
3062 2121 3115 2154 den
3153 2118 3401 2160 Graf-Regenten
3439 2109 3628 2158 aufzuhalsen
3665 2114 3714 2157 sei,

2886 2165 2979 2198 damit
3023 2163 3087 2198 eine
3129 2161 3371 2206 Verständigung
3425 2160 3569 2203 geschehen
3614 2159 3713 2194 könne.

2888 2208 3003 2243 Andere
3024 2210 3186 2247 vermuten,
3229 2206 3305 2249 Herr
3328 2212 3357 2238 v.
3385 2205 3523 2238 Lucanus
3547 2203 3618 2246 habe
3662 2202 3714 2245 auf

2890 2253 2938 2286 der
2960 2249 3221 2294 Palästina-Reise
3243 2246 3297 2292 sich
3335 2248 3382 2282 die
3425 2247 3573 2291 bisherige
3615 2247 3722 2281 Gnade

2891 2296 2944 2330 des
2967 2295 3089 2339 Kaisers
3111 2294 3272 2338 verscherzt.
3320 2292 3439 2327 Wieder
3484 2292 3589 2326 andere
3624 2294 3716 2331 raten,

2891 2341 2968 2384 Herr
2991 2348 3019 2374 v.
3047 2340 3187 2373 Lucanus
3224 2337 3263 2380 sei
3285 2337 3449 2380 überhaupt
3476 2335 3639 2370 amtsmüde
3661 2335 3721 2369 und

2891 2385 2972 2427 sehne
2995 2372 3047 2426 sich
3072 2383 3138 2427 nach
3163 2383 3254 2417 einem
3278 2381 3432 2424 ruhigeren
3456 2381 3576 2423 Posten.
3617 2379 3720 2414 Darin

2891 2429 2957 2462 aber
2980 2428 3110 2470 stimmen
3144 2427 3191 2461 die
3229 2425 3344 2468 meisten
3390 2424 3516 2466 überein,
3569 2423 3625 2466 daß
3670 2424 3719 2457 der

2894 2472 3044 2515 „schwarze
3068 2472 3208 2512 Mann",
3257 2471 3305 2504 der
3328 2468 3482 2511 Minister,
3525 2468 3575 2502 der
3609 2467 3723 2510 welcher

2891 2516 2978 2560 ihnen
3002 2517 3085 2559 ihren
3108 2516 3207 2557 Sturz
3230 2524 3265 2556 zu
3288 2513 3449 2547 verkünden
3474 2512 3533 2555 hat,
3578 2518 3662 2545 wenn
3682 2511 3723 2554 sie

2891 2560 2959 2603 nach
2984 2560 3097 2594 Seiner
3129 2558 3277 2601 Majestät
3299 2557 3481 2599 Auffassung
3525 2554 3726 2599 abschiedsreif

2891 2605 2964 2646 sind,
2995 2604 3097 2647 gerade
3120 2603 3184 2646 jetzt
3207 2602 3307 2636 weiter
3323 2601 3365 2635 im
3381 2601 3468 2635 Amte
3484 2599 3595 2634 bleiben
3619 2599 3719 2640 werde,

2892 2648 3024 2691 nachdem
3048 2648 3081 2681 in
3104 2648 3152 2681 der
3177 2646 3278 2690 Presse
3300 2653 3359 2680 von
3389 2644 3493 2687 seinem
3529 2645 3625 2687 nahen
3663 2643 3725 2678 Ab¬

2893 2692 2979 2735 schied
3003 2692 3114 2735 geredet
3137 2690 3267 2725 worden.
3315 2690 3408 2724 Denn
3439 2689 3494 2722 das
3516 2688 3573 2730 soll
3595 2687 3724 2729 unserem

2894 2736 3030 2779 heutigen
3052 2735 3220 2778 politischen
3243 2733 3468 2775 Volksglauben
3490 2732 3592 2774 gemäß
3616 2731 3648 2765 in
3671 2731 3725 2766 den

2895 2780 3010 2820 meisten
3032 2780 3138 2823 Fällen
3163 2778 3231 2822 noch
3256 2778 3357 2812 immer
3394 2778 3449 2811 das
3495 2776 3567 2818 beste
3611 2773 3721 2810 Mittel

2895 2824 2964 2866 sein,
3013 2824 3097 2858 einen
3120 2823 3228 2857 bereits
3253 2822 3303 2856 ins
3349 2821 3480 2855 Wanken
3524 2820 3721 2862 gekommenen

2896 2869 3036 2910 Minister
3061 2868 3127 2902 oder
3143 2866 3287 2909 sonstigen
3302 2865 3533 2907 Würdenträger
3548 2863 3653 2898 wieder
3676 2863 3725 2898 bis

2898 2913 2948 2956 auf
2972 2912 3116 2947 Weiteres
3138 2922 3174 2955 zu
3199 2909 3361 2954 befestigen.

3175 2979 3190 2994 *
3304 2997 3319 3012 *
3426 2976 3443 2992 *

3186 3033 3244 3062 ♂♂
3267 3029 3418 3062 Berlin,
3438 3028 3485 3057 den
3505 3031 3528 3056 1.
3547 3027 3692 3062 Dezember.

2962 3078 3024 3111 Der
3047 3075 3183 3118 feierliche
3206 3074 3318 3118 Einzug
3342 3074 3395 3108 des
3418 3073 3622 3116 Kaiserpaares
3657 3072 3726 3115 ging

2897 3120 2977 3163 heute
3000 3121 3103 3163 mittag
3125 3118 3363 3162 programmäßig
3401 3118 3431 3152 in
3469 3113 3517 3151 der
3540 3116 3644 3150 bereits
3682 3126 3727 3159 ge¬

2897 3165 3056 3207 schilderten
3081 3165 3172 3208 Form
3195 3171 3247 3197 vor
3270 3163 3330 3206 sich.
3378 3162 3448 3197 Von
3470 3161 3530 3195 vier
3567 3160 3727 3203 prächtigen

2897 3210 3021 3250 Rappen
3056 3219 3186 3252 gezogen,
3225 3207 3308 3241 rollte
3345 3206 3396 3240 der
3433 3205 3523 3248 offene
3546 3204 3728 3248 Galawagen

2895 3253 3002 3297 einher,
3025 3253 3056 3287 in
3081 3252 3210 3294 welchem
3225 3251 3270 3284 die
3280 3249 3414 3292 Kaiserin
3437 3249 3496 3292 saß,
3519 3248 3676 3292 eingehüllt
3695 3248 3729 3282 in

2896 3297 2988 3339 Zobel
3011 3296 3071 3330 und
3097 3297 3243 3330 Sammet.
3290 3293 3396 3338 Hinter
3419 3294 3466 3336 ihr
3487 3293 3539 3327 ritt
3562 3293 3610 3326 der
3621 3292 3728 3334 Kaiser,

2895 3341 2947 3373 den
2986 3340 3030 3373 die
3067 3350 3115 3373 am
3152 3338 3267 3380 meisten
3306 3337 3489 3380 neugierigen
3511 3336 3649 3371 Berliner
3681 3344 3729 3370 am

2896 3383 3011 3425 liebsten
3048 3384 3080 3417 in
3119 3383 3168 3417 der
3205 3381 3461 3425 phantasiereichen
3497 3379 3604 3422 Tracht
3641 3380 3729 3420 seiner

2896 3426 3069 3470 Orientreise
3093 3427 3205 3470 gesehen
3228 3426 3335 3468 hätten,
3360 3425 3400 3458 im
3424 3434 3532 3466 grauen
3552 3423 3729 3458 Kavallerie¬

2896 3472 3004 3505 mantel
3025 3470 3080 3505 mit
3103 3469 3363 3514 orangenfarbener
3386 3469 3526 3511 Schärpe.
3552 3468 3625 3502 Eine
3641 3467 3730 3501 bunte

2897 3516 2994 3550 Wolke
3016 3523 3073 3549 von
3087 3513 3312 3556 Stallmeistern,
3335 3512 3515 3554 Adjutanten
3539 3514 3575 3546 u.
3585 3512 3603 3553 s.
3616 3519 3653 3546 w.
3666 3521 3730 3545 um¬

2899 3560 2987 3604 hüllte
3010 3560 3065 3593 das
3090 3558 3271 3602 Kaiserpaar.
3295 3557 3354 3591 Am
3377 3555 3624 3599 Brandenburger
3648 3555 3731 3598 Thor

2900 3603 2954 3646 gab
2978 3607 3102 3637 namens
3139 3603 3189 3637 der
3212 3601 3387 3636 Stadtväter
3424 3601 3473 3634 der
3505 3599 3732 3643 Bürgermeister

2900 3647 3047 3691 Kirschner
3082 3648 3129 3681 der
3162 3645 3360 3689 tiefgefühlten
3384 3644 3496 3688 Freude
3529 3645 3581 3677 des
3604 3643 3732 3678 Wieder¬

2900 3692 2998 3735 sehens
3021 3691 3210 3733 rednerischen
3232 3688 3391 3729 Ausdruck,
3426 3688 3541 3730 worauf
3563 3687 3612 3722 der
3633 3687 3733 3730 Kaiser

2900 3736 2929 3769 in
2953 3736 3085 3778 längerer
3108 3735 3202 3768 lauter
3224 3733 3384 3775 Ansprache
3407 3734 3583 3771 antwortete,
3603 3731 3678 3773 „daß
3699 3739 3731 3765 er

2900 3779 2984 3821 hoffe,
3008 3783 3039 3812 es
3063 3778 3100 3820 sei
3122 3778 3183 3820 ihm
3213 3777 3266 3810 mit
3288 3767 3377 3818 seiner
3399 3775 3482 3813 Reise
3503 3775 3656 3818 gelungen,
3690 3783 3731 3809 an

2899 3824 2946 3855 der
2969 3821 3126 3864 erhabenen
3150 3819 3285 3862 Aufgabe
3306 3818 3510 3862 mitzuwirken,
3534 3818 3590 3853 den
3612 3818 3733 3853 Völker¬

2898 3865 3005 3908 frieden
3026 3875 3062 3907 zu
3085 3864 3266 3908 befestigen".
3310 3864 3382 3897 Das
3406 3863 3523 3903 Wetter,
3556 3862 3732 3906 vormittags

2898 3909 2950 3950 erst
2973 3909 3036 3949 kalt,
3062 3908 3129 3943 aber
3151 3907 3264 3950 sonnig,
3288 3907 3430 3941 wandelte
3452 3906 3504 3950 sich
3526 3906 3665 3961 während
3681 3907 3732 3941 des

2899 3954 3029 3996 Umzugs
3053 3953 3086 3987 in
3109 3951 3311 3995 abscheulichen
3342 3951 3445 3993 Regen
3483 3961 3542 3991 um,
3581 3950 3630 3985 der
3667 3949 3735 3985 aber

2900 3997 2974 4040 nicht
2997 3997 3085 4040 große
3109 3995 3468 4039 Menschenansammlung
3492 3994 3630 4038 hinderte.

539 4121 835 4189 Feuilleton.

463 4237 589 4266 Dritter
607 4234 900 4267 Rathausvortrag.

302 4291 470 4329 Pfarrer
487 4287 616 4318 Meili:
636 4286 708 4316 Die
726 4284 917 4319 Religion
937 4283 971 4312 in
991 4283 1053 4312 der

430 4328 584 4364 Politik
603 4327 666 4357 der
685 4325 927 4360 Gegenwart.

314 4381 368 4411 Ein
388 4379 469 4413 Gang
489 4377 564 4411 durch
584 4376 620 4405 die
642 4374 782 4408 Geschichte
800 4373 843 4402 der
879 4370 1100 4407 Tagesereignisse

258 4422 303 4450 der
322 4421 486 4454 Gegenwart
504 4417 575 4453 zeigt,
616 4414 669 4448 daß
706 4414 746 4442 die
783 4412 905 4447 Religion
925 4411 1018 4440 immer
1037 4410 1097 4444 noch

258 4460 334 4489 einen
356 4458 452 4492 großen
467 4456 580 4490 Einfluß
599 4455 646 4488 auf
666 4454 715 4483 das
735 4452 859 4489 politische
878 4450 958 4480 Leben
990 4449 1097 4479 ausübt.

257 4498 343 4533 Zwar
356 4497 422 4529 nicht
434 4499 502 4525 etwa
515 4496 579 4529 bloß
594 4496 618 4524 in
634 4494 730 4529 China,
751 4494 778 4522 in
792 4493 834 4521 der
848 4490 1101 4526 mohamedanischen

258 4536 337 4571 Welt,
380 4535 406 4563 in
425 4534 474 4563 den
494 4533 738 4568 Missionsgebieten
758 4532 873 4567 Afrikas,
914 4530 1021 4565 sondern
1041 4528 1100 4563 auch

259 4577 288 4607 in
309 4576 424 4609 Europa.
461 4574 517 4603 Der
537 4572 660 4602 bekannte
680 4572 909 4607 Oberprokurator
930 4571 975 4600 des
994 4569 1101 4604 heiligen

259 4614 388 4650 Synods,
411 4611 633 4648 Pobjedonoszeff,
659 4611 703 4645 hat
722 4611 751 4640 in
776 4611 843 4641 einer
865 4609 1038 4643 Streitschrift
1057 4608 1102 4641 auf

257 4656 426 4690 Westeuropa
447 4652 492 4682 als
511 4651 559 4685 auf
579 4652 617 4681 ein
638 4650 836 4684 abschreckendes
868 4650 980 4685 Beispiel
1017 4649 1102 4685 hinge¬

257 4695 359 4729 wiesen,
402 4701 442 4722 wo
470 4692 509 4721 die
528 4692 633 4726 meisten
655 4690 786 4723 Konflikte
805 4690 921 4726 zwischen
942 4689 1030 4723 Kirche
1050 4688 1103 4717 und

258 4736 350 4765 Staat
369 4732 528 4768 stattfinden.
573 4731 623 4761 Die
646 4730 735 4764 Kirche
757 4730 819 4765 habe
839 4730 892 4764 hier
911 4730 980 4759 keine
1000 4729 1103 4763 Selbst¬

258 4773 411 4810 ständigkeit
447 4772 526 4807 mehr,
571 4771 612 4800 der
652 4770 740 4800 Staat
778 4770 809 4803 sei
838 4770 892 4798 und
911 4769 1004 4804 regiere
1024 4768 1100 4803 alles,

257 4813 357 4844 arbeite
376 4812 461 4841 damit
480 4812 537 4840 dem
560 4810 755 4847 Sozialismus
787 4811 815 4839 in
844 4810 885 4838 die
921 4808 1013 4843 Hände
1050 4807 1105 4837 und

258 4853 357 4886 dränge
397 4851 435 4880 die
472 4850 581 4885 Bürger
615 4858 678 4880 vom
714 4849 850 4885 religiösen
869 4849 951 4878 Leben
970 4848 1010 4878 ab.
1052 4847 1105 4878 Die

258 4891 370 4925 Formel
390 4890 516 4919 Cavours
534 4898 588 4919 von
624 4889 670 4919 der
708 4889 788 4923 freien
824 4888 913 4923 Kirche
951 4888 988 4917 im
1025 4887 1105 4922 freien

259 4929 363 4958 Staate
383 4928 415 4962 sei
434 4929 489 4957 eine
509 4929 573 4957 leere
593 4928 701 4962 Phrase.
743 4929 824 4958 Ueber
843 4928 883 4957 die
902 4927 1105 4963 protestantische

258 4967 414 5002 Konfession
433 4967 491 5001 sagt
510 4967 732 5003 Pobjedonoszeff,
775 4968 806 5001 sie
844 4968 875 5002 sei
912 4968 1033 5003 nüchtern
1051 4968 1105 4996 und

258 5008 303 5043 für
339 5007 380 5035 die
417 5005 516 5038 Russen
535 5006 604 5038 nicht
621 5006 744 5041 geeignet.
786 5007 842 5036 Der
861 5007 1105 5043 Protestantismus

256 5047 323 5083 habe
343 5044 492 5080 allerdings
512 5045 620 5078 Großes
642 5045 749 5079 gewirkt
768 5045 805 5074 bei
825 5045 946 5082 Völkern,
982 5055 1010 5083 zu
1030 5047 1105 5077 deren

256 5086 403 5122 Charakter
420 5093 447 5115 er
466 5084 543 5119 passe.
582 5084 659 5118 Diese
680 5084 836 5119 Grundsätze
856 5085 901 5119 hat
921 5087 960 5116 die
991 5087 1105 5121 russische

256 5126 359 5164 Politik
379 5126 407 5154 in
426 5124 474 5154 den
496 5123 732 5159 Ostseeprovinzen,
770 5125 797 5153 in
816 5124 859 5153 der
878 5125 1041 5160 Verfolgung
1062 5127 1105 5156 der

257 5166 421 5201 Stundisten
439 5173 466 5195 u.
491 5164 509 5196 s.
529 5172 564 5193 w.
587 5164 612 5192 in
633 5163 673 5191 die
693 5163 793 5198 Praxis
811 5164 949 5199 umgesetzt.
972 5165 1025 5195 Die
1038 5166 1104 5200 Auf¬

256 5208 361 5244 fassung
381 5207 424 5235 der
442 5204 584 5238 römischen
603 5202 693 5237 Kirche
711 5203 739 5232 in
778 5203 859 5236 diesen
898 5204 1008 5239 Dingen
1046 5206 1104 5241 geht

255 5248 304 5282 auf
324 5248 364 5276 die
385 5244 615 5277 mittelalterlichen
649 5242 778 5277 Theorien
808 5242 854 5272 des
892 5243 1012 5277 Thomas
1051 5253 1103 5274 von

254 5288 365 5323 Aquino
385 5285 437 5316 und
457 5285 498 5314 die
516 5284 668 5319 päpstlichen
688 5282 787 5312 Bullen
806 5282 896 5317 zurück,
921 5283 995 5316 durch
1014 5284 1102 5317 welche

253 5333 332 5358 unter
351 5326 460 5356 anderm
479 5325 530 5354 alle
551 5323 697 5357 Getauften
716 5323 762 5352 der
781 5323 934 5357 päpstlichen
953 5324 1103 5358 Herrschaft

253 5368 434 5402 unterworfen
454 5366 567 5396 werden.
606 5365 665 5394 Wie
685 5363 741 5392 dies
760 5362 840 5398 Ideal
860 5367 937 5392 unter
966 5364 1102 5399 günstigen

1147 4095 1305 4129 Umständen
1343 4093 1507 4128 verwirklicht
1544 4094 1642 4123 werden
1679 4092 1778 4127 könnte,
1820 4093 1902 4129 zeigen
1935 4092 1979 4123 die

1148 4135 1317 4170 Philippinen
1336 4134 1384 4163 mit
1403 4134 1470 4169 ihrer
1489 4132 1735 4168 Mönchsherrschaft
1765 4133 1818 4162 und
1856 4134 1979 4168 Spanien

1149 4174 1226 4209 selbst,
1250 4183 1290 4204 wo
1311 4174 1382 4209 selbst
1403 4174 1481 4209 große
1496 4174 1687 4207 Bankinstitute
1701 4173 1744 4207 sich
1765 4173 1791 4202 in
1810 4173 1857 4202 den
1871 4174 1979 4208 Händen

1148 4213 1190 4243 der
1203 4214 1323 4249 Jesuiten
1338 4213 1465 4247 befinden.
1486 4214 1529 4249 In
1542 4213 1644 4248 Italien
1663 4212 1734 4247 sehen
1753 4212 1800 4242 wir
1820 4213 1867 4242 den
1881 4213 1979 4243 Wider¬

1148 4252 1218 4287 streit
1236 4252 1351 4287 zwischen
1370 4253 1511 4287 Papsttum
1532 4253 1584 4281 und
1604 4251 1863 4288 Landesautonomie,
1900 4253 1979 4286 dessen

1147 4291 1261 4326 jüngster
1278 4292 1411 4320 Ausdruck
1429 4292 1468 4321 die
1487 4292 1610 4326 Unruhen
1646 4293 1673 4321 in
1709 4291 1835 4321 Mailand
1871 4293 1981 4326 gewesen

1145 4330 1210 4363 sind.
1235 4330 1321 4363 Sonst
1335 4331 1431 4365 könnte,
1449 4331 1510 4364 bloß
1525 4332 1553 4360 in
1566 4332 1698 4367 religiöser
1712 4331 1824 4365 Hinsicht
1838 4331 1976 4366 betrachtet,

1149 4368 1190 4397 der
1210 4369 1342 4403 päpstliche
1362 4370 1449 4404 Stuhl
1469 4370 1517 4399 mit
1537 4370 1592 4399 dem
1608 4371 1693 4406 Hause
1709 4371 1837 4405 Savoyen
1856 4371 1981 4405 zufrieden

1149 4408 1205 4442 sein,
1230 4408 1273 4441 hat
1293 4408 1351 4441 doch
1371 4409 1409 4437 die
1428 4409 1505 4444 junge
1520 4410 1729 4445 Kronprinzessin
1748 4411 1786 4439 bei
1805 4411 1872 4445 ihrer
1890 4412 1982 4445 Heirat

1149 4447 1186 4476 die
1207 4447 1351 4480 katholische
1365 4448 1488 4482 Religion
1502 4449 1546 4478 als
1566 4449 1604 4478 die
1624 4450 1703 4479 allein
1723 4450 1821 4486 richtige
1841 4451 1892 4480 und
1912 4451 1981 4486 selig-

1149 4486 1279 4520 machende
1299 4486 1462 4520 beschworen.
1503 4488 1545 4521 In
1565 4489 1713 4523 Frankreich
1733 4489 1762 4523 ist
1783 4489 1820 4519 die
1857 4491 1981 4525 Religion

1149 4535 1198 4557 von
1218 4525 1283 4560 jeher
1302 4529 1376 4554 unter
1406 4526 1561 4560 politischem
1600 4527 1811 4564 Gesichtspunkte
1848 4529 1983 4565 aufgefaßt

1150 4566 1261 4597 worden.
1290 4565 1344 4594 Die
1362 4564 1424 4599 erste
1443 4566 1605 4596 Revolution
1625 4566 1678 4596 und
1699 4568 1724 4596 in
1743 4577 1847 4598 neuerer
1864 4569 1923 4604 Zeit
1941 4570 1982 4598 die

1150 4603 1403 4638 Unterrichtsreform
1416 4604 1498 4639 Jules
1514 4605 1613 4640 Ferrys
1627 4606 1670 4640 hat
1685 4606 1789 4642 vielfach
1803 4608 1979 4644 säkularisiert,

1150 4647 1209 4676 aber
1230 4644 1359 4678 schließlich
1379 4641 1442 4673 nur
1442 4641 1498 4673 das
1518 4644 1672 4679 Anwachsen
1693 4647 1749 4683 der
1787 4648 1983 4682 Klosterschulen

1152 4694 1193 4722 zur
1215 4685 1295 4720 Folge
1316 4683 1405 4719 gehabt
1424 4683 1477 4712 und
1497 4683 1547 4712 das
1566 4684 1707 4719 Papsttum
1727 4686 1772 4720 hat
1791 4687 1851 4720 auch
1872 4688 1922 4717 mit
1940 4688 1983 4718 der

1152 4725 1276 4760 Republik
1295 4724 1367 4754 einen
1386 4722 1578 4758 annehmbaren
1598 4726 1694 4753 modus
1713 4727 1823 4755 vivendi
1843 4728 1980 4762 gefunden.

1151 4767 1191 4802 In
1230 4764 1399 4798 Deutschland
1437 4763 1467 4796 ist
1503 4763 1553 4792 das
1590 4764 1718 4793 Centrum
1750 4765 1790 4794 die
1809 4766 1983 4801 Verbindung

1151 4804 1281 4841 religiöser
1299 4804 1353 4833 und
1371 4802 1510 4836 politischer
1525 4803 1660 4837 Faktoren.
1682 4804 1770 4833 Dabei
1789 4806 1920 4839 verhalten
1939 4807 1984 4840 sich

1154 4844 1191 4875 die
1210 4841 1400 4878 maßgebenden
1419 4840 1561 4875 kirchlichen
1579 4841 1665 4876 Kreise
1685 4841 1713 4870 in
1731 4841 1818 4878 Bezug
1838 4843 1885 4876 auf
1916 4845 1983 4879 poli¬

1154 4884 1221 4918 tische
1242 4884 1300 4913 oder
1320 4881 1537 4916 kirchenpolitische
1557 4881 1660 4916 Fragen
1681 4888 1744 4915 ganz
1763 4881 1922 4918 verschieden,
1957 4884 1983 4918 ja

1153 4922 1367 4958 widersprechend.
1407 4921 1444 4950 Ae
1470 4920 1535 4954 nlich
1555 4920 1611 4955 geht
1630 4924 1657 4950 es
1677 4921 1799 4955 übrigens
1837 4922 1897 4956 auch
1935 4924 1984 4952 mit

1153 4965 1198 4994 den
1221 4963 1326 4998 Spitzen
1344 4964 1387 4991 der
1406 4960 1630 4996 protestantischen
1649 4960 1892 4996 Kirchenbehörden,
1935 4962 1983 4991 den

1153 5015 1274 5035 summus
1288 5004 1432 5040 episcopus
1446 5001 1488 5030 der
1502 5000 1628 5035 deutschen
1643 5000 1860 5036 protestantischen
1871 5000 1984 5031 Landes¬

1152 5045 1226 5080 kirche
1244 5044 1309 5079 nicht
1329 5046 1542 5078 ausgenommen.
1584 5044 1651 5069 1890
1670 5041 1715 5076 hat
1734 5040 1777 5071 der
1807 5041 1984 5075 Oberkirchen¬

1152 5088 1194 5116 rat
1213 5085 1241 5114 in
1260 5083 1354 5114 Berlin
1372 5083 1411 5112 die
1430 5082 1455 5117 so
1474 5080 1523 5111 iale
1542 5081 1691 5116 Bewegung
1710 5080 1752 5111 der
1772 5081 1880 5116 Pfarrer
1899 5085 1983 5111 unter¬

1153 5126 1229 5162 stützt,
1270 5127 1338 5153 1895
1375 5124 1485 5158 dagegen
1506 5122 1611 5152 wurden
1631 5122 1670 5151 die
1690 5121 1799 5157 Pfarrer
1818 5122 1980 5158 angewiesen,

1152 5165 1195 5201 sich
1216 5173 1267 5194 von
1286 5164 1368 5198 diesen
1388 5164 1495 5197 Dingen
1514 5170 1544 5199 zu
1563 5161 1700 5197 enthalten,
1724 5162 1755 5190 da
1776 5161 1806 5195 sie
1828 5161 1913 5191 davon
1927 5162 1984 5197 doch

1152 5205 1233 5239 nichts
1251 5203 1408 5240 verständen.
1449 5202 1516 5236 Auch
1536 5202 1601 5236 sonst
1622 5201 1693 5236 führt
1730 5201 1770 5230 die
1806 5201 1982 5237 Verquickung

1151 5244 1281 5279 religiöser
1290 5244 1345 5273 und
1357 5243 1496 5278 politischer
1515 5242 1603 5276 Dinge
1622 5240 1753 5277 Zustände
1772 5241 1862 5277 herbei,
1885 5241 1923 5271 die
1943 5242 1986 5272 der

1152 5284 1335 5318 Gerechtigkeit
1354 5284 1407 5313 und
1427 5283 1591 5319 Konsequenz
1610 5282 1753 5316 entbehren.

1202 5323 1257 5352 Am
1276 5325 1351 5354 Ende
1369 5323 1416 5353 des
1434 5324 1519 5358 letzten
1537 5321 1720 5358 Jahrhundets
1738 5321 1784 5356 hat
1796 5322 1917 5351 Voltaire
1935 5322 1986 5355 sein

1150 5365 1258 5392 écrasez
1277 5365 1400 5393 I'infame
1432 5362 1588 5399 gesprochen.
1627 5362 1697 5392 Aber
1715 5361 1753 5391 die
1775 5361 1899 5396 Religion
1920 5361 1986 5391 wird

2024 4091 2094 4125 wohl
2113 4093 2171 4126 noch
2191 4093 2237 4126 auf
2257 4093 2331 4127 lange
2351 4093 2448 4127 hinaus
2468 4094 2495 4123 in
2514 4093 2561 4123 den
2580 4094 2732 4128 wichtigsten
2751 4094 2856 4129 Fragen

2025 4131 2070 4160 des
2092 4131 2273 4162 Völkerlebens
2294 4133 2332 4162 ein
2352 4134 2508 4169 gewichtiges
2528 4134 2605 4164 Wort
2624 4134 2793 4169 mitsprechen.
2816 4133 2856 4163 Es

2025 4171 2113 4200 würde
2132 4172 2224 4202 darum
2244 4172 2293 4201 den
2312 4173 2544 4203 Staatsmännern
2563 4183 2611 4209 gar
2631 4175 2712 4208 nichts
2742 4171 2853 4208 schaden,

2025 4219 2102 4240 wenn
2120 4211 2152 4244 sie
2171 4211 2404 4247 Kirchengeschichte
2425 4213 2548 4246 studieren
2568 4215 2684 4244 würden.
2717 4211 2785 4247 Auch
2807 4218 2857 4243 aus

2026 4249 2069 4279 der
2090 4251 2184 4284 Schule
2204 4252 2261 4285 läßt
2282 4253 2324 4285 sich
2344 4253 2468 4288 Religion
2488 4254 2551 4286 nicht
2569 4254 2710 4289 beseitigen.
2746 4254 2798 4283 Sie
2819 4254 2856 4283 be¬

2026 4289 2112 4319 deutet
2129 4291 2179 4320 das
2198 4295 2310 4321 centrale
2328 4292 2409 4322 Leben
2429 4293 2475 4322 des
2504 4294 2616 4328 Geistes.
2656 4294 2720 4325 Eine
2755 4293 2857 4327 saubere

2026 4329 2168 4366 Trennung
2187 4339 2238 4361 von
2257 4332 2348 4366 Kirche
2366 4333 2420 4362 und
2458 4333 2546 4363 Staat
2581 4334 2649 4364 wird
2684 4333 2749 4368 nicht
2785 4334 2855 4367 leicht

2027 4370 2136 4404 möglich
2156 4371 2213 4404 sein.
2255 4373 2312 4402 Der
2331 4372 2421 4402 Staat
2441 4373 2505 4402 kann
2524 4373 2564 4407 ihr
2600 4373 2741 4410 gegenüber
2777 4374 2859 4403 weder

2027 4408 2142 4444 feindlich
2161 4410 2220 4443 noch
2240 4410 2387 4446 indifferent
2405 4412 2464 4447 sein,
2481 4421 2506 4442 er
2525 4414 2587 4447 muß
2607 4414 2641 4446 sie
2660 4413 2813 4448 mindestens
2833 4413 2857 4446 so

2028 4452 2075 4483 gut
2112 4450 2283 4485 unterstützen,
2324 4452 2370 4480 wie
2408 4453 2494 4487 Kunst
2529 4454 2581 4481 und
2600 4452 2779 4487 Wissenschaft.
2821 4453 2858 4482 Er

2028 4488 2134 4521 handelt
2151 4490 2177 4518 in
2197 4489 2290 4522 seinem
2309 4491 2414 4526 eigenen
2433 4491 2566 4526 Interesse,
2599 4501 2673 4522 wenn
2692 4500 2718 4521 er
2736 4491 2857 4526 diejenige

2028 4528 2152 4565 Religion
2170 4530 2314 4566 bevorzugt,
2356 4531 2395 4560 die
2433 4540 2477 4560 am
2514 4531 2688 4566 selbstlosesten
2708 4531 2756 4560 das
2775 4531 2857 4560 ideale

2028 4567 2109 4597 Leben
2129 4568 2172 4598 der
2190 4569 2295 4604 Bürger
2314 4570 2398 4605 pflegt,
2443 4571 2505 4605 ohne
2533 4571 2601 4605 selbst
2622 4571 2857 4605 Herrschaftsrechte

2028 4615 2058 4642 zu
2076 4607 2266 4644 beanspruchen.
2307 4610 2406 4645 Mögen
2426 4610 2457 4642 sie
2486 4610 2512 4639 in
2548 4610 2695 4645 Frankreich
2733 4610 2769 4638 die
2808 4610 2857 4639 alte

2029 4644 2122 4680 Devise
2142 4650 2227 4682 „Dieu
2247 4652 2360 4685 protège
2378 4652 2406 4678 la
2424 4649 2543 4678 France"
2567 4649 2706 4685 beseitigen,
2745 4649 2795 4679 wir
2831 4649 2858 4678 in

2029 4687 2073 4716 der
2093 4687 2206 4722 Schweiz
2225 4688 2313 4723 fahren
2332 4697 2374 4717 am
2395 4689 2484 4724 besten,
2506 4697 2579 4718 wenn
2600 4688 2784 4724 Gesetzgebung
2805 4689 2857 4718 und

2030 4727 2177 4762 Regierung
2195 4736 2246 4757 von
2266 4728 2322 4757 dem
2343 4728 2427 4762 Geiste
2449 4728 2547 4762 geleitet
2576 4729 2631 4758 und
2667 4729 2858 4763 durchdrungen

2030 4758 2094 4799 sind,
2134 4766 2176 4795 der
2211 4766 2239 4797 in
2276 4767 2322 4796 den
2341 4767 2420 4801 ersten
2438 4767 2545 4797 Worten
2564 4767 2666 4801 unserer
2684 4767 2857 4798 Bundesver¬

2029 4796 2148 4839 fassung:
2177 4806 2228 4841 Im
2247 4807 2352 4835 Namen
2369 4807 2468 4836 Gottes
2487 4806 2532 4836 des
2550 4807 2753 4845 Allmächtigen!
2772 4808 2859 4843 seinen

2029 4843 2161 4873 Ausdruck
2178 4845 2304 4881 gefunden
2323 4846 2373 4881 hat.
2744 4850 2768 4878 J.
2788 4850 2827 4879 K.

2256 4917 2402 4954 Kleine
2434 4918 2629 4958 Chronik.

2081 4973 2116 4979 —
2134 4960 2183 4989 Ein
2202 4958 2228 4987 in
2247 4959 2401 4993 botanischen
2418 4959 2521 4995 Kreisen
2539 4962 2623 4997 längst
2634 4962 2800 4997 gewünschtes
2810 4964 2863 4993 und

2029 5006 2063 5028 an
2083 4998 2277 5033 maßgebendem
2298 4999 2362 5028 Orte
2381 5000 2441 5033 auch
2460 5001 2636 5031 vorbereitetes
2656 5002 2729 5033 Werk
2747 5003 2794 5036 soll
2804 5005 2864 5038 nach

2029 5038 2086 5066 dem
2105 5037 2247 5067 Landboten
2267 5038 2359 5072 endlich
2389 5047 2434 5073 zur
2460 5040 2635 5077 Ausführung
2665 5042 2796 5079 gelangen,
2826 5043 2864 5072 die

2029 5077 2174 5112 Erstellung
2191 5077 2245 5106 und
2264 5078 2430 5112 Publikation
2450 5080 2517 5117 einer
2534 5081 2651 5117 Flora
2679 5084 2744 5112 des
2766 5083 2863 5112 Kan¬

2029 5120 2119 5146 tons
2137 5117 2267 5153 Zürich.
2308 5118 2387 5153 „Eine
2418 5128 2470 5149 von
2500 5122 2543 5151 der
2565 5122 2735 5158 zürcherischen
2754 5123 2864 5152 Botani¬

2030 5158 2096 5192 schen
2116 5157 2272 5192 Gesellschaft
2292 5166 2339 5188 vor
2357 5160 2438 5189 einem
2457 5160 2540 5196 Jahre
2560 5163 2667 5197 bestellte
2684 5162 2864 5198 Kommission,

2029 5197 2157 5233 bestehend
2175 5201 2226 5228 aus
2245 5199 2294 5228 den
2312 5200 2408 5235 Herren
2428 5201 2505 5235 Prof.
2523 5203 2574 5232 Dr.
2591 5204 2627 5238 H.
2646 5203 2746 5238 Schinz,
2771 5204 2865 5233 Rektor

2030 5238 2083 5267 Dr.
2102 5238 2137 5269 R.
2154 5238 2237 5268 Keller
2254 5239 2451 5276 (Winterthur),
2476 5242 2526 5272 Dr.
2544 5243 2577 5272 C.
2596 5243 2726 5278 Schröter,
2756 5243 2808 5272 Dr.
2827 5243 2864 5273 O.

2031 5278 2125 5313 Rägeli
2143 5278 2195 5308 und
2214 5278 2265 5308 Dr.
2284 5279 2329 5309 M.
2348 5280 2425 5315 Ritli,
2457 5281 2500 5315 hat
2518 5282 2608 5311 bereits
2640 5283 2678 5312 ein
2705 5283 2864 5318 vorläufiges

2030 5317 2285 5353 Arbeitsprogramm
2304 5320 2454 5355 aufgestellt,
2472 5322 2573 5355 welches
2590 5322 2641 5351 mit
2666 5322 2864 5356 entsprechenden

2031 5356 2212 5393 Formularen,
2231 5358 2477 5397 Musteretiquetten,
2494 5361 2676 5397 Kartenskizzen
2694 5363 2747 5391 und
2776 5363 2865 5392 Anlei¬

2901 4097 2963 4128 tung
2983 4094 3030 4123 den
3060 4094 3107 4127 auf
3135 4092 3301 4126 botanischem
3325 4092 3430 4122 Gebiete
3461 4092 3505 4126 sich
3535 4091 3738 4126 Bethätigenden

2902 4133 2976 4167 dieser
2994 4134 3063 4168 Tage
3084 4133 3218 4168 zugesandt
3236 4132 3339 4161 worden
3358 4132 3397 4166 ist.
3435 4131 3538 4166 Gemäß
3566 4132 3622 4160 dem
3649 4131 3738 4166 Zirku¬

2902 4173 2942 4202 lar
2960 4173 3015 4207 sind
3033 4173 3076 4206 für
3095 4173 3132 4202 die
3150 4172 3324 4206 Bearbeitung
3343 4171 3436 4201 bereits
3455 4171 3507 4200 eine
3537 4170 3616 4203 Reihe
3647 4173 3737 4205 ausge¬

2902 4213 3029 4248 zeichneter
3047 4213 3138 4247 Kräfte
3169 4220 3309 4248 gewonnen
3339 4212 3452 4240 worden.
3490 4211 3539 4240 Die
3566 4210 3738 4243 Kommission

2903 4253 2946 4286 hat
2964 4253 3014 4282 das
3032 4253 3176 4286 Bestreben,
3196 4252 3248 4281 eine
3267 4252 3394 4286 möglichst
3421 4250 3585 4284 vollständige
3603 4248 3689 4278 Arbeit
3705 4255 3737 4284 zu

2903 4293 3052 4327 publizieren
3083 4293 3136 4321 und
3154 4293 3196 4321 ein
3215 4291 3290 4320 Werk
3306 4299 3334 4326 zu
3366 4290 3478 4324 schaffen,
3505 4289 3570 4323 „das
3600 4288 3668 4317 allen
3695 4288 3738 4317 be¬

2904 4332 3032 4365 rechtigten
3051 4332 3265 4366 Anforderungen
3294 4330 3421 4363 entspricht
3450 4329 3503 4357 und
3533 4327 3738 4362 gewissermaßen

2904 4371 2946 4400 als
2965 4372 3005 4399 ein
3022 4371 3213 4405 Kompendium
3231 4371 3276 4398 des
3295 4368 3448 4401 botanischen
3461 4367 3572 4401 Wissens
3591 4375 3651 4395 vom
3666 4366 3737 4396 Kan¬

2903 4417 2948 4439 ton
2977 4410 3067 4445 Zürich
3100 4418 3141 4438 am
3171 4409 3243 4439 Ende
3274 4408 3318 4436 des
3342 4406 3514 4443 neunzehnten
3540 4405 3738 4441 Jahrhunderts

2903 4451 2982 4484 gelten
3001 4450 3081 4482 darf."

2953 4503 2987 4508 —
3013 4487 3062 4520 In
3075 4487 3191 4520 Paris
3221 4485 3288 4520 starb
3317 4493 3361 4514 am
3392 4487 3435 4514 27.
3462 4484 3608 4514 November
3625 4485 3669 4514 der
3696 4484 3739 4514 be¬

2902 4528 2990 4555 kannte
3009 4524 3330 4561 Opernlibrettist
3354 4524 3501 4559 Pacini.
3536 4524 3666 4559 Italiener
3686 4531 3739 4554 von

2903 4566 3010 4601 Geburt,
3030 4566 3116 4599 schrieb
3135 4574 3160 4595 er
3178 4566 3222 4600 für
3238 4565 3318 4594 Verdi
3336 4564 3400 4598 einst
3418 4565 3465 4593 den
3485 4564 3547 4599 Text
3565 4572 3623 4600 zum
3638 4564 3739 4599 „Trou¬

2902 4606 3025 4641 badour",
3044 4606 3144 4641 gehörte
3163 4614 3193 4640 zu
3224 4605 3271 4634 den
3290 4604 3420 4639 intimsten
3449 4604 3588 4640 Freunden
3614 4604 3741 4639 Rossinis,

2901 4644 2944 4679 für
2962 4645 3009 4673 den
3029 4653 3054 4674 er
3073 4645 3199 4679 ebenfalls
3218 4647 3260 4674 als
3286 4644 3409 4679 Librettist
3439 4644 3530 4674 wirkte.
3567 4644 3635 4678 Nach
3667 4644 3743 4678 seiner

2903 4684 3097 4720 Uebersiedlung
3115 4685 3174 4719 nach
3195 4685 3278 4719 Paris
3297 4685 3369 4714 ward
3389 4684 3483 4719 Pacini
3505 4684 3572 4713 einer
3599 4685 3640 4714 der
3658 4683 3740 4718 eifrig¬

2903 4724 2955 4757 sten
2975 4724 3140 4755 Mitarbeiter
3158 4724 3342 4759 Meyerbeers;
3361 4733 3413 4753 von
3432 4725 3485 4756 ihm
3511 4724 3615 4757 stammt
3633 4714 3691 4755 auch
3703 4722 3742 4752 die

2904 4759 3060 4794 französische
3079 4761 3254 4795 Uebersetzung
3273 4761 3317 4789 des
3328 4759 3501 4795 „Freischütz",
3518 4758 3557 4788 die
3575 4760 3618 4787 der
3627 4757 3740 4792 Sprach¬

2905 4795 3010 4829 kundige
3040 4795 3084 4827 für
3114 4796 3151 4824 die
3171 4796 3261 4829 Große
3280 4796 3353 4829 Oper
3380 4795 3520 4828 anfertigte.
3565 4793 3659 4828 Pacini
3687 4800 3744 4823 war

2907 4833 2950 4859 der
2969 4830 3050 4865 Sohn
3070 4832 3116 4860 des
3134 4831 3329 4870 gleichnamigen
3360 4824 3522 4864 italienischen
3553 4829 3744 4863 Komponisten.

2909 4866 2965 4896 Der
3001 4866 3027 4894 in
3064 4867 3239 4904 französischen
3275 4865 3485 4900 Künstlerkreisen
3528 4865 3584 4899 sehr
3623 4864 3744 4898 geschätzte

2909 4901 3097 4937 Schriftsteller,
3126 4900 3169 4931 der
3186 4901 3271 4931 Ritter
3299 4902 3340 4929 der
3372 4900 3545 4934 französischen
3573 4899 3744 4933 Ehrenlegion

2909 4945 2972 4972 war,
2991 4937 3102 4970 erreichte
3120 4937 3158 4966 ein
3178 4936 3251 4966 Alter
3268 4944 3320 4964 von
3337 4938 3371 4962 87
3391 4935 3501 4969 Jahren.

2960 4991 2993 4996 —
3013 4977 3081 5006 Dem
3102 4976 3238 5009 Deutschen
3257 4974 3367 5007 Theater
3384 4974 3412 5002 in
3430 4973 3520 5003 Berlin
3544 4973 3584 5008 ist,
3613 4972 3661 5002 wie
3690 4979 3743 5002 von

2909 5011 2964 5040 dort
2983 5011 3129 5045 geschrieben
3159 5010 3232 5042 wird,
3264 5009 3302 5037 die
3333 5009 3502 5043 Aufführung
3531 5008 3576 5036 der
3606 5007 3744 5042 einaktigen

2909 5046 3031 5076 Groteske
3051 5047 3124 5079 „Der
3133 5046 3213 5080 grüne
3222 5044 3340 5073 Kakadu"
3361 5044 3414 5073 von
3432 5042 3579 5077 Arthur
3598 5042 3745 5078 Schnitz¬

2909 5083 2962 5110 ler
2992 5082 3110 5110 verboten
3139 5081 3250 5109 worden.
3288 5078 3356 5112 Nach
3375 5078 3530 5114 Auffassung
3561 5080 3605 5108 der
3634 5078 3745 5113 Censur¬

2909 5116 3013 5151 behörde
3034 5116 3120 5149 scheint
3138 5117 3187 5145 das
3207 5114 3287 5145 Stück
3316 5114 3409 5150 seinem
3439 5123 3534 5151 ganzen
3558 5114 3657 5151 Inhalt
3687 5114 3746 5150 nach

2909 5160 2952 5187 zur
2970 5152 3124 5186 öffentlichen
3142 5151 3312 5187 Aufführung
3329 5151 3394 5185 nicht
3413 5152 3531 5186 geeignet.
3568 5151 3631 5180 Das
3650 5151 3746 5180 Verbot

2909 5187 2972 5216 wird
2990 5195 3040 5216 von
3072 5188 3116 5216 der
3144 5187 3279 5217 Direktion
3311 5187 3356 5216 des
3380 5180 3520 5222 Deutschen
3547 5187 3672 5221 Theaters
3700 5186 3747 5219 auf

2909 5224 2964 5251 dem
2995 5223 3141 5264 gesetzlichen
3172 5223 3250 5256 Wege
3287 5223 3447 5257 angefochten
3483 5223 3601 5257 werden,
3636 5220 3748 5255 zunächst

2909 5258 2982 5291 durch
3012 5258 3168 5292 Beschwerde
3200 5252 3266 5288 beim
3298 5259 3528 5293 Oberpräsidenten
3559 5260 3603 5287 der
3633 5252 3745 5291 Provinz

2909 5292 3109 5330 Brandenburg.
3144 5294 3220 5329 „Der
3236 5293 3317 5329 grüne
3337 5294 3459 5324 Kakadu"
3481 5293 3549 5328 spielt
3567 5301 3612 5326 zur
3629 5288 3686 5327 Zeit
3702 5291 3747 5320 der

2909 5328 3085 5364 französischen
3105 5329 3262 5360 Revolution
3292 5330 3345 5359 und
3364 5330 3411 5363 soll
3442 5329 3507 5358 keine
3527 5327 3649 5363 politische
3679 5327 3746 5356 Ten¬

2910 5365 2968 5400 denz
2987 5364 3077 5400 haben.
