3839 5551
83 160 605 210 Nr. 1076 Abendblatt.
1435 170 2074 213 Der Zürcher Zeitung 143. Jahrgang.
2663 187 3399 221 Donnerstag, 17. August 1922.
62 226 3439 608 Neue Zürcher Zeitung
239 659 601 677 Abonnementspreise:
781 640 1090 673 1 3 6 12
746 676 1118 701 Monat Monate Monate Monate
56 718 1104 739 Zürich bei der Administration oder Ablage abgeholt Fr. 2.60 6.80 12.50 25.—
150 746 1105 768 durch die Austräger ins Haus gebracht ... ... „ 3.30 8.60 16.20 31.—
52 788 1102 810 Schweiz Bestellung beim Postbureau ... ... ... ... ... „ 3.30 9.— 16.50 32.—
149 818 1104 836 mit Bezug unter Privatadresse (Streifband) „ 4.— 11.50 22.50 44.—
53 847 1108 878 Ausland, mit Bezug unter Privatadresse (Streifb.) „ 6.50 18.— 31.50 68.—
1296 645 2118 718 und schweizerisches Handelsblatt
1143 735 2228 759 Redaktion: Falkenstraße 11, Tel. Hott. 7100, Brieffach Hauptbahnhof
1145 760 1905 782 Expedition: „ 11, „ „ 6109
1143 783 2273 812 Druckerei: „ 11, „ „ 4488, Postcheck-Kto. VIII/5144
1141 808 2257 839 Administration: Theaterstraße 3, „ „ 6090, „ „ VIII/645
1141 834 2271 865 Annoncen-Abtlg.: „ 3, „ „ 6934, „ „ VIII/1264
1139 862 1899 887 Annoncen-Filiale Bahnhofstr. 64, Tel. Seln. 8742
2309 651 3243 685 Bei den Postämtern kann abonniert werden: in Belgien, Deutschland,
2309 683 3241 713 Frankreich, Italien, Oesterreich, Ungarn, Tschechoslowakei, Jugoslawien,
2311 727 3242 755 Rumänien, Holland, Dänemark, Schweden, Norwegen usw. Die postamtlichen
2313 751 3450 791 Abonnementspreise werden von den Postverwaltungen der vorgenannten Länder festgesetzt.
2313 787 3447 818 Die Preise, die auf den Umrechnungskursen basieren, sind bei den Postämtern zu erfragen.
2311 825 2529 854 Insertions¬
2355 865 2464 893 preise:
2542 829 3446 862 Die einspaltige Grundzeile 60 Rp., lokale Geschäftsempfehlungen 50 Rp.,
2550 860 3446 893 Anzeigen ausländischen Ursprungs 75 Rp., Reklamen per Zeile Fr. 2.50.
160 972 743 1005 Zu viele Eisen im Feuer.
98 1045 860 1080 Die rote Presse weiß bald nicht mehr, wo sie
42 1081 861 1120 blasen soll. Ihre Partei hat auch gar viele Eisen
42 1120 859 1159 in die Esse gesteckt. Da ist die Initiative für die
40 1160 860 1198 Vermögensabgabe, die man nach durchgeführter
41 1199 859 1239 Unterschriftensammlung doch nicht einfach sich
36 1239 856 1279 selbst überlassen kann. Und dann der Kampf
38 1279 858 1318 gegen das Umsturzgesetz, wobei man ja noch in
39 1319 858 1358 den vorbereitenden Handlungen steckt. Und nun
37 1359 856 1399 kommt wieder eine Unterschriftensammlung, das
36 1400 857 1439 Referendum gegen den neuen Art. 41 des Fa¬
38 1439 856 1478 brikgesetzes, das mit Hochdruck betrieben werden
36 1479 854 1518 soll. Vergegenwärtigt man sich, daß dabei noch
34 1518 850 1558 der allgemeine Kampf gegen die „Reaktion" ge¬
37 1559 852 1598 führt, daß die gesamte Innen- und Außenpolitik
38 1599 853 1637 als schlecht soll dargestellt werden, so wird man
40 1638 853 1677 begreifen, daß bald das eine, bald das andere
40 1678 852 1716 Eisen in der Glut stecken bleiben muß: qui trop
37 1716 412 1746 embrasse, mal étreint!
88 1763 850 1797 Mit heißen Eisen zu hantieren, ist überhaupt
32 1798 850 1837 eine kitzliche Sache, die nicht in der Eile ge¬
33 1837 850 1876 schehen darf. Die rote Presse hat so tapfer gegen
35 1877 852 1915 das Umsturzgesetz geschrieben. Und nun hat das
30 1916 850 1955 neue Deutschland, in dem die Sozialdemokratie
30 1956 850 1996 gewiß nicht die letzte Geige spielt, ein Gesetz
32 1996 854 2035 zum Schutz der Republik gemacht. Es traf sich
31 2036 851 2074 gewiß auch nicht gut für die neuen Kämpen für
30 2075 851 2116 Geistesfreiheit, daß die Zentralleitung des
30 2116 849 2155 Schweiz. Typographenbundes am 7. Juli neuer¬
31 2156 852 2194 dings ein Zensurrecht sich anmaßte. Doch den
26 2194 847 2234 schlimmsten Streich spielte Moskau durch seinen
28 2234 850 2274 Prozeß gegen die Sozialrevolutionäre. Das
32 2274 811 2305 „Volksrecht" mußte am 16. August schreiben:
81 2332 849 2364 „... Wir stellten an die Rechtsprechung und
24 2365 847 2399 Rechtssicherheit im bolschewistischen Staate aber
30 2400 848 2435 zum mindesten die Anforderungen, welche wir und
26 2436 849 2469 mit uns die westeuropäischen Kommunisten an die
23 2470 847 2504 Rechtsprechung des kapitalistischen Staates stellen.
19 2505 845 2540 Aber wir sahen uns schon im Anfang des Pro¬
20 2541 845 2575 zesses enttäuscht. Erinnern wir nur an die durch
21 2576 845 2610 engste familiäre und verwandtschaftliche Bande
23 2611 844 2645 zusammengehaltene Sippe von Personen, die als
19 2646 847 2679 Urheber der Anklageschrift, als Richter und Staats¬
20 2680 845 2714 anwaltschaft den Prozeß führten! Erinnern wir
23 2715 847 2749 nur daran wie der Vorsitzende des Obersten Ge¬
19 2750 839 2784 richtshofes in diesem Prozeß die von ihm selbst
30 2785 848 2820 erlassenen Vorschriften über die Zusammensetzung
30 2821 847 2854 des Gerichtes aufs gröblichste mißachtet hat! Ver¬
24 2855 842 2888 gessen wir nicht, in welch unerträglichem Maß in
28 2889 843 2924 bezug auf die Zulassung von Verteidigern und
30 2925 847 2959 Beweismaterial die Verteidigung erschwert und
28 2960 843 2994 beengt worden ist. Wir billigen die Verbrechen
27 2995 843 3028 eines Brandstifters und Raubmörders nicht. Mir
28 3029 844 3064 verabscheuen sie. Aber selbst der bürgerliche Staat
27 3065 841 3099 räumt ihm das Recht und die weitgehende Mög¬
28 3100 841 3134 lichkeit zur Verteidigung ein, ja sorgt ihm für
29 3135 844 3169 einen rechtsgelehrten, amtlichen Verteidiger, wenn
25 3170 841 3205 er selber nicht aus eigenen Milteln für die Ver¬
27 3206 843 3240 teidigung auskommen kann. Daß das Moskauer
32 3241 846 3275 Gericht die Zulassung des von den Angehörigen
29 3276 845 3311 der Todeskandidaten gesammelten Entlastungs¬
25 3312 839 3347 materials abwies, war schon soviel wie eine
26 3348 840 3381 Rechtsverweigerug. Wir sagen das: Eine revolu¬
30 3382 842 3417 ionär sein wollende, an die Macht gekommene
27 3418 840 3451 Partei darf nicht in die Fehler ihrer Vorgänger
27 3452 840 3487 verfallen. Was sie, da sie noch in Minderheit war
28 3488 839 3523 und in der Opposition stand, an Rechtsmitteln
28 3524 840 3557 und Rechtssicherheiten für sich selber und ihre
29 3558 840 3592 eigenen Parteiangehörigen verlangte, das hat sie
29 3593 839 3628 auch dem politischen Gegner zuzgestehen! Mit
26 3629 836 3663 welchem moralischen Eindruck und welcher Wir¬
34 3664 842 3697 kung werden die Kommunisten Westeuropas den
35 3698 840 3732 Kampf gegen die bürgerliche Klassenjustiz noch zu
34 3733 837 3768 fühdren vermögen, wenn ihre eigenen Parteifreunde
33 3769 679 3795 es in Rußland viel schlimmer treiben?"
79 3821 838 3857 Das „Volksrecht" hat vor einigen Tagen
28 3858 836 3896 auch eine andere trübe Konstatierung gemacht.
28 3897 837 3936 Es wurde gezeigt, wie sehr der Sozialismus
28 3937 836 3976 in Italien vom Fascismus bedrängt werde.
26 3977 837 4008 Nur hat das Blatt vergessen, die richtigen Kon¬
902 942 1722 984 sequenzen zu ziehen. Wer hat zuerst versucht
899 979 1723 1024 und mit allen Mitteln darnach getrachtet, Ita¬
902 1016 1722 1064 lien aus den Bahnen eines Ordnungsstaates zu
901 1057 1725 1103 werfen? Es war eben der mit dem Kommunis¬
899 1098 1725 1142 mus Arm in Arm marschierende Sozialismus,
899 1135 1723 1182 der jenen Ausnahmezustand schuf, der seiner¬
899 1177 1722 1222 seits dann der gewaltigen Reaktion gerufen hat,
900 1215 1722 1261 deren Exponenten die Fascisten sind. Es wäre
896 1254 1722 1301 wohl bei uns kaum anders gegangen, wenn
899 1295 1722 1340 nicht im November 1918, im August 1919 die
899 1337 1720 1379 Staatsgewalt die Zügel nicht fest in den Händen
898 1373 1718 1421 bewahrt und damit die Ordnung und das
896 1412 1626 1451 Recht im Staate aufrecht erhalten hätte.
955 1453 1719 1498 Es scheint, daß man auf demselben unsoliden
891 1493 1719 1535 Boden auch den Kampf gegen das revidierte
891 1532 1722 1573 Fabrikgesetz ausfechten will. Der Aufruf
897 1569 1718 1613 des „Referendumskomitees gegen die Revision
892 1607 1721 1653 des Art. 41 des Fabrikgesetzes" endigt mit dem
891 1647 1717 1693 Satz: „Unsere Parole sei: Unbedingtes Fest¬
891 1690 1722 1730 halten an der 48-Stundenwoche!" Nun ist fest¬
887 1726 1721 1768 zustellen, daß es sich bei dem Gesetz, dem der
891 1764 1721 1808 neueste Referendumssturm gilt, durchaus nicht
886 1802 1721 1848 um den Versuch handelt, grundsätzlich die 48-¬
894 1849 1718 1885 Stundenwoche abzuschaffen. Der Artikel 40 des
891 1884 1720 1925 Fabrikgesetzes vom 18. Juli 1914/27. Juni 1919,
892 1922 1717 1965 der für die Arbeit in den Fabriken den Grund¬
891 1958 1720 2007 satz der 48-Stundenwoche aufstellt („die Arbeit
889 1998 1721 2045 im einschichtigen Betriebe darf für den einzelnen
889 2041 1717 2082 Arbeiter wöchentlich nicht mehr als 48 Stunden
890 2078 1715 2122 dauern"), bleibt völlig unangetastet. Die Revi¬
886 2116 1716 2162 sion bezieht sich lediglich auf Art. 41, der gewisse
889 2160 1713 2200 Ansnahmen vorsieht. Gegenüber dem bisherigen
889 2195 1718 2240 Art. 4 bringt der neue Wortlaut zwei Aende¬
886 2233 1718 2279 rungen: Eine Verlängerung der wöchentlichen
887 2275 1714 2315 Arbeitszeit kann vom Bundesrate gewissen In¬
889 2316 1713 2353 dustrien oder einzelnen Betrieben bis auf 4
894 2353 1715 2392 (statt 52) Stunden gewährt werden, und diese
889 2393 1713 2431 Verlängerung kann in Zeiten einer allgemeinen
888 2432 1712 2470 schweren Wirtschaftskrise allgemein bewilligt
890 2471 1713 2509 werden, ohne daß die enzelnen Betriebe oder
888 2510 1712 2548 Industrien besondere Gesuche einzureichen
889 2549 1000 2577 hätten.
942 2586 1711 2627 Man weiß auch in der Arbeiterschaft, das
888 2622 1714 2666 namentlich auf dem Lande die 48-Stundenwoche
884 2661 1714 2705 nicht populär ist, weil die Landwirtschaft eben
887 2700 1714 2744 damit niemals auskommen kann. Wollte man
884 2739 1714 2783 der industriellen 48-Stundenwoche Kredit ver¬
887 2775 1714 2822 schaffen, so war der Weg vorgezeichnet, indem
885 2814 1710 2861 man die Starrheit des Prinzips den Bedürf¬
887 2854 1711 2899 nissen der Zeit opferte. Trotz den zu sichtbaren
885 2893 1712 2937 Nöten unseres Wirtschaftslebens soll nun auch
882 2930 1706 2977 gegen die Anpassung an die Bedürfnisse außer¬
883 2970 1611 3009 ordentlicher Zeiten Front gemacht werden.
940 3009 1707 3055 Mas mag letzten Endes der Urgrund dieser
883 3056 1705 3094 sozialistischen Vielgeschäftigkeit sein: Man
883 3095 1704 3132 denkt wohl im roten Lager eigentlich mur an die
881 3132 1704 3171 Nationalratswahlen vom letzten Oktobersonn¬
881 3172 1702 3210 tag und wirft darum heute schon die Netze nach
882 3211 1705 3250 allen Seiten aus. Beginnt man zu merken, wer
881 3250 1437 3281 eigentlich gefangen werden soll?
1090 3337 1501 3370 Freischulbewegung.
938 3392 1706 3425 Zu den in Nr. 1066 der „N. Z. Z." auszugs¬
887 3426 1707 3466 weise wiedergegebenen Betrachtungen von Dr. F.
889 3467 1707 3504 Steinmannn (St. Gallen) über die protestantische
889 3505 1707 3543 Freischulbewegung (Heft 7/8 der „Politischen
883 3544 1705 3584 Rundschau") wird uns vo einem Leser ge¬
889 3584 1034 3614 schrieben:
936 3628 1702 3663 „Die Behauptung: „Der christliche Einfluß
883 3664 1703 3702 eines freigeistigen Lehrers kannn groß und nach¬
887 3703 1705 3741 haltig sein", ist ganz gelinde gesagt ein grober
883 3742 1703 3780 Irrtum; Fachmänner bezeichnen sie als bewußte
885 3780 1705 3820 Fälschung. Denn wie kann von einem freigeistigen
882 3820 1702 3859 Lehrer, dessen Freiheit darin besteht, die christliche
887 3860 1706 3898 Lehre, und was im Zusammenhange mit dem
884 3898 1706 3937 Christentum steht, zu verwerfen, ein christlicher
882 3938 1703 3975 Einfluß ausgehen? Solche Sätze sind Phrasen; sie
883 3975 1704 4006 widersprechen allen Gesetzen der Psychologie und
1766 946 2588 990 den Erfahrungen der Pädagogik. Schon jedes Kind
1767 982 2588 1029 weiß, daß man nichts geben kann, wenn man selber
1765 1029 1944 1053 nichts hat."
1820 1070 2589 1112 Es liegt uns nicht daran, in eine Polemik über
1758 1105 2586 1151 diese Frage einzutreten. Wir möchten aber darauf
1763 1146 2587 1188 aufmerksam machen, daß der Satz, den unser Ein¬
1763 1183 2587 1228 sender als einzigen der von Dr. Steinmann nam¬
1763 1221 2584 1268 haft gemachten zahlreichen Gründe gegen die
1763 1259 2589 1307 „freie Schule" ansicht, vollständig und ohne will¬
1760 1302 2585 1345 kürliche Sperrung wiedergeben wie folgt lautet:
1763 1341 2586 1384 „Der sittliche und sogar der christliche Einfluß
1762 1379 2585 1423 eines konfessionslosen, freigeistigen Lehrers auf
1761 1419 2586 1462 seine Schüler kann ebenso groß und nachhaltig
1765 1458 2584 1501 sein, wie der des konfessionell-religiösen Lehrers."
1762 1498 2582 1539 Und dann fährt der Verfasser des Aufsatzes in der
1760 1534 2586 1578 „Politischen Rundschau" — um den hier veröffent¬
1763 1575 2584 1618 lichten Auszug nach dieser Richtung zu ergänzen
1760 1613 2587 1658 — fort: „So urteilt z. B. der Führer der
1759 1654 2585 1697 St. Galler Positiven, Pfarrer N. Hauri, in
1756 1694 2585 1736 seiner Broschüre über die Schulfrage, und
1759 1734 2583 1776 auch das Organ der positiven Protestanten
1758 1770 2582 1815 der Schweiz, der „Kirchenfreund", (1921. S.
1760 1811 2584 1854 264/65), ist objektiv genug anzuerkennen, daß
1759 1849 2584 1893 der erzieherische und sogar der christliche Ein¬
1758 1890 2580 1931 fluß mancher Lehrer, die keinen Religionsunter¬
1762 1928 2587 1971 richt erteilen wollen, vermöge ihrer Charakterbil¬
1759 1966 2583 2011 dung und vorbildlichen Lebensführung ein besserer
1759 2007 2585 2049 sei als der von manchen Lehrern, die Religions¬
1757 2048 2581 2088 unterricht erteilen. Man möge nie vergessen, daß
1755 2084 2582 2128 mit der Aufstellung bestimmter Bekenntnisauffor¬
1757 2129 2578 2165 derungen an die zu wählenden Lehrer äußerliche
1758 2166 2580 2204 Momente eine vielleicht verhängnisvolle Bedeu¬
1757 2205 2579 2244 tung erhalten; der bloßen Vorspiegelung eines
1757 2241 2579 2284 Bekenntnisses um des Brotkorbes willen wäre eine
1755 2281 2580 2324 Türe geöffnet und damit eine böse Ebene beschrit¬
1755 2320 2580 2363 ten! Die Anhänger der „Evangelischen Volkspar¬
1754 2359 2577 2402 tei" die speziell aus „Glaubens- und Gewissens¬
1757 2403 2577 2440 gründen" ihre Ablehnung der allgemeinen Schule
1759 2441 2578 2478 begründen, haben unter ihrem Schulsystem keine
1758 2479 2579 2517 Gewähr für einen durchschnittlich besseren Lehrer¬
1756 2518 2577 2557 stand als jetzt. Sie haben aber jetzt denselben Ein¬
1758 2557 2577 2596 fluß auf die Wahlen der Schulbehörden und damit
1756 2597 2577 2636 der Lehrer wie alle andern Bürger. Dort, in der
1762 2636 2581 2675 Schulbehörde, könnten ihre Vertreter all ihre Ein¬
1761 2676 2581 2714 sicht und Menschenkenntnis daran setzen, daß sitt¬
1758 2715 2577 2753 lichernste, tüchtige Bewerber, die den geschilderten
1758 2754 2580 2792 guten Einfluß auf die Jugend haben, zur Geltung
1759 2793 2578 2830 kommen. Das ist nicht nur ihr gutes Recht, sondern
1757 2831 2576 2869 sogar ihre schöne Pflicht dem Staate gegenüber.
1758 2870 2578 2908 Es bedeutet ein gut Stück Kleiumut, wenn eine
1755 2908 2577 2947 Partei sich in der Kraft zu einem so hohen Ziele
1754 2948 2574 2987 nichts zutraut und infolgedessen gegen den Staat
1755 2988 2575 3027 Stellung bezieht. (Nur nebenbei sei erwähnt, daß
1749 3028 2571 3065 die evangelische Volkspartei sich sicher täuscht,
1752 3066 2573 3104 wenn sie dem christlichen Einfluß auf das Schul¬
1753 3105 2575 3143 wesen durch die Freischulbewegung einen Dienst
1755 3144 2575 3183 zu leisten meint. Denn während jetzt durch die
1755 3182 2580 3222 Großzahl der schweizerischen Lehrer im christlichen
1758 3223 2579 3261 Sinne gewirkt wird, gewirkt werden kann, und
1754 3262 2575 3300 während jetzt zahlreiche Kinder, die im übrigen
1754 3301 2576 3341 konfessionslos erzogen werden, wenigstens in der
1756 3342 2578 3380 Schule noch mit dem Christentum in Berührung
1752 3381 2575 3420 kommen, wird ganz gewiß der Einfluß dieser Bil¬
1750 3420 2572 3459 dungskräfte in der Staatsschule zurückgehen, wenn
1749 3457 2576 3499 ihr erst die positiv-christlichen Bevölkerungsteile
1753 3499 2576 3538 den Rücken gekehrt haben. Wenn es diesen also um
1755 3539 2578 3578 eine Stärkung des christlichen Einschlags in der
1750 3578 2574 3618 Jugenderziehung und nicht um eng-egoistische In¬
1753 3612 2576 3659 teressen zu tun ist, so werden sie sich die Unter¬
1748 3655 2577 3697 stützung der „freien" Schule noch einmal wohl
1754 3698 1942 3723 überlegen.)"
1803 3744 2574 3787 In einer Amerkung zum letzten Satze wird
1749 3780 2574 3827 noch gesagt, daß allerdings „einzelne Lehrer, die
1749 3822 2573 3864 freilich seltene Ausnahmen sind, in der Staats¬
1750 3861 2574 3903 schule aus religiösen Gründen keine volle Befrie¬
1747 3896 2574 3944 digung zu finden erklären. Sie fühlen etwa, daß
1747 3940 2573 3982 der offene Ausdruck ihrer religiösen Weltanscha¬
1747 3977 2574 4012 ung mit Mißtrauen betrachtet würde, und sie
2626 953 3454 993 haben vor konfessionell gemischten Klassen das be¬
2624 990 3454 1032 drückende Gefühl, daß sie den ihrer Erziehung an¬
2625 1027 3453 1071 vertrauten Kindern gerade das Wertvollste, das sie
2625 1067 3453 1111 zu geben hätten, nicht geben könnten. Wir können
2621 1106 3453 1150 diesen Lehrern den Ernst und die Aufrichtigkeit
2628 1145 3451 1189 ihrer Ueberzeugung nicht absprechen, müssen ihnen
2624 1184 3451 1228 aber zweierlei entgegenhalten: Einmal ist es ein
2625 1223 3453 1268 entschiedener Mangel, wenn sie die religiösen oder
2626 1261 3452 1307 die christlichen Erziehungsmomente, die sie heran¬
2627 1302 3451 1346 ziehen wollen, nicht des konfessionellen Gewandes
2626 1339 3450 1385 entkleiden, ins Ueberkonfessionelle herausheben
2627 1381 3452 1424 können. Könnten sie das, und wären sie selbst über¬
2627 1420 3451 1463 zeugt, daß an ihrer sittlichen Persönlichkeit nicht
2627 1464 3451 1500 das Konfessionelle das eigentlich Wertvolle sei, so
2628 1501 3451 1539 hätten sie doch kaum je eine Beanstandung ihrer
2627 1539 3452 1578 Unterrichtsweise zu gewärtigen und würden sich
2628 1579 3453 1615 auch vor anders erzogenen Schülern kaum je un¬
2627 1616 3451 1655 verstanden fühlen. Sodann aber machen sich solche
2626 1656 3449 1696 Lehrer eine falsche Vorstellung, wenn sie meinen,
2627 1697 3452 1734 in der konfessionellen Schule häten sie dann eine
2625 1735 3449 1774 ganz homogene, gleichmäßig innerlich christ¬
2630 1775 3454 1813 lich erzogene Schülerschar vor sich. — Vom politi¬
2623 1814 3447 1852 schen Standpunkt aus muß aber gesagt werden,
2626 1853 3449 1892 daß die sehr wenig zahlreichen Lehrer, die jene
2624 1893 3447 1931 bessere, überkonfessionelle Einstellung nicht finden
2622 1931 3446 1970 können, noch lange nicht einen genügenden Grund
2627 1971 3450 2009 bilden, daß wir ihretwegen auf die Segnungen
2623 2010 3448 2048 der allgemeinen Schule verzichten und sie gegen
2623 2049 3446 2088 das Chaos der konfessionellen und politischen
2628 2088 3093 2119 Gruppenschulen eintauschen."
2766 2180 3303 2225 Eidgenossenschaft.
2682 2255 3446 2290 Bundesrat. Bern, 17. Aug. * Der schwe¬
2625 2290 3447 2329 dische Gesandte Adlerkreutz hat heute
2625 2330 3448 2369 dem Bundespräsidenten sein Abberufungsschrei¬
2625 2370 3447 2409 ben überreicht. Der Bundesrat offeriert dem
2626 2410 3447 2447 scheidenden Diplomaten heute mittag ein Dejeu¬
2622 2448 3446 2487 ner im „Bellevue". Als Nachfolger des Herrn
2629 2487 3449 2527 Adlerkreutz kommt als diplomatischer Vertreter
2622 2527 3445 2566 Schwedens Minister Alströmer nach Bern.
2625 2567 3449 2606 Den neuen schwedischen Gesandten führte seine
2626 2606 3448 2646 diplomatische Karriere über Paris und London.
2622 2646 3445 2685 Gegenwärtig ist er dem auswärtigen Ministe¬
2622 2686 3113 2716 rium in Stockholm zugeteilt.
2682 2729 3446 2763 Der Bundesrat hat heute provisorisch einen
2623 2764 3445 2802 Kredit von einer Million Fr. für die Unter¬
2622 2802 3444 2842 stützung der Uhrenindustrie bewilligt.
2624 2842 3447 2881 Der seinerzeit von den eidgenössischen Räten be¬
2619 2882 3443 2920 willigte Fünfmillionenkredit ist erschöpft, und es
2595 2921 3447 2960 soll nun, damit kein Unterbruch erfolgt, in pro¬
2615 2961 3441 2999 visorischer Weise eine neue Kreditgewährung er¬
2616 2999 3440 3039 folgen. Die eidgenössischen Räte werden diese zu
2622 3039 3446 3079 ratifizieren haben, und es wird der Betrag von
2623 3079 3447 3118 einer Million in der zu gewährenden Unter¬
2615 3119 3439 3157 stützung durch die Bundesversammlung einbe¬
2621 3158 2879 3187 rechnet werden.
2676 3201 3444 3239 Ein Bundesratsbeschluß über die Ausrich¬
2620 3234 3443 3278 tung von Bundesbeiträgen zur Be¬
2618 3277 3440 3316 kämpfung der Tuberkulose bestimmt:
2618 3313 3441 3358 „Art. 1. An folgende wohltätige antituberkulose
2620 3354 3443 3397 Hilfswerke können Bundesbeiträge erteilt wer¬
2617 3393 3440 3436 den: a) Vereinigungen, welche die Tuberkulose
2616 3434 3441 3476 im allgemeinen oder nach besondern Richtungen
2614 3473 3440 3515 bekämpfen. b) Einrichtungen zur Ermittlung,
2621 3513 3443 3555 Beratung, Ueberwachung und Unterstützung
2614 3552 3440 3594 Tuberkulöser und ihrer gefährdeten Umgebung,
2617 3591 3443 3634 wie Tuberkulosenfürsorgestellen. c) Anstalten
2617 3632 3441 3674 zur Behandlung, Kräftigung und Wiederbeschäf¬
2618 3671 3441 3713 tigung Tuberkulöser und Tuberkulosegefährdeter
2618 3710 3440 3752 wie Heilstätten, Preventorien, Tuberkulosespi¬
2623 3749 3443 3792 läler, Erholungsstätten, Waldschulen, Arbeits¬
2619 3789 3443 3832 kolonien. Dabei sind Anstalten für Kinder in
2620 3828 3442 3871 erster Linie zu berücksichtigen. Art. 2. Die Bun¬
2621 3868 3440 3911 desbeiträge sollen nicht nur zur Erhaltung der
2621 3905 3442 3950 bisherigen Leistungen, sondern wenn möglich
2617 3946 3439 3989 auch zur Erweiterung derselben und bei Anstal¬
2615 3986 3440 4018 ten sub litera c von Art. 1 vor alem zur Herab¬
254 4085 593 4128 Feuilleton.
143 4177 708 4201 Das Gerhart Hauptmann-Buch.
72 4223 841 4256 E. K. Gerhart Hauptmann hat dieser Tage nach
27 4257 840 4296 der Florian Geyer-Aufführung in der Breslauer
25 4297 838 4337 Jahrhundert-Halle eine Monster-Huldigung ent¬
26 4338 838 4375 gegengenommen, als er im Wagen durch die
26 4376 840 4416 Menge fuhr, neben ihm im Polster Alfred Kerr.
25 4417 839 4456 Es soll der Sänger mit dem König gehen. Und
27 4457 839 4495 Kerr ist nun einmal Hauptmanns Sänger, oft
26 4496 840 4534 mit wundem Herzen, eher geneigt, seine Harfe an
25 4535 839 4574 die Meiden der Ufer Babylons zu hängen, als
27 4575 840 4614 dem Dichter Mißratenes zu verzeihen. Zu dieser
27 4615 840 4653 Vorfeier des sechzigsten Geburtstages Gerhart
27 4654 839 4693 Hauptmanns erscheint nun noch ein Buch, das für
27 4694 839 4731 eine Weltwirkung zeugen will. Des Vorworts
25 4732 838 4771 Redlichkeit gesteht, was ja doch Wahrheit ist, daß
23 4772 838 4810 der grollenden Achille mehr sind, die an diesem
25 4811 840 4850 Buch keinen Anteil nahmen. Auch in diesem Sinne
25 4851 840 4888 kann dieses Hauptann-Buch ein Dokument wer¬
23 4889 836 4930 den. Der Herausgeber Ludwig Mareuse schreibt:
23 4927 840 4969 „Auf meine Aufforderung zur Mitarbeit au diesem
26 4970 841 5008 Buch kamen viele Absagen aus Deutschland (na¬
26 5009 842 5047 mentlich dem jungen Deutschland!) und den nor¬
27 5048 843 5087 dischen Ländern! Absagen, ausdrückliche und ver¬
28 5088 843 5126 schwiegene, aus dem pazifistischen Frankreich und
24 5127 840 5165 England. Nur Rußland autwortete. Vielleicht
23 5166 838 5204 aus dem richtigen Gefühl, daß Hauptmann gen
25 5204 839 5243 Osten spricht." So fehlt eine Stimme aus Eng¬
23 5244 840 5283 land, das den Oxforder Doktor Hauptmann ver¬
28 5283 844 5323 gessen hat. Es fehlt das Wort Frankreichs. Der
27 5324 844 5363 Eine — Antoine — hätte nicht schweigen dürfen,
30 5364 844 5393 da er doch als der erste ein deutsches Drama der
883 4072 1708 4106 neueren Kunst nach dem Siebziger Kriege in Paris
879 4106 1703 4145 aufszuführen den Mut hatte. Es waren die „We¬
880 4146 1704 4183 ber". Es fehlt die Stimme aus der Heimat Ib¬
881 4184 1704 4222 sens, der Lagerlöv, die Hauptmann einen Soff
880 4222 1701 4261 borgte. Es fehlt die Stimme der Schweiz, man
884 4262 1706 4301 begnüge sich denn mit einem Zitat aus J. B. Wid¬
881 4301 1705 4340 mann und C. F. Meyers überraschendem Geständ¬
882 4341 1704 4379 nis, „er habe ein Faible" für Hauptmann. Und
882 4380 1704 4419 Oesterreich? Bleibt lautlos. Dafür aus Soviet-¬
883 4419 1706 4459 Rußland drei Stimmen. Der Kultusminister
880 4459 1702 4498 Lunatscharski ergreift selbst das Wort. Es ist der
880 4499 1702 4537 Hauptmann der „Weber", des „Hannele" und des
882 4538 1703 4576 „Fuhrmann Henschel", der in diesen Danksagungen
880 4577 1702 4616 der Russen immer wiederkehrt. Wie kläglich es
883 4616 1704 4655 jetzt um die Möglichkeit des Austausches der
881 4656 1704 4694 Literaturwerte unter den Völkern steht, beleuchtet
880 4695 1705 4733 die Bemerkung Lunatscharskis: „Wir in Rußland
880 4734 1703 4773 wissen fast nichts davon, was Hauptmann während
882 4773 1707 4812 der Kriegszeit geschaffen hat." Maxim Gorki er¬
882 4813 1705 4851 zählt, daß in Rußland die Dramen Hauptmanns
888 4852 1708 4889 beinahe so einheimisch waren wie das Wort Anton
884 4890 1707 4929 Tschechows. Die Frau Gorkis, Maria Fedorowna,
884 4929 1707 4969 die zu den Gründern des Moskauer Künstler¬
884 4970 1706 5010 theaters gehörte, gab die Frau Vockerat und
883 5010 1707 5050 Stanislawski den Vockerat in den „Einsamen
881 5051 1704 5090 Menschen". Zin Wengerowa vergleicht „Hannele"
881 5091 1705 5128 und Gorkis „Nachtasyl". Man fühlt sehr wohl, daß
882 5129 1705 5166 das Naturalistische Milieu die radikale russische
880 5167 1705 5206 Intelligenz zu Hauptmann hinzog. Umgekehrt
883 5207 1708 5246 wird hier auch betont, was Hauptmann den Rus¬
884 5247 1708 5285 sen dankt. In Rautendelein hört die Russin „das
881 5286 1705 5325 revolutionär Persönliche des literarischen Anar¬
880 5325 1708 5364 chismus" anklingen; „es müssen ja Eimer von Trä¬
882 5365 1706 5394 nen aus dem Tale heraufgebracht werden, um die
1739 4070 2566 4112 Humanität der geregelten Menschenbeziehungen zu
1739 4107 2568 4151 retten. Und die ganze Reihe der verführerischen
1744 4152 2568 4188 Frauengestalten, aus den folgenden Märchen
1739 4189 2562 4227 Hauptmanns, immer aus Reinheit und Lüge ge¬
1742 4228 2568 4266 mischt, ist — ohne ihre Originalität einzubüßen —
1742 4266 2567 4305 nicht nur der russischen Psychologie verwandt,
1743 4306 2567 4344 sondern direkt von russischer literarischer Atmo¬
1747 4345 2570 4384 sphäre umweht, as fühlt man gewissermaßen
1745 4385 2570 4424 bei Elga, Pippa, Eriselda mit ihrer geheimnis¬
1742 4424 2570 4463 vollen innern Freiheit — und wenn man zu der
1747 4464 2570 4502 sonderbarsten dieser Hauptmannsgestalten kommt,
1745 4503 2570 4541 zu Gersuinde — halb Dirne, halb Heilige —, so
1742 4542 2566 4581 ist es unverkennbar, daß das geheimnisvoll Quä¬
1741 4581 2566 4620 lende und Unwiderstehliche dieser Sünderin mit
1740 4621 2565 4660 der Kinderseele viel von Gruschenka und den an¬
1745 4660 2570 4699 der Verführerinnen aus Dostojewski hat, ja viel¬
1742 4700 2567 4738 leicht ohne Dostojewski nicht literarisch möglich
1741 4738 2565 4777 wäre. Erst Dostojewski hat das Ineinanderfließen
1744 4778 2568 4817 von Himmel und Hölle in der Menschenseele als
1742 4817 2564 4856 Schönheit und Mysterium empfunden und als
1744 4857 2024 4887 solches geheiligt."
1796 4902 2569 4935 Wenn einmal das längst fällige Buch „Dosto¬
1742 4935 2564 4974 jewski und die deutsche Literatur" geschrieben
1745 4975 2569 5013 wird, gilt es, darzutun, wie weit dieses „Oest¬
1746 5014 2569 5054 liche" nicht doch ein „Westliches" oder Zeitliches
1745 5054 2126 5084 überhaupt war und ist.
1794 5099 2568 5131 Aus dem Füllhorn der deutschen Beiträge wäre
1744 5132 2567 5171 dieser zu gedenken, die ins Bild des jüngeren
1744 5171 2569 5211 Hauptmann führten. Der Herausgeber hätte einige
1746 5211 2571 5250 Treppen nicht scheuen und des einsamen Arno
1743 5251 2568 5289 Holzens Dachkammer aussuchen sollen, der,
1744 5290 2569 5329 wenn Hauptmann auch ein Widmungsblatt an ihn
1748 5329 2571 5368 gelöscht hat, an der Wiege seines ersten Werkes
1749 5369 2571 5398 gestanden ist. Max Dessoir, der Berliner Aesthetiker,
2607 4077 3435 4116 gibt dies und das, was zu interessieren vermag:
2605 4112 3441 4155 als eine literarhistorische Reminiszenz kann der
2605 4152 3433 4193 folgende Dialog dienen: „Gehen Sie, so fragte
2612 4191 3438 4232 Dessoir den Dichter, „in der Detailbeschreibung
2612 4229 3434 4272 nicht manchmal zu weit? ... Welchen Sinn soll
2607 4267 3439 4311 es haben, daß Sie in den Regienoten zu den „We¬
2608 4308 3434 4350 bern" von dem Reisenden erzählen, er esse ein
2611 4347 3437 4390 deutsches Beefsteak? Das kann doch gewißlich kein
2610 4384 3437 4429 Zuschauer bemerken." Der Dichter u. a.: „Warum
2609 4425 3437 4468 soll der dramatische Dichter kleine charakteristische
2611 4465 3437 4507 Umstände verschweigen, die seine innere Vor¬
2609 4504 3437 4547 stellung aufweist, da sie auf der Bühne zwar weg¬
2607 4541 3438 4586 fallen, aber doch in nichts den Bühnenverlauf be¬
2608 4584 3437 4626 einträchtigen." Heute würde Hauptmann zweifel¬
2606 4621 3436 4665 los solche Details der Naturalistischen Drama¬
2607 4662 3435 4705 turgie beherzt preisgeben. In einem ander Auf¬
2605 4702 3434 4744 satz von Emil Szittya fällt so nebenbei etwas ab
2605 4742 3434 4783 über das Thema: Hauptmann und die Schweiz.
2607 4778 3433 4823 Der Verfasser findet es merwürdig, daß in Zürich,
2607 4819 3435 4862 diesem „Spießbürgernest", so oft kecke Ideolo¬
2605 4860 3433 4901 gien geträumt wurden. Zum „Ketzer von Soana"
2605 4898 3435 4940 malt er sich ein üppiges Gemälde des Tessins
2605 4936 3434 4980 aus: „ganze Dörfer, in denen es keinen Mann
2606 4975 3435 5019 gibt", dagegen „anarchistische Kolonien" in diesem
2608 5016 3435 5059 Kanton. Die Mystik Schlesiens sieht er hier in
2607 5056 3434 5099 italienischer Kopie, vergißt nur, daß in Schlesien
2606 5094 3437 5138 diese mystischen Elemente naturgegeben sind, wäh¬
2605 5134 3435 5178 rend im Tessin es zumeist Deutsche waren, die dort
2605 5173 3437 5217 als Passanten ihre wenn nicht mystische so doch
2607 5213 3438 5257 wenigstens mysteriöse oder harmlos vegetariani¬
2608 5254 3437 5296 sche Rolle spielten Das Feinste über Hanptmanns
2611 5293 3436 5334 Seelenlandschaften steht in Paul Wieglers Auf¬
2610 5335 3437 5372 satz. Ein Beitrag gruppiert die historischen Ur¬
2609 5368 3433 5405 teile über Hauptmann, natürlich in einem mehr
