2203 2362
136 211 256 286 Nr.
328 222 436 289 39.

37 380 510 493 Zürcher

127 575 441 630 Mittwoch,

1380 198 1724 278 1782.

1327 356 1790 467 Zeitung

1388 548 1467 594 den
1509 559 1569 597 15.
1586 545 1710 596 May.

353 791 553 828 Frankreich.

83 828 210 868 Paris,
228 838 308 863 vom
324 833 464 870 7. May.
510 829 600 863 Ueber
616 829 671 860 das
692 826 830 864 Schiksal
845 825 895 858 des

41 866 260 906 Aktionnaire,
286 870 365 902 eines
388 869 626 907 Linienschiffes,
652 869 771 904 welches
789 865 898 900 Muni¬

39 906 105 936 tion
120 922 128 940 ,
151 908 321 945 Tauwerk,
349 919 394 940 11.
406 908 505 946 Kisten
524 910 601 943 Geld
621 909 680 939 und
698 913 767 937 600.
791 907 895 939 Mann

41 944 255 983 Landtruppen
290 956 328 979 an
355 947 442 980 Bord
469 948 571 984 hatte,
595 946 626 980 ist
649 954 717 977 man
739 947 808 980 noch
834 944 895 979 sehr

41 985 183 1023 unruhig.
235 987 342 1025 Einige
365 987 448 1024 sagen
460 985 472 1033 ,
481 990 535 1016 es
551 986 623 1022 habe
647 984 722 1020 nebst
740 994 768 1015 2.
793 983 839 1014 bis
846 984 901 1019 3.

40 1020 258 1064 Linienschiffen
283 1026 326 1058 die
347 1026 439 1063 offene
460 1026 526 1059 See
544 1032 703 1062 gewonnen
725 1040 734 1058 ,
757 1025 816 1054 und
836 1022 893 1057 seye

42 1062 102 1098 auf
123 1065 186 1098 dem
212 1067 288 1105 Weg
317 1069 387 1099 nach
420 1065 508 1101 seiner
541 1063 758 1100 Bestimmung.
817 1061 891 1097 Das

42 1104 153 1141 Schiff
163 1105 277 1140 Gustav
298 1105 416 1140 Adolph
433 1112 496 1137 war
513 1105 584 1138 auch
604 1110 660 1134 von
681 1103 745 1133 dem
767 1102 892 1134 Konvoy

42 1144 104 1174 und
127 1147 228 1176 wurde
263 1151 319 1175 von
345 1145 399 1174 den
425 1142 612 1179 Engländern
636 1146 892 1178 weggenommen,

42 1183 115 1211 aber
135 1188 193 1212 von
211 1182 303 1213 einem
327 1182 444 1217 unserer
466 1183 613 1217 Korsaren
638 1181 742 1211 wieder
768 1179 891 1208 erobert.

41 1234 82 1240 —
105 1219 173 1253 Der
193 1221 303 1258 Herzog
320 1228 376 1253 von
392 1222 566 1255 Liankourt,
582 1221 678 1255 Sohn
698 1219 748 1249 des
764 1216 894 1253 Herzogs

42 1266 101 1291 von
122 1259 237 1297 Estissac
255 1262 314 1293 will
332 1261 386 1292 das
410 1269 464 1292 von
484 1261 543 1298 ihm
558 1261 701 1291 benannte
719 1258 896 1293 Dragoner-¬

41 1299 207 1336 Regiment
233 1300 398 1337 aufgeben,
431 1302 490 1332 und
517 1302 646 1337 dagegen
668 1298 732 1329 eins
763 1303 820 1326 von
847 1295 897 1325 der

41 1338 220 1377 Infanterie
245 1340 368 1377 nehmen
389 1356 396 1373 ,
418 1340 537 1378 welches
559 1339 610 1375 bey
636 1339 685 1368 der
703 1336 896 1372 Belagerung

40 1387 100 1411 von
121 1379 282 1412 Gibraltar
300 1379 459 1416 gebraucht
474 1380 587 1409 werden
607 1377 665 1412 soll.
685 1391 723 1397 —
744 1375 812 1409 Der
837 1371 898 1411 In¬

42 1417 168 1451 tendant
191 1426 246 1451 von
261 1419 343 1454 Lyon
365 1419 418 1453 hat
437 1418 519 1448 einen
538 1415 691 1453 Expressen
707 1416 779 1445 nach
796 1412 897 1447 Turin

42 1457 160 1493 geschikt
181 1475 189 1493 ,
214 1465 266 1490 um
288 1465 345 1490 von
366 1458 415 1488 der
437 1456 522 1491 Reise
547 1457 597 1487 des
627 1450 818 1491 Großfürsten
841 1459 897 1484 von

41 1491 188 1530 Rußland
228 1497 422 1533 Nachrichten
458 1496 647 1533 einzuziehen.
720 1494 762 1527 Er
795 1492 898 1522 konnte

42 1535 140 1569 nichts
150 1535 349 1572 zuverläßiges
365 1535 511 1569 erfahren.
556 1535 638 1566 Man
656 1532 778 1569 glaubt,
796 1531 897 1564 Seine

43 1573 202 1609 kaiserliche
223 1574 332 1612 Hoheit
351 1575 445 1603 werde
463 1572 512 1608 sich
529 1579 559 1609 zu
585 1572 694 1605 Genua
717 1569 894 1605 einschiffen,

42 1614 105 1645 und
124 1621 180 1644 von
199 1615 236 1645 da
262 1621 293 1650 zu
311 1611 425 1648 Wasser
449 1613 519 1646 nach
541 1610 692 1643 Marseille
711 1609 818 1646 gehen,
843 1615 894 1638 um

43 1654 91 1685 die
109 1652 318 1689 Alpenstrassen
337 1659 369 1689 zu
389 1650 560 1682 vermeiden.
605 1649 678 1688 Hier
693 1648 739 1683 soll
758 1645 894 1681 Dieselbe

44 1693 103 1725 das
123 1692 211 1731 Hotel
228 1693 260 1724 de
287 1690 484 1726 Danemark-
508 1690 537 1721 in
561 1689 610 1720 der
632 1686 844 1725 Iakobsstrasse
864 1688 895 1718 in

44 1734 96 1765 der
112 1731 254 1766 Vorstadt
278 1732 335 1765 St.
364 1726 516 1766 Germain
524 1735 549 1763 ,
562 1726 693 1760 welches
715 1727 776 1762 Se.
813 1725 895 1758 däni¬

45 1773 104 1809 sche
122 1768 264 1807 Majestät
285 1769 424 1805 während
446 1768 541 1807 Ihres
558 1766 678 1805 hiesigen
700 1765 892 1800 Aufenthalts

44 1813 223 1846 bewohnte,
243 1809 291 1845 für
306 1810 356 1847 sich
378 1809 529 1847 gemiethet
553 1807 655 1843 haben.
678 1822 717 1828 —
739 1806 893 1840 Monsieur

46 1849 149 1884 erfuhr
164 1866 172 1884 ,
195 1851 250 1881 das
268 1848 395 1884 Gerücht
413 1848 484 1884 habe
501 1848 550 1883 sich
570 1846 737 1879 verbreitet,
751 1853 779 1875 er
789 1845 894 1877 bewer¬

45 1889 79 1921 be
100 1888 148 1925 sich
169 1897 219 1920 um
237 1889 292 1920 das
309 1890 549 1923 Gouvernement
567 1894 622 1917 von
635 1887 808 1922 Provence,
832 1886 892 1915 und

45 1925 167 1962 erklärte
182 1930 330 1966 deswegen
344 1925 510 1964 öffentlich,
536 1926 581 1957 ein
599 1926 688 1963 Prinz
709 1932 765 1956 von
786 1924 894 1962 Frank¬

45 1969 122 2003 reich
145 1969 237 1999 werde
252 1969 305 1999 nie
326 1969 379 1999 den
398 1967 531 2001 Dienern
548 1967 598 1997 des
610 1963 727 2003 Königs
750 1966 809 1995 und
827 1965 893 1995 dem

45 2007 121 2041 Adel
147 2008 197 2038 des
223 2007 345 2043 Reiches
364 2006 409 2038 die
426 2006 589 2037 verdienten
617 2003 808 2041 Ehrenstellen
832 2005 892 2035 und

45 2047 266 2085 Belohnungen
283 2047 504 2085 wegzunehmen
522 2046 633 2080 suchen.
664 2060 702 2065 —
723 2044 784 2079 Die
801 2044 896 2078 heuti¬

47 2094 82 2125 ge
106 2085 281 2124 Hofzeitung
301 2086 360 2125 sagt
380 2096 388 2123 ;
419 2086 463 2117 die
490 2082 642 2120 Königinn
661 2101 669 2119 ,
695 2083 795 2118 welche
813 2085 893 2115 einen

47 2125 175 2164 heftigen
194 2127 329 2162 Katharr
351 2125 410 2156 und
432 2125 585 2163 Rothlauf
601 2124 733 2163 gehabt,
763 2122 804 2161 sey
827 2124 894 2156 voll¬

47 2165 182 2202 kommen
207 2166 313 2200 wieder
334 2163 496 2204 hergestellt.

1205 778 1523 818 Großbrittannien.

986 823 1148 858 London,
1171 828 1252 854 vom
1274 829 1299 851 1.
1328 820 1429 857 May.
1472 817 1550 856 Herr
1573 811 1796 848 Kumberland,

947 862 1096 898 Verfasser
1119 862 1169 892 des
1195 859 1353 892 bekannten
1382 855 1579 893 Schauspiels
1605 853 1654 882 der
1674 850 1796 886 Westin¬

944 903 1005 934 dier
1020 918 1029 936 ,
1064 902 1113 932 der
1130 900 1179 935 sich
1202 900 1229 934 so
1250 900 1336 936 lange
1354 897 1383 929 in
1412 895 1538 930 Madrid
1561 890 1710 926 aufhielt,
1744 898 1795 921 um

944 941 999 973 wie
1022 940 1065 972 die
1087 940 1169 973 Welt
1199 937 1340 976 glaubte,
1379 931 1661 974 Friedensgeschäfte
1694 938 1725 964 zu
1754 930 1798 960 be¬

942 978 1052 1012 treiben
1074 997 1080 1012 ,
1104 979 1154 1013 hat
1172 975 1289 1013 daselbst
1314 976 1406 1012 nichts
1431 974 1558 1013 gethan,
1584 973 1629 1003 als
1653 971 1707 1001 das
1732 968 1795 1004 spa¬

941 1019 1031 1054 nische
1050 1018 1177 1053 Theater
1190 1016 1311 1053 studirt,
1335 1017 1394 1047 und
1409 1016 1467 1045 uns
1482 1014 1528 1044 als
1547 1012 1591 1043 die
1605 1009 1670 1044 erste
1683 1009 1794 1047 Frucht

942 1058 1032 1094 seines
1059 1056 1232 1091 Studiums
1266 1055 1311 1086 ein
1346 1052 1441 1090 Stück
1477 1054 1520 1085 im
1542 1050 1704 1088 spanischen
1733 1049 1796 1082 Ge¬

943 1097 1064 1132 schmack
1088 1095 1233 1134 geliefert,
1265 1094 1385 1130 welches
1410 1095 1463 1124 den
1482 1092 1562 1126 Titel
1590 1087 1695 1126 führt:
1731 1088 1795 1124 Die

943 1135 1109 1168 Walloner.
1132 1148 1170 1154 —
1197 1133 1259 1168 Die
1296 1132 1406 1167 letztern
1436 1130 1539 1165 Briefe
1563 1136 1619 1160 aus
1645 1127 1794 1163 Newyork

944 1175 1055 1204 melden
1069 1179 1126 1203 von
1142 1171 1339 1209 kriegerischen
1361 1170 1573 1208 Bewegungen
1594 1167 1710 1201 nichts,
1733 1167 1796 1201 son¬

944 1213 1013 1243 dern
1033 1211 1184 1247 versichern
1208 1217 1285 1243 nur,
1316 1210 1371 1246 daß
1396 1210 1441 1240 die
1463 1208 1614 1246 zahlreiche
1641 1206 1793 1240 Garnison

944 1251 1033 1286 dieses
1054 1251 1166 1289 Platzes
1184 1251 1239 1281 mit
1265 1251 1347 1281 allem
1366 1246 1500 1287 nöthigen
1517 1247 1643 1283 versorgt
1655 1245 1718 1281 sey,
1743 1245 1792 1279 sich

946 1291 1007 1326 sehr
1028 1291 1086 1322 wvi
1110 1290 1239 1325 befinde,
1260 1290 1318 1319 und
1341 1288 1389 1325 sich
1414 1289 1456 1320 im
1470 1287 1536 1326 Fall
1554 1286 1631 1318 eines
1653 1285 1791 1323 Angriffs

946 1330 992 1360 bis
1011 1329 1069 1365 auf
1086 1332 1139 1361 den
1158 1330 1251 1363 letzten
1270 1329 1372 1361 Mann
1401 1329 1515 1363 wehren
1534 1328 1639 1358 wollte.
1662 1340 1700 1346 —
1729 1325 1792 1361 Die

947 1367 1197 1407 Unabhängigkeit
1226 1369 1276 1398 des
1306 1364 1491 1401 irländischen
1518 1365 1712 1402 Parlaments
1736 1371 1792 1396 von

945 1409 1010 1439 dem
1038 1408 1194 1446 englischen
1214 1406 1245 1441 ist
1270 1407 1297 1442 so
1319 1410 1370 1443 gut
1387 1407 1434 1437 als
1453 1403 1688 1440 unterschrieben.
1730 1404 1794 1440 Die

945 1448 1094 1482 Schotten
1109 1451 1272 1481 erwarten,
1296 1449 1325 1478 es
1343 1447 1435 1479 werde
1450 1453 1481 1482 zu
1498 1445 1573 1476 einer
1588 1443 1791 1482 Vereinigung

944 1489 1077 1520 kommen
1094 1504 1101 1522 ,
1125 1488 1185 1517 und
1202 1487 1244 1517 die
1263 1484 1407 1524 Irländer
1428 1484 1515 1520 gleich
1538 1483 1640 1522 Ihnen
1667 1483 1726 1513 eine
1749 1491 1793 1520 ge¬

944 1526 1021 1562 wisse
1043 1527 1155 1564 Anzahl
1176 1525 1337 1560 Stimmen
1359 1525 1399 1556 im
1421 1525 1597 1560 Parlament
1622 1529 1654 1559 zu
1671 1522 1791 1555 London

945 1566 1088 1601 erhallen,
1121 1565 1147 1600 so
1180 1564 1235 1601 daß
1263 1565 1307 1595 die
1332 1574 1357 1600 3.
1377 1564 1532 1598 Nationen
1552 1563 1713 1597 zusammen
1736 1569 1791 1593 nur

943 1605 1018 1640 Eine
1035 1605 1235 1640 ausmachten.
1280 1604 1342 1639 Sie
1355 1603 1535 1639 schmeicheln
1552 1603 1615 1639 sich,
1638 1602 1698 1635 ihre
1716 1602 1792 1635 Par¬

942 1645 1006 1681 they
1024 1642 1123 1675 würde
1149 1645 1229 1675 dann
1252 1644 1339 1680 durch
1358 1643 1402 1674 die
1416 1642 1605 1678 irländischen
1630 1641 1790 1675 Stimmen

942 1682 1100 1718 verstärkt,
1132 1684 1191 1714 und
1217 1682 1250 1716 sie
1269 1683 1301 1714 in
1324 1684 1379 1714 den
1404 1683 1514 1717 Stand
1537 1682 1628 1720 gesetzt
1653 1681 1789 1718 werden,

941 1724 994 1755 den
1015 1720 1206 1761 Engländern
1234 1724 1289 1753 das
1307 1722 1534 1759 Gleichgewicht
1556 1722 1651 1758 halten
1670 1728 1702 1755 zu
1727 1718 1790 1752 kön¬

942 1770 995 1794 nen
1014 1774 1022 1799 ;
1054 1763 1140 1795 allein
1159 1762 1203 1793 die
1225 1760 1371 1800 Irländer
1392 1762 1485 1798 finden
1517 1762 1546 1793 es
1573 1759 1788 1796 vortheilhafter

940 1801 988 1838 für
1007 1803 1079 1839 sich,
1104 1802 1150 1837 ihr
1169 1801 1266 1839 eignes
1290 1801 1468 1838 Parlament
1493 1809 1524 1837 zu
1547 1800 1694 1836 behalten,
1727 1801 1788 1831 und

941 1843 1035 1877 nichts
1052 1843 1100 1873 als
1119 1844 1171 1873 den
1193 1838 1292 1879 König
1308 1842 1363 1873 mit
1385 1843 1443 1872 uns
1463 1841 1574 1879 gemein
1589 1847 1619 1877 zu
1636 1838 1736 1873 haben.
1748 1855 1788 1861 —

941 1882 988 1919 In
1010 1883 1060 1913 der
1077 1881 1206 1921 Sitzung
1224 1887 1292 1912 vom
1309 1885 1354 1911 26.
1373 1881 1421 1912 des
1441 1879 1615 1916 verflossenen
1630 1879 1692 1912 that
1711 1880 1787 1913 Lord

940 1922 1042 1957 North
1065 1922 1114 1955 seit
1131 1922 1217 1958 seiner
1237 1920 1425 1959 Entfernung
1439 1928 1495 1951 von
1511 1922 1558 1950 der
1576 1917 1789 1954 Ministerstelle

940 1969 1004 2001 zum
1028 1960 1178 1995 erstenmal
1195 1962 1241 1992 im
1259 1960 1432 1996 Parlament
1447 1961 1499 1990 den
1515 1957 1614 1991 Mund
1630 1956 1693 1992 auf.
1741 1958 1787 1992 Es

939 2001 1078 2039 geschah,
1101 2008 1153 2032 um
1171 1999 1224 2036 sich
1228 1997 1263 2038 in
1286 2003 1356 2031 aller
1373 1997 1451 2034 Güte
1464 2005 1560 2032 wegen
1581 1999 1639 2031 der,
1656 1996 1788 2033 verschie¬

938 2044 1027 2073 denen
1045 2040 1194 2077 Personen
1211 2037 1350 2075 während
1367 2040 1453 2072 seines
1471 2036 1691 2072 Ministeriums
1708 2045 1789 2074 zuge¬

938 2081 1074 2116 standnen
1093 2080 1272 2116 Pensionen,
1286 2087 1317 2115 zu
1335 2077 1553 2113 entschuldigen.
1576 2091 1614 2097 —
1635 2075 1724 2109 Ueber
1743 2078 1788 2109 die

938 2121 1147 2157 Bestimmung
1166 2120 1214 2150 der
1239 2119 1347 2157 grossen
1364 2117 1480 2155 Flotte,
1505 2116 1619 2151 welcher
1644 2123 1675 2153 zu
1698 2116 1787 2151 jeder¬

937 2162 1048 2195 manns
1059 2157 1238 2198 Vergnügen
1255 2159 1330 2192 Lord
1345 2158 1440 2198 Howe
1459 2156 1680 2190 kommandiren
1698 2155 1784 2193 wird,
