3912 5551
199 141 384 191 Freitag,
411 141 453 183 3.
476 142 666 191 Februar
680 145 803 188 1933
858 148 982 192 Blatt
1008 149 1038 192 3

1516 157 1590 195 Der
1614 157 1756 207 Zürcher
1781 159 1930 209 Zeitung
1943 161 2028 202 154.
2055 161 2238 209 Jahrgang

2922 168 3262 219 Mittagausgabe
3387 169 3478 213 299

155 204 3554 610 Neue Zürcher Zeitung
399 627 650 660 Abonnemente:

174 676 258 703 Zürich
268 676 303 698 bei
312 676 352 698 der
359 676 547 701 Admlniüratton
560 683 615 703 oder
622 683 715 706 Ablage

212 707 283 731 Durch
292 706 328 727 die
335 706 464 733 Austräger
473 709 513 730 in«
523 711 590 735 Hau«
598 712 805 737 gebracht.

174 736 281 763 Schweiz
294 737 418 763 Bestellung
434 738 492 760 beim
506 739 647 762 Bostbureau
714 755 806 762 .

867 620 1193 652 1 3 6 12
836 647 1207 682 Monat Monate Monate Monate
172 793 286 813 «noland
296 794 533 817 »au«gen.Bri».Ae«ch
543 800 565 817 u.
572 794 602 816 U.
608 795 631 815 L.
638 795 676 817 A.l
684 795 810 821 Bestellung

263 817 309 839 und
322 818 435 840 Auskunlt
448 819 505 841 über
518 820 590 842 Brei«
604 820 663 842 beim
677 821 818 844 Dostbureau

207 842 283 866 Bezug
297 844 363 865 unter
377 845 544 867 Drivatadrelle
558 845 715 868 tStreitbandt

175 674 1199 714 Zürich bei der Administration oder Ablage . . . . Fr. 2.60 6.80 12.50 25.—
1412 635 1520 694 und
1549 632 1932 713 schweizerisches
1962 632 2314 703 .Handelsblatt

1626 721 1793 764 Täglich
1821 725 1849 755 »
1876 725 2107 767 Ausgaben

1278 776 1418 798 «edalti«»
1425 781 1450 798 ».
1459 778 1621 803 «rpgditt»»!
1635 781 1709 804 .-sali«
1711 781 1770 802 »ftr.
1775 780 1806 802 IR
1861 781 1999 804 Druckerei,
2016 785 2152 810 «oetheftr.
2161 786 2205 808 I«.
2214 787 2330 811 Postscheck
2346 786 2460 812 V1II/S144

1271 808 1559 838 FLrsorge.Abtettung:
1569 813 1683 836 Postscheck
1692 813 1806 835 ^111/5502
1857 816 2079 839 «dminisiratton:
2086 820 2233 844 Dheaterstr.
2241 820 2268 845 H,
2282 834 2298 846 „
2345 819 2446 846 VIII/645

1427 852 1603 888 Telephon:
1624 855 1785 889 *7.10«,
1812 857 2018 892 Eihlpostfach
2035 860 2094 888 Nr.
2107 862 2158 887 ««,
2170 862 2234 889 und
2246 863 2297 890 S22

2692 639 2884 668 Annoncen:

2528 684 2572 705 Die
2585 684 2716 710 einspaltige
2731 687 2752 708 S
2754 689 2868 714 rundzelle
2900 701 2906 711 .
2934 693 3234 716 ..,»»,,.60
3245 694 3290 717 Bp.

2527 718 2604 740 Lokale
2618 719 2902 748 Selchäitsempsedlungen
2935 737 2941 742 .
3207 727 3233 747 50
3246 728 3289 750 Bp.

2526 753 2642 778 Anzeigen
2657 754 2826 779 ausländischen
2840 757 2972 784 Ursprung»
3002 772 3181 783 ......
3208 761 3234 782 78
3246 762 3291 786 «p.

2523 787 2645 809 Aeklamen
2657 792 2697 812 per
2710 788 2773 813 Zeile
3191 795 3231 821 Fr.
3243 796 3291 816 2.50

2689 831 2979 860 «nnoncen.Adi.tlu»«
2987 841 2994 856 >
3009 838 3156 861 Dhra,erste.
3168 838 3196 863 »,
3210 837 3378 865 Postscheck«».
3386 838 3506 864 VIII/126«

2887 868 2994 893 Filiale,
3013 871 3173 897 «astnhoiftr.
3189 874 3227 895 7<l

434 968 668 1029 Amerika,

190 1029 290 1079 das
314 1031 445 1079 Land
477 1034 600 1092 ohne
629 1035 912 1098 Klassenhaß

420 1114 493 1144 K.v.
504 1116 530 1146 S.
551 1117 710 1154 Boston,
733 1120 774 1150 im
796 1122 925 1156 Januar.

203 1165 257 1202 Ja,
281 1167 338 1197 das
363 1165 396 1203 ist
419 1165 554 1199 Amerika
579 1170 650 1208 auch
674 1172 760 1208 heute
784 1172 866 1211 noch,
890 1174 960 1211 trotz

139 1204 230 1241 zwölf
252 1204 416 1235 Millionen
436 1204 656 1251 Arbeitslosen,
677 1209 723 1240 die
743 1212 828 1241 kaum
848 1211 959 1249 wissen,

139 1244 251 1272 wovon
271 1243 308 1280 sie
331 1241 416 1272 leben
438 1241 531 1278 sollen
552 1245 614 1275 und
636 1246 683 1277 die
706 1248 782 1285 ohne
805 1250 863 1280 das
884 1248 959 1281 Ein¬

142 1279 258 1316 greifen
277 1280 409 1318 privater
430 1281 492 1310 und
511 1282 715 1315 kommunaler
735 1285 959 1324 Wohltätigkeit

143 1316 226 1353 schon
257 1318 344 1354 lange
374 1316 510 1353 erfroren
539 1321 601 1350 und
632 1323 814 1361 verhungert
845 1325 959 1361 wären,

142 1359 212 1393 trotz
233 1356 283 1386 der
303 1355 365 1386 Not
383 1358 444 1385 von
465 1356 631 1390 Millionen
650 1363 711 1390 von
730 1360 889 1399 Farmern,
911 1364 957 1394 die

142 1392 185 1423 im
211 1393 318 1424 Süden
341 1392 404 1429 ihre
434 1393 624 1427 Baumwolle
651 1397 729 1433 nicht
753 1399 889 1436 pflücken,
916 1400 958 1432 im

140 1431 351 1467 Mittelwesten
373 1429 524 1468 Getreide,
546 1432 661 1472 Fleisch
682 1437 746 1467 und
769 1437 864 1475 Milch
886 1440 958 1470 weit

139 1471 229 1499 unter
256 1468 341 1505 ihren
367 1467 624 1508 Einstandskosten
651 1474 809 1512 verkaufen
836 1476 957 1514 müssen,

140 1508 203 1537 und
229 1506 273 1536 die
298 1505 425 1542 dadurch
449 1507 506 1538 mit
530 1508 626 1545 jedem
650 1510 716 1549 Tag
740 1513 827 1551 tiefer
852 1514 886 1545 in
910 1514 956 1546 die

140 1543 290 1581 Schulden
315 1543 556 1581 hineingeraten.
581 1548 686 1586 Dieser
714 1550 823 1592 soziale
848 1551 955 1589 Friede

139 1582 215 1612 kann
250 1581 333 1618 schon
374 1582 463 1619 lange
490 1584 569 1622 nicht
596 1588 678 1624 mehr
716 1589 811 1620 damit
850 1589 956 1621 erklärt

138 1622 265 1654 werden,
284 1618 422 1651 Amerika
442 1621 482 1658 sei
503 1622 553 1654 ein
571 1624 703 1661 soziales
723 1625 888 1663 Paradies,
906 1631 955 1659 wo

140 1665 173 1689 es
191 1657 281 1694 jedem
301 1658 355 1694 gut
373 1659 454 1695 gehe.
472 1660 540 1691 Das
559 1661 593 1699 ist
611 1664 849 1703 wahrscheinlich
869 1666 955 1697 über¬

140 1696 230 1732 haupt
253 1694 302 1725 nie
328 1695 358 1731 so
383 1703 460 1734 ganz
484 1699 569 1736 wahr
594 1702 738 1738 gewesen.
762 1703 841 1735 Aber
869 1705 954 1740 heute

138 1733 238 1769 zeigen
262 1732 308 1762 die
330 1732 646 1774 Menschenschlangen
667 1743 722 1770 vor
744 1741 800 1771 den
822 1741 954 1780 Obdach¬

138 1769 323 1808 losenasylen
352 1771 403 1803 der
435 1768 550 1811 großen
579 1776 700 1814 Städte,
733 1778 778 1809 die
810 1779 872 1812 Not
904 1781 954 1812 der

136 1808 270 1843 Bauern,
298 1808 345 1839 die
370 1810 503 1850 trostlose
528 1813 608 1851 Lage
633 1815 685 1847 der
710 1815 954 1850 Minenarbeiter

135 1845 167 1876 in
184 1845 434 1884 Pennsylvanien
450 1851 513 1881 und
533 1851 583 1883 der
601 1852 892 1891 Industriearbeiter
912 1856 954 1887 im

136 1883 252 1918 Süden,
283 1884 329 1915 die
359 1886 438 1921 nicht
468 1889 558 1926 besser
589 1891 685 1921 daran
714 1891 777 1927 sind
806 1894 858 1924 als
889 1894 953 1932 ihre

133 1921 253 1952 Brüder
269 1922 302 1953 in
321 1923 376 1954 den
392 1924 625 1965 rückständigsten
642 1929 788 1961 Gebieten
800 1932 953 1970 Europas,

132 1959 215 1996 selbst
233 1961 298 1991 dem
317 1960 603 2002 Oberflächlichsten,
621 1967 679 2004 daß
701 1966 765 2002 jene
784 1969 952 2009 Erklärung

133 1996 261 2033 wirklich
281 1999 362 2034 nicht
382 2002 466 2038 mehr
489 2004 667 2039 ausreichen
689 2007 774 2038 kann.
798 2008 862 2042 „Es
887 2009 952 2050 gibt

132 2034 193 2066 kein
214 2035 308 2072 Land,
330 2040 378 2069 wo
402 2039 448 2070 die
469 2041 689 2080 ökonomischen
712 2044 951 2083 Gegebenheiten

134 2072 181 2109 für
208 2073 275 2105 eine
306 2075 495 2109 Revolution
524 2079 674 2118 günstiger
702 2082 807 2115 wären
837 2086 889 2116 als
918 2085 951 2116 in

133 2112 294 2147 Amerika,"
312 2114 436 2145 erklärte
453 2117 513 2148 mir
529 2117 578 2149 ein
593 2118 691 2157 Russe,
708 2121 758 2152 der
774 2126 832 2154 aus
851 2123 950 2161 seinen

132 2148 336 2189 Sympathien
361 2152 409 2189 für
431 2154 486 2185 den
509 2155 767 2193 Bolschewismus
791 2160 853 2191 kein
874 2161 949 2202 Hehl

130 2188 233 2225 macht,
261 2189 350 2224 „aber
376 2192 449 2229 auch
473 2193 537 2224 kein
560 2195 655 2232 Land,
681 2199 730 2227 wo
756 2202 791 2229 es
815 2201 949 2236 weniger

131 2224 412 2267 Revolutionsgeist
444 2231 518 2267 gibt.
568 2232 645 2264 Kein
676 2234 868 2271 Proletariat
899 2239 951 2275 hat

128 2263 219 2295 einen
235 2265 415 2303 geringeren
432 2267 579 2307 Umsturz-
596 2272 660 2303 und
675 2271 880 2311 Machtwillen
898 2276 950 2307 als

128 2301 187 2333 das
217 2304 469 2343 amerikanische."
502 2307 571 2341 Das
602 2309 710 2346 gleiche
743 2312 860 2351 gestand
890 2314 949 2345 mir

130 2339 277 2377 Thomas,
324 2344 374 2374 der
421 2344 623 2384 sozialistische
667 2348 949 2389 Präsidentschafts¬

128 2378 283 2410 kandidat:
311 2380 430 2417 „Einen
452 2383 521 2421 Haß
543 2391 635 2423 gegen
660 2387 717 2417 das
740 2388 865 2426 Kapital
886 2391 950 2421 und

130 2422 222 2453 gegen
246 2417 301 2448 den
324 2419 555 2457 Kapitalismus
579 2423 643 2461 gibt
666 2429 700 2456 es
722 2424 769 2457 bei
793 2431 855 2458 uns
876 2428 949 2462 noch

128 2453 216 2491 nicht.
258 2455 417 2494 Höchstens
452 2459 596 2498 vielleicht
626 2462 718 2494 einen
751 2464 820 2501 Haß
855 2472 948 2504 gegen

125 2491 254 2529 Hoover,
270 2496 359 2526 unter
376 2497 442 2527 dem
460 2505 490 2529 er
506 2498 559 2536 sich
575 2499 773 2538 abreagiert."
791 2502 858 2534 Und
876 2503 948 2541 noch

129 2530 233 2566 klarer,
259 2533 310 2563 als
338 2537 371 2565 es
399 2534 454 2566 alle
483 2536 559 2574 diese
586 2537 746 2577 Aussagen
777 2542 947 2578 vermögen,

127 2568 189 2605 sind
207 2569 285 2608 diese
303 2570 405 2609 Dinge
423 2573 512 2609 durch
529 2575 584 2607 den
603 2576 752 2620 Ausgang
773 2579 826 2611 des
845 2579 946 2618 Wahl¬

129 2606 259 2645 kampfes
281 2609 413 2646 erhärtet
435 2613 568 2650 worden,
589 2617 637 2646 wo
661 2616 731 2656 trotz
749 2617 834 2654 einer
858 2624 946 2650 uner¬

129 2644 235 2678 hörten
256 2646 390 2686 Notlage
409 2656 470 2681 nur
491 2652 549 2682 900
559 2652 617 2684 000
636 2652 796 2692 Menschen
819 2655 868 2696 für
891 2656 947 2688 den

128 2682 352 2728 sozialistischen
374 2688 436 2719 und
455 2689 589 2731 weniger
608 2691 659 2723 als
682 2692 736 2724 100
746 2694 803 2724 000
822 2694 871 2734 für
892 2694 946 2726 den

126 2720 394 2762 kommunistischen
450 2726 946 2771 Präsidentschafts-Kandidaten

125 2757 283 2795 stimmten.

184 2797 253 2829 Das
277 2799 339 2836 sind
363 2800 474 2839 Dinge,
498 2803 556 2835 mit
582 2804 676 2837 denen
701 2812 773 2838 man
797 2807 849 2846 sich
872 2811 945 2840 aus¬

125 2833 360 2875 einandersetzen
381 2841 443 2871 und
463 2840 511 2872 die
529 2848 602 2874 man
623 2844 771 2882 verstehen
791 2846 872 2883 muß,
892 2852 946 2878 um

125 2874 184 2904 von
202 2874 252 2905 der
267 2876 346 2913 Lage
362 2876 395 2908 in
410 2877 546 2911 Amerika
563 2881 612 2912 ein
628 2882 854 2920 einigermaßen
872 2884 943 2919 rich¬

125 2910 206 2949 tiges
229 2912 305 2944 Bild
331 2921 367 2951 zu
392 2916 538 2953 erhalten.
564 2918 767 2957 Thomas,
793 2922 857 2954 dem
880 2922 944 2960 sein

123 2948 311 2987 Wahlfiasko
330 2952 427 2989 nichts
445 2957 505 2986 von
523 2955 620 2993 seiner
638 2958 838 2997 überlegenen
857 2960 943 2998 Ruhe

121 2988 247 3024 geraubt
264 2996 299 3026 zu
318 2989 415 3027 haben
434 2992 550 3030 scheint,
566 2995 661 3032 suchte
679 2997 738 3029 mir
756 2999 813 3029 das
831 2998 945 3037 Fehlen

123 3024 209 3057 eines
222 3027 356 3065 sozialen
372 3030 696 3072 Klassenkampfgeistes
711 3038 766 3067 vor
782 3036 870 3068 allem
884 3042 945 3069 aus

124 3063 178 3095 den
199 3064 621 3105 Rassenproblemen
642 3080 678 3110 zu
699 3074 841 3106 erklären.
865 3076 943 3110 „Der

122 3102 218 3139 weiße
235 3103 374 3137 Arbeiter
394 3106 569 3145 verbraucht
586 3110 748 3147 besonders
767 3112 809 3143 im
826 3113 944 3150 Süden,

124 3140 194 3172 aber
221 3142 294 3178 auch
316 3142 359 3175 im
384 3143 473 3181 Osten
497 3148 561 3178 und
586 3148 619 3179 in
645 3150 701 3180 den
729 3149 864 3183 Städten
889 3152 942 3184 des

122 3177 354 3217 Mittelwestens
393 3182 494 3220 seinen
530 3186 711 3225 Kampfgeist
750 3188 793 3220 im
818 3190 942 3228 Kampfe

121 3222 220 3248 gegen
238 3218 295 3250 den
315 3219 424 3258 Neger,
447 3222 498 3253 der
519 3222 573 3262 ihn
594 3225 786 3263 unterbietet,
806 3229 870 3259 und
892 3230 942 3260 der

125 3258 187 3284 ihn
187 3258 254 3286 aus
272 3256 368 3295 seiner
386 3258 529 3296 Stellung
550 3269 586 3299 zu
605 3263 740 3301 drängen
759 3266 845 3304 sucht.
864 3266 942 3299 Dar¬

121 3292 196 3325 über
220 3294 335 3331 hinaus
357 3296 410 3334 hat
434 3298 480 3329 die
503 3292 653 3338 Tatsache,
679 3302 737 3340 daß
760 3303 812 3341 sich
836 3305 942 3342 unsere

122 3330 342 3364 Einwanderer
373 3339 434 3366 aus
466 3337 544 3370 allen
576 3339 686 3378 Rassen
717 3342 778 3372 und
810 3341 941 3375 Völkern

122 3370 264 3407 Europas
300 3372 491 3411 rekrutieren,
527 3375 583 3408 den
608 3376 872 3419 Zusammenhang
908 3381 941 3413 in

120 3407 172 3440 der
189 3409 413 3449 Arbeiterklasse
431 3414 636 3451 untergraben
654 3416 717 3447 und
737 3418 783 3449 die
802 3418 941 3458 Bildung

120 3445 203 3479 einer
246 3448 455 3487 einheitlichen
494 3451 795 3492 Klassenkampfsfront
834 3457 940 3489 immer

120 3485 367 3524 verunmöglicht.
414 3488 481 3521 Wir
508 3490 619 3528 müssen
647 3493 694 3524 die
722 3493 939 3533 Rassenfragen

120 3523 212 3562 lösen,
229 3524 278 3562 ehe
296 3525 355 3557 wir
372 3527 425 3561 auf
442 3528 586 3568 wirkliche
605 3530 729 3568 Erfolge
747 3533 790 3564 im
808 3533 939 3572 Klassen¬

119 3561 229 3599 kampfe
257 3562 360 3601 hoffen
395 3564 536 3598 können."
584 3567 729 3602 Daneben
765 3572 840 3603 kann
876 3572 939 3604 kein

118 3599 247 3637 Zweifel
277 3602 418 3640 bestehen,
450 3604 509 3641 daß
540 3606 613 3643 auch
643 3608 694 3639 der
726 3607 857 3647 Einsatz
889 3612 938 3643 der

118 3638 363 3686 religiösen
384 3639 756 3682 Gemeinschaften
777 3647 836 3679 viel
863 3648 938 3685 dazu

119 3675 249 3715 beitrug,
276 3677 322 3709 die
346 3678 486 3719 Bildung
512 3684 573 3713 von
599 3684 937 3724 Klassenkampffronten

117 3714 379 3754 hintanzuhalten.
396 3718 570 3757 Besonders
587 3721 633 3754 die
648 3722 818 3762 katholische
836 3725 937 3764 Kirche

118 3752 174 3784 mit
189 3753 285 3791 ihrem
301 3756 484 3794 gewaltigen
500 3757 629 3796 Einfluß
646 3761 699 3798 auf
715 3761 761 3793 die
777 3761 937 3800 Irländer,

118 3790 218 3828 Polen
237 3792 300 3824 und
320 3792 477 3830 Italiener
496 3796 549 3833 hat
566 3797 631 3835 hier
651 3798 716 3830 eine
738 3800 829 3838 große
850 3801 935 3834 Rolle

119 3829 250 3868 gespielt.
287 3830 365 3868 Ihre
402 3832 540 3870 Parolen
577 3835 716 3874 „Sozial,
751 3839 821 3870 aber
859 3840 937 3878 nicht

117 3867 333 3906 sozialistisch",
362 3870 458 3906 „Kein
485 3872 710 3913 Klassenkampf,
738 3876 800 3908 kein
828 3878 937 3917 Kampf

120 3912 211 3945 gegen
235 3905 281 3938 die
304 3907 471 3945 bestehende
496 3910 656 3951 Ordnung,
679 3914 750 3947 aber
772 3915 936 3954 Besserstel¬

120 3945 193 3982 lung
215 3944 268 3976 des
289 3944 447 3979 Arbeiters
469 3947 503 3980 in
524 3948 620 3987 ihrem
641 3950 808 3990 Rahmen",
830 3955 882 3992 hat
903 3954 936 3987 in

1003 944 1114 976 keinem
1128 947 1228 979 Lande
1242 948 1324 984 mehr
1339 949 1469 988 Anhang
1483 952 1633 990 gefunden
1649 954 1701 985 als
1716 954 1749 985 in
1763 955 1819 987 den

1003 982 1203 1022 Vereinigten
1229 986 1371 1017 Staaten.

1062 1021 1130 1052 Das
1169 1024 1276 1059 gleiche
1315 1025 1428 1062 Fehlen
1466 1026 1549 1064 jedes
1588 1029 1718 1066 Klassen-
1755 1031 1819 1061 und

1003 1058 1326 1099 Klassenkampfgeistes
1353 1063 1450 1099 findet
1475 1072 1547 1097 man
1571 1067 1721 1104 natürlich
1747 1069 1820 1101 auch

1003 1097 1057 1133 auf
1079 1097 1172 1133 seiten
1198 1099 1251 1130 des
1276 1099 1520 1136 Unternehmers.
1564 1105 1743 1142 Sozusagen
1768 1106 1818 1136 nie

1003 1134 1057 1164 bin
1080 1135 1123 1168 ich
1147 1136 1193 1166 bei
1217 1137 1460 1177 amerikanischen
1486 1141 1723 1180 Unternehmern
1748 1144 1818 1174 oder

1001 1171 1171 1208 Politikern
1197 1175 1250 1211 auf
1273 1175 1357 1211 jenes
1382 1177 1492 1215 Gefühl
1516 1181 1566 1210 der
1588 1181 1818 1218 Verbitterung,

1003 1209 1034 1245 ja
1061 1211 1112 1247 fast
1135 1212 1187 1242 des
1211 1212 1315 1249 Hasses
1336 1221 1429 1251 gegen
1453 1218 1508 1248 den
1531 1218 1655 1255 eigenen
1678 1218 1817 1250 Arbeiter

1003 1247 1149 1285 gestoßen,
1171 1250 1230 1282 das
1252 1258 1324 1282 man
1348 1253 1393 1283 bei
1419 1255 1474 1285 den
1496 1256 1627 1293 gleichen
1648 1256 1761 1288 Leuten
1783 1258 1818 1288 in

997 1285 1120 1320 Europa
1154 1289 1343 1327 gelegentlich
1379 1290 1480 1327 findet.
1513 1294 1591 1325 Man
1625 1294 1705 1333 trifft
1739 1296 1817 1326 beim

1002 1326 1247 1363 amerikanischen
1268 1328 1482 1368 Unternehmer
1501 1333 1582 1369 wohl
1604 1333 1714 1371 soziale
1732 1333 1817 1365 Rück¬

999 1362 1223 1401 sichtalosigkeit.
1272 1367 1313 1397 Er
1340 1367 1410 1403 stellt
1439 1370 1648 1407 langgediente
1677 1371 1816 1403 Arbeiter

1000 1402 1062 1431 und
1079 1402 1252 1439 Angestellte
1272 1407 1330 1435 von
1349 1405 1444 1437 einem
1461 1407 1527 1445 Tag
1545 1415 1613 1444 zum
1631 1409 1745 1441 andern
1763 1411 1817 1448 auf

1000 1439 1048 1469 die
1074 1435 1202 1477 Straße,
1229 1445 1318 1473 wenn
1346 1451 1377 1474 er
1403 1445 1440 1482 sie
1468 1446 1548 1483 nicht
1575 1447 1658 1484 mehr
1686 1448 1816 1486 braucht,

996 1477 1066 1508 aber
1082 1484 1116 1508 er
1133 1479 1218 1510 kennt
1233 1480 1294 1511 kein
1310 1482 1532 1519 Ressentiment.

1057 1517 1212 1553 Natürlich
1229 1519 1290 1555 sind
1307 1521 1500 1558 Extremisten
1515 1523 1588 1554 aller
1605 1524 1752 1561 Parteien
1767 1532 1815 1562 ge¬

998 1554 1089 1591 neigt,
1117 1555 1159 1586 im
1186 1555 1299 1594 Fehlen
1325 1560 1378 1590 des
1405 1560 1726 1599 Klassenkampfgeistes
1752 1565 1815 1594 und

1000 1591 1032 1622 in
1058 1593 1108 1623 der
1131 1594 1246 1626 daraus
1268 1596 1503 1633 resultierenden
1527 1598 1613 1633 Ruhe
1637 1601 1703 1637 eher
1726 1601 1813 1632 einen

999 1629 1128 1667 Mangel
1155 1632 1207 1662 als
1233 1633 1321 1665 einen
1337 1635 1467 1667 Vorteil
1495 1644 1532 1673 zu
1562 1637 1657 1675 sehen.
1684 1638 1742 1669 Sie
1770 1646 1814 1670 er¬

998 1667 1097 1698 klären
1120 1669 1155 1706 sie
1178 1675 1236 1701 aus
1255 1671 1354 1703 einem
1377 1673 1505 1711 Mangel
1528 1681 1568 1705 an
1590 1675 1738 1707 Vitalität
1761 1677 1817 1708 des

998 1706 1242 1744 amerikanischen
1262 1710 1374 1741 Volkes
1394 1713 1458 1742 und
1478 1715 1534 1743 vor
1557 1713 1645 1744 allem
1666 1719 1727 1745 aus
1748 1715 1814 1746 dem

997 1742 1110 1780 Fehlen
1155 1749 1215 1776 von
1261 1747 1647 1786 Führerpersönlichkeiten.
1692 1752 1813 1789 Immer

997 1781 1107 1812 wieder
1128 1783 1196 1819 hört
1219 1791 1290 1816 man
1311 1790 1371 1817 von
1395 1786 1501 1824 solcher
1525 1787 1611 1820 Seite
1634 1789 1679 1821 die
1700 1790 1813 1827 Ansicht

996 1821 1155 1855 vertreten,
1188 1823 1234 1853 die
1267 1823 1469 1862 Stagnation,
1503 1826 1548 1857 die
1585 1828 1699 1859 daraus
1724 1829 1813 1866 folge,

996 1857 1038 1894 sei
1063 1859 1119 1889 das
1143 1859 1336 1899 Schlimmste,
1369 1864 1437 1894 was
1470 1868 1507 1894 es
1539 1864 1588 1900 für
1622 1866 1812 1898 Amerikaner

995 1896 1088 1931 geben
1109 1897 1211 1930 könne.
1230 1899 1307 1931 Eine
1327 1900 1510 1936 unhaltbare
1530 1902 1697 1935 Situation
1714 1907 1812 1936 werde

998 1934 1143 1972 verewigt
1174 1935 1241 1972 statt
1272 1937 1437 1975 abgekürzt.
1488 1938 1553 1971 Wie
1586 1942 1643 1971 das
1677 1941 1810 1980 Beispiel

995 1970 1213 2008 Deutschlands
1243 1975 1376 2013 beweise,
1404 1976 1484 2014 seien
1518 1978 1564 2009 die
1592 1981 1812 2017 unterlassenen

993 2009 1220 2043 Revolutionen
1253 2013 1433 2051 diejenigen,
1464 2017 1552 2047 unter
1586 2018 1679 2049 denen
1712 2021 1811 2053 letzten

995 2046 1098 2079 Endes
1119 2049 1165 2080 die
1186 2049 1294 2082 Völker
1315 2059 1363 2082 am
1383 2053 1501 2090 meisten
1522 2061 1558 2090 zu
1579 2055 1676 2086 leiden
1698 2056 1811 2094 hätten.

1053 2086 1133 2118 Aber
1153 2088 1212 2119 wie
1232 2096 1305 2120 man
1326 2090 1378 2127 sich
1399 2098 1436 2127 zu
1459 2091 1574 2129 solchen
1596 2093 1719 2132 Dingen
1741 2096 1812 2132 auch

994 2124 1150 2160 verhalten
1174 2132 1252 2164 mag,
1277 2127 1307 2163 so
1331 2128 1431 2164 ergibt
1453 2129 1505 2167 sich
1534 2131 1649 2162 daraus
1674 2133 1810 2170 praktisch

995 2161 1063 2197 doch
1085 2162 1131 2194 die
1153 2163 1302 2202 Tatsache,
1325 2166 1382 2202 daß
1406 2167 1532 2205 dadurch
1555 2169 1618 2200 dem
1640 2170 1809 2208 kapitalisti¬

993 2199 1074 2237 schen
1097 2200 1215 2237 System
1238 2203 1303 2235 eine
1326 2211 1402 2236 neue
1426 2206 1546 2242 Chance
1571 2208 1700 2244 gegeben
1723 2209 1810 2245 wird,

991 2231 1044 2274 sich
1061 2242 1120 2270 aus
1141 2240 1224 2272 einer
1243 2241 1321 2277 Lage
1340 2242 1640 2281 herauszuarbeiten,
1658 2246 1691 2278 in
1710 2247 1756 2278 die
1775 2251 1809 2278 es

992 2275 1107 2313 infolge
1124 2277 1302 2315 mancherlei
1321 2278 1503 2317 Irrtümern
1519 2283 1749 2321 hineingeraten
1768 2285 1809 2323 ist.

992 2312 1060 2344 Und
1080 2317 1168 2346 wenn
1188 2323 1259 2347 man
1280 2320 1339 2349 von
1361 2319 1416 2350 den
1438 2320 1544 2351 immer
1565 2322 1713 2361 trostloser
1734 2327 1807 2354 wer¬

993 2351 1107 2383 denden
1133 2353 1290 2391 Berichten
1315 2360 1374 2387 aus
1401 2356 1547 2395 Rußland
1574 2359 1651 2397 hört,
1677 2360 1722 2392 die
1748 2365 1807 2392 von

991 2388 1088 2421 einem
1104 2393 1178 2429 noch
1193 2393 1253 2423 viel
1271 2393 1471 2431 schlimmeren
1490 2396 1642 2435 Versagen
1660 2399 1713 2430 des
1733 2400 1805 2431 kom¬

991 2428 1194 2466 munistischen
1222 2430 1357 2467 Systems
1384 2433 1489 2466 Kunde
1517 2436 1619 2473 geben,
1645 2437 1806 2474 empfindet

989 2471 1061 2496 man
1097 2466 1226 2499 darüber
1259 2469 1327 2507 doch
1358 2470 1424 2502 eine
1454 2472 1571 2511 gewisse
1595 2474 1805 2513 Beruhigung.

990 2503 1079 2536 Denn
1103 2504 1146 2536 im
1169 2506 1326 2545 Gegensatz
1350 2515 1385 2547 zu
1410 2510 1440 2547 so
1465 2509 1562 2542 vielen
1587 2513 1719 2544 anderen
1744 2514 1805 2546 und

984 2544 1039 2573 vor
1061 2543 1148 2574 allem
1169 2551 1236 2582 zum
1255 2547 1518 2587 kommunistischen
1542 2549 1659 2587 System
1679 2552 1731 2589 hat
1755 2553 1804 2584 der

985 2580 1216 2621 Kapitalismus
1236 2586 1304 2623 doch
1322 2587 1502 2625 wenigstens
1521 2588 1677 2627 bewiesen,
1696 2590 1753 2627 daß
1775 2597 1805 2622 er

988 2625 1025 2656 zu
1045 2621 1244 2659 produzieren
1263 2626 1395 2662 vermag.
1417 2625 1483 2656 Und
1506 2627 1561 2657 das
1582 2627 1614 2664 ist
1634 2628 1702 2666 doch
1721 2628 1805 2667 sicher

988 2657 1046 2688 das
1069 2658 1306 2698 Entscheidende,
1328 2662 1407 2694 denn
1427 2663 1480 2701 erst
1499 2666 1589 2695 wenn
1610 2665 1686 2702 diese
1707 2666 1806 2705 Frage

986 2695 1144 2735 endgültig
1164 2698 1295 2737 geregelt
1314 2699 1356 2737 ist,
1375 2701 1450 2733 kann
1469 2708 1540 2734 man
1561 2709 1601 2734 an
1623 2703 1668 2734 die
1686 2704 1805 2743 Lösung

988 2731 1039 2765 der
1073 2736 1206 2769 anderen
1228 2737 1391 2774 Probleme
1424 2739 1528 2778 gehen,
1561 2740 1608 2773 die
1642 2742 1724 2773 dann
1759 2743 1805 2775 die

987 2768 1256 2811 Güterverteilung
1275 2775 1347 2812 noch
1364 2775 1465 2809 bietet.

1045 2809 1112 2841 Und
1129 2814 1218 2843 wenn
1236 2813 1306 2850 auch
1324 2815 1380 2844 das
1398 2815 1595 2854 ökonomische
1614 2817 1732 2855 System
1751 2818 1805 2851 des

986 2846 1218 2885 Kapitalismus
1240 2851 1273 2881 in
1298 2852 1354 2883 den
1379 2852 1501 2891 Fragen
1525 2855 1576 2886 der
1599 2854 1803 2889 Gütervertei¬

986 2885 1061 2924 lung
1082 2885 1133 2919 bis
1153 2894 1189 2925 zu
1209 2888 1306 2922 einem
1326 2891 1464 2930 gewissen
1484 2892 1584 2925 Grade
1605 2895 1723 2932 versagt
1744 2895 1804 2932 hat,

986 2925 1074 2955 wenn
1102 2924 1152 2962 sich
1183 2927 1255 2963 auch
1284 2927 1398 2961 überall
1428 2930 1560 2962 Vorräte
1588 2932 1713 2970 häuften
1741 2935 1803 2965 und

986 2962 1058 2998 noch
1083 2962 1204 3001 häufen,
1229 2965 1275 2996 die
1300 2966 1354 2997 den
1379 2966 1451 3005 Weg
1476 2975 1542 3006 zum
1568 2970 1702 3007 Konsum
1725 2972 1803 3010 nicht

987 2999 1100 3037 finden,
1122 3002 1151 3039 so
1172 3001 1244 3039 muß
1263 3009 1333 3035 man
1354 3006 1407 3042 auf
1427 3006 1476 3037 der
1497 3008 1611 3039 andern
1630 3009 1717 3041 Seite
1737 3010 1804 3047 doch

983 3038 1055 3075 auch
1067 3038 1179 3071 wieder
1193 3041 1333 3079 zugeben,
1350 3043 1409 3081 daß
1424 3046 1605 3089 wenigstens
1620 3047 1653 3078 in
1667 3047 1804 3080 Amerika

986 3075 1036 3107 der
1054 3076 1180 3116 Mangel
1199 3085 1238 3110 an
1256 3080 1387 3117 sozialen
1406 3082 1602 3122 Gegensätzen
1619 3086 1681 3117 und
1700 3086 1802 3123 Span¬

983 3120 1116 3152 nungen,
1132 3117 1181 3147 der
1197 3117 1262 3149 eine
1276 3119 1467 3157 gewaltsame
1480 3121 1600 3160 Lösung
1617 3123 1668 3154 der
1682 3123 1803 3162 Krisen¬

983 3154 1134 3188 probleme
1169 3154 1239 3187 oder
1273 3156 1418 3195 vielmehr
1452 3159 1540 3191 einen
1563 3161 1691 3199 Versuch
1727 3163 1802 3201 dazu

985 3191 1182 3228 verhinderte,
1211 3194 1282 3231 auch
1308 3195 1419 3228 wieder
1447 3198 1606 3237 unendlich
1636 3199 1696 3232 viel
1727 3201 1801 3239 dazu

981 3228 1175 3268 beigetragen
1207 3232 1268 3269 hat,
1299 3233 1363 3270 ihre
1396 3235 1585 3273 schlimmsten
1617 3237 1734 3277 Folgen
1764 3246 1801 3276 zu

980 3267 1120 3300 mildern.
1139 3269 1196 3301 Die
1215 3271 1419 3308 sogenannten
1440 3274 1549 3306 oberen
1569 3276 1686 3314 Klassen
1705 3278 1800 3314 haben

981 3306 1035 3343 auf
1055 3306 1257 3346 freiwilligem
1278 3309 1367 3348 Wege
1387 3311 1453 3350 sehr
1474 3313 1535 3344 viel
1559 3317 1657 3351 getan,
1678 3323 1730 3347 um
1750 3317 1800 3348 der

979 3343 1042 3375 Not
1065 3344 1161 3383 dieses
1184 3346 1423 3384 Krisenwinters
1445 3357 1481 3388 zu
1503 3352 1626 3389 steuern.
1649 3352 1706 3385 Die
1731 3354 1799 3386 Kir¬

981 3381 1058 3417 chen,
1083 3382 1129 3415 die
1156 3384 1185 3421 so
1210 3385 1270 3416 viel
1296 3387 1370 3422 dazu
1396 3389 1588 3428 beigetragen
1614 3391 1719 3429 haben,
1744 3394 1799 3424 alle

979 3419 1099 3458 Ansätze
1122 3429 1190 3459 zum
1214 3423 1444 3464 Klassenkampfe
1470 3427 1499 3465 so
1524 3428 1596 3460 weit
1619 3430 1669 3460 als
1693 3430 1799 3468 irgend

979 3458 1106 3496 möglich
1132 3460 1215 3498 schon
1238 3462 1280 3493 im
1303 3462 1404 3496 Keime
1429 3472 1465 3502 zu
1488 3466 1622 3503 ersticken,
1646 3468 1742 3505 haben
1765 3476 1798 3500 es

978 3497 1032 3533 auf
1053 3497 1104 3529 der
1126 3499 1241 3530 andern
1262 3499 1349 3533 Seite
1372 3502 1427 3535 den
1449 3504 1688 3541 wohlhabenden
1708 3508 1798 3539 unter

979 3534 1065 3569 ihren
1089 3535 1289 3574 Mitgliedern
1313 3555 1347 3561 —
1370 3542 1432 3572 und
1457 3541 1513 3574 das
1539 3542 1591 3580 fast
1615 3544 1720 3576 immer
1742 3547 1798 3578 mit

979 3572 1086 3611 Erfolg
1118 3590 1153 3596 —
1187 3576 1258 3614 auch
1290 3577 1400 3610 wieder
1432 3586 1485 3617 zur
1515 3580 1628 3619 Pflicht
1660 3584 1797 3622 gemacht,

977 3611 1157 3649 wenigstens
1181 3614 1231 3645 ein
1253 3614 1379 3652 Zehntel
1404 3617 1487 3654 ihres
1511 3619 1723 3652 Einkommens
1749 3622 1796 3658 für

978 3649 1087 3686 soziale
1109 3651 1206 3684 Werke
1227 3659 1263 3690 zu
1284 3656 1471 3688 verwenden.
1492 3657 1558 3688 Und
1578 3658 1649 3690 weit
1670 3659 1796 3691 darüber

976 3681 1092 3723 hinaus
1126 3690 1223 3727 haben
1257 3691 1302 3723 die
1338 3692 1452 3731 reichen
1478 3695 1569 3727 Leute
1603 3697 1684 3735 meist
1707 3699 1797 3730 unter

976 3725 1119 3762 schweren
1146 3727 1263 3766 Opfern
1291 3731 1366 3762 alles
1394 3734 1492 3769 getan,
1519 3741 1571 3765 um
1599 3735 1645 3766 die
1674 3736 1795 3774 Riesen¬

974 3763 1106 3801 summen
1125 3766 1357 3807 aufzubrlngen,
1378 3771 1424 3802 die
1444 3778 1497 3808 zur
1516 3772 1720 3813 Bekämpfung
1743 3776 1795 3807 des

976 3803 1092 3836 Elends
1113 3805 1145 3836 in
1168 3807 1222 3838 den
1243 3801 1355 3845 großen
1377 3808 1509 3842 Städten
1529 3812 1703 3852 notwendig
1725 3814 1795 3852 sind.

975 3840 1034 3879 Ich
1070 3843 1150 3876 hatte
1191 3844 1284 3882 selber
1320 3846 1524 3886 Gelegenheit,
1563 3850 1724 3888 besonders
1763 3852 1795 3884 in

976 3879 1065 3918 New
1065 3879 1147 3918 York,
1190 3882 1237 3914 die
1277 3883 1566 3926 Obdachlosenasyle
1608 3889 1666 3920 mit
1706 3890 1794 3927 ihren

975 3917 1169 3956 Riesensälen
1201 3928 1237 3958 zu
1267 3921 1414 3961 besuchen,
1445 3927 1493 3956 wo
1526 3928 1595 3965 trotz
1627 3928 1681 3960 den
1715 3928 1794 3960 Tau¬

975 3956 1092 3994 senden,
1110 3958 1155 3990 die
1176 3958 1264 3991 darin
1280 3960 1416 4000 schlafen,
1433 3962 1479 3994 die
1498 3964 1569 4003 Luft
1587 3965 1675 4004 besser
1694 3966 1727 4005 ist
1744 3968 1794 3998 als

1856 956 1905 987 bei
1932 962 1995 988 uns
2021 958 2063 990 im
2090 959 2207 990 Winter
2234 960 2267 990 in
2293 961 2428 997 mancher
2457 962 2673 999 Bauernstube,

1857 996 1919 1025 und
1943 996 1999 1027 das
2024 997 2109 1033 Essen
2133 1004 2169 1035 zu
2191 998 2291 1032 kosten,
2316 999 2372 1029 das
2397 1000 2577 1036 wenigstens
2600 1007 2671 1032 aus¬

1857 1033 1954 1069 reicht,
1978 1041 2030 1065 um
2055 1035 2138 1072 jeden
2164 1036 2210 1066 bei
2236 1036 2362 1071 Kräften
2386 1043 2422 1073 zu
2447 1039 2590 1071 erhalten.
2617 1039 2673 1077 Ich

1856 1063 1945 1107 weiß,
1978 1072 2035 1109 daß
2067 1074 2139 1105 noch
2169 1074 2308 1111 manches
2339 1075 2429 1111 besser
2460 1076 2522 1112 sein
2558 1078 2671 1108 könnte.

1857 1108 1935 1139 Aber
1959 1109 2062 1146 Aerzte
2088 1112 2150 1141 und
2177 1113 2284 1142 andere
2310 1112 2475 1148 Menschen,
2503 1114 2549 1145 die
2575 1117 2671 1146 etwas

1855 1149 1915 1176 von
1934 1146 2059 1184 sozialer
2075 1149 2224 1186 Fürsorge
2240 1150 2397 1187 verstehen,
2414 1152 2586 1189 bestätigten
2602 1153 2672 1188 mir,

1855 1184 1933 1218 nicht
1951 1191 2008 1215 nur
2027 1186 2059 1216 in
2077 1188 2151 1218 New
2163 1188 2247 1224 York,
2267 1188 2391 1224 sondern
2411 1190 2481 1225 auch
2501 1189 2532 1220 in
2551 1190 2672 1222 Detroit

1855 1223 1917 1252 und
1935 1223 2079 1260 Chicago,
2098 1228 2145 1255 wo
2165 1225 2210 1255 die
2229 1225 2449 1263 Bedingungen
2468 1229 2537 1262 noch
2559 1229 2670 1265 schlech¬

1856 1261 1917 1290 tere
1942 1260 2012 1295 sind,
2040 1262 2099 1298 daß
2125 1262 2239 1293 überall
2268 1265 2333 1293 dem
2359 1264 2548 1300 schlimmsten
2575 1267 2672 1297 Elend

1855 1297 1911 1328 mit
1932 1299 2038 1337 Erfolg
2058 1300 2198 1337 gesteuert
2217 1303 2340 1332 worden
2363 1302 2403 1336 ist.
2424 1302 2547 1337 Seriöse
2568 1305 2670 1342 Aerzte

1855 1336 2012 1371 versichern
2035 1338 2133 1374 sogar,
2155 1339 2187 1368 in
2208 1339 2290 1376 New
2290 1339 2370 1376 York
2389 1343 2452 1371 und
2474 1341 2609 1378 Chicago
2632 1343 2670 1379 sei

1855 1374 1924 1411 trotz
1944 1374 2097 1411 einzelnen
2116 1376 2222 1413 Fällen
2238 1380 2298 1408 von
2318 1376 2585 1417 Unterernährung
2605 1381 2669 1415 doch

1856 1411 1905 1441 der
1933 1411 2257 1451 Gesundheitszustand
2285 1416 2335 1445 der
2363 1416 2570 1455 Bevölkerung
2600 1420 2671 1455 noch

1853 1449 1905 1479 nie
1919 1449 1948 1485 so
1967 1453 2019 1488 gut
2033 1452 2164 1488 gewesen
2180 1452 2237 1482 wie
2253 1452 2286 1483 in
2302 1452 2409 1490 diesem
2426 1453 2670 1492 Hungerwinter.

1912 1495 1989 1526 Man
2011 1504 2079 1535 mag
2101 1498 2231 1536 dagegen
2254 1499 2439 1535 einwenden,
2461 1501 2517 1531 das
2538 1502 2578 1539 sei
2599 1503 2670 1539 noch

1853 1532 1942 1570 lange
1961 1535 2038 1572 nicht
2056 1543 2163 1573 genug.
2183 1536 2231 1572 In
2250 1537 2347 1569 einem
2366 1538 2474 1572 Lande,
2493 1542 2542 1570 wo
2562 1540 2670 1571 Ueber¬

1855 1571 1921 1608 fluß
1951 1578 1990 1603 an
2018 1573 2104 1604 allem
2140 1575 2277 1611 herrsche,
2312 1574 2395 1612 dürfe
2432 1581 2465 1607 es
2503 1577 2670 1616 überhaupt

1854 1609 1954 1640 keinen
1974 1610 2099 1648 Mangel
2118 1613 2221 1648 geben.
2241 1612 2318 1643 Man
2337 1613 2414 1644 wird
2437 1616 2493 1644 das
2511 1622 2601 1653 gerne
2620 1624 2669 1654 zu¬

1853 1647 1956 1684 geben.
1982 1649 2060 1679 Aber
2078 1652 2146 1680 was
2166 1652 2254 1686 getan
2274 1652 2396 1682 worden
2415 1651 2457 1688 ist,
2477 1653 2532 1684 das
2552 1654 2583 1690 ist
2604 1654 2669 1691 doch

1853 1684 1937 1721 schon
1972 1686 2035 1723 sehr
2060 1687 2130 1718 viel.
2166 1688 2233 1718 Und
2270 1689 2326 1719 das
2355 1689 2579 1728 Sozialgefühl,
2613 1693 2669 1723 das

1853 1722 1930 1758 diese
1949 1723 2124 1762 Leistungen
2144 1726 2341 1763 ermöglichte,
2362 1727 2395 1764 ist
2414 1727 2457 1758 im
2479 1729 2591 1760 Verein
2613 1730 2670 1761 mit

1852 1760 1918 1791 dem
1942 1760 2054 1798 Fehlen
2079 1763 2163 1798 jeden
2188 1764 2404 1803 Klassenhasses
2437 1767 2579 1801 vielleicht
2612 1769 2668 1799 das

1852 1797 1957 1834 größte
1975 1799 2121 1837 Aktivum,
2138 1802 2210 1833 über
2228 1804 2352 1839 welches
2371 1804 2420 1834 der
2440 1804 2669 1840 Kapitalismus

1852 1843 1884 1866 in
1910 1837 2044 1868 Amerika
2078 1840 2148 1876 noch
2182 1840 2310 1877 verfügt.
2343 1841 2429 1878 Ohne
2467 1842 2542 1879 diese
2568 1844 2667 1882 Dinge

1851 1874 1955 1905 wären
1980 1876 2025 1906 bei
2052 1877 2132 1907 einer
2155 1878 2233 1914 Lage
2259 1879 2316 1909 wie
2342 1880 2392 1910 der
2416 1879 2535 1917 jetzigen
2559 1882 2668 1919 soziale

1851 1911 1996 1947 Unruhen
2021 1914 2106 1950 schon
2133 1915 2222 1952 lange
2259 1918 2491 1954 unvermeidlich
2526 1920 2668 1957 gewesen.

1850 1950 1919 1982 Nur
1939 1953 2028 1982 wenn
2047 1958 2116 1983 man
2137 1954 2214 1990 nicht
2235 1960 2292 1986 nur
2313 1954 2358 1986 die
2377 1955 2604 1992 erschreckenden
2624 1959 2667 1995 so¬

1850 1988 1959 2024 zialen,
2008 1990 2181 2028 politischen
2222 1993 2284 2023 und
2328 1992 2545 2030 ökonomischen
2584 1996 2668 2032 Miß¬

1850 2026 1958 2063 stände,
1986 2027 2112 2063 sondern
2140 2029 2210 2065 auch
2238 2031 2292 2061 den
2321 2030 2368 2067 für
2396 2033 2580 2071 europäische
2609 2034 2666 2066 Be¬

1851 2064 1940 2101 griffe
1978 2065 2030 2102 fast
2063 2067 2314 2103 unvorstellbaren
2351 2069 2542 2104 Gemeinsinn
2589 2073 2667 2103 beim

1849 2101 1984 2139 Reichen,
2019 2103 2065 2135 die
2099 2105 2353 2143 Verträglichkeit,
2388 2107 2435 2139 die
2459 2108 2667 2146 Neidlosigkeit

1850 2141 1912 2170 und
1932 2141 2169 2180 Nachgiebigkeit
2190 2144 2242 2175 des
2261 2144 2472 2181 Proletariers
2495 2148 2544 2178 als
2566 2148 2666 2180 Aktive

1850 2178 2009 2215 eingestellt
2024 2180 2084 2215 hat,
2101 2180 2179 2212 wird
2196 2188 2265 2212 man
2284 2189 2321 2219 zu
2338 2183 2420 2214 einer
2437 2185 2586 2221 gerechten
2604 2188 2665 2218 und

1849 2216 1992 2253 richtigen
2012 2217 2215 2257 Beurteilung
2238 2220 2287 2250 der
2308 2220 2385 2256 Lage
2409 2221 2439 2252 in
2461 2223 2595 2255 Amerika
2618 2232 2665 2263 ge¬

1851 2254 1960 2287 langen
1981 2255 2103 2287 können.

1927 2330 2176 2389 Einspruch
2210 2331 2293 2381 des
2326 2333 2585 2394 Zentrums

2051 2395 2126 2444 bei
2155 2396 2465 2459 Hindenburg

1905 2476 2024 2510 Berlin,
2049 2480 2075 2509 2.
2105 2479 2192 2517 Febr.
2230 2488 2269 2516 ag
2305 2482 2386 2513 Vom
2413 2482 2562 2522 Zentrum
2589 2485 2668 2517 wird

1847 2518 1998 2552 nunmehr
2027 2518 2078 2549 der
2102 2519 2305 2559 Briefwechsel
2332 2522 2464 2560 zwischen
2494 2524 2558 2556 dem
2588 2527 2666 2557 Vor¬

1847 2554 1982 2593 sitzenden
2022 2558 2073 2590 der
2109 2560 2260 2596 deutschen
2296 2561 2575 2601 Zentrumspartei,
2609 2566 2666 2598 Dr.

1846 2596 1944 2629 Kaas,
1973 2599 2036 2629 und
2064 2598 2285 2640 Reichskanzler
2314 2602 2412 2641 Hitler
2441 2604 2514 2635 über
2544 2605 2589 2636 die
2619 2608 2664 2637 be¬

1846 2635 1975 2676 kannten
2019 2638 2187 2677 Fragen
2232 2642 2304 2672 des
2344 2642 2579 2681 Zentrums
2623 2645 2665 2678 im

1845 2675 2005 2708 Wortlaut
2024 2679 2249 2718 veröffentlicht.

1904 2721 1951 2759 In
2000 2722 2067 2754 dem
2115 2723 2275 2762 Schreiben
2325 2725 2377 2757 des
2427 2727 2666 2766 Reichskanzlers

1828 2759 1992 2798 Hitler
2024 2763 2080 2801 auf
2112 2764 2169 2794 den
2199 2764 2395 2805 Begleitbrief
2428 2769 2480 2798 des
2513 2769 2665 2806 Prälaten

1843 2803 1932 2833 Kaas
1962 2810 1997 2840 zu
2027 2804 2083 2834 den
2109 2808 2170 2836 von
2200 2806 2251 2837 der
2281 2807 2579 2845 Zentrumsfraktion
2612 2810 2664 2842 des

1841 2841 2035 2881 Reichstages
2052 2844 2199 2883 gestellten
2216 2845 2337 2885 Fragen
2352 2849 2462 2879 erklärt
2480 2850 2531 2880 der
2546 2849 2663 2890 Reichs¬

1842 2881 1958 2920 kanzler
1980 2891 2010 2915 u.
2033 2892 2071 2918 a.,
2095 2886 2144 2916 der
2165 2887 2259 2924 Zweck
2278 2888 2330 2918 der
2350 2888 2576 2929 Unterhaltung
2596 2891 2662 2929 zwi¬

1845 2921 1923 2960 schen
1944 2922 2006 2961 ihm
2026 2925 2088 2956 und
2105 2926 2161 2957 Dr.
2180 2930 2267 2958 Kaas
2287 2927 2324 2965 sei
2342 2928 2471 2967 gewesen
2492 2929 2537 2961 die
2557 2931 2655 2970 Frage

1842 2969 1876 2999 zu
1898 2963 2009 2998 klären,
2030 2966 2068 2995 ob
2090 2967 2152 2997 und
2173 2967 2263 2999 unter
2283 2968 2402 3007 welcher
2421 2970 2662 3011 Voraussetzung

1843 3002 1890 3034 die
1927 3004 2194 3044 Zentrumspartei
2233 3006 2325 3039 bereit
2364 3009 2423 3046 sein
2460 3012 2574 3046 würde,
2613 3013 2663 3044 der

1842 3050 1940 3074 neuen
1959 3044 2132 3084 Regierung
2153 3048 2205 3078 der
2225 3050 2406 3080 nationalen
2423 3050 2660 3089 Konzentration

1841 3081 1906 3114 eine
1928 3083 1978 3122 für
2000 3084 2045 3118 die
2067 3086 2212 3118 Dauer
2231 3088 2352 3120 eines
2372 3090 2539 3128 Jahres
2559 3101 2593 3130 zu
2615 3094 2661 3125 be¬

1842 3124 1984 3161 messende
2005 3125 2085 3164 Frist
2104 3134 2157 3164 zur
2178 3127 2284 3160 Arbeit
2304 3130 2382 3164 ohne
2403 3130 2449 3162 die
2469 3132 2663 3171 wechselvolle

1841 3164 2125 3205 parlamentarische
2165 3167 2381 3209 Behinderung
2418 3178 2453 3210 zu
2494 3174 2662 3211 gewähren.

1840 3203 1887 3243 In
1914 3205 1979 3237 dem
2004 3206 2090 3245 Brief
2115 3208 2167 3239 des
2191 3209 2342 3247 Prälaten
2367 3213 2454 3243 Kaas
2476 3211 2514 3250 sei
2540 3213 2605 3244 eine
2629 3214 2659 3253 so

1841 3244 1932 3283 große
1951 3245 2069 3283 Anzahl
2088 3251 2148 3279 von
2169 3248 2288 3287 Fragen
2308 3251 2473 3286 enthalten,
2495 3253 2554 3290 daß
2573 3255 2659 3286 deren

1838 3283 2016 3323 eingehende
2037 3286 2283 3328 Beantwortung
2304 3289 2476 3330 überhaupt
2496 3301 2555 3324 nur
2576 3295 2658 3325 dann

1838 3323 1925 3356 einen
1950 3324 2036 3358 Sinn
2062 3328 2159 3361 haben
2182 3330 2283 3363 könne,
2308 3336 2396 3363 wenn
2421 3332 2467 3363 die
2492 3334 2658 3372 grundsätz¬

1841 3363 1910 3402 liche
1938 3364 2046 3405 Frage,
2072 3367 2109 3398 ob
2139 3368 2194 3400 mit
2221 3369 2303 3401 einer
2332 3371 2441 3408 solchen
2470 3372 2658 3414 einjährigen

1840 3404 1920 3443 Frist
1946 3406 2095 3444 gerechnet
2119 3410 2239 3441 werden
2263 3410 2366 3446 könne,
2388 3413 2498 3448 vorher
2524 3414 2587 3445 klar
2612 3424 2659 3454 ge¬

1838 3444 1912 3483 stellt
1940 3445 1986 3484 sei.
2022 3447 2098 3480 Dies
2125 3448 2162 3486 sei
2187 3450 2258 3481 aber
2286 3452 2502 3486 unterblieben,
2529 3459 2657 3487 woraus

1837 3492 1868 3516 er
1900 3485 2065 3524 entnehme,
2097 3488 2156 3527 daß
2188 3489 2252 3521 eine
2282 3490 2428 3524 bindende
2458 3493 2658 3535 Zusicherung

1838 3529 1899 3556 von
1921 3525 2010 3562 seiten
2034 3528 2086 3559 des
2108 3530 2275 3566 Zentrums
2295 3531 2370 3569 nicht
2392 3536 2517 3572 gegeben
2540 3537 2657 3568 werden

1840 3564 1942 3597 könne.
1978 3567 2028 3599 Da
2055 3568 2127 3600 aber
2155 3570 2199 3601 die
2222 3570 2289 3609 Zeit
2315 3572 2429 3611 dränge
2454 3575 2516 3605 und
2543 3584 2573 3606 er
2600 3577 2657 3608 alle

1837 3605 2062 3645 Möglichkeiten
2078 3608 2242 3648 erschöpfen
2260 3612 2356 3646 wolle,
2373 3614 2425 3645 der
2441 3622 2537 3646 neuen
2555 3617 2657 3655 Regie¬

1838 3653 1918 3685 rung
1942 3645 2005 3685 ihre
2025 3647 2130 3681 Arbeit
2154 3658 2206 3687 zur
2230 3650 2365 3691 Rettung
2387 3653 2438 3686 der
2461 3654 2578 3687 Nation
2603 3656 2657 3695 auf

1836 3685 1901 3717 dem
1919 3687 2025 3718 Boden
2044 3689 2096 3720 der
2112 3690 2294 3730 Verfassung
2313 3699 2348 3730 zu
2367 3694 2573 3734 ermöglichen,
2592 3696 2655 3732 sehe

1836 3733 1868 3757 er
1889 3726 1939 3763 sich
1960 3734 2147 3767 gezwungen,
2169 3732 2233 3762 dem
2256 3731 2550 3772 Reichspräsidenten
2570 3736 2655 3769 einen

1836 3765 1934 3804 letzten
1957 3768 2063 3807 Appell
2087 3777 2127 3800 an
2150 3771 2208 3801 das
2231 3771 2358 3811 deutsche
2381 3774 2456 3806 Volk
2475 3776 2656 3815 vorzuschla¬

1836 3813 1901 3845 gen.

1894 3847 2005 3885 Prälat
2027 3849 2081 3882 Dr.
2104 3850 2218 3883 Kaas
2241 3856 2419 3886 antwortete
2451 3856 2559 3894 darauf
2588 3857 2652 3896 sehr

1834 3887 2029 3926 ausführlich.
2047 3890 2090 3922 Er
2111 3891 2187 3929 legte
2202 3892 2367 3931 eingehend
2388 3895 2442 3927 den
2460 3896 2653 3935 Standpunkt

1834 3927 1885 3959 der
1908 3927 2170 3968 Zentrumspartei
2195 3932 2248 3964 dar
2271 3933 2332 3964 und
2352 3934 2476 3967 erklärte
2500 3941 2529 3968 u.
2542 3944 2579 3973 a.,
2607 3937 2651 3969 die

1831 3966 1986 4004 sachlichen
2007 3968 2127 4008 Fragen
2146 3972 2201 4003 des
2222 3971 2387 4009 Zentrums
2410 3974 2513 4012 hätten
2532 3975 2581 4008 die
2601 3976 2649 4016 für

2708 966 2776 996 eine
2799 965 3001 1004 Tolerierung
3025 967 3216 1006 notwendige
3239 967 3378 1005 Klärung
3400 968 3529 1007 bringen

2710 1004 2810 1042 sollen.
2831 1005 2925 1036 Wenn
2949 1006 3012 1043 ihre
3032 1007 3150 1044 Lösung
3173 1007 3242 1042 auch
3263 1014 3321 1038 nur
3346 1007 3388 1038 im
3405 1008 3527 1044 wesent¬

2711 1043 2802 1078 lichen
2838 1046 2893 1076 den
2927 1045 3178 1083 Anforderungen
3208 1046 3397 1083 entsprochen
3438 1046 3528 1081 hätte,

2709 1083 2790 1114 wäre
2814 1085 2871 1115 das
2895 1083 3042 1121 Zentrum
3063 1085 3156 1116 bereit
3181 1086 3322 1122 gewesen,
3348 1087 3397 1115 der
3422 1086 3527 1123 Regie¬

2712 1129 2790 1159 rung
2810 1123 2856 1154 die
2874 1123 2979 1155 Arbeit
2997 1130 3033 1161 zu
3048 1123 3256 1161 ermöglichen.
3273 1124 3352 1156 Man
3370 1125 3442 1161 habe
3460 1127 3530 1156 aber

2708 1161 2756 1191 die
2786 1162 3046 1201 Verhandlungen
3076 1163 3170 1200 sofort
3203 1163 3410 1200 abgebrochen.
3449 1164 3528 1202 Zum

2710 1199 2825 1237 Schluß
2856 1203 2971 1233 wendet
2999 1202 3049 1239 sich
3076 1202 3187 1240 Prälat
3216 1203 3271 1234 Dr.
3292 1206 3404 1234 Kaas
3436 1210 3528 1242 gegen

2713 1239 2759 1269 die
2779 1239 2914 1276 amtliche
2932 1241 3188 1279 Verlautbarung
3207 1241 3281 1271 über
3301 1240 3346 1271 die
3363 1241 3534 1280 Ausflösung

2709 1278 2762 1308 des
2779 1279 2982 1318 Reichstages,
2999 1280 3031 1311 in
3047 1281 3098 1311 der
3115 1283 3148 1311 es
3164 1280 3255 1318 heißt,
3271 1281 3331 1318 daß
3348 1280 3412 1312 eine
3428 1282 3530 1319 Mehr¬

2712 1318 2919 1357 heitsbildung
2946 1319 2995 1356 sich
3019 1321 3070 1351 als
3095 1320 3263 1358 unmöglich
3288 1320 3426 1356 erwiesen
3448 1322 3533 1359 habe.

2748 1357 2796 1396 In
2831 1358 2929 1390 einem
2965 1359 3127 1394 Schreiben
3163 1368 3206 1391 an
3242 1361 3298 1391 den
3333 1360 3532 1399 Reichspräsi¬

2710 1396 2817 1428 denten
2844 1399 2902 1435 legt
2928 1399 2984 1430 Dr.
3008 1400 3095 1431 Kaas
3120 1408 3210 1438 gegen
3235 1400 3309 1435 diese
3333 1401 3530 1439 Begrün¬

2708 1437 2820 1476 dung
2866 1439 2918 1469 der
2958 1438 3531 1480 Auflösungsverordnung

2710 1477 3012 1517 Verwahrung
3029 1480 3088 1513 ein,
3106 1480 3144 1510 da
3162 1479 3208 1510 die
3225 1479 3280 1510 mit
3299 1481 3363 1510 dem
3383 1481 3531 1518 Zentrum

2709 1517 2901 1555 begonnenen
2928 1518 3170 1558 Besprechungen
3197 1525 3257 1550 von
3284 1521 3335 1550 der
3358 1521 3531 1561 Regierung

2708 1557 2784 1593 ohne
2818 1557 3019 1596 stichhaltigen
3052 1559 3163 1590 Grund
3196 1564 3252 1590 vor
3284 1559 3530 1600 Herbeiführung

2710 1603 2792 1627 einer
2813 1597 3005 1636 gründlichen
3027 1598 3168 1638 Klärung
3187 1599 3386 1638 abgebrochen
3408 1604 3531 1634 worden

2710 1634 2796 1675 seien.

2766 1683 2885 1717 Berlin,
2902 1686 2928 1716 2.
2946 1685 3033 1724 Febr.
3059 1694 3097 1722 ag
3122 1686 3253 1725 (Wolff.)
3268 1687 3332 1720 Der
3347 1688 3529 1727 Vorsitzende

2707 1721 2760 1754 der
2783 1723 3040 1765 Bayrischen
3064 1727 3376 1765 Volkspartei,
3400 1729 3530 1762 Staats¬

2709 1764 2758 1793 rat
2794 1763 2941 1803 Schäffer,
2975 1766 3028 1803 hat
3064 1774 3105 1798 an
3140 1767 3195 1799 den
3232 1767 3530 1808 Reichspräsi¬

2708 1802 2864 1835 denten
2921 1805 3077 1842 folgendes
3133 1806 3326 1846 Telegramm
3382 1809 3529 1849 gerichtet:

2711 1843 2827 1880 „Durch
2856 1843 2902 1876 die
2929 1844 3137 1885 Behauptung
3165 1847 3216 1878 der
3241 1847 3529 1887 Auflösungsorder,

2709 1882 2768 1919 daß
2784 1882 2834 1921 sich
2852 1883 2898 1914 die
2916 1884 3054 1923 Bildung
3071 1885 3152 1917 einer
3170 1887 3409 1926 arbeitsfähigen
3427 1890 3530 1927 Mehr¬

2708 1921 2768 1959 heit
2791 1924 2842 1954 als
2864 1923 2942 1963 nicht
2962 1925 3088 1965 möglich
3111 1926 3337 1965 herausgestellt
3361 1929 3444 1963 habe,
3468 1930 3530 1967 sehe

2709 1959 2749 1999 ich
2780 1963 2852 2002 mich
2886 1971 3075 2004 gezwungen,
3104 1970 3235 1998 namens
3269 1968 3320 1998 der
3351 1968 3529 2009 Bayrischen

2708 2000 2903 2039 Volkspartei
2928 2004 3045 2044 sachlich
3070 2013 3104 2042 zu
3127 2007 3356 2044 widersprechen
3379 2011 3443 2040 und
3468 2010 3530 2047 fest¬

2708 2041 2853 2078 zustellen,
2887 2044 2948 2081 daß
2978 2045 3024 2076 die
3056 2046 3213 2085 Bayrische
3246 2047 3451 2084 Volkspartei,
3484 2051 3530 2081 die

2709 2079 2794 2119 ihren
2815 2084 3062 2122 grundsätzlichen
3085 2085 3195 2118 Willen
3217 2095 3271 2124 zur
3292 2086 3455 2121 Mitarbeit
3479 2099 3529 2122 am

2708 2121 2888 2154 nationalen
2918 2124 3156 2162 Wiederaufbau
3190 2127 3240 2157 als
3271 2127 3398 2159 bekannt
3429 2129 3528 2165 wissen

2708 2161 2820 2198 mußte,
2861 2163 3033 2202 überhaupt
3076 2166 3110 2204 zu
3152 2166 3528 2209 Verhandlungen

2704 2202 2811 2239 nicht
2837 2202 3165 2246 herangezogen
3192 2207 3315 2238 worden
3342 2206 3404 2245 ist."

2963 2277 3101 2316 Aufruf
3125 2279 3268 2314 Hitlers

2756 2329 2867 2364 Berlin,
2890 2331 2915 2361 2.
2940 2331 3022 2366 Febr.
3047 2341 3085 2367 ag
3111 2333 3169 2363 Der
3195 2334 3346 2369 „Angriff"
3373 2336 3524 2370 veröffent¬

2706 2365 2766 2396 licht
2796 2369 2945 2403 folgenden
2981 2370 3133 2406 Aufruf
3169 2371 3356 2407 Hitlers:
3393 2374 3525 2408 „Partei¬

2705 2406 2841 2442 genossen,
2858 2407 2941 2435 S.A.-
2957 2411 3016 2438 und
3033 2409 3253 2440 S.S.-Männer!
3273 2410 3413 2446 Dreizehn
3430 2413 3524 2447 Jahre

2702 2443 2758 2477 seid
2788 2444 2832 2479 ihr
2860 2446 2890 2474 in
2918 2446 3033 2481 eherner
3060 2447 3203 2483 Disziplin
3232 2449 3288 2477 mir
3317 2450 3430 2484 gefolgt.
3467 2451 3521 2481 Die

2702 2481 2932 2518 kommunistische
2956 2485 3244 2520 Mordorganisation
3266 2486 3331 2521 hetzt
3352 2487 3402 2522 seit
3423 2488 3522 2524 Tagen

2702 2519 2731 2549 in
2757 2523 3055 2556 unverantwortlicher
3081 2523 3169 2558 Weise
3195 2531 3280 2559 gegen
3305 2525 3349 2553 die
3375 2526 3521 2556 nationale

2700 2557 2862 2594 Erhebung.
2895 2561 3038 2590 Niemand
3061 2562 3179 2591 verliere
3201 2563 3244 2591 die
3267 2562 3392 2593 Nerven!
3424 2565 3520 2598 Haltet

2700 2596 2782 2631 Ruhe
2800 2603 2858 2626 und
2877 2597 3032 2633 Disziplin!
3059 2599 3130 2635 Laßt
3149 2601 3210 2634 euch
3228 2600 3298 2634 nicht
3316 2602 3398 2636 durch
3415 2602 3520 2638 Spitzel

2700 2637 2758 2664 und
2776 2636 2986 2669 Provokateure
3003 2645 3040 2667 an
3057 2638 3104 2667 der
3121 2638 3286 2673 Befolgung
3303 2639 3393 2672 dieses
3410 2641 3519 2670 meines

2699 2672 2823 2703 Willens
2843 2674 2900 2705 irre
2921 2676 3043 2709 machen!
3073 2675 3128 2706 Die
3148 2676 3264 2706 Stunde
3284 2677 3333 2705 der
3353 2677 3519 2708 Nieder¬

2698 2711 2881 2747 werfung
2903 2714 2955 2742 des
2978 2713 3153 2744 Terrors
3177 2714 3302 2744 kommt."

2826 2786 2902 2823 Der
2925 2787 3064 2824 Terror
3086 2789 3152 2831 auf
3176 2788 3239 2824 der
3263 2789 3404 2832 Straße

2753 2845 2866 2879 Berlin,
2880 2847 2905 2877 2.
2923 2847 3007 2882 Febr.
3022 2856 3061 2889 ag
3076 2847 3201 2883 (Wolff.)
3216 2848 3263 2883 Zu
3277 2849 3370 2878 einem
3394 2849 3523 2883 schwe¬

2702 2886 2769 2909 ren
2792 2881 3109 2917 Zusammenstoß
3134 2884 3192 2912 kam
3208 2887 3239 2913 es
3256 2884 3286 2913 in
3313 2884 3521 2915 Nowawes

2702 2915 2745 2944 bei
2765 2917 2868 2946 Berlin
2887 2918 3016 2952 zwischen
3039 2918 3337 2954 Nationalsozialisten
3360 2922 3418 2949 und
3437 2920 3519 2950 Kom¬

2698 2951 2846 2985 munisten.
2882 2953 2964 2987 Zwei
2989 2954 3202 2988 Kommunisten
3235 2956 3355 2983 wurden
3388 2956 3522 2989 schwer

2701 2987 2867 3018 verletzt.
2894 2987 2947 3017 Die
2964 2988 3077 3023 Polizei
3095 2989 3124 3023 ist
3143 2988 3195 3018 mit
3212 2989 3261 3017 der
3275 2989 3455 3025 Aufklärung
3472 2993 3522 3020 des

2699 3019 2796 3055 Falles
2819 3021 2984 3058 beschäftigt.

2749 3064 2796 3099 In
2819 3065 3062 3101 Düsseldorf
3084 3067 3204 3096 wurden
3228 3068 3287 3097 drei
3309 3066 3523 3105 Kommunisten

2699 3097 2830 3132 schwer
2859 3101 3027 3136 verletzt.
3059 3101 3113 3131 Die
3136 3101 3248 3136 Polizei
3271 3101 3354 3136 stellte
3376 3103 3420 3132 die
3443 3102 3517 3133 Ord¬

2700 3140 2780 3168 nung
2798 3135 2871 3169 rasch
2887 3136 2992 3166 wieder
3008 3137 3064 3170 her.

2747 3178 2794 3212 In
2812 3178 2912 3209 Köln
2931 3179 2990 3210 kam
3008 3182 3040 3209 es
3057 3179 3096 3212 im
3114 3180 3251 3215 Verlaufe
3270 3181 3348 3210 einer
3365 3180 3520 3213 kommuni¬

2697 3211 2802 3245 stischen
2829 3213 3059 3248 Demonstration
3095 3222 3128 3250 zu
3157 3216 3426 3250 Zusammenstößen
3460 3220 3519 3246 und

2695 3247 2961 3284 Ausschreitungen.
2993 3250 3125 3284 Mehrere
3147 3246 3294 3285 Personen
3318 3252 3436 3280 wurden
3458 3256 3517 3281 ver¬

2696 3282 2761 3317 letzt.

2745 3316 2793 3351 In
2821 3317 3117 3352 Gondelsheim
3149 3319 3275 3353 (Baden)
3303 3321 3519 3355 veranstalteten

2694 3351 2908 3388 Kommunisten
2934 3355 2990 3383 aus
3018 3354 3140 3385 Durlach
3166 3355 3249 3384 einen
3275 3355 3392 3390 Umzug,
3426 3357 3517 3385 wobei

2694 3388 2726 3415 es
2761 3393 2794 3421 zu
2829 3387 3097 3423 Zusammenstößen
3133 3389 3185 3418 mit
3219 3389 3517 3424 Nationalsozialisten

2694 3421 2761 3452 kam.
2799 3421 2857 3452 Ein
2894 3423 3132 3459 Kommunist
3177 3427 3276 3453 wurde
3313 3424 3396 3458 durch
3435 3424 3518 3455 einen

2695 3454 2789 3492 Schuß
2812 3457 2973 3492 getötet.

2745 3495 2792 3529 In
2823 3496 3125 3527 Baden-Baden
3156 3497 3214 3527 kam
3249 3499 3280 3527 es
3312 3497 3351 3526 im
3381 3498 3519 3534 Anschluß

2695 3536 2731 3559 an
2757 3530 2838 3561 einen
2863 3531 3011 3567 Fackelzug
3044 3533 3091 3562 der
3119 3532 3418 3567 Nationalsozialisten
3454 3535 3517 3569 zwi¬

2694 3564 2766 3597 schen
2799 3565 2890 3594 einem
2923 3567 2992 3598 Arzt
3026 3568 3084 3596 und
3117 3566 3229 3602 einigen
3255 3567 3446 3597 S.-A.-Leuten
3484 3576 3517 3604 zu

2693 3599 2785 3630 einem
2807 3600 3047 3635 Zusammenstoß,
3071 3601 3100 3631 in
3123 3602 3212 3636 dessen
3233 3602 3357 3634 Verlauf
3381 3604 3428 3631 der
3448 3603 3518 3638 Arzt

2692 3634 2773 3662 einen
2792 3634 2957 3669 55jährigen
2979 3636 3162 3666 S.-A.-Mann
3184 3636 3436 3671 lebensgefährlich
3456 3643 3514 3666 ver¬

2693 3669 2774 3699 letzte.
2802 3670 2858 3699 Der
2878 3671 2947 3705 Arzt
2965 3670 3025 3705 gibt
3044 3677 3090 3705 an,
3110 3671 3139 3700 in
3160 3671 3298 3706 Notwehr
3317 3672 3464 3706 gehandelt
3484 3680 3515 3708 zu

2692 3702 2791 3739 haben.

2744 3742 2791 3780 In
2824 3743 2975 3773 Altona
3017 3745 3136 3774 wurden
3173 3744 3216 3774 bei
3250 3745 3517 3780 Zusammenstößen

2693 3777 2821 3812 zwischen
2862 3778 3162 3814 Nationalsozialisten
3204 3780 3263 3808 und
3303 3780 3516 3814 Kommunisten

2690 3812 2751 3841 eine
2775 3813 2885 3848 Person
2917 3815 3070 3848 getötet
3101 3817 3160 3844 und
3185 3814 3273 3850 sieben
3298 3814 3415 3850 verletzt.
3456 3813 3513 3845 Ein

2689 3846 2929 3882 Polizeibeamter
2950 3847 3025 3878 wird
3046 3849 3176 3883 vermißt.

2741 3899 2898 3935 Hamburg,
2919 3901 2944 3930 3.
2968 3899 3050 3935 Febr.
3074 3908 3113 3938 ag
3134 3899 3261 3936 (Wolff.)
3283 3901 3329 3936 In
3352 3901 3401 3930 der
3426 3901 3510 3937 Nacht

2690 3943 2754 3971 zum
2775 3937 2892 3974 Freitag
2916 3939 2975 3969 kam
2999 3941 3030 3970 es
3057 3940 3186 3975 zwischen
3210 3939 3509 3976 Nationalsozialisten

2689 3978 2748 4006 und
2773 3978 2989 4014 Kommunisten
3015 3986 3049 4015 zu
3075 3980 3167 4009 einem
3194 3980 3436 4015 Zusammenstoß,
3466 3981 3509 4009 bei

110 4089 128 4117 2
353 4061 696 4129 Feuilleton

340 4175 507 4216 Aufruhr
526 4178 564 4211 in
585 4180 707 4218 Borgo

168 4228 337 4261 Novelle
358 4235 415 4261 von
438 4232 571 4265 Raoul
591 4234 884 4274 Auernheimer

162 4291 225 4320 Den
245 4293 395 4330 Fremden,
413 4296 458 4327 die
477 4297 508 4327 in
527 4298 627 4334 Borgo
646 4303 703 4330 ans
723 4301 802 4332 Land
822 4303 935 4338 gingen,

110 4326 158 4361 fiel
179 4330 227 4358 der
249 4331 432 4369 Kaminfeger
452 4336 537 4373 gleich
558 4338 640 4374 durch
660 4339 734 4374 seine
756 4341 935 4377 Gewaschen¬

108 4365 165 4399 heit
185 4367 243 4401 auf.
263 4369 347 4400 Denn
367 4374 403 4402 da
423 4380 452 4404 er
471 4375 517 4404 ein
538 4376 795 4414 Schornsteinfeger
814 4383 885 4414 war,
904 4380 933 4416 so

108 4404 196 4439 wusch
214 4411 243 4433 er
263 4406 309 4441 sich
329 4408 436 4445 täglich,
456 4416 521 4442 was
542 4414 588 4449 sich
607 4414 636 4445 in
659 4416 787 4452 gleichem
807 4418 933 4453 Umfang

108 4442 179 4477 nicht
200 4447 257 4473 von
278 4445 353 4475 allen
374 4448 613 4482 Gemeinderäten
633 4454 753 4488 Borgos
774 4456 933 4491 behaupten

108 4480 176 4517 läßt.
203 4481 258 4511 Die
283 4483 507 4519 Aussteigenden
534 4493 668 4521 wandten
694 4493 742 4528 sich
767 4494 842 4524 denn
867 4495 933 4526 auch

109 4520 222 4555 zumeist
244 4527 281 4550 an
305 4521 364 4555 ihn,
394 4529 444 4553 um
465 4527 518 4556 den
540 4530 663 4565 nächsten
687 4531 755 4566 Weg
778 4533 845 4567 nach
866 4532 932 4563 San

107 4557 240 4594 Tomaso,
261 4563 309 4589 wo
329 4560 373 4589 die
394 4561 560 4597 berühmten
583 4568 706 4600 Fresken
729 4570 834 4606 gezeigt
855 4574 932 4601 wur¬

108 4598 170 4632 den,
188 4604 221 4631 zu
237 4599 384 4632 erkunden
402 4601 461 4629 und
479 4607 516 4634 er,
534 4605 581 4633 als
599 4605 645 4636 ein
663 4607 809 4643 gefälliger
827 4610 933 4643 Mann,

107 4637 163 4671 gab
188 4636 233 4666 die
258 4636 429 4672 gewünschte
454 4639 609 4677 Auskunft,
641 4645 717 4674 wies
742 4646 828 4677 ihnen
854 4648 932 4682 wohl

108 4675 173 4708 auch
210 4675 293 4710 gleich
330 4675 407 4710 selbst
443 4676 488 4706 die
525 4677 846 4719 Sehenswürdigkeiten
883 4687 931 4716 der

107 4712 214 4744 kleinen
240 4713 341 4744 Stadt:
376 4714 420 4743 die
453 4719 509 4744 von
535 4718 587 4746 den
612 4718 724 4751 Türken
757 4723 930 4760 zerschossene

106 4751 191 4788 Feste,
228 4753 281 4782 den
317 4752 541 4789 venezianischen
576 4755 792 4795 Ziehbrunnen,
837 4763 930 4797 zuletzt

106 4790 245 4825 natürlich
276 4791 329 4820 den
362 4791 546 4827 gußeisernen
578 4794 719 4829 Herrgott.
751 4799 792 4827 Er
822 4800 930 4830 deutete

105 4829 188 4865 durch
219 4828 266 4859 ein
290 4829 407 4859 blindes
432 4830 546 4866 Fenster
578 4831 610 4860 in
643 4832 706 4862 eine
738 4837 929 4873 verschlossene

106 4867 218 4903 Kapelle
239 4869 298 4897 und
320 4868 395 4904 sagte
415 4869 646 4905 geheimnisvoll:
668 4871 744 4906 „Der
766 4874 929 4911 gußeiserne

106 4906 264 4942 Herrgott."

158 4945 232 4981 „Der
254 4944 418 4980 gußeiserne
440 4946 610 4982 Herrgott?"
631 4948 741 4983 fragten
764 4948 809 4978 die
830 4950 929 4985 Frem¬

106 4983 158 5013 den
178 4984 369 5018 verwundert,
389 4983 496 5014 einmal
515 4986 569 5015 wie
589 4987 643 5016 das
663 4988 765 5017 andere
785 4988 861 5018 Mal.

157 5027 220 5057 Und
246 5025 294 5055 der
319 5026 579 5063 Rauchfangkehrer
604 5029 684 5060 nickte
709 5030 796 5064 dann,
821 5031 927 5062 einmal

105 5063 159 5094 wie
182 5065 237 5094 das
261 5064 363 5094 andere
388 5066 462 5100 Mal,
485 5067 635 5103 überlegen
658 5068 712 5099 wie
735 5069 780 5099 ein
803 5068 926 5104 Spieler,

104 5104 153 5132 der
173 5104 229 5132 das
249 5103 295 5136 Aß
316 5102 347 5132 in
367 5103 488 5137 Händen
509 5105 577 5139 hält,
598 5108 658 5136 und
679 5109 712 5136 es
730 5108 845 5137 dauerte
865 5107 927 5139 eine

105 5140 190 5171 kleine
214 5141 310 5174 Weile,
333 5142 418 5170 bevor
441 5150 470 5172 er
492 5143 536 5173 die
558 5145 707 5181 Geschichte
731 5146 893 5182 ausspielte.

155 5184 232 5214 Aber
250 5185 280 5214 in
298 5183 445 5219 Wahrheit
463 5185 584 5222 erzählte
600 5194 630 5218 er
647 5188 682 5223 sie
697 5188 813 5224 herzlich
829 5196 925 5226 gerne;

104 5222 142 5257 ja,
172 5228 264 5257 genau
288 5228 463 5257 genommen,
495 5228 557 5254 war
579 5228 611 5254 es
636 5226 709 5261 seine
732 5228 839 5263 einzige
860 5228 927 5263 Zer¬

104 5261 235 5296 streuung
260 5259 351 5294 Jahre
374 5259 517 5296 hindurch,
539 5264 591 5293 den
614 5264 754 5300 Fremden
778 5266 850 5302 diese
873 5266 927 5297 Ge¬

105 5298 208 5335 schichte
242 5304 275 5334 zu
310 5299 449 5334 erzählen.
481 5300 536 5329 Sie
569 5302 734 5337 befriedigte
768 5303 827 5340 sein
853 5304 926 5335 Sen¬

971 4044 1240 4082 sationsbedürfnis
1266 4052 1324 4079 und
1349 4051 1455 4084 brachte
1479 4052 1532 4082 den
1558 4053 1796 4091 Ankömmlingen

972 4083 1108 4115 überdies
1127 4085 1188 4115 eine
1209 4086 1310 4122 höhere
1331 4089 1476 4125 Meinung
1496 4094 1553 4120 von
1572 4092 1671 4127 Borgo
1692 4094 1744 4123 bei.

1023 4123 1082 4153 Der
1119 4123 1282 4159 gußeiserne
1319 4127 1451 4162 Herrgott
1487 4129 1608 4165 nämlich
1643 4135 1705 4161 war
1740 4133 1796 4162 das

972 4159 1166 4198 Wahrzeichen
1190 4164 1239 4192 der
1263 4166 1349 4198 guten
1372 4165 1462 4196 Stadt
1485 4168 1599 4203 Borgo;
1623 4168 1670 4199 ein
1694 4170 1796 4205 schlan¬

971 4198 1025 4232 kes,
1047 4199 1171 4233 eisernes
1193 4201 1329 4238 Kruzifix,
1362 4203 1442 4233 kaum
1466 4205 1534 4238 zwei
1557 4205 1699 4241 Spannen
1723 4208 1794 4243 hoch,

972 4237 1039 4267 aber
1064 4238 1093 4272 so
1118 4239 1224 4274 schwer,
1256 4242 1325 4275 muß
1350 4248 1417 4271 man
1443 4243 1549 4278 wissen,
1580 4245 1635 4279 daß
1670 4249 1702 4275 es
1737 4246 1793 4276 kein

971 4274 1084 4311 Mensch
1107 4283 1140 4310 zu
1164 4277 1251 4312 heben
1274 4281 1435 4316 vermochte.
1466 4282 1513 4312 Ob
1537 4284 1569 4311 es
1593 4283 1713 4320 wirklich
1737 4288 1793 4315 aus

970 4314 1210 4350 Kanonenkugeln
1230 4318 1355 4351 gegossen
1376 4322 1446 4353 war,
1466 4320 1520 4349 wie
1539 4320 1584 4351 die
1605 4322 1729 4357 Legende
1750 4324 1793 4353 be¬

970 4352 1109 4388 hauptete,
1138 4353 1196 4389 ließ
1225 4357 1274 4384 der
1301 4356 1558 4394 Schornsteinfeger
1586 4360 1792 4396 dahingestellt;

970 4389 1037 4420 aber
1056 4398 1093 4420 an
1112 4392 1185 4426 seine
1204 4393 1449 4429 Unbeweglichkeit
1468 4397 1583 4431 glaubte
1600 4405 1637 4432 er,
1655 4399 1729 4429 denn
1748 4400 1792 4429 die

970 4428 1044 4462 hatte
1069 4431 1101 4459 es
1126 4429 1233 4461 bereits
1259 4431 1298 4462 im
1324 4433 1524 4470 Türkenkriege
1550 4436 1692 4470 erwiesen.
1725 4438 1792 4468 Von

968 4467 1021 4497 den
1045 4466 1243 4504 Einwohnern
1268 4469 1307 4500 im
1330 4471 1409 4505 Stich
1432 4472 1562 4508 gelassen,
1586 4474 1719 4505 inmitten
1743 4477 1791 4506 der

968 4507 1034 4535 vom
1052 4505 1159 4539 Feinde
1178 4508 1323 4538 eroberten
1344 4509 1441 4545 Stadt,
1460 4511 1535 4545 hatte
1554 4512 1600 4547 sich
1617 4513 1665 4542 der
1685 4514 1791 4549 tapfere

968 4543 1055 4573 kleine
1079 4544 1214 4580 Christus
1247 4553 1319 4582 ganz
1343 4547 1429 4578 allein
1461 4556 1548 4584 gegen
1573 4551 1635 4580 eine
1660 4552 1791 4582 wütende

968 4581 1147 4617 Uebermacht
1173 4584 1331 4620 verteidigt.
1368 4586 1408 4616 Er
1435 4587 1504 4623 ging
1532 4588 1603 4625 nicht
1631 4592 1700 4625 weg,
1736 4592 1790 4625 gab

967 4620 1021 4649 den
1044 4621 1137 4654 Altar,
1170 4623 1220 4658 auf
1245 4624 1306 4653 dem
1331 4630 1360 4652 er
1384 4625 1472 4660 stand,
1504 4626 1575 4661 nicht
1598 4628 1687 4662 preis.
1719 4629 1790 4659 Ver¬

967 4658 1073 4691 gebens
1094 4659 1218 4695 hängten
1237 4661 1283 4696 sich
1302 4662 1347 4691 die
1368 4662 1483 4698 Heiden,
1503 4666 1539 4694 da
1560 4665 1593 4701 sie
1613 4666 1657 4695 die
1678 4667 1789 4701 Kapelle

967 4695 997 4725 in
1019 4696 1079 4726 eine
1100 4698 1222 4732 Moschee
1243 4701 1426 4730 verwandeln
1447 4703 1571 4737 wollten,
1592 4704 1644 4733 mit
1665 4705 1788 4735 Stricken

966 4740 1003 4763 an
1026 4734 1085 4769 ihn,
1107 4736 1246 4771 spannten
1268 4738 1374 4774 Pferde
1395 4743 1447 4769 vor
1468 4742 1528 4771 und
1549 4742 1658 4772 trieben
1680 4743 1715 4779 sie
1736 4744 1788 4774 mit

965 4772 1013 4802 der
1038 4773 1159 4809 Peitsche
1183 4781 1234 4805 an:
1267 4777 1315 4806 der
1338 4776 1461 4811 Heiland
1492 4779 1559 4813 wich
1592 4781 1650 4810 und
1682 4782 1787 4811 wankte

966 4810 1044 4846 nicht,
1062 4812 1091 4847 so
1109 4812 1164 4847 daß
1183 4813 1229 4843 ein
1247 4813 1389 4850 Schrecken
1405 4816 1450 4845 die
1468 4816 1580 4848 Türken
1598 4819 1708 4854 ergriff,
1725 4820 1787 4850 eine

966 4849 1108 4880 Meuterei
1135 4852 1281 4888 ausbrach,
1307 4853 1366 4882 und
1391 4855 1439 4883 der
1465 4855 1569 4891 Pascha
1596 4857 1697 4893 Befehl
1724 4860 1787 4894 gab,

965 4886 1009 4917 die
1031 4887 1120 4918 Stadt
1143 4895 1176 4923 zu
1198 4890 1327 4922 räumen.

1015 4925 1082 4956 Seit
1101 4927 1225 4962 damals,
1247 4929 1276 4963 so
1297 4929 1393 4964 wußte
1412 4931 1462 4960 der
1482 4931 1666 4968 Kaminfeger
1687 4940 1720 4968 zu
1742 4934 1786 4964 be¬

964 4962 1074 4999 richten,
1092 4968 1154 4995 war
1173 4967 1221 4995 der
1241 4967 1464 5003 schwarzeiserne
1484 4969 1618 5006 Herrgott
1637 4973 1786 5008 unbeweg¬

963 5000 1021 5041 lich,
1044 5003 1104 5033 und
1127 5007 1190 5033 war
1213 5008 1246 5034 es
1268 5006 1350 5040 durch
1373 5007 1418 5036 die
1441 5008 1660 5044 Jahrhunderte
1682 5012 1786 5046 geblie¬

964 5039 1024 5069 ben.
1043 5041 1120 5077 Bloß
1140 5041 1184 5071 ein
1205 5043 1331 5078 einziges
1351 5045 1426 5079 Mal,
1446 5052 1495 5080 zur
1514 5047 1578 5081 Zeit
1597 5049 1648 5077 des
1668 5049 1784 5084 Kaisers

962 5075 1054 5113 Josef,
1075 5078 1145 5112 habe
1166 5079 1211 5111 ein
1232 5081 1389 5118 Geistlicher
1409 5084 1464 5113 das
1484 5085 1614 5120 Kruzifix
1633 5088 1784 5122 angesichts

962 5116 1011 5143 der
1038 5117 1195 5148 Gemeinde
1223 5121 1487 5156 emporzustemmen
1516 5125 1646 5160 versucht.
1692 5127 1783 5156 Merk¬

961 5151 1190 5191 würdigerweise
1223 5157 1299 5187 wäre
1331 5158 1391 5194 ihm
1423 5161 1478 5190 das
1512 5162 1660 5197 gelungen.
1701 5164 1783 5200 Tags

960 5191 1065 5226 darauf
1093 5193 1161 5222 aber
1191 5194 1267 5229 hätte
1296 5204 1364 5226 man
1385 5198 1440 5228 den
1462 5199 1614 5236 geistlichen
1636 5201 1729 5236 Herrn
1751 5202 1782 5233 in

962 5228 1064 5265 seinem
1083 5230 1165 5260 Bette
1184 5233 1225 5262 tot
1244 5233 1394 5269 gefunden.

1013 5267 1069 5303 „Er
1095 5267 1143 5303 hat
1170 5269 1216 5305 sich
1242 5271 1315 5301 beim
1342 5272 1436 5307 Heben
1463 5274 1597 5312 innerlich
1621 5278 1713 5308 etwas
1738 5285 1782 5314 ge¬

960 5305 1096 5341 sprengt,"
1120 5307 1234 5337 erklärte
1257 5309 1343 5344 Peter
1366 5311 1445 5348 Lösch
1468 5312 1527 5349 sehr
1551 5315 1691 5353 ernsthaft.

1881 4057 1936 4088 Die
1957 4059 2097 4093 Fremden
2117 4063 2214 4090 waren
2235 4062 2310 4097 meist
2331 4063 2441 4093 taktvoll
2458 4071 2560 4100 genug,
2580 4066 2652 4101 diese

1830 4094 1978 4131 Geschichte
1999 4097 2166 4133 schweigend
2186 4100 2358 4135 anzuhören.
2386 4102 2463 4136 Bloß
2483 4103 2519 4132 ab
2538 4106 2597 4133 und
2617 4112 2650 4139 zu

1829 4134 1975 4169 verlangte
1996 4135 2080 4171 einer,
2101 4139 2155 4166 das
2175 4139 2363 4169 wunderbare
2383 4141 2512 4175 Kruzifix
2532 4143 2597 4177 auch
2617 4150 2650 4177 zu

1828 4171 1918 4207 sehen.
1944 4173 2021 4203 Aber
2046 4175 2102 4204 das
2127 4178 2190 4205 war
2214 4177 2381 4212 unmöglich,
2406 4180 2443 4208 da
2468 4179 2513 4208 die
2537 4182 2651 4214 Kapelle

1828 4211 1879 4245 auf
1900 4211 2081 4247 Anordnung
2104 4214 2155 4243 des
2179 4214 2318 4248 Pfarrers
2340 4216 2498 4251 geschlossen
2521 4219 2648 4253 gehalten

1828 4250 1888 4278 und
1912 4256 1968 4279 nur
1993 4257 2029 4279 an
2054 4251 2183 4287 gewissen
2208 4253 2299 4288 hohen
2324 4253 2493 4290 Feiertagen
2526 4257 2649 4293 geöffnet

1827 4288 1935 4317 wurde.

1879 4325 1998 4356 Einmal
2031 4327 2122 4362 fragte
2155 4329 2201 4358 ein
2228 4329 2400 4365 Budapester
2426 4332 2552 4363 Advokat
2584 4336 2649 4364 vor¬

1826 4363 1918 4398 witzig
1943 4364 1996 4394 den
2021 4365 2285 4402 Schornsteinfeger,
2310 4370 2346 4398 ob
2368 4376 2398 4397 er
2422 4371 2497 4399 denn
2522 4371 2649 4401 niemals

1826 4400 1904 4436 selbst
1928 4402 1983 4432 das
2007 4404 2136 4439 Kruzifix
2160 4412 2193 4439 zu
2218 4407 2305 4440 heben
2329 4408 2450 4442 versucht
2474 4408 2558 4443 hätte.
2589 4410 2647 4446 In¬

1826 4439 1915 4475 dessen
1937 4441 1972 4470 da
1994 4441 2052 4471 kam
2072 4449 2101 4471 er
2120 4443 2197 4478 schön
2217 4451 2264 4474 an.

1878 4478 2013 4513 „Wenn's
2037 4481 2100 4515 doch
2124 4482 2194 4515 nicht
2218 4482 2325 4513 elnmal
2347 4485 2395 4512 der
2419 4485 2550 4520 geistliche
2575 4486 2646 4521 Herr

1825 4515 1961 4551 imstande
1985 4518 2044 4552 ist!"
2070 4519 2144 4554 sagte
2170 4527 2207 4552 er,
2234 4521 2280 4555 sich
2305 4522 2480 4557 bekreuzend,
2505 4525 2563 4553 und
2590 4529 2646 4554 trat

1824 4553 1907 4584 einen
1931 4554 2038 4590 Schritt
2061 4557 2160 4591 zurück.
2193 4559 2279 4592 Peter
2302 4560 2381 4595 Lösch
2403 4564 2464 4590 war
2489 4561 2534 4591 ein
2559 4562 2646 4596 from¬

1825 4599 1884 4622 mer
1911 4594 2016 4628 Mann,
2050 4597 2108 4625 und
2136 4596 2336 4632 insbesondere
2371 4605 2434 4632 zum
2460 4599 2644 4634 gußeisernen

1824 4630 1957 4666 Herrgott
1977 4632 2047 4666 hielt
2066 4640 2104 4668 er,
2122 4634 2189 4663 weil
2209 4641 2238 4664 er
2257 4635 2327 4665 klein
2347 4637 2406 4665 und
2426 4629 2645 4675 hilfsbedürftig

1823 4672 1886 4699 war
1902 4671 1961 4700 und
1979 4671 2093 4707 schwarz
2110 4673 2165 4702 wie
2182 4672 2226 4702 ein
2246 4674 2512 4710 Rauchfangkehrer.
2531 4678 2643 4708 Darum

1823 4707 1940 4743 erschien
1965 4716 1994 4738 er
2017 4708 2075 4744 ihm
2109 4711 2337 4746 gewissermaßen
2372 4713 2419 4742 als
2454 4713 2511 4749 sein
2537 4715 2644 4750 Schutz¬

1822 4748 1939 4781 patron;
1974 4748 2033 4777 und
2057 4748 2112 4777 das
2137 4752 2199 4779 war
2223 4756 2253 4779 er
2277 4750 2349 4786 auch,
2375 4750 2429 4781 wie
2455 4752 2502 4788 sich
2526 4754 2643 4784 alsbald

1823 4784 1918 4819 zeigte.

2221 4827 2244 4851 *

1871 4860 1928 4891 Als
1951 4862 2036 4897 Peter
2060 4863 2138 4900 Lösch
2160 4864 2393 4902 fünfundvierzig
2416 4867 2510 4904 Jahre
2534 4869 2575 4899 alt
2599 4876 2642 4905 ge¬

1821 4900 1937 4929 worden
1964 4905 2034 4935 war,
2067 4904 2159 4933 traten
2186 4903 2216 4933 in
2243 4905 2341 4940 Borgo
2377 4906 2407 4935 in
2442 4907 2545 4943 rascher
2570 4908 2642 4944 Auf¬

1820 4936 2032 4974 einanderfolge
2051 4941 2120 4974 zwei
2139 4942 2294 4977 Ereignisse
2312 4944 2366 4978 ein,
2385 4945 2439 4974 das
2457 4945 2520 4976 eine
2540 4946 2640 4982 öffent¬

1820 4974 1909 5012 licher,
1929 4977 1984 5007 das
2005 4980 2108 5008 andere
2128 4979 2254 5014 privater
2275 4982 2378 5015 Natur,
2399 4983 2452 5018 die,
2472 4984 2584 5019 obschon
2607 4985 2639 5020 sie

1819 5012 1850 5042 in
1878 5014 1968 5045 keiner
1995 5016 2174 5052 ursächlichen
2201 5019 2392 5055 Verbindung
2419 5023 2639 5052 untereinander

1819 5052 1941 5086 standen,
1967 5055 2030 5084 doch
2056 5055 2139 5086 darin
2167 5056 2390 5092 übereinkamen,
2424 5060 2479 5093 daß
2516 5061 2549 5095 sie
2584 5062 2638 5091 das

1819 5091 1909 5120 Leben
1928 5091 1979 5121 des
1998 5092 2271 5129 Schornsteinfegers
2288 5096 2342 5126 wie
2362 5097 2451 5131 seiner
2471 5099 2637 5134 Umgebung

1819 5127 1869 5163 tief
1905 5129 2097 5165 erschütterten
2135 5135 2193 5162 und
2231 5134 2261 5163 in
2300 5134 2377 5165 einer
2414 5137 2636 5172 merkwürdigen

1818 5165 1907 5201 Weise
1931 5168 2132 5204 beeinflußten.

1867 5205 1933 5235 Das
1967 5206 2123 5243 öffentliche
2148 5209 2288 5246 Ereignis
2320 5214 2383 5242 war
2416 5213 2465 5242 der
2489 5213 2553 5245 Tod
2584 5215 2637 5244 des

1816 5242 1892 5273 alten
1915 5244 2055 5279 Pfarrers
2078 5248 2136 5276 und
2162 5249 2209 5277 der
2233 5250 2424 5280 Amtsantritt
2454 5252 2505 5280 des
2536 5258 2635 5284 neuen.

1816 5280 1952 5315 Nachdem
1973 5290 2002 5312 er
2020 5284 2280 5322 siebenundvierzig
2299 5288 2394 5323 Jahre
2413 5290 2461 5319 der
2481 5290 2636 5320 Gemeinde

1815 5320 2016 5355 vorgestanden
2052 5325 2110 5356 und
2138 5325 2227 5359 längst
2255 5326 2331 5361 schon
2359 5327 2403 5355 die
2431 5328 2516 5357 dritte
2545 5330 2635 5359 Gene¬

2688 4068 2784 4097 ration
2809 4070 2857 4098 der
2879 4069 3025 4106 Borgesen
3057 4077 3092 4105 zu
3125 4071 3224 4105 taufen
3256 4070 3405 4105 begonnen
3428 4071 3513 4105 hatte,

2687 4106 2750 4140 sank
2768 4108 2816 4137 der
2835 4108 2891 4137 alte
2910 4109 3032 4144 Pfarrer
3051 4109 3131 4138 eines
3150 4109 3273 4144 schönen,
3290 4109 3383 4138 klaren
3403 4109 3510 4144 Herbst¬

2686 4146 2775 4179 tages,
2808 4146 2838 4175 in
2860 4145 2963 4179 seinem
2987 4147 3125 4179 Gärtchen
3149 4147 3312 4180 wandelnd,
3342 4151 3408 4176 vom
3431 4148 3509 4178 Tode

2684 4183 2800 4216 berührt
2812 4184 2942 4218 jählings
2952 4184 3011 4219 hin.
3021 4186 3063 4215 Er
3074 4185 3123 4220 fiel
3135 4185 3187 4214 mit
3198 4188 3260 4214 dem
3270 4185 3375 4219 Gesicht
3385 4185 3416 4214 in
3428 4186 3509 4216 einen

2684 4221 2772 4256 Busch
2805 4222 2940 4257 Dahlien,
2973 4223 3018 4252 die
3041 4223 3110 4253 über
3136 4223 3195 4257 ihm
3220 4223 3509 4260 zusammenschlugen

2684 4260 2739 4289 wie
2762 4260 2807 4289 die
2830 4261 2901 4295 Flut
2922 4261 2992 4291 über
3015 4262 3107 4292 einem
3131 4262 3348 4292 Ertrinkenden.
3393 4263 3452 4291 Als
3475 4264 3509 4298 sie

2684 4297 2733 4333 ihn
2761 4299 2903 4333 aufhoben
2930 4301 2990 4329 und
3016 4299 3230 4336 hineintrugen,
3256 4304 3318 4329 war
3345 4306 3375 4329 er
3403 4301 3508 4330 bereits

2684 4337 2733 4369 tot,
2768 4339 2827 4366 und
2854 4337 2916 4366 eine
2944 4337 3152 4373 Viertelstunde
3180 4339 3272 4373 später
3301 4341 3412 4372 begann
3440 4346 3507 4369 man

2681 4378 2738 4403 von
2759 4374 2825 4405 San
2845 4375 2970 4411 Tomaso
2990 4383 3023 4411 zu
3043 4376 3150 4406 läuten.
3179 4378 3284 4411 Erregt
3303 4377 3442 4411 sprangen
3462 4378 3507 4407 die

2682 4412 2797 4443 Glocken
2823 4413 2853 4442 in
2878 4414 2941 4443 dem
2967 4415 3076 4449 rosigen
3102 4415 3275 4450 Campanile
3301 4414 3351 4444 hin
3375 4416 3433 4444 und
3459 4417 3507 4450 her

2681 4450 2736 4479 wie
2755 4452 2971 4487 aufgescheuchte
2990 4453 3083 4488 Vögel
3101 4453 3132 4483 in
3152 4453 3243 4488 ihrem
3262 4453 3349 4488 Käfig
3368 4455 3427 4482 und
3446 4459 3507 4483 ver¬

2682 4488 2815 4519 kündeten
2847 4492 2895 4520 der
2927 4491 3097 4526 horchenden
3129 4490 3219 4521 Stadt
3251 4491 3295 4520 die
3326 4491 3506 4527 schmerzliche

2682 4526 2837 4562 Neuigkeit.

2731 4566 2790 4596 Der
2814 4567 2983 4603 Koadjutor,
3007 4568 3055 4597 der
3080 4575 3140 4598 nun
3165 4568 3288 4603 Pfarrer
3312 4568 3420 4602 wurde,
3444 4572 3505 4598 war

2681 4602 2726 4633 ein
2761 4611 2897 4640 magerer,
2933 4606 3034 4642 junger
3069 4607 3165 4637 Mann
3200 4606 3253 4635 mit
3298 4606 3505 4640 tiefliegenden,

2680 4641 2824 4677 hektischen
2845 4643 2948 4679 Augen
2970 4646 3029 4674 und
3051 4644 3144 4674 einem
3166 4644 3287 4680 scharfen
3310 4643 3432 4678 Lächeln.
3464 4646 3505 4676 Er

2679 4682 2740 4709 war
2761 4680 2807 4710 ein
2830 4682 2886 4711 viel
2911 4682 3026 4717 besserer
3049 4683 3181 4714 Lateiner
3203 4683 3251 4712 als
3274 4684 3322 4712 der
3346 4683 3402 4712 alte
3425 4683 3504 4717 Herr,

2679 4718 2746 4747 aber
2780 4719 2869 4755 dessen
2904 4721 3060 4754 freundlich
3094 4720 3235 4757 gerötetes
3262 4720 3374 4755 Antlitz,
3410 4721 3503 4755 seinen

2678 4756 2789 4793 Humor
2811 4760 2869 4788 und
2891 4759 2965 4794 seine
2987 4759 3197 4793 Gemütlichkeit
3219 4759 3276 4794 ließ
3297 4765 3327 4787 er
3347 4759 3503 4794 vermissen.

2735 4800 2809 4830 Eine
2834 4801 2923 4836 seiner
2947 4802 3033 4837 ersten
3057 4801 3334 4838 Amtshandlungen
3357 4807 3427 4837 war,
3450 4804 3504 4838 daß

2681 4844 2712 4867 er
2729 4838 2774 4867 die
2793 4839 2914 4874 Kapelle,
2935 4840 2965 4869 in
2986 4842 3034 4870 der
3054 4848 3121 4872 man
3141 4841 3195 4871 den
3214 4840 3400 4876 gußeisernen
3420 4840 3504 4875 Herr¬

2681 4880 2740 4910 gott
2760 4879 2925 4911 verwahrte,
2947 4878 3045 4914 öffnen
3066 4879 3131 4914 ließ,
3153 4880 3204 4909 mit
3225 4883 3272 4908 der
3296 4878 3502 4915 Begründung,

2681 4915 2735 4948 daß
2754 4915 2846 4950 Jesus
2865 4916 2999 4951 Christus
3018 4917 3112 4948 keinen
3134 4917 3306 4953 bestimmten
3326 4916 3503 4953 Empfangs¬

2681 4954 2727 4988 tag
2747 4953 2817 4986 habe
2834 4955 2893 4983 und
2910 4954 2957 4988 für
2974 4955 3018 4985 die
3037 4954 3192 4990 Frommen
3212 4955 3264 4984 alle
3283 4954 3361 4990 Tage
3381 4962 3412 4991 zu
3431 4956 3503 4991 spre¬

2678 4990 2739 5021 chen
2764 4991 2808 5025 sei.
2840 4992 2934 5021 Allein
2959 4995 2991 5023 es
3015 4998 3077 5023 war
3100 4993 3166 5026 klar,
3189 4993 3244 5027 daß
3271 4999 3300 5022 er
3323 4993 3414 5023 damit
3438 4994 3500 5024 dem

2677 5028 2879 5063 Aberglauben
2904 5032 2953 5060 der
2978 5030 3134 5067 Italiener,
3159 5031 3210 5066 auf
3233 5030 3280 5061 die
3304 5037 3333 5060 er
3358 5032 3406 5060 als
3429 5031 3498 5062 Slo¬

2677 5072 2755 5096 wene
2783 5070 2815 5097 es
2844 5067 2966 5101 ziemlich
2996 5069 3080 5104 scharf
3109 5069 3192 5105 hatte,
3221 5069 3303 5099 einen
3334 5068 3411 5103 Stoß
3438 5076 3498 5100 ver¬

2677 5104 2758 5139 setzen
2777 5106 2880 5135 wollte.
2908 5107 3032 5141 Pfarrer
3052 5107 3192 5138 Clemens
3212 5112 3276 5137 war
3297 5107 3342 5136 ein
3367 5108 3498 5143 jüngerer

2676 5141 2825 5181 Theologe,
2843 5145 2891 5174 der
2909 5148 2963 5174 das
2983 5145 3123 5175 Seminar
3142 5146 3191 5181 erst
3210 5145 3341 5180 unlängst
3361 5146 3495 5180 verlassen

2676 5180 2762 5213 hatte;
2784 5187 2813 5212 er
2833 5182 2904 5217 legte
2925 5184 2979 5212 das
3000 5183 3193 5219 Evangelium
3214 5176 3340 5215 wörtlich
3360 5186 3415 5213 aus
3437 5187 3495 5214 und

2676 5218 2842 5253 beschränkte
2861 5220 2915 5255 sich,
2937 5221 2992 5251 wie
3010 5228 3039 5252 er
3060 5221 3169 5251 einmal
3189 5228 3254 5256 zum
3272 5220 3495 5255 Bürgermeister

2675 5256 2798 5291 äußerte,
2823 5258 2872 5292 auf
2899 5259 2943 5288 die
2967 5258 3109 5294 kanonisch
3133 5259 3333 5295 beglaubigten
3360 5258 3492 5289 Wunder.

2724 5294 2798 5326 Dies
2824 5302 2886 5326 war
2911 5297 2966 5325 das
2993 5296 3149 5330 öffentliche
3174 5296 3326 5331 Ereignis;
3354 5296 3409 5326 das
3434 5299 3492 5332 pri¬

2672 5334 2735 5360 vate
2759 5333 2825 5362 aber
2849 5339 2911 5363 war
2935 5333 2978 5362 die
3002 5334 3133 5365 Rückkehr
3157 5335 3206 5363 der
3228 5334 3341 5366 schönen
3367 5333 3489 5369 Finetta.
