3950 5551
178 154 391 205 Dienstag.
411 157 484 200 30.
506 159 742 208 September
763 162 882 207 1941
957 166 1074 208 Blatt
1095 168 1122 210 1

1512 177 1585 218 Der
1606 179 1749 229 Zürcher
1770 180 1918 232 Zeitung
1944 184 2026 222 162.
2042 183 2225 237 Jahrgang

2933 181 3294 232 Morgenausgabe
3436 180 3560 224 1536

173 230 3566 651 Neue Zürcher Zeitung
750 696 759 717 1
770 698 857 719 VHpnat
890 699 904 719 3
913 700 973 721 TOIe.
1009 701 1091 723 «Wie.
1131 700 1223 721 Kfflle.

174 685 428 716 Abonnement«:

172 732 260 759 Zvrtch
274 739 310 754 am
325 733 430 757 Schalirr
444 735 499 757 odrr
511 735 548 757 k>rl
560 737 665 764 Ablage«

200 764 272 788 Durch
287 765 417 790 Auriräqrr
430 766 470 787 in«
485 766 551 791 Hau«
567 769 668 792 gebracht

173 798 281 824 Schweiz
297 798 424 826 Dcftellung
440 800 497 821 beim
512 800 611 825 Pasiaml

198 832 316 855 Lielcrung
330 832 397 851 unler
411 832 549 855 Streifband

174 860 1210 899 Ausland Fernausgabe  à 3 Rp.-Porto „ 6.50 18.— 34.50 68.—
197 897 315 920 Liefern»«
324 897 390 916 unier
398 897 534 919 Slrelfband
542 897 547 919 >
558 900 569 918 t
579 897 590 917 5
600 899 732 923 Dp.-Parl»
742 916 752 926 ,
787 899 834 922 8.—

196 926 246 952 Für
259 928 422 954 paliamilichen
437 931 515 958 De,«,
529 931 655 959 niedrigere
670 933 771 960 AnfL,e:
785 935 898 959 AuIknnO
912 937 947 958 de!
963 937 1005 960 den
1023 938 1163 962 PasiLmiern

1415 694 1521 754 und
1550 694 1937 775 schweizerisches
1966 692 2321 776 Handelsblatt

1581 783 1781 827 Täglich
1819 786 1846 818 »
1879 787 2144 830 Ausgaben

1581 847 1737 875 Redaktion:
1757 849 1941 882 Falkenstratze
1961 853 2000 882 II.
2018 852 2112 885 Zürich
2132 855 2143 881 I

1415 896 1651 929 Administration:
1668 899 1868 934 rhealerstratze
1885 903 1908 933 I.
1922 902 2069 930 Druckerei:
2084 905 2270 940 «oethestraße
2286 908 2317 934 10

1415 937 1548 971 Telephon
1564 940 1636 968 2.1
1650 941 1703 972 00,
1717 941 1929 974 Hauptpostfach.
1942 943 2154 976 Postscheckkonto
2169 948 2234 975 VIII
2250 947 2317 976 645

2553 794 2590 816 für
2602 795 2718 821 «n,eigen
2730 798 2910 825 fchwrizerifche,
2925 797 3056 824 Uriprnn,«
3199 795 3225 815 30
3238 796 3283 821 Dp.

2479 694 2671 725 Annoncen:
2702 703 2751 726 »r«
2769 701 2834 724 Seile
2848 702 2860 721 8
2871 702 2969 725 Spalten
2980 701 2990 721 i
3001 701 3040 721 HO
3049 699 3257 725 vlwinieterzeilcn

2557 733 2667 758 Preis
2699 735 2757 759 der
2790 735 2839 759 M«
2849 736 2857 758 I
2868 736 2877 758 l
2887 736 2895 758 t
2905 739 2930 758 m
2939 739 2951 757 e
2961 736 2970 757 t
2980 738 2992 758 e
3001 739 3013 757 r
3024 739 3035 760 ,
3045 739 3057 758 e
3067 733 3075 757 l
3085 734 3094 757 l
3103 737 3116 756 e

2553 763 2591 786 für
2603 765 2672 787 tatale
2687 766 2972 794 SeichLsl«emp>ehInn,en
3199 763 3226 784 25
3238 765 3283 789 Dp.

2552 824 2591 846 für
2603 825 2719 852 Anzeigen
2733 828 2903 852 »««ländlichen
2921 827 3051 854 Ursprung«
3199 825 3224 845 35
3238 826 3283 851 Dp.

2553 854 2591 877 für
2603 856 2723 879 DeNanien
2739 862 2779 883 Pr»
2793 858 2945 884 doppeldrelle
2959 857 3022 882 Zeile
3184 855 3230 877 >.25
3242 856 3285 882 Fr.

2560 885 2598 907 «b
2609 885 2630 909 l.
2642 885 2746 912 Januar
2758 889 2826 912 NUN:
2837 888 3034 914 «rlegS,»schlag
3046 888 3093 911 8'/,
3103 890 3159 910 vom
3170 887 3243 909 Reu»

2500 916 3422 959 Annoncen-Abteilung: Theaterstraße 1 und Bahnhofstraße 70
2559 959 2745 995 Briesadresse:
2765 964 2880 997 Postfach
2899 964 3100 997 Frannuinster.
3117 964 3252 997 Postscheck
3270 965 3333 992 VIII
3357 968 3419 993 1264

432 1073 695 1142 Berichte
723 1087 835 1132 von
864 1079 969 1133 den
998 1081 1576 1153 Kriegsschauplätzen

282 1169 516 1221 Deutscher
537 1171 875 1225 Heeresbericht

224 1235 343 1269 Berlin,
381 1240 427 1269 20.
449 1239 536 1276 Sept.
566 1251 604 1277 -x
642 1240 757 1278 (DNB)
787 1243 855 1274 Das
895 1243 987 1275 Ober-

166 1274 346 1307 kommando
368 1277 420 1308 der
441 1278 629 1317 Wehrmacht
650 1279 712 1317 gibt
734 1282 870 1313 dekaniit:

212 1322 443 1360 Nordostwärts
466 1325 496 1357 D
507 1335 525 1356 n
539 1326 549 1362 j
561 1335 575 1357 c
587 1333 605 1363 p
618 1336 632 1357 r
644 1336 661 1357 o
674 1333 692 1365 p
704 1338 718 1359 e
731 1331 741 1360 t
753 1338 768 1359 r
780 1339 797 1360 o
809 1337 836 1360 w
849 1330 860 1367 s
871 1332 884 1361 k
905 1336 987 1364 ivur.

164 1360 219 1392 de»
251 1363 343 1393 drei
373 1362 610 1403 svwjetriissischc
629 1366 896 1405 Divisionen
926 1376 986 1403 von

164 1399 315 1439 deutschen
339 1403 401 1433 und
426 1403 627 1441 italienische»
651 1405 796 1444 Truppen
820 1409 986 1446 umfassend

164 1440 353 1478 angegrisfen
375 1442 439 1473 und
470 1444 715 1481 vernichtet.
747 1446 826 1485 Nach
847 1448 902 1479 den
924 1448 986 1479 bis-

165 1478 286 1516 Ijcriflcn
314 1480 502 1519 Meldungen
530 1484 655 1513 wurden
686 1486 719 1514 13
730 1487 786 1514 000
813 1487 986 1525 Gefangene

164 1516 360 1555 ringebracht.
384 1518 473 1555 sowie
496 1523 533 1550 69
555 1521 700 1558 Geschütze
724 1525 786 1554 und
810 1526 986 1563 zahlreiches

164 1556 292 1587 anderes
312 1557 570 1597 Kriegsmaterial
589 1561 730 1593 erbeutet.
751 1563 813 1594 Der
833 1573 898 1602 znin
920 1565 986 1597 Teil

163 1593 195 1624 in
227 1595 278 1626 ein
309 1596 524 1635 Sninpfgebict
553 1599 722 1638 geworfene
752 1602 872 1640 Gegner
903 1605 986 1641 hatte

163 1632 282 1671 schwere
296 1635 444 1675 Verluste.

220 1690 331 1722 Starke
370 1692 532 1725 Verbände
572 1694 623 1727 der
661 1695 898 1736 Luftwaffe
937 1699 984 1729 be-

163 1729 313 1767 kämpften
332 1730 390 1762 mit
408 1734 496 1769 guter
514 1733 660 1772 Wirkung
678 1735 983 1777 Eisenbahnanlagen

162 1767 205 1799 im
246 1769 275 1800 D
287 1778 304 1799 o
317 1778 336 1800 n
349 1778 362 1800 e
374 1771 392 1808 p
405 1773 422 1801 b
434 1780 447 1802 e
460 1773 482 1802 ck
492 1780 507 1802 e
519 1781 537 1802 n
589 1772 677 1808 sowie
707 1774 749 1805 im
789 1776 893 1808 Raum
923 1783 983 1809 von

162 1807 354 1839 Moskau.
392 1809 448 1847 Im
478 1811 633 1848 Seegrbiet
661 1814 715 1844 um
753 1814 983 1850 Kronstadt

162 1846 269 1883 erhielt
310 1847 358 1878 ein
401 1849 638 1888 Sowjetkrenzer
669 1852 983 1891 Vombenvolltrcffrr.

161 1884 430 1926 Kampfflugzeuge
446 1889 690 1921 bombardierten
706 1891 739 1922 in
754 1893 806 1922 der
820 1898 983 1932 vergangr.

161 1931 219 1954 neu
262 1924 354 1960 Stacht
397 1926 628 1966 kriegswichtige
671 1929 905 1970 Einrichtungen
950 1933 981 1965 in

161 1963 435 2003 Petersburg
460 1967 522 1996 und
538 1968 681 1998 Moskau.

218 2011 358 2048 Deutsche
412 2014 753 2050 Unterseeboote
805 2018 982 2055 versenkten,

160 2048 218 2080 wie
254 2051 341 2089 durch
379 2051 648 2092 Sondermeldung
685 2056 808 2087 bekannt
846 2059 981 2096 gegeben.

160 2092 220 2119 a»s
241 2089 338 2121 einem
358 2095 419 2122 von
439 2091 604 2123 Gibraltar
623 2095 695 2130 nach
715 2095 856 2132 England
876 2099 981 2135 gehen¬

160 2128 215 2158 den
233 2129 388 2167 Geleitzng
407 2130 437 2161 in
456 2132 663 2169 mehrtägigen
680 2133 839 2172 Angriffen
857 2137 982 2175 zwölf

159 2165 313 2206 feindliche
329 2168 677 2208 Handelsschiffe
703 2172 760 2204 mit
777 2175 814 2203 67
824 2177 882 2204 000
899 2175 980 2206 Ton-

160 2214 217 2236 neu
252 2208 314 2237 und
349 2207 396 2238 ein
432 2209 771 2249 Sichcriingsfahrzciig.
805 2212 860 2250 Im
896 2214 979 2246 Süd¬

159 2245 289 2276 atlantik
305 2246 451 2278 versenkte
468 2247 515 2278 ein
535 2248 741 2286 Unterseeboot
759 2251 845 2283 eine»
863 2252 980 2285 Tanker

157 2288 218 2314 von
235 2287 271 2314 12
282 2287 338 2315 000
354 2285 491 2317 Tonnen.

217 2332 273 2370 Im
308 2333 420 2372 Kampf
455 2343 544 2373 gegen
589 2336 977 2373 Großbritannien

157 2370 382 2403 bombardierte
399 2373 445 2404 die
463 2374 589 2411 deutsche
616 2375 852 2415 Luftwaffe
878 2378 910 2410 in
928 2380 979 2411 der

159 2410 256 2448 lrstten
289 2411 381 2448 Stacht
414 2412 605 2450 militärische
637 2415 776 2452 Anlagen
809 2416 850 2448 im
895 2418 922 2449 S
935 2419 954 2448 t.
966 2433 977 2443 -

157 2448 465 2489 Gcorgskanal
496 2453 559 2482 und
580 2461 620 2483 an
642 2454 693 2484 der
714 2454 905 2493 Südostküste
926 2458 978 2488 der

155 2487 253 2526 Insel.

214 2536 261 2574 In
322 2536 590 2576 Nordafrika
661 2540 797 2577 erzielten
848 2543 976 2581 deutsche

156 2575 424 2615 Kampssliigzeiige
443 2577 748 2616 Bombenvolltrefscr
769 2580 800 2611 in
822 2581 974 2619 britischen

155 2613 235 2649 Zelt-
273 2616 335 2645 und
373 2616 632 2655 Materiallagern
670 2618 714 2649 bei
753 2618 882 2651 Tvbrnk.
919 2621 975 2653 Bei

157 2652 251 2689 diesen
272 2653 431 2692 Angriffen
450 2656 552 2686 verlor
571 2657 621 2686 der
641 2657 735 2691 Feind
754 2658 786 2688 in
805 2659 975 2696 Lnstkämp-

159 2690 205 2727 scn
234 2692 301 2731 fünf
328 2693 391 2723 und
420 2694 507 2732 durch
535 2694 757 2733 Flakartillerie
784 2698 853 2735 zwei
883 2698 975 2737 Flug-

154 2738 251 2769 zeuge.

212 2781 402 2819 Schwächere
454 2784 559 2821 Kräfte
622 2786 672 2817 der
744 2787 973 2826 britischen

153 2818 174 2850 L
186 2828 204 2849 n
219 2819 228 2856 s
241 2821 251 2851 t
263 2827 290 2851 w
303 2830 320 2851 a
333 2821 343 2858 f
356 2822 365 2857 s
377 2830 391 2852 e
423 2822 521 2861 flogen
544 2823 576 2853 in
598 2824 649 2855 der
671 2825 768 2861 kefitcn
790 2826 882 2863 Stacht
904 2829 974 2862 nach

153 2858 179 2888 St
192 2867 209 2888 o
222 2867 237 2889 r
249 2859 266 2889 d
278 2866 305 2890 w
318 2869 331 2890 e
344 2860 364 2897 st
378 2875 387 2886 >
412 2862 474 2892 und
500 2862 528 2894 S
538 2864 558 2893 ü
572 2864 588 2893 d
601 2870 627 2893 w
639 2871 653 2893 e
666 2863 686 2900 st
700 2865 716 2894 d
729 2873 742 2894 e
754 2873 773 2895 n
787 2866 797 2896 t
810 2865 820 2901 s
832 2867 859 2903 ch
872 2868 881 2896 l
895 2875 911 2897 a
926 2875 943 2897 n
958 2868 974 2898 d

153 2896 211 2928 ein.
233 2898 332 2937 Durch
354 2900 574 2939 Bombenwurf
595 2902 732 2936 entstand
753 2905 975 2941 unerheblicher

154 2935 300 2973 Schaden.
333 2938 555 2976 Flakartillerie
588 2940 667 2979 schoß
700 2942 786 2973 einen
819 2943 973 2983 britischen

151 2974 287 3007 Bomber
302 2978 350 3008 ab.

185 3049 609 3105 Situationsbericht
630 3058 716 3096 aus
737 3056 940 3098 Moskau

208 3119 352 3152 Moskau,
383 3123 428 3152 29.
460 3122 546 3159 Sept.
588 3123 764 3164 (Exchange)
806 3125 971 3163 Sämtliche

151 3157 568 3197 Vcrtcidigiingsftrcitkräfte
599 3166 658 3192 von
690 3164 877 3203 Petersburg
910 3164 971 3200 sind

150 3196 424 3236 znfammengesaßt
465 3201 587 3231 worden
630 3202 692 3232 »nd
725 3203 879 3239 operieren
912 3203 970 3240 jetzt

150 3237 241 3266 unter
258 3237 322 3267 dem
340 3239 533 3269 Kommando
560 3239 597 3270 W
610 3247 627 3269 o
639 3248 655 3269 r
667 3248 684 3271 o
696 3240 745 3278 sch
758 3240 767 3271 i
780 3241 790 3271 l
802 3250 819 3271 o
831 3249 858 3272 w
871 3244 896 3272 s.
914 3241 969 3279 Im

148 3274 311 3313 westlichen
332 3275 482 3313 Abschnitt
505 3277 538 3314 ist
560 3280 591 3307 es
613 3277 765 3316 russischen
788 3280 969 3312 Verbänden

148 3314 308 3351 gelungen,
330 3314 363 3345 in
384 3315 482 3346 einem
504 3316 632 3353 scharfen
654 3317 778 3356 Angriff
798 3318 864 3349 eine
885 3319 969 3354 wich¬

149 3351 208 3387 tige
230 3353 357 3390 deutsche
379 3353 523 3392 Stellung
545 3363 576 3392 z»
600 3356 807 3393 durchbrechen
829 3358 892 3387 und
913 3359 969 3388 800

148 3390 321 3429 Gefangene
344 3391 568 3432 einznbringcn.
590 3393 678 3425 Etwa
701 3394 788 3433 zwölf
809 3396 968 3428 Batterien

148 3431 273 3461 wurden
289 3435 348 3462 von
365 3432 418 3462 den
433 3432 542 3470 Russen
557 3432 720 3471 gesprengt.
736 3434 792 3466 Tic
816 3435 842 3465 9t
855 3444 868 3465 c
880 3444 897 3473 g
910 3444 922 3465 c
936 3444 968 3466 »-

148 3467 259 3504 fälle
294 3471 395 3503 halten
430 3480 480 3504 an.
514 3472 576 3502 »nd
610 3472 713 3509 nachts
748 3474 871 3510 herrscht
905 3474 969 3511 sehr

148 3507 354 3543 empsindliche
387 3509 409 3540 K
424 3511 441 3540 ä
456 3511 463 3540 l
478 3511 489 3540 t
501 3518 522 3540 e.
556 3510 769 3549 Woroschikow
793 3514 845 3548 hat
870 3512 967 3545 seinen

147 3545 292 3583 Truppen
324 3547 370 3578 die
400 3548 538 3586 Ausgabe
568 3549 686 3586 gestellt,
717 3552 804 3588 durch
835 3551 968 3589 ständige

146 3584 286 3623 Angriffe
305 3587 358 3617 de»
377 3587 497 3625 Gegner
515 3587 590 3625 nicht
608 3596 660 3625 zur
678 3588 764 3627 Ruhe
782 3591 914 3621 kommen
933 3598 967 3628 zu

146 3624 246 3658 lassen.
267 3625 342 3656 Eine
361 3625 723 3665 Eisenbahnverbindung
743 3629 814 3664 »ach
832 3629 965 3660 Moskau

145 3662 253 3698 besteht
282 3663 390 3695 immer
418 3666 497 3703 »och,
525 3667 588 3695 und
616 3667 816 3702 beträchtliche
833 3667 965 3705 Mengen

147 3709 187 3731 a»
215 3702 378 3733 Munition
406 3705 468 3734 »nd
495 3703 734 3743 Verstärkungen
762 3706 824 3740 sind
851 3706 883 3737 in
911 3708 964 3737 den

147 3740 244 3778 letzten
269 3741 334 3771 vier
360 3741 463 3780 Tagen
490 3742 521 3773 in
546 3742 734 3782 Petersburg
759 3744 965 3782 cingetroffen.

203 3787 297 3819 Unter
317 3789 368 3819 der
389 3789 537 3827 Führung
556 3795 616 3821 von
637 3790 771 3822 General
790 3792 965 3823 Maslenni-

145 3826 206 3857 kvw
226 3826 319 3864 stehen
339 3827 470 3865 russische
489 3829 648 3860 Verbände
665 3830 799 3866 zwischen
818 3831 965 3868 Staraja-

145 3864 238 3902 Russa
259 3866 321 3896 und
341 3866 516 3905 Nowgorod
536 3867 577 3899 im
598 3868 729 3905 Angriff.
751 3869 858 3900 Damit
879 3869 913 3906 ist
933 3873 965 3900 cs

143 3910 211 3940 zum
228 3904 389 3941 erstenmal
404 3907 562 3943 gelungen,
579 3909 652 3942 auch
669 3915 719 3938 am
745 3908 771 3939 N
784 3917 801 3938 v
813 3916 829 3938 r
840 3909 858 3938 d
870 3917 889 3938 »
902 3908 912 3944 s
924 3917 938 3939 e
950 3917 965 3938 r

144 3942 195 3972 des
227 3942 314 3980 Ilm
328 3952 372 3974 c»
386 3942 446 3979 sec
459 3948 473 3974 s
505 3952 558 3982 zur
579 3944 729 3981 Offensive
750 3947 963 3985 überzugehen.

144 3981 257 4011 Weiter
289 3982 396 4018 südlich
429 3983 524 4018 haben
547 3984 842 4021 Panzcrstreitkrästc
864 3986 963 4017 Gilde-

142 4018 232 4050 rians
252 4019 337 4051 einen
357 4021 575 4059 Gegenangriff
595 4022 638 4052 bei
659 4023 780 4061 Melisch
799 4025 963 4062 begonnen.

142 4057 348 4094 Timvschenko
369 4062 476 4091 meldet
497 4060 560 4096 sehr
580 4060 699 4095 schwere
718 4062 855 4100 Kämpfe,
875 4064 962 4093 deren

143 4096 273 4132 Verlauf
296 4098 345 4135 sich
367 4100 437 4136 noch
458 4099 534 4137 nicht
555 4099 713 4136 übersehen
735 4100 810 4137 läßt.

200 4144 278 4180 Nach
294 4145 415 4183 ä»Herst
431 4145 571 4183 schweren
588 4146 737 4185 Kämpfe»
755 4148 796 4179 im
812 4148 962 4185 Abschnitt

140 4186 201 4213 von
219 4183 502 4221 Dnjcprvpetrowsk
519 4185 552 4219 ist
569 4189 601 4215 es
619 4186 688 4223 ztvci
704 4187 961 4225 riiigcschlosscne»

141 4221 294 4259 russischen
317 4222 494 4260 Divisionen
517 4224 675 4262 gelungen,
699 4225 749 4262 sich
771 4234 823 4262 zur
844 4226 960 4263 Haupt-

141 4262 234 4294 macl,t
257 4261 524 4299 durchziischlagen.
546 4263 662 4293 Andere
684 4264 844 4296 Verbände
866 4265 959 4299 stehe»

140 4298 186 4329 bei
203 4300 347 4335 Poltawa
364 4299 394 4331 in
412 4300 494 4332 einer
510 4301 644 4339 Schlacht
659 4309 749 4341 gegen
766 4302 960 4342 Strcitkrästc

142 4337 192 4368 der
216 4338 323 4369 Armee
347 4343 375 4369 v.
390 4339 567 4378 Reichenau.

199 4389 256 4421 Die
276 4388 431 4427 Garnison
452 4391 511 4423 von
543 4390 699 4428 Odessa
730 4393 780 4429 hat
801 4392 885 4424 einen
907 4401 959 4424 um

141 4430 158 4455 6
191 4427 253 4460 llhr
285 4428 354 4464 früh
389 4429 592 4467 eiiigcleitetrn
626 4430 959 4470 deutsch-rumänischen

138 4466 263 4503 Angriff
304 4467 376 4502 nach
419 4468 651 4506 dreistündigem
693 4470 806 4506 Kampf
847 4471 959 4509 zurück-

139 4504 290 4541 gewiesen.
324 4505 381 4537 Die
415 4506 563 4544 deutschen
587 4508 837 4546 Panzcrtruppcn
862 4510 957 4543 haben

138 4543 224 4573 dabei
248 4543 374 4581 sechzehn
398 4544 515 4583 schwere
537 4546 598 4576 n»d
621 4545 751 4577 mittlere
772 4546 873 4579 Tanks
894 4553 957 4578 ver¬

137 4582 233 4612 loren.

304 4623 375 4653 Der
389 4625 517 4660 Kampf
532 4633 587 4655 um
604 4624 656 4655 die
670 4625 770 4657 Krim

196 4676 264 4708 Das
281 4677 508 4716 Hauptgewicht
525 4680 575 4709 der
593 4678 741 4717 deutschen
759 4679 908 4717 Offensive
926 4680 956 4711 in

138 4716 189 4745 der
220 4711 417 4748 Südiikraine
449 4717 552 4754 scheint
585 4718 634 4753 sich
675 4725 740 4749 nun
781 4727 870 4756 gegen
912 4719 957 4749 die

136 4756 162 4785 K
175 4762 190 4784 r
202 4754 210 4784 i
224 4763 253 4785 m
279 4763 312 4791 zn
328 4757 498 4793 verlagern,
513 4755 657 4792 Russische
672 4756 957 4795 Fliigbeobachtiing

136 4792 241 4830 ergibt,
281 4793 339 4829 daß
378 4794 637 4832 außerordentlich
676 4796 766 4832 starte
804 4795 955 4832 feindliche

135 4831 240 4866 Kräfte
273 4831 303 4862 in
336 4833 387 4864 der
417 4833 443 4864 N
456 4841 474 4864 o
485 4841 503 4870 g
514 4841 533 4863 a
546 4833 554 4864 i
569 4833 578 4868 s
589 4835 617 4869 ch
629 4841 642 4863 e
655 4833 673 4866 n
706 4834 869 4871 Steppe
909 4843 955 4871 zn-

135 4869 396 4907 sammengezogen
413 4873 536 4903 worden
554 4871 624 4908 sind.
642 4872 711 4903 Seit
728 4875 792 4903 dem
810 4873 956 4910 Sonntag

137 4908 232 4945 stehen
277 4910 386 4940 bereits
430 4910 583 4944 Hunderte
625 4915 684 4942 von
739 4912 755 4941 d
768 4919 781 4942 o
794 4920 812 4942 u
826 4913 836 4942 t
850 4911 859 4945 s
870 4912 898 4946 ch
910 4920 923 4942 r
936 4920 954 4942 n

134 4948 348 4978 Bombern
380 4947 410 4979 in
432 4948 587 4985 ständigen
607 4949 767 4987 Angrisscn
787 4958 877 4987 gegen
899 4952 954 4980 das

136 4984 319 5022 Eisenbahn-
335 4987 397 5018 und
414 4987 609 5022 Straßennetz
625 4988 675 5018 der
690 4987 786 5020 Krim,
801 4990 863 5019 und
879 4990 954 5018 altes

137 5025 236 5055 deutet
261 5024 374 5061 darauf
400 5025 461 5063 hin,
487 5025 544 5061 dast
570 5025 618 5056 ei»
643 5026 847 5064 Großangriff
873 5028 954 5057 deut¬

135 5062 208 5099 scher
225 5062 410 5100 Fallschirm-
427 5065 490 5094 »nd
506 5063 833 5101 Lnstlandedivisivnc»
851 5066 953 5096 brvvr-

135 5101 215 5138 steht.
244 5101 311 5132 Das
339 5101 602 5134 Oberkommando
630 5104 680 5133 der
706 5103 793 5134 Krim
820 5105 872 5137 hat
900 5103 954 5138 ans

136 5140 199 5170 dem
222 5139 356 5177 Lnstiveg
388 5141 414 5172 V
428 5149 441 5171 c
454 5149 468 5171 r
481 5141 501 5176 st
513 5143 531 5171 ä
544 5149 560 5171 r
572 5142 583 5171 k
595 5149 613 5171 n
628 5149 645 5171 n
659 5149 675 5178 g
688 5150 701 5172 e
714 5150 731 5172 n
765 5141 954 5176 kaukasischer

134 5177 549 5216 Scharsschühenregimenter
567 5181 713 5215 erhalten,
733 5180 777 5210 die
797 5188 862 5216 zum
882 5180 952 5211 Ein-

135 5217 187 5251 sas,
209 5225 298 5253 gegen
321 5217 626 5263 Fallschirmtrnppen
660 5219 793 5250 komme»
824 5219 952 5250 werden.

135 5255 194 5287 Bis
212 5254 271 5293 jetzt
289 5255 322 5292 ist
338 5255 386 5287 ein
404 5255 489 5292 tiefer
505 5256 653 5293 Einbruch
671 5256 701 5287 in
719 5256 765 5287 die
781 5256 867 5287 Krim
885 5257 953 5295 trotz

1026 1177 1162 1212 schwerer
1185 1178 1324 1216 Angriffe
1347 1179 1423 1216 nicht
1447 1181 1604 1220 gelungen.
1629 1182 1686 1214 Die
1710 1182 1842 1221 russische

1026 1216 1334 1254 Schwarzmeerflotte
1352 1220 1413 1249 und
1431 1219 1727 1252 Marinebataillone
1745 1222 1842 1256 haben

1026 1254 1196 1293 inzwischen
1223 1255 1431 1295 Noworossijsk
1457 1259 1519 1288 und
1545 1259 1664 1291 Datum
1691 1260 1722 1290 in
1751 1260 1842 1298 starke

1027 1293 1489 1333 Seeverteibigiingsstützpiinkte
1509 1298 1692 1336 aiisgebant.

1082 1340 1140 1372 Die
1163 1341 1295 1379 russische
1317 1343 1519 1375 Admiralität
1552 1347 1669 1378 meldet,
1702 1346 1761 1383 das;
1795 1346 1840 1378 bei

1024 1379 1169 1410 Aktionen
1193 1380 1224 1410 in
1247 1381 1298 1411 der
1331 1381 1463 1418 Ostsee
1494 1384 1556 1414 und
1579 1384 1621 1416 im
1652 1385 1790 1423 Schwa
1804 1394 1841 1415 r-

1024 1426 1035 1454 z
1048 1426 1061 1448 e
1073 1427 1092 1448 n
1123 1419 1158 1449 M
1172 1427 1185 1449 e
1197 1428 1211 1448 e
1223 1427 1238 1448 r
1267 1420 1314 1450 ein
1336 1420 1504 1457 feindlicher
1524 1425 1660 1461 Kreuzer,
1681 1424 1749 1460 zwei
1770 1424 1841 1462 Zer-

1024 1457 1126 1492 störer,
1142 1457 1210 1494 zwei
1228 1457 1568 1498 Truppentransporter
1583 1462 1645 1492 und
1660 1462 1707 1493 ei»
1723 1462 1842 1494 Tanker

1023 1495 1153 1532 versenkt
1177 1498 1299 1528 worben
1325 1498 1396 1535 sind.

1082 1544 1139 1574 Am
1157 1543 1494 1584 Samstagnachmittag
1510 1546 1585 1585 setzte
1600 1547 1632 1578 in
1658 1548 1695 1580 M
1707 1557 1724 1579 o
1736 1551 1752 1579 s
1765 1549 1777 1579 k
1788 1557 1807 1579 a
1820 1557 1839 1580 u

1025 1582 1076 1612 der
1099 1590 1112 1612 c
1125 1590 1140 1612 r
1152 1582 1173 1620 st
1185 1590 1199 1613 c
1223 1582 1251 1614 S
1261 1585 1290 1622 ch
1302 1592 1320 1614 n
1333 1592 1346 1614 r
1358 1593 1372 1614 c
1384 1584 1393 1622 f
1405 1593 1423 1614 a
1436 1586 1445 1614 l
1458 1586 1468 1615 l
1491 1585 1549 1617 ein.

1421 1641 1444 1666 *

1080 1690 1223 1722 Moskau.
1244 1692 1289 1721 29.
1310 1692 1396 1728 Sept.
1418 1704 1455 1731 ag
1476 1692 1613 1730 (Reuter)
1635 1694 1697 1727 Der
1716 1695 1839 1734 Heeres¬

1022 1728 1129 1767 bericht
1149 1734 1218 1760 vom
1240 1731 1484 1769 Montagmittag
1504 1733 1610 1764 lautet:

1079 1775 1121 1809 In
1146 1777 1192 1803 der
1224 1777 1328 1811 ?!ndjt
1360 1778 1436 1811 zum
1470 1778 1629 1814 M»„tag
1661 1781 1773 1810 wurden
1797 1781 1839 1810 die

1023 1814 1134 1848 Kämpfe
1157 1814 1205 1847 ans
1229 1816 1275 1843 der
1298 1824 1398 1850 ganzen
1422 1816 1509 1851 Front
1535 1817 1682 1854 fortgesetzt.
1706 1820 1757 1853 Im
1782 1820 1839 1854 süd-

1023 1852 1102 1885 lichen
1118 1853 1332 1888 Frontabschnitt
1347 1857 1456 1883 wurden
1472 1856 1513 1883 die
1526 1858 1617 1890 zweite
1631 1860 1686 1885 und
1699 1859 1741 1886 die
1754 1859 1839 1887 vierte

1022 1891 1186 1925 rumänische
1207 1892 1478 1928 Insanteriebrigade
1499 1896 1648 1930 vernichtet.
1673 1897 1730 1925 Ter
1752 1897 1839 1932 Feind

1020 1931 1112 1958 verlor
1128 1933 1195 1958 '-',',00
1211 1931 1277 1959 Tote
1293 1934 1348 1960 und
1364 1935 1414 1960 300
1430 1933 1589 1968 Gefangene.

1133 2005 1437 2058 Italienischer
1458 2008 1725 2060 Luftangriff

1066 2057 1144 2107 auf
1165 2057 1294 2100 einen
1316 2059 1538 2111 britischen
1560 2062 1789 2114 Geleitzug

1052 2130 1142 2162 Non,
1166 2133 1291 2163 meldet
1314 2134 1366 2164 die
1388 2134 1613 2173 Versenkung
1634 2140 1701 2167 von
1726 2137 1799 2167 drei

1185 2171 1376 2209 englischen
1393 2173 1665 2211 Kriegsschiffen

1074 2224 1163 2257 Rom.
1184 2228 1229 2256 29.
1251 2225 1336 2264 Sept.
1358 2238 1395 2266 ag
1418 2228 1486 2259 Das
1508 2228 1750 2267 Hanptqnarticr
1770 2229 1834 2268 gibt

1017 2261 1152 2301 folgende
1170 2264 1438 2305 Sondcrnieldiing
1455 2266 1593 2298 bekannt:

1074 2311 1136 2342 Ter
1172 2311 1212 2342 im
1248 2311 1390 2351 gestrigen
1428 2313 1646 2353 Heeresbericht
1680 2316 1834 2353 crlvähntc

1017 2348 1167 2388 feindliche
1222 2350 1247 2389 F
1258 2353 1268 2382 l
1280 2360 1298 2382 o
1310 2351 1321 2382 t
1333 2353 1344 2382 t
1355 2360 1370 2383 e
1381 2360 1400 2382 n
1413 2356 1430 2382 v
1442 2360 1456 2382 e
1468 2360 1483 2382 r
1494 2352 1512 2382 b
1523 2361 1541 2383 a
1555 2361 1574 2384 n
1586 2354 1613 2386 d.
1668 2354 1718 2384 der
1773 2356 1834 2384 aus

1017 2387 1256 2420 Gibraltar
1282 2390 1482 2428 ansgclansen
1507 2397 1583 2425 war,
1611 2392 1685 2429 setzte
1710 2392 1762 2429 sich
1787 2400 1833 2429 zn-

1017 2426 1149 2462 sanimen
1175 2431 1235 2458 ans
1261 2429 1357 2460 einem
1381 2429 1544 2467 Geleitzng.
1573 2432 1623 2461 der
1650 2436 1710 2461 von
1736 2430 1833 2463 einem

1014 2466 1277 2505 Flugzeugträger,
1298 2468 1393 2499 einem
1414 2469 1635 2507 Schlachtschiff.
1655 2470 1737 2500 einer
1756 2469 1833 2506 nicht

1013 2513 1112 2542 genau
1131 2506 1328 2544 festgestellten
1346 2508 1425 2545 Zahl
1443 2513 1502 2538 von
1521 2510 1671 2545 Kreuzern
1694 2509 1756 2539 und
1775 2517 1832 2538 un¬

1015 2544 1119 2582 gefähr
1136 2547 1205 2583 zehn
1221 2546 1395 2583 Zerstörern
1411 2546 1546 2583 begleitet
1561 2554 1636 2578 ivar.

1071 2592 1275 2623 Unmittelbar
1296 2594 1434 2630 nachdem
1455 2594 1505 2624 der
1525 2595 1670 2626 Verband
1692 2599 1752 2625 von
1776 2602 1831 2624 un¬

1013 2630 1077 2668 ser»
1119 2631 1502 2670 Aufklärnnjzsslligzcngen
1541 2633 1670 2670 gesichtet
1707 2634 1832 2664 worden

1015 2675 1092 2704 tvar,
1121 2670 1260 2708 starteten
1300 2670 1573 2709 italienische
1611 2672 1831 2708 Torpedo-

1015 2707 1023 2743 s
1036 2710 1045 2739 l
1058 2717 1076 2738 u
1091 2718 1108 2747 g
1120 2717 1132 2747 z
1143 2718 1156 2739 c
1167 2717 1187 2739 n
1200 2717 1217 2747 g
1229 2717 1243 2739 e
1268 2715 1327 2740 von
1345 2710 1430 2746 ihren
1451 2709 1664 2747 Stützpunkten
1682 2710 1735 2745 aus
1752 2709 1832 2742 Sar,

1013 2746 1127 2779 dinien.
1142 2747 1201 2779 Ein
1216 2753 1277 2779 von
1295 2747 1363 2785 zwei
1380 2748 1538 2783 Torpedos
1553 2748 1733 2786 getroffener
1748 2748 1830 2786 leich¬

1014 2788 1058 2818 ter
1088 2790 1273 2822 Kreuzer
1305 2786 1376 2824 ging
1398 2786 1490 2822 sofort
1514 2789 1612 2818 unter.
1635 2786 1693 2819 Ein
1716 2787 1830 2824 leichter

1011 2826 1140 2863 Kreuzer
1156 2825 1260 2862 erhielt
1276 2825 1362 2856 einen
1379 2825 1631 2861 Torpedotrcffcr.
1657 2826 1769 2862 Ferner
1786 2834 1829 2856 er¬

1013 2864 1121 2899 hielten
1147 2863 1399 2901 Torpedolrcsfcr:
1424 2863 1489 2895 eine
1513 2864 1604 2902 grosse
1626 2864 1756 2901 Einheit,
1780 2864 1827 2894 ei»

1013 2903 1128 2940 leichter
1144 2905 1279 2940 Kreuzer,
1293 2903 1339 2934 ein
1352 2905 1481 2939 Kreuzer
1493 2909 1551 2934 von
1565 2903 1713 2940 ungefähr
1728 2906 1761 2933 10
1772 2906 1828 2933 000

1011 2941 1148 2975 Tonnen,
1172 2943 1222 2972 der
1244 2941 1335 2978 sofort
1357 2941 1413 2972 mit
1435 2941 1541 2978 starker
1565 2941 1744 2979 Schlagseite
1767 2944 1828 2972 aus

1013 2982 1076 3012 dem
1104 2981 1248 3013 Verband
1275 2980 1434 3018 ansschicd.
1470 2982 1549 3018 Kurz
1575 2981 1686 3016 daraus
1712 2979 1828 3016 erzielte

1012 3020 1059 3051 ein
1077 3019 1273 3057 italienisches
1290 3019 1440 3057 Flugzeug
1457 3018 1542 3050 einen
1561 3019 1675 3055 Treffer
1691 3018 1745 3054 ans
1762 3019 1826 3048 dem

1009 3060 1146 3095 Kreuzer,
1163 3060 1214 3089 der
1231 3058 1402 3096 unterging.
1429 3057 1486 3089 Tie
1502 3057 1758 3097 Flugzengsührcr
1775 3058 1825 3087 der

1010 3098 1209 3135 begleitenden
1248 3097 1485 3136 Iagdslngzcngc
1518 3097 1731 3132 beobachteten,
1766 3095 1825 3132 das;

1009 3136 1250 3176 RcttnngSbootc
1266 3136 1315 3167 inS
1331 3136 1443 3171 Wasser
1458 3134 1584 3174 gelassen
1599 3135 1734 3166 wurde».

1067 3184 1142 3220 Eine
1177 3184 1324 3220 zweite
1358 3184 1490 3214 Welle
1525 3182 1599 3218 setzte
1625 3183 1678 3213 den
1703 3180 1825 3220 Angriff

1009 3223 1064 3254 mit
1083 3223 1237 3262 folgenden
1256 3221 1446 3259 Ergebnissen
1464 3220 1535 3259 fort:
1553 3221 1611 3254 Ein
1631 3222 1657 3254 T
1669 3222 1696 3257 ch
1710 3220 1825 3257 lacht-

1009 3261 1123 3299 schiss
1158 3261 1263 3298 erhielt
1291 3269 1376 3292 einen
1402 3260 1644 3297 Torpcdotrefser
1669 3268 1719 3290 am
1745 3260 1825 3297 Bug.

1008 3301 1056 3331 rin
1073 3302 1202 3338 Kreuzer
1218 3300 1303 3331 einen
1320 3298 1563 3337 Torpedotreffer
1581 3297 1757 3336 mittschiffs,
1776 3297 1823 3328 ein

1006 3339 1142 3371 weiterer
1168 3340 1298 3379 Kreuzer
1322 3339 1407 3370 einen
1431 3336 1683 3376 Torpedotrcsfcr.

1063 3387 1138 3418 Eine
1164 3386 1301 3417 dritte
1328 3385 1461 3417 Welle
1486 3383 1601 3422 erzielte
1617 3384 1752 3422 folgende
1767 3383 1821 3414 Cr-

1007 3426 1142 3464 gebnisse:
1168 3425 1226 3457 Ein
1252 3425 1366 3462 leichter
1389 3427 1574 3461 Kreuzer
1608 3423 1713 3461 erhielt
1736 3421 1823 3454 einen

1006 3464 1259 3503 Torpcdotrefser;
1286 3464 1332 3495 ein
1359 3466 1392 3494 10
1404 3466 1460 3494 000
1483 3463 1754 3500 Tonnen-Krenzer
1781 3470 1823 3491 er¬

1008 3505 1079 3538 hielt
1096 3504 1164 3541 zivci
1183 3503 1425 3540 Torpedotrcsfcr
1444 3503 1505 3532 und
1522 3502 1593 3539 ging
1609 3502 1707 3532 unter.
1723 3502 1822 3536 Gegen

1007 3544 1110 3574 Abend
1146 3542 1217 3580 griff
1252 3543 1300 3573 rin
1335 3541 1470 3573 weiterer
1496 3541 1650 3574 Verband,
1687 3541 1737 3570 der
1762 3544 1822 3569 von

1006 3582 1135 3620 Sizilien
1155 3581 1350 3619 ausgestiegen
1368 3586 1445 3613 war.
1464 3579 1509 3610 die
1527 3579 1617 3618 übrig
1635 3578 1822 3617 gebliebenen

1005 3620 1165 3658 Einheiten
1179 3629 1220 3651 an
1235 3622 1298 3651 und
1312 3620 1427 3654 rrzieltc
1441 3618 1497 3649 mit
1515 3617 1681 3657 Sicherheit
1696 3617 1722 3654 je
1735 3616 1822 3648 einen

1005 3659 1248 3697 Torpedvtrefser
1268 3659 1321 3696 aus
1339 3657 1435 3689 einem
1454 3657 1592 3694 schweren
1611 3659 1739 3693 Kreuzer
1759 3656 1821 3686 und

1005 3700 1100 3730 einem
1120 3697 1281 3737 Zerstörer.

1060 3744 1355 3785 Jiisannncnsasscnd
1377 3743 1455 3775 wird
1478 3741 1647 3781 sestgcstcllt,
1668 3741 1727 3778 das;
1750 3740 1817 3778 zivci

1004 3786 1121 3822 schwere
1148 3787 1276 3821 Kreuzer
1303 3785 1364 3814 und
1392 3782 1438 3814 ein
1466 3781 1580 3820 leichter
1607 3785 1734 3818 Kreuzer
1763 3779 1817 3809 mit

1003 3824 1167 3863 Sicherheit
1199 3832 1219 3854 »
1232 3831 1250 3854 n
1265 3826 1275 3855 t
1287 3831 1300 3854 e
1313 3832 1327 3854 r
1339 3831 1356 3861 g
1368 3832 1381 3854 c
1393 3830 1410 3861 g
1422 3830 1440 3853 a
1454 3830 1472 3852 n
1485 3829 1502 3859 g
1513 3829 1527 3852 c
1539 3829 1558 3852 n
1590 3821 1652 3858 sind
1673 3821 1737 3850 und
1760 3818 1818 3852 das;

1002 3865 1050 3896 rin
1076 3863 1287 3902 Schlachtschiss
1312 3864 1374 3893 nnd
1399 3861 1462 3892 eine
1486 3861 1596 3892 andere
1619 3859 1693 3896 nicht
1719 3866 1816 3897 genau

1001 3903 1177 3942 srstgcstcllte
1197 3903 1288 3940 graste
1309 3900 1430 3939 Einheit
1453 3899 1541 3937 sowie
1563 3900 1638 3937 sechs
1659 3897 1816 3937 Einheiten

999 3950 1058 3974 von
1075 3942 1246 3980 geringerer
1257 3941 1587 3978 Wasserverdrängung
1602 3939 1664 3969 und
1682 3938 1729 3969 ein
1746 3937 1816 3975 Zer-

1001 3982 1093 4020 störer
1111 3982 1195 4019 mehr
1214 3982 1283 4011 oder
1301 3978 1433 4017 weniger
1454 3978 1571 4017 schwere
1598 3977 1815 4016 Torpedo-

1002 4024 1011 4052 t
1025 4030 1039 4051 r
1051 4030 1064 4052 r
1077 4021 1086 4057 f
1099 4022 1107 4059 s
1120 4030 1132 4051 c
1145 4029 1159 4051 r
1189 4021 1323 4057 erhalten
1347 4020 1452 4056 haben.

1058 4068 1212 4105 Während
1246 4068 1297 4099 des
1330 4066 1475 4103 Kampfes
1507 4064 1618 4102 fanden
1652 4063 1815 4101 heftige

999 4110 1028 4139 G
1040 4117 1053 4139 e
1066 4108 1075 4144 f
1087 4117 1100 4138 r
1112 4109 1139 4143 ch
1153 4108 1161 4137 t
1175 4115 1188 4137 e
1231 4106 1364 4144 zwischen
1398 4104 1596 4141 italienischen
1628 4105 1689 4135 nnd
1721 4102 1813 4139 feind-

1000 4146 1089 4185 lichen
1122 4146 1394 4183 Flugzeugen
1431 4144 1508 4180 statt.
1552 4144 1644 4178 Sechs
1677 4141 1814 4181 englische

998 4186 1165 4225 Flugzeuge
1188 4186 1314 4216 wurden
1339 4185 1492 4214 brennend
1516 4182 1721 4221 abgeschossen.
1744 4181 1814 4217 Acht

1000 4225 1120 4261 unserer
1143 4224 1309 4261 Flugzeuge
1342 4222 1404 4259 sind
1438 4222 1514 4257 nicht
1548 4231 1580 4258 zn
1607 4222 1692 4256 ihren
1717 4220 1813 4254 Stütz-

998 4265 1125 4301 pnnktrn
1148 4263 1369 4301 znrückgclchrt.
1401 4263 1458 4292 Als
1479 4270 1519 4291 an
1543 4263 1593 4292 der
1615 4260 1712 4297 Spitze
1733 4259 1812 4294 ihrer

997 4304 1157 4336 Verbände
1178 4301 1304 4339 gefallen
1327 4301 1438 4337 müssen
1463 4300 1510 4330 ein
1536 4299 1639 4337 Oberst
1663 4300 1725 4330 und
1749 4297 1811 4329 drei

996 4341 1366 4378 Stasselkommandanten
1388 4339 1548 4376 angesehen
1571 4340 1697 4370 werden.
1720 4339 1812 4372 Wäh¬

999 4384 1070 4412 rend
1097 4380 1188 4417 dieser
1212 4380 1323 4417 großen
1350 4379 1493 4414 Schlacht,
1519 4379 1564 4409 die
1588 4386 1638 4408 am
1664 4378 1709 4407 27.
1734 4377 1811 4413 Sep¬

998 4421 1108 4451 tember
1141 4420 1201 4450 von
1240 4421 1274 4449 12
1309 4418 1357 4450 bis
1391 4420 1427 4448 22
1453 4418 1514 4451 Uhr
1549 4417 1682 4449 dauerte,
1715 4417 1810 4452 haben

996 4460 1042 4490 die
1077 4457 1276 4494 italienischen
1311 4457 1429 4495 Flieger
1463 4455 1518 4487 mit
1556 4455 1810 4493 hervorragender

995 4496 1164 4536 Tapferkeit
1187 4496 1342 4535 gekämpft.

1052 4546 1122 4578 Von
1161 4546 1215 4575 den
1255 4545 1282 4578 H
1294 4553 1311 4575 a
1325 4553 1342 4575 »
1356 4545 1373 4574 d
1385 4553 1397 4574 c
1411 4545 1421 4574 l
1433 4546 1448 4574 s
1461 4544 1472 4580 s
1483 4544 1510 4581 ch
1522 4543 1531 4574 i
1544 4544 1553 4581 s
1566 4544 1575 4581 s
1587 4552 1600 4574 e
1614 4552 1641 4576 ».
1682 4542 1728 4573 die
1768 4542 1808 4572 i»t

995 4585 1148 4621 Geleitzng
1167 4584 1283 4621 sichren,
1302 4585 1405 4614 wurde
1422 4583 1504 4614 eines
1522 4587 1582 4614 von
1601 4583 1719 4620 leichten
1737 4582 1808 4613 Ein¬

995 4623 1064 4657 heit!
1073 4633 1091 4654 n
1128 4625 1179 4653 der
1215 4622 1414 4660 italienischen
1442 4621 1671 4658 Kriegsmarine
1698 4621 1729 4651 in
1759 4622 1808 4650 der

994 4662 1110 4699 Straße
1144 4667 1204 4692 von
1240 4660 1370 4699 Sizilien
1405 4660 1541 4695 versenkt.
1578 4660 1635 4692 Ein
1671 4659 1807 4690 weiteres

994 4701 1088 4737 Sei,iss
1122 4702 1226 4731 wurde
1261 4706 1317 4731 vor
1355 4702 1404 4730 der
1433 4699 1607 4737 algerische»
1634 4698 1721 4735 Küste
1748 4706 1806 4729 von

994 4740 1151 4775 Einheiten
1183 4741 1233 4770 der
1267 4738 1465 4777 italienischen
1498 4738 1728 4777 Kriegsmarine
1761 4745 1806 4774 ge¬

994 4779 1102 4814 trosten
1126 4779 1189 4809 und
1209 4778 1346 4815 versenkt.
1369 4777 1451 4816 Zwei
1472 4776 1592 4809 weitere
1613 4777 1724 4814 Schisse
1745 4782 1806 4807 von

994 4818 1160 4853 zusammen
1200 4819 1237 4847 23
1248 4819 1304 4847 000
1342 4817 1469 4848 Tonnen
1508 4819 1632 4847 wurden
1672 4814 1804 4854 zwischen

992 4856 1162 4889 Sardinien
1203 4857 1264 4886 »nd
1303 4855 1449 4893 Tunesien
1488 4861 1547 4886 von
1586 4854 1805 4893 Torpedoflug¬

992 4904 1099 4935 zeugen
1119 4894 1255 4933 versenkt.

1012 4961 1268 4995 Gvinmnniquc
1283 4963 1341 4992 der
1355 4961 1536 4995 britischen
1550 4959 1786 4992 Admiralität

1051 5015 1184 5047 London.
1203 5017 1248 5046 29.
1268 5016 1353 5051 Sept.
1384 5014 1558 5052 (Exchange)
1591 5015 1648 5046 Die
1677 5014 1807 5051 britische

992 5054 1193 5085 Admiralität
1212 5053 1358 5092 berichtet:

1049 5101 1107 5134 Ein
1133 5100 1285 5138 Geleitzng
1312 5106 1370 5131 von
1397 5098 1603 5138 militärischer
1628 5100 1805 5135 Vedentnng

993 5141 1044 5176 hat
1081 5148 1132 5171 am
1168 5140 1313 5177 Sonntag
1349 5141 1419 5175 »ach
1455 5138 1658 5176 erfolgreicher
1694 5138 1804 5173 Dnrch-

992 5186 1129 5217 qnernng
1143 5179 1194 5209 des
1213 5176 1363 5209 mittleren
1378 5177 1596 5209 MitlelmcereS
1610 5177 1706 5215 feinen
1730 5176 1756 5207 B
1769 5184 1782 5205 e
1795 5190 1804 5199 -

992 5218 1013 5255 ft
1027 5218 1034 5248 i
1048 5227 1076 5249 m
1090 5226 1118 5248 m
1131 5226 1149 5248 »
1163 5225 1211 5254 ng
1224 5218 1239 5246 8
1252 5218 1318 5247 vrt
1343 5215 1528 5251 erreicht,
1552 5216 1671 5254 obwohl
1684 5224 1714 5246 er
1728 5215 1804 5251 stän¬

991 5257 1040 5295 dig
1062 5254 1386 5294 deutsch-italienischen
1408 5254 1628 5293 Luftangriffen
1649 5252 1804 5293 auSgcsetzt

1881 1057 1956 1083 war.
1980 1054 2122 1093 Lediglich
2140 1057 2187 1096 ein
2202 1059 2524 1099 Handelsschiff
2547 1063 2619 1101 ging
2633 1069 2697 1095 ver-

1882 1092 1975 1125 lvren,
1988 1094 2046 1124 das
2059 1094 2170 1134 infolge
2183 1097 2443 1135 Besck)ädignngen
2458 1101 2499 1131 im
2513 1102 2696 1139 Kcsselranm

1882 1131 1967 1168 dnrck,
1980 1133 2221 1172 Bombentreffer
2233 1142 2291 1166 von
2307 1137 2459 1174 britisckien
2472 1139 2697 1178 Kriegsschiffen

1881 1171 2074 1205 versenkt
2105 1175 2222 1205 werden
2246 1176 2356 1214 mußte.
2391 1177 2439 1209 An
2461 1179 2546 1209 Bord
2568 1180 2697 1218 entstan¬

1882 1209 1935 1239 den
1962 1210 2039 1241 keine
2064 1212 2208 1250 Verluste.
2244 1214 2302 1246 Ein
2327 1215 2612 1255 Kriegsschiff
2646 1221 2696 1250 der

1880 1247 2002 1280 Eskorte
2032 1251 2114 1281 erlitt
2134 1254 2279 1290 während
2308 1255 2358 1285 der
2388 1256 2696 1296 Kampfhandlungen

1880 1286 2252 1329 Beschädigungen
2309 1293 2350 1324 im
2395 1293 2616 1332 Dampfrohrsi,
2619 1296 2696 1334 stein,

1882 1326 1987 1357 konnte
2011 1328 2083 1359 aber
2109 1330 2165 1361 mit
2190 1331 2306 1370 eigener
2331 1332 2421 1370 Kraft
2446 1335 2500 1364 den
2526 1335 2622 1373 Hafen
2651 1345 2694 1366 er¬

1879 1365 1999 1404 reichen.

1963 1432 2047 1475 Die
2069 1433 2292 1487 britischen
2315 1437 2608 1489 Luftangriffe

2013 1485 2090 1535 auf
2110 1485 2371 1540 italienische
2394 1490 2558 1532 Städte

2023 1554 2274 1594 Italienischer
2289 1558 2550 1597 Heeresbericht

1934 1609 2021 1642 Rom,
2053 1611 2099 1641 29.
2131 1611 2218 1650 Sept.
2260 1624 2298 1651 ag
2339 1613 2407 1645 Das
2448 1615 2695 1653 Haiiptquartier

1876 1649 1993 1679 meldet:

1934 1696 2083 1733 Englische
2106 1697 2273 1736 Flugzeuge
2306 1699 2425 1737 führten
2460 1701 2546 1732 einen
2570 1702 2693 1740 Angriff

1876 1734 1930 1771 ans
1962 1735 2007 1765 die
2039 1736 2133 1768 Stadt
2175 1739 2347 1773 Rhodos
2389 1740 2486 1776 durch,
2517 1747 2564 1771 wo
2595 1741 2693 1779 einige

1876 1773 2084 1811 Wohnhäuser
2104 1777 2166 1806 »nd
2186 1778 2243 1806 das
2265 1777 2372 1814 Spital
2391 1779 2536 1816 getroffen
2556 1782 2691 1811 wurden.

1876 1811 1974 1849 Zwölf
1992 1813 2142 1849 Personen
2160 1816 2284 1846 wurden
2302 1817 2420 1854 getötet.

1924 1859 1979 1897 Im
1995 1860 2146 1893 mittleren
2162 1863 2348 1894 Mittelmeer
2363 1865 2458 1900 haben
2475 1866 2579 1902 unsere
2594 1866 2678 1904 Jagd

1875 1898 1979 1935 slieger
2003 1900 2071 1937 zwei
2096 1901 2403 1939 Blenheim-Bomber
2437 1906 2589 1935 brennend
2622 1913 2690 1944 znin

1873 1938 1996 1976 Absturz
2016 1940 2161 1976 gebrackst.

1931 1985 1988 2017 Die
2010 1985 2161 2025 feindliche
2183 1988 2341 2026 Lnstwaffc
2362 1989 2434 2027 griff
2456 1990 2553 2028 ferner
2583 1991 2665 2023 Tra

1875 2029 1892 2059 p
1905 2032 1922 2053 a
1936 2033 1953 2054 n
1967 2024 1986 2057 i,
2022 2025 2222 2061 Marsala
2259 2029 2321 2057 nnd
2356 2028 2379 2059 E
2392 2037 2409 2059 a
2423 2030 2444 2066 st
2457 2038 2470 2059 c
2482 2031 2491 2059 l
2504 2035 2521 2060 v
2533 2039 2547 2060 c
2559 2031 2570 2060 t
2582 2039 2597 2060 r
2609 2039 2626 2060 a
2640 2039 2658 2060 n
2673 2039 2689 2060 o

1874 2070 1924 2094 an.
1939 2068 1987 2093 wo
2002 2063 2238 2096 Brandbomben
2254 2067 2443 2104 abgeworfen
2459 2070 2594 2099 wurden.
2609 2069 2688 2106 Auch

1874 2101 1927 2137 ans
1967 2102 2170 2137 Palermo
2210 2105 2314 2135 wnrde
2345 2106 2392 2136 ei»
2424 2107 2546 2144 Angriff
2587 2109 2688 2138 unter-

1873 2148 2024 2174 nominell,
2041 2146 2089 2171 wo
2109 2150 2188 2173 nenn
2208 2142 2282 2175 Tote
2301 2145 2363 2174 nnd
2381 2147 2418 2174 26
2436 2146 2635 2177 Verwundete
2655 2155 2687 2184 zu

1873 2180 2009 2216 beklagen
2041 2179 2112 2215 sinb.
2144 2181 2200 2212 Bei
2232 2182 2327 2213 einem
2358 2182 2483 2215 weitern
2515 2184 2687 2221 feindlichen

1872 2217 1993 2255 Angriff
2008 2218 2062 2255 auf
2086 2218 2225 2251 Turin
2249 2223 2353 2251 wurde
2367 2221 2415 2253 ein
2431 2222 2580 2259 britisches
2596 2224 2686 2261 Flug¬

1872 2264 1940 2293 zeug
1970 2262 2031 2287 von
2064 2258 2113 2287 der
2143 2259 2373 2296 Bodenabwehr
2404 2261 2608 2300 abgeschossen.
2630 2262 2687 2294 Die

1872 2295 2022 2333 Maschine
2039 2296 2143 2333 stürzte
2161 2298 2205 2328 bei
2223 2298 2374 2330 Candiolo
2391 2301 2438 2330 ab.
2455 2300 2512 2332 Die
2529 2301 2594 2336 fünf
2611 2301 2673 2332 Mit

1871 2333 1982 2371 glicdcr
2003 2336 2053 2364 der
2072 2334 2234 2374 Besatzung
2254 2337 2316 2374 sind
2336 2338 2389 2368 tot.
2409 2338 2575 2376 Feindliche
2595 2340 2674 2378 Flug

1871 2380 1956 2410 zeuge
1978 2373 2151 2410 überflogen
2184 2376 2218 2406 M
2233 2384 2250 2405 a
2264 2375 2272 2405 i
2286 2377 2295 2406 l
2307 2384 2325 2406 a
2338 2385 2356 2406 n
2370 2377 2396 2408 d,
2427 2384 2474 2407 wo
2507 2379 2578 2408 aber
2609 2378 2687 2409 leine

1871 2405 2145 2448 Bombenabwürfe
2166 2414 2320 2452 erfolgten.
2341 2414 2413 2446 Drei
2434 2416 2585 2452 Personen
2605 2423 2686 2447 wür¬

1872 2451 1925 2480 be»
1947 2452 2033 2485 durch
2054 2451 2244 2489 Flalsplitter
2264 2455 2325 2483 nnd
2346 2453 2407 2483 drei
2429 2455 2515 2490 durch
2536 2455 2686 2492 Straßen-

1869 2489 1985 2526 Unfälle
2025 2490 2146 2529 verletzt.
2188 2492 2267 2525 Auch
2308 2492 2443 2526 entstand
2475 2494 2610 2532 Schaden
2644 2502 2684 2524 an

1871 2527 2109 2565 Wohnhäuser».
2145 2530 2310 2568 Feindliche
2345 2531 2510 2570 Flugzeuge
2544 2533 2684 2564 bombar-

1871 2566 1982 2597 dicrtcn
2037 2567 2082 2597 die
2134 2568 2340 2603 Wohnviertel
2391 2574 2451 2601 von
2505 2571 2532 2603 S
2544 2580 2562 2601 a
2574 2577 2591 2601 v
2604 2580 2621 2601 o
2634 2580 2652 2601 n
2666 2581 2683 2602 a

1868 2606 1904 2636 M
1917 2614 1935 2635 a
1948 2614 1963 2636 r
1976 2605 1984 2636 i
1998 2614 2016 2636 n
2029 2614 2056 2638 a.
2086 2612 2134 2637 wo
2155 2607 2290 2644 Schaden
2311 2617 2351 2638 an
2373 2609 2602 2646 Wohnhäusern
2623 2611 2684 2640 ent¬

1870 2644 1962 2680 stand.
1983 2644 2086 2680 Außer
2107 2644 2242 2683 Spreng-
2264 2647 2325 2677 und
2347 2648 2582 2679 Brandbomben
2603 2655 2683 2679 »mir-

1869 2684 1924 2714 den
1945 2683 2166 2717 Lenchtrakcten
2189 2686 2250 2715 »nb
2272 2686 2464 2723 Flugblätter
2485 2687 2684 2724 abgeworsen.

1868 2721 1927 2752 Ein
1958 2721 2108 2759 ähnlicher
2138 2723 2260 2761 Angriff
2290 2724 2414 2762 erfolgte
2445 2726 2498 2759 auf
2527 2726 2644 2757 Genu
2657 2735 2685 2758 a.

1868 2765 1916 2790 wo
1958 2759 2056 2797 einige
2097 2761 2214 2798 Häuser
2254 2762 2441 2801 einstürzten.
2484 2764 2685 2799 Entstandene

1867 2799 1991 2830 Brände
2009 2800 2135 2830 konnten
2154 2801 2224 2830 bald
2241 2801 2362 2839 gelöscht
2379 2804 2506 2833 werden.
2524 2803 2616 2834 Unter
2634 2804 2683 2834 der

1866 2836 2148 2877 Zivilbevölkerung
2171 2839 2233 2874 sind
2255 2840 2302 2870 ein
2325 2839 2417 2871 Toter
2439 2842 2501 2872 und
2524 2842 2587 2872 drei
2609 2842 2682 2874 Ver¬

1866 2877 2003 2906 wundete
2045 2884 2077 2912 z»
2119 2878 2266 2913 beklagen.
2307 2878 2364 2910 Ein
2406 2880 2681 2917 Feuerwehrmann

1866 2916 1968 2945 nnirdc
1988 2915 2093 2951 tödlich
2111 2917 2257 2953 getroffen
2275 2918 2338 2947 nnd
2355 2917 2419 2949 vier
2437 2919 2555 2950 weitere
2573 2920 2681 2956 Feuer-

1864 2953 2026 2990 wehrlcute
2056 2954 2143 2990 dnrel,
2173 2955 2380 2993 Flakgeschossc
2419 2959 2541 2994 verletzt,
2582 2960 2680 2989 davon

1865 2992 1934 3027 zwei
1959 2992 2071 3028 schwer.
2095 2993 2152 3024 Ein
2176 2994 2313 3025 weiterer
2334 2995 2456 3033 Angriff
2480 2997 2604 3034 erfolgte
2627 2997 2681 3034 auf

1865 3030 2033 3068 Spezia,
2054 3037 2101 3061 wo
2124 3033 2214 3063 kleine
2234 3034 2297 3063 »nd
2316 3034 2408 3071 große
2428 3035 2679 3073 Sprengbombe»

1865 3069 1953 3102 sowie
1979 3071 2216 3102 Brandbombe»
2244 3072 2433 3108 abgeworfen
2459 3075 2595 3105 wurden.
2622 3074 2679 3106 Tic

1863 3109 1988 3139 Brände
2029 3109 2154 3141 wurden
2197 3110 2326 3148 gelöscht.
2359 3111 2456 3149 Durch
2490 3113 2679 3152 Flalsplitter

1863 3148 1989 3178 wurden
2013 3147 2078 3178 vier
2101 3148 2251 3185 Personen
2276 3151 2459 3182 verwundet.

1922 3186 1968 3223 In
1994 3186 2045 3216 der
2069 3186 2160 3221 Nacht
2185 3196 2251 3226 z»m
2276 3188 2409 3229 Montag
2435 3190 2677 3222 bombardierten

1864 3224 2043 3260 italienische
2077 3225 2296 3262 Lnftvcrbändc
2329 3230 2385 3258 Vor
2419 3229 2513 3260 Anker
2547 3229 2677 3269 liegende

1862 3263 1972 3300 Schisse
1994 3263 2026 3294 in
2048 3264 2084 3295 M
2096 3272 2114 3294 a
2127 3266 2137 3295 l
2150 3266 2160 3295 t
2172 3274 2200 3295 a.

1913 3310 1955 3344 In
1987 3311 2008 3338 ?!
2022 3318 2036 3337 c>
2048 3318 2061 3338 r
2072 3311 2086 3337 d
2096 3318 2112 3338 a
2124 3312 2132 3341 f
2144 3320 2157 3339 r
2169 3312 2175 3339 i
2188 3313 2198 3339 k
2207 3320 2223 3339 a
2255 3313 2379 3346 herrschte
2410 3322 2445 3342 a»
2477 3316 2525 3342 den
2557 3315 2676 3347 Fronten

1861 3353 1913 3376 von
1948 3348 2054 3377 Tvbrnk
2085 3352 2139 3378 nnd
2172 3350 2272 3379 Lvlnm
2305 3351 2571 3388 Artillerietätigkcit.
2604 3355 2675 3387 Zwei

1861 3387 1997 3421 feindliche
2017 3387 2166 3423 Flugzeuge
2186 3391 2296 3418 wurden
2319 3391 2355 3418 int
2377 3392 2491 3424 Verlauf
2511 3393 2584 3420 eines
2605 3393 2677 3425 Luft-

1859 3426 1980 3460 angriffs
1999 3426 2045 3460 ans
2064 3427 2168 3456 Bardia
2186 3433 2238 3456 von
2258 3430 2303 3457 der
2321 3429 2522 3465 Bodenabwehr
2539 3434 2594 3459 und
2612 3431 2675 3466 zwei

1860 3465 1968 3493 weitere
1990 3469 2043 3493 von
2067 3466 2198 3501 deutschen
2221 3467 2327 3502 Jägern
2351 3469 2531 3504 abgcschosscn.

1912 3512 1952 3547 In
1986 3512 2175 3546 Lstafrika
2207 3515 2353 3549 versuchten
2378 3515 2513 3549 feindliche
2535 3517 2675 3552 Einheiten

1860 3559 1939 3584 gegen
1958 3551 2052 3585 unsere
2069 3553 2286 3587 vorgeschobenen
2305 3554 2399 3587 Posten
2419 3555 2456 3583 im
2473 3556 2607 3590 Abschnitt
2623 3562 2675 3585 von

1860 3590 1974 3618 Gvndar
1996 3590 2072 3618 einen
2095 3591 2207 3625 Angriff
2237 3593 2452 3627 dnrchznsnhren.
2485 3595 2534 3623 Sic
2565 3597 2674 3623 wurde»

1859 3634 1913 3657 von
1936 3629 2046 3661 unserer
2069 3629 2209 3658 Artillerie
2231 3633 2287 3658 nnd
2311 3634 2356 3659 der
2379 3632 2543 3667 Gegenwehr
2566 3633 2675 3668 unserer

1859 3667 2037 3702 Abteilungen
2058 3667 2087 3696 in
2108 3668 2149 3696 die
2168 3669 2259 3703 Flucht
2280 3670 2434 3705 geschlagen.

2087 3733 2280 3773 Britischer
2303 3737 2443 3774 Bericht

1915 3788 1971 3826 Im
2002 3789 2245 3826 Hauptquartier
2275 3791 2325 3821 der
2357 3791 2389 3821 R.
2402 3792 2439 3822 A.
2452 3793 2493 3826 F.,
2522 3795 2566 3824 29.
2588 3794 2673 3830 Sept.

1858 3828 2033 3865 (Exchange)
2055 3828 2133 3865 Nach
2155 3830 2219 3860 dem
2241 3830 2348 3868 zurzeit
2369 3830 2410 3863 im
2431 3832 2674 3869 Hauptquartier

1857 3866 2067 3905 vorliegenden
2089 3867 2282 3906 vorläufigen
2303 3869 2420 3906 Bericht
2441 3870 2550 3908 griffen
2571 3871 2602 3902 in
2624 3872 2674 3901 der

1856 3906 1949 3941 Nacht
1964 3913 2031 3943 zum
2046 3906 2181 3946 Montag
2197 3907 2261 3944 sehr
2276 3908 2367 3943 starke
2382 3909 2513 3946 britische
2538 3911 2673 3948 Lang-

1857 3944 1878 3979 st
1891 3953 1906 3974 r
1917 3953 1931 3974 c
1943 3946 1965 3975 ck
1976 3953 1990 3974 e
2002 3953 2020 3974 n
2034 3945 2051 3974 b
2063 3953 2079 3974 v
2093 3947 2121 3976 m
2134 3947 2203 3976 ber
2246 3946 2309 3977 eine
2343 3947 2466 3985 größere
2499 3948 2578 3986 Zahl
2611 3954 2670 3979 von

1855 3982 2143 4020 Industrievierteln
2175 3984 2206 4015 in
2237 3987 2390 4020 mehreren
2421 3986 2553 4018 Städten
2574 3987 2671 4018 Nord-

1856 4021 1982 4052 Italiens
2012 4030 2061 4052 an.
2092 4022 2153 4054 Der
2184 4023 2325 4061 schwerste
2344 4025 2466 4062 Angriff
2486 4025 2601 4060 richtete
2621 4025 2670 4062 sich

1855 4069 1944 4098 gegen
1999 4060 2268 4101 Marincanlagcn,
2320 4062 2555 4101 Militärdepots
2609 4065 2669 4094 »nd

1855 4099 2203 4137 Kriegsindnstricwcrke
2222 4101 2252 4131 in
2280 4102 2307 4132 G
2319 4110 2332 4132 e
2345 4110 2363 4131 n
2376 4110 2394 4131 »
2409 4111 2436 4132 a.
2463 4103 2528 4140 Zur
2544 4102 2669 4141 gleichen

1854 4137 1920 4174 Zeit
1939 4138 2064 4168 wurden
2085 4138 2116 4169 in
2138 4139 2265 4177 Sizilien
2295 4141 2426 4174 Pater
2438 4150 2466 4172 m
2479 4150 2496 4171 o
2525 4142 2587 4171 nnd
2606 4147 2669 4171 ver¬

1854 4176 1996 4213 schiedene
2014 4177 2183 4215 Flugplätze
2202 4178 2255 4214 ans
2272 4178 2445 4216 Rhodos
2472 4179 2668 4218 angegriffen.

1881 4250 2037 4292 Berlin
2058 4261 2132 4301 zur
2154 4252 2501 4304 diplomatischen
2524 4254 2639 4304 Lage

1910 4319 2028 4350 Berlin,
2049 4321 2094 4349 29.
2117 4320 2203 4356 Sept.
2235 4319 2372 4356 (4>-Tel.)
2403 4321 2449 4358 Zu
2482 4321 2532 4352 der
2562 4321 2667 4352 Note

1852 4358 1880 4388 G
1892 4366 1907 4388 r
1919 4365 1936 4388 v
1948 4357 1966 4394 ß
1978 4358 1995 4388 b
2008 4365 2023 4388 r
2034 4357 2043 4388 i
2057 4358 2067 4388 t
2079 4366 2097 4387 n
2110 4365 2128 4389 n
2141 4367 2160 4389 n
2173 4357 2182 4389 i
2195 4366 2208 4389 e
2221 4367 2239 4389 n
2252 4361 2268 4389 s
2300 4367 2339 4389 an
2371 4358 2603 4396 Finnland,
2635 4359 2666 4390 in

1854 4398 1903 4426 der
1916 4401 1975 4426 von
1991 4397 2041 4426 der
2054 4396 2211 4433 finnische»
2225 4397 2397 4435 Regierung
2411 4398 2455 4428 die
2468 4398 2667 4436 Beendigung

1853 4436 1903 4465 dc§
1926 4434 2050 4473 Krieges
2084 4442 2173 4473 gegen
2208 4435 2253 4466 die
2276 4435 2493 4473 Sowjetunion
2518 4436 2666 4474 gefordert

1849 4473 1937 4506 wird,
1956 4473 2034 4504 wird
2053 4473 2085 4503 in
2104 4474 2212 4506 Berlin
2231 4474 2342 4510 vorerst
2362 4474 2437 4509 nicht
2456 4475 2602 4514 Stellung
2620 4484 2665 4513 gc-

1851 4520 2001 4543 nommen.
2035 4513 2113 4543 Man
2148 4512 2210 4543 will
2245 4512 2382 4550 offenbar
2414 4517 2444 4544 cs
2478 4513 2664 4552 Hclsingfors

1850 4551 2026 4586 überlassen,
2050 4550 2100 4587 sich
2124 4552 2197 4582 über
2221 4551 2266 4581 die
2289 4551 2436 4589 politische
2459 4552 2664 4591 Behandlung

1851 4598 1883 4626 zu
1905 4589 2090 4627 entscheiden.
2113 4591 2154 4620 Es
2177 4589 2209 4626 ist
2232 4591 2303 4620 aber
2325 4589 2401 4621 keine
2424 4591 2530 4628 Frage,
2552 4591 2609 4626 baß
2633 4590 2663 4621 in

1850 4628 1997 4664 deutschen
2014 4627 2182 4665 politischen
2198 4628 2317 4665 Kreisen
2332 4630 2438 4666 gemäß
2455 4630 2508 4660 den
2525 4629 2556 4660 in
2572 4631 2664 4667 letzter

1849 4667 1912 4702 Zeit
1933 4671 1993 4697 von
2015 4666 2168 4704 finnischer
2188 4667 2273 4699 Seite
2294 4661 2439 4704 mehrfach
2461 4668 2662 4706 abgegebenen

1848 4706 2055 4741 Erklärungen
2098 4706 2162 4736 eine
2194 4706 2386 4742 entschiedene
2417 4706 2663 4744 Zurückweisung

1848 4745 1898 4774 des
1920 4743 2073 4779 britischen
2094 4744 2264 4779 Ansinnens
2295 4745 2436 4776 erwartet
2465 4745 2552 4777 wird.
2582 4745 2662 4776 Man

1847 4782 1955 4819 glaubt
1980 4781 2065 4816 nicht,
2093 4782 2151 4816 daß
2178 4783 2228 4818 sich
2254 4782 2299 4813 die
2326 4782 2463 4821 finnische
2489 4783 2661 4822 Negierung

1846 4821 1932 4854 durch
1954 4820 1999 4850 die
2019 4821 2208 4859 Androhung
2229 4822 2279 4851 der
2299 4821 2481 4858 Feindschaft
2501 4822 2660 4860 Englands

1848 4860 1946 4889 davon
1974 4858 2140 4895 abbringen
2168 4860 2256 4894 lasse»
2284 4861 2389 4892 werbe,
2416 4862 2469 4891 den
2496 4861 2586 4897 Krieg
2613 4861 2659 4890 bis

1845 4906 1897 4934 zur
1926 4897 2117 4934 endgültigen
2148 4896 2420 4937 Niederkämpfnng
2450 4900 2499 4929 der
2528 4898 2660 4936 Sowjet¬

1844 4935 1941 4966 union
1963 4935 2155 4973 fortznsrtzrn.

1902 4983 1959 5015 Die
1979 4983 2039 5014 von
2070 4983 2238 5014 Ankara
2270 4983 2494 5021 anSgestrente»
2517 4985 2659 5019 Gerüchte

1844 5021 1917 5053 über
1944 5030 1961 5051 a
1974 5030 1992 5052 n
2006 5030 2023 5060 g
2035 5030 2048 5052 c
2061 5022 2077 5051 b
2090 5023 2098 5051 l
2113 5022 2120 5053 i
2133 5023 2161 5056 d,
2173 5023 2186 5052 c
2213 5022 2397 5060 deutsche
2424 5023 2658 5059 Friedens-

1843 5060 1853 5095 s
1865 5062 1884 5090 ü
1897 5061 1990 5097 hier
2013 5060 2132 5091 werden
2148 5061 2233 5095 heute
2247 5069 2287 5090 an
2303 5061 2354 5091 der
2369 5061 2610 5097 Wilhelmstraße
2625 5061 2657 5092 in

1844 5100 1918 5129 aller
1943 5099 2035 5135 Form
2060 5098 2310 5136 znrückgewiesen.
2334 5099 2414 5130 Man
2440 5100 2596 5137 bezeichnet
2621 5099 2656 5134 sie

1842 5139 1930 5168 unter
1959 5136 2096 5174 Hinweis
2126 5137 2179 5173 ans
2209 5137 2254 5167 die
2284 5137 2437 5176 derzeitige
2467 5137 2656 5174 militärische

1841 5177 1917 5214 Lage
1948 5176 1998 5205 des
2029 5175 2187 5213 Deutschen
2208 5175 2310 5213 Reich?
2340 5177 2389 5205 als
2419 5176 2484 5207 eine
2512 5177 2655 5213 geradezu

1841 5222 1855 5292 f
1855 5214 1973 5250 >rvteSke
2001 5213 2256 5250 Erfindung.
2284 5214 2369 5250 Ganz
2387 5214 2559 5253 kategorisch
2577 5213 2654 5244 wird

1855 5253 2011 5291 estgcstcllt,
2047 5252 2104 5289 daß
2140 5251 2195 5283 mit
2231 5253 2280 5282 der
2314 5251 2534 5290 Sowjetunion
2569 5253 2654 5283 über-

2735 1063 2831 1099 Haupt
2851 1062 2910 1092 lei»
2932 1061 3038 1098 Friede
3066 1062 3195 1099 gemacht
3225 1063 3343 1093 werden
3372 1064 3486 1095 würde,
3516 1062 3555 1092 da

2736 1101 2827 1137 dieses
2850 1101 2969 1138 System
2989 1102 3148 1138 vernichtet
3168 1101 3288 1131 werde»
3309 1101 3389 1137 solle;
3411 1101 3466 1132 mit
3489 1102 3554 1131 dem

2735 1139 2988 1177 Bolschewismus
3020 1142 3117 1170 werde
3149 1139 3225 1177 nicht
3258 1139 3394 1178 paktiert,
3427 1140 3554 1178 sondern

2734 1187 2765 1209 er
2785 1180 2882 1209 werde
2903 1179 3097 1217 ansgclöscht.

2907 1261 2992 1303 Die
3014 1261 3230 1312 politische
3253 1261 3376 1313 Krise

2735 1313 2793 1354 im
2816 1313 3104 1363 Protektorat
3126 1314 3555 1366 Böhmen-Mähren

2790 1389 2907 1422 Berlin.
2932 1392 2977 1419 29.
3001 1390 3086 1427 Sept.
3109 1389 3248 1427 (4<-Tel.)
3274 1392 3402 1426 Welcher
3424 1391 3551 1431 Zusam-

2734 1429 2884 1466 menhang
2918 1429 3022 1465 besteht
3057 1427 3189 1466 zwischen
3226 1430 3290 1460 dem
3314 1430 3433 1461 Antritt
3468 1431 3552 1461 eines

2733 1468 2874 1504 längeren
2916 1466 3267 1505 Gesundhcitsnrlanbes
3308 1470 3359 1499 des
3401 1469 3553 1506 deutschen

2733 1506 3005 1544 Rrichsprotcltors
3019 1508 3068 1544 für
3081 1507 3217 1543 Böhmen
3232 1508 3295 1537 »nd
3307 1508 3451 1545 Mähren,
3467 1507 3551 1546 Frei¬

2734 1545 2801 1581 herr
2819 1551 2845 1576 v.
2863 1546 2888 1576 N
2901 1554 2915 1575 e
2927 1554 2945 1575 n
2959 1553 2974 1575 r
2986 1554 3003 1575 a
3017 1547 3027 1576 t
3039 1546 3066 1583 h,
3086 1547 3147 1576 und
3166 1547 3216 1575 der
3234 1544 3403 1584 inzwischen
3421 1552 3480 1577 von
3500 1546 3551 1582 sei¬

2733 1591 2799 1614 nem
2820 1583 3059 1623 neneingcsrtztcn
3082 1584 3308 1616 Stellvertreter
3327 1587 3551 1624 angeordneten

2720 2869 2773 2896 Der
2793 2868 2863 2900 dir/
2881 2869 2928 2896 der
2947 2869 3088 2897 deutschen
3109 2868 3370 2903 Sicherheitspolizei,
3392 2869 3537 2902 Heydrich,

2826 2904 2873 2930 der
2891 2905 2935 2931 dir
2955 2903 3097 2935 Geschälte
3116 2904 3162 2931 des
3182 2903 3422 2937 Rcichsfirotcktors

2934 2939 2959 2965 in
2979 2938 3047 2971 Prag,
3067 2939 3253 2966 übernommen
3273 2940 3317 2967 hat

2718 3014 2909 3053 Verhaftung
2938 3015 2989 3046 des
3012 3015 3341 3052 Ministerpräsidenten
3372 3017 3423 3047 der
3453 3017 3535 3053 tsche-

2717 3053 2837 3091 chischen
2863 3053 3244 3092 Proteltoratsregicrung.
3269 3055 3366 3088 Elias,
3392 3056 3458 3093 läßt
3483 3056 3533 3094 sich

2718 3098 2778 3124 von
2792 3093 2898 3125 Berlin
2913 3095 2972 3123 aus
2989 3093 3103 3131 vorerst
3116 3093 3191 3130 nicht
3205 3102 3303 3130 genau
3319 3094 3416 3133 sagen,
3441 3095 3533 3125 lieber

2717 3131 2763 3162 die
2780 3131 2913 3169 offizielle
2929 3131 3109 3170 Mitteilung
3127 3132 3241 3169 hinaus
3259 3133 3353 3163 bieten
3374 3133 3532 3170 jedenfalls

2716 3170 2761 3201 die
2774 3171 2920 3208 deutschen
2933 3172 3117 3209 Meldungen
3131 3170 3229 3201 keinen
3243 3171 3471 3209 Anhaltspunkt
3482 3172 3532 3206 für

2716 3209 2763 3240 die
2775 3209 2987 3247 Beurteilung;
3001 3213 3071 3246 auch
3087 3218 3126 3240 an
3141 3211 3194 3240 den
3209 3208 3400 3248 zuständigen
3414 3211 3532 3243 Stellen

2717 3250 2833 3279 werde»
2872 3248 3003 3280 darüber
3042 3248 3286 3286 hinansgehende
3323 3250 3532 3287 Erklärungen

2716 3287 2792 3321 nicht
2811 3288 2984 3325 abgegeben.
3014 3287 3070 3320 Tic
3089 3288 3277 3326 Ernennung
3300 3289 3351 3319 des
3370 3288 3461 3324 Ehcfs
3481 3290 3531 3319 der

2716 3326 2863 3364 deutschen
2910 3325 3210 3365 Sicherheitspolizei,
3256 3327 3308 3359 des
3353 3327 3530 3358 8.8,-Lber-

2715 3366 2972 3403 gruppcnführcrs
2990 3366 3016 3405 H
3028 3374 3042 3396 e
3052 3370 3070 3403 y
3083 3366 3099 3395 d
3111 3373 3127 3395 r
3139 3364 3148 3395 i
3161 3365 3197 3399 ch.
3218 3373 3283 3398 zum
3302 3366 3457 3398 Vertreter
3478 3368 3530 3395 des

2713 3405 2840 3436 Barons
2861 3410 2888 3436 v.
2909 3404 3045 3439 Neurath
3068 3404 3122 3438 ans
3143 3404 3193 3433 der
3214 3403 3333 3441 Prager
3353 3404 3442 3443 Burg
3465 3404 3529 3439 läßt

2715 3443 2809 3482 jedoch
2834 3442 2994 3481 zweifellos
3019 3443 3064 3474 die
3089 3442 3214 3479 deutsche
3240 3442 3352 3478 Absicht
3376 3443 3528 3474 erkennen.

2714 3482 2854 3519 Versuche
2884 3484 2934 3512 der
2964 3482 3124 3519 Tschechen,
3149 3481 3191 3512 im
3221 3480 3529 3519 Protcktoratsgebiet

2715 3521 2777 3552 eine
2801 3520 3114 3560 Konsliktsstimmung
3138 3528 3171 3558 zu
3197 3519 3328 3555 schasse»,
3351 3526 3411 3551 von
3438 3526 3528 3550 vorn¬

2715 3560 2814 3597 herein
2831 3559 2886 3592 mit
2902 3559 3080 3599 energischen
3095 3558 3305 3598 Maßnahmen
3321 3558 3362 3590 im
3378 3559 3478 3591 Keime
3494 3567 3527 3596 zu

2715 3600 2852 3638 ersticken.

2771 3656 2828 3688 Tie
2851 3654 3041 3695 gleichzeitige
3072 3655 3097 3686 A
3112 3656 3127 3684 b
3140 3654 3150 3691 s
3161 3663 3174 3685 c
3186 3654 3203 3689 tz
3216 3662 3234 3684 u
3249 3662 3266 3685 »
3280 3663 3297 3691 g
3329 3655 3390 3685 und
3424 3654 3450 3686 B
3464 3662 3477 3685 c
3490 3663 3504 3684 r
3517 3668 3526 3678 -

2715 3696 2900 3732 Haftung
2932 3698 2981 3726 des
3003 3693 3172 3732 bisherige»
3194 3692 3526 3731 Ministerpräsidenten

2714 3735 2840 3767 Elias
2869 3736 2963 3771 erregt
2981 3733 3129 3767 natürlich
3148 3733 3218 3766 auch
3237 3732 3269 3763 in
3286 3732 3393 3764 Berlin
3412 3731 3526 3770 einiges

2714 3774 2870 3812 Aussehen,
2884 3772 2968 3808 umso
2982 3774 3064 3807 mehr
3078 3774 3126 3803 als
3141 3771 3237 3803 damit
3251 3773 3301 3803 der
3314 3771 3462 3808 Borwurf
3475 3774 3526 3801 des

2713 3814 2800 3848 Hoch-
2837 3814 2899 3843 und
2936 3811 3174 3843 Landesverrats
3221 3812 3392 3842 verbunden
3438 3809 3526 3841 wird.

2713 3851 2897 3890 Gleichzeitig
2916 3851 2977 3889 sind
2996 3850 3134 3889 offenbar
3151 3854 3210 3880 von
3230 3851 3283 3880 den
3303 3849 3450 3884 deutschen
3469 3850 3525 3880 Be-

2714 3893 2825 3925 Horden
2839 3891 2888 3923 für
2901 3892 2956 3921 das
2968 3888 3274 3927 Protcktoratsgebiet
3287 3889 3349 3919 eine
3361 3888 3453 3926 Reihe
3464 3893 3525 3919 von

2711 3930 2922 3966 Maßnahmen
2938 3929 3061 3967 erlassen
3076 3928 3207 3961 worden,
3222 3935 3274 3959 um
3290 3928 3335 3958 die
3361 3937 3376 3958 v
3390 3927 3400 3962 s
3412 3927 3422 3963 s
3434 3936 3446 3957 c
3459 3936 3478 3957 n
3491 3928 3501 3957 t
3514 3941 3523 3951 -

2711 3971 2720 4000 l
2735 3969 2742 4000 i
2755 3971 2782 4006 ch
2795 3969 2808 4000 e
2842 3969 3049 4005 Ordnung
3081 3976 3114 4005 z»
3148 3966 3301 4003 sichern
3335 3968 3396 3997 und
3431 3966 3523 4003 jedem

2711 4017 2770 4039 nur
2791 4007 2950 4046 möglichen
2971 4005 3248 4052 Störnnysvcrsnch
3268 4005 3404 4042 wirksam
3425 4013 3457 4042 zu
3478 4006 3523 4035 be-

2710 4056 2831 4087 grgne».
2852 4046 2905 4084 Im
2926 4046 3050 4083 übrigen
3071 4043 3147 4076 wird
3168 4044 3198 4075 i»
3218 4045 3324 4075 Berlin
3346 4045 3390 4075 die
3408 4043 3523 4081 Ansicht

2707 4086 2865 4119 vertreten,
2893 4084 2951 4119 daß
2978 4088 3009 4116 es
3037 4084 3086 4121 sich
3112 4082 3156 4113 bei
3183 4084 3237 4113 den
3265 4083 3449 4120 Vorgängen
3478 4081 3519 4112 im

2706 4125 2905 4161 Protektorat,
2939 4123 2984 4155 die
3016 4124 3061 4154 die
3095 4121 3201 4161 scharfe
3225 4122 3351 4158 deutsche
3373 4121 3519 4153 Reaktion

2709 4163 2940 4203 hervvrgerufcn
2956 4164 3062 4198 haben,
3076 4171 3128 4193 um
3141 4161 3287 4193 Attionc»
3304 4162 3410 4192 kleiner
3424 4160 3522 4194 Kreise

2708 4205 2826 4236 handle,
2844 4203 2890 4233 die
2906 4202 2951 4233 bei
2967 4203 3019 4233 der
3034 4201 3145 4240 großen
3161 4199 3315 4235 SNrhrheit
3330 4203 3381 4232 der
3397 4199 3521 4235 tschechi¬

2708 4242 2784 4278 schen
2812 4242 3018 4280 Bevölkerung
3046 4240 3123 4271 keine
3150 4239 3372 4278 Unterstützung
3400 4239 3520 4275 fänden.

2707 4283 2785 4317 Auch
2801 4281 2866 4316 läßt
2882 4288 2954 4311 man
2972 4279 3173 4317 dnrchblickcn.
3189 4278 3248 4314 das;
3264 4281 3314 4309 der
3328 4278 3454 4314 Versuch
3471 4281 3521 4308 der

2706 4319 2954 4358 Unruhestistung
2972 4324 3032 4351 von
3052 4318 3150 4354 außen
3171 4319 3222 4353 her
3241 4317 3271 4348 in
3292 4320 3348 4348 das
3367 4317 3520 4352 Protckto¬

2708 4358 2871 4397 ratsgebiet
2894 4357 3133 4396 hineingrbracht
3156 4357 3278 4388 worden
3303 4356 3349 4392 sei.
3374 4356 3423 4387 Da
3446 4363 3519 4386 man

2708 4398 2845 4431 offenbar
2858 4397 2888 4428 in
2902 4397 3008 4428 Berlin
3022 4405 3061 4428 an
3075 4396 3138 4428 eine
3150 4394 3369 4434 Verschärfung
3381 4397 3432 4426 der
3443 4394 3520 4433 Lage

2707 4437 2782 4473 nicht
2805 4437 2920 4474 glaubt,
2944 4435 3070 4473 scheinen
3093 4435 3311 4473 Acnderungen
3335 4442 3385 4465 am
3408 4434 3518 4465 Statut

2706 4478 2758 4506 des
2792 4474 2973 4510 böhmischen
3007 4476 3069 4505 nnd
3104 4472 3284 4511 mährischen
3307 4472 3518 4511 Protektorats

2706 4514 2781 4552 nicht
2803 4513 2967 4551 brasichtigt
2988 4522 3021 4552 zn
3046 4512 3114 4549 sein.

2771 4595 2965 4639 General
2986 4595 3158 4638 Wavell
3180 4595 3224 4635 in
3246 4595 3449 4647 Teheran

2758 4668 2904 4705 Teheran.
2921 4670 2965 4698 29.
2985 4668 3070 4705 Sept.
3089 4667 3265 4706 (Exchangel
3282 4668 3348 4701 Wie
3365 4677 3429 4700 nun
3448 4668 3514 4699 mit-

2700 4708 2799 4745 gctcilt
2822 4709 2939 4738 werden
2965 4707 3051 4738 kann,
3077 4708 3141 4741 hält
3167 4706 3217 4742 sich
3241 4707 3373 4740 General
3399 4708 3514 4739 Wavell

2700 4746 2750 4782 seit
2771 4747 2924 4783 Samstag
2942 4745 2972 4776 in
2993 4746 3129 4784 Teheran
3151 4744 3214 4782 ans.
3244 4746 3288 4784 In
3307 4746 3389 4778 einer
3405 4747 3514 4783 Presse¬

2698 4785 2848 4822 konferenz
2874 4785 2999 4816 erklärte
3026 4794 3065 4817 er.
3092 4784 3151 4822 daß
3177 4793 3207 4815 er
3236 4784 3267 4816 in
3293 4785 3432 4821 Teheran
3458 4785 3514 4817 mit

2697 4824 2926 4860 russische»
2954 4824 2990 4856 M
3004 4823 3012 4855 i
3025 4824 3035 4855 l
3047 4823 3056 4855 i
3070 4824 3080 4855 t
3092 4825 3109 4854 ä
3123 4832 3137 4853 r
3150 4826 3165 4854 S
3193 4825 3250 4853 alle
3277 4825 3437 4861 Probleme
3463 4827 3513 4855 der

2696 4871 2713 4900 g
2725 4872 2738 4894 r
2751 4872 2779 4894 in
2791 4872 2805 4893 e
2817 4863 2825 4893 i
2839 4872 2857 4893 »
2871 4863 2880 4898 f
2893 4871 3008 4894 »men
3075 4861 3277 4894 Verteidi
3291 4873 3307 4900 g
3319 4873 3338 4894 n
3352 4873 3370 4894 n
3383 4873 3401 4902 g
3468 4865 3512 4894 be¬

2697 4903 2813 4938 spreche.
2843 4901 2900 4933 Ein
2922 4901 3215 4938 gemeinschaftliches
3234 4901 3512 4941 britisch-russisches

2695 4942 2885 4973 Kommando
2904 4940 2952 4976 für
2972 4942 3025 4972 de»
3046 4942 3069 4972 K
3083 4949 3099 4971 a
3113 4949 3131 4970 n
3145 4940 3156 4970 k
3169 4949 3186 4970 a
3201 4940 3210 4976 s
3222 4949 3241 4970 n
3254 4944 3270 4972 s
3290 4943 3369 4976 halte
3386 4951 3416 4972 er
3436 4941 3512 4979 nicht

2696 4979 2745 5016 für
2767 4979 2949 5018 notwendig:
2986 4981 3052 5015 doch
3078 4979 3166 5015 sotten
3193 4980 3250 5010 alle
3274 4981 3328 5011 den
3353 4980 3511 5016 Kaukasus

2694 5018 2891 5054 betreffenden
2919 5017 3129 5055 militärische»
3156 5018 3275 5056 Fragen
3304 5018 3509 5056 einschließlich

2694 5059 2745 5088 der
2764 5057 2958 5095 Lieferungen
2979 5059 3052 5089 über
3072 5057 3192 5091 Persien
3214 5057 3376 5095 eingehend
3394 5058 3509 5093 bespro¬

2693 5098 2757 5133 chen
2784 5099 2911 5127 werden.
2946 5097 3003 5128 Als
3031 5096 3146 5128 Wavell
3172 5096 3283 5132 darauf
3311 5097 3507 5133 ausmerksam

2693 5137 2819 5172 gemacht
2846 5136 2959 5166 wnrde.
2985 5135 3043 5172 daß
3068 5136 3138 5168 nach
3165 5135 3318 5170 Berichten
3347 5135 3506 5167 aiisländi-

2693 5174 2764 5212 scher
2785 5173 3035 5213 Radiostationen
3058 5173 3104 5204 ein
3129 5173 3277 5210 britisches
3298 5174 3506 5212 Expeditions¬

2692 5213 2780 5250 korps
2811 5213 2860 5251 sich
2890 5213 2961 5247 nach
2992 5214 3056 5244 dem
3083 5212 3241 5246 Kaukasus
3272 5213 3396 5251 begeben
3428 5213 3505 5250 solle,

2691 5252 2844 5284 erwiderte
2862 5260 2902 5283 er:
2922 5251 2996 5285 .Die
3013 5251 3239 5289 ausländischen
3254 5251 3503 5289 Radiostationen
