2176 2953
940 65 1050 128 Nr.
1073 50 1221 121 157.

1767 52 1950 82 Bestellungen:

1721 82 1771 114 Für
1785 86 1824 112 die
1845 80 1942 114 Schweiz
1956 82 1999 108 und

1722 114 1858 145 Deutschland
1863 120 1892 141 ic.
1906 111 2002 144 besorgen

1722 146 1762 171 alle
1769 147 1887 175 Postämter
1893 146 1955 173 durch
1966 146 2005 171 die

1721 174 2001 208 Postzeitungs-Expedition

1722 207 1750 232 in
1754 210 1844 238 Zürich;
1847 210 1887 237 für
1891 208 1994 240 England

1785 239 1903 270 Frankreich
1911 245 1944 269 ic.

1741 273 1777 308 G.
1790 274 1826 299 A.
1838 274 1981 305 Alexander,

1775 305 1907 338 Brandgasse
1914 308 1944 334 28

1779 338 1806 364 in
1816 338 1952 375 Strassburg.

131 54 379 82 Vorausbezahlung:

109 90 188 119 Franko
201 88 264 118 durch
278 88 313 117 die
326 97 387 121 ganze

203 122 298 152 Schweiz

159 152 200 185 für
211 155 233 178 6
246 155 340 179 Monate

151 183 303 215 Neu-Franken
315 185 346 207 8.

116 245 380 278 Einrückungsgebühr:

109 280 153 307 Der
167 280 242 310 Raum
252 281 307 308 einer
318 279 388 307 Petit¬

107 313 161 344 zeile
174 316 217 336 15
231 313 389 345 Neu-Rappen.

108 341 185 375 Briefe
197 347 225 371 u.
235 342 295 370 Geld
309 343 390 372 franko.

464 195 733 318 Neue
783 196 1658 342 Zürcher-Zeitung.

807 344 1128 399 Vierunddreißigster
1140 344 1328 395 Jahrgang.

1624 418 1685 454 den
1713 416 1748 458 6.
1781 414 1876 463 Juni
1906 416 2019 460 1854.

110 416 368 472 Dienstag

705 465 789 502 Druck
804 468 856 498 und
870 465 975 506 Verlag
988 475 1038 495 von
1058 463 1143 500 Orell,
1157 465 1243 504 Füßli
1253 467 1308 496 und
1323 465 1423 504 Comp.

228 604 300 644 Die
320 607 466 648 Triester
484 594 936 648 Lloyd-Dampfschifffahrt

168 712 217 741 Als
231 712 281 741 eine
298 711 364 746 jener
376 712 466 749 großen
478 709 654 741 Sternwarten
673 711 714 740 der
725 711 791 746 Zeit,
810 711 847 741 die
860 715 909 740 uns
923 711 975 740 eine
987 711 1054 740 Vor¬

113 754 219 791 ahnung
230 754 315 790 dessen
334 756 472 791 gewähren,
491 758 547 783 was
564 755 672 783 kommen
691 762 765 790 mag,
786 754 826 790 ja,
847 755 914 790 mehr
932 754 989 783 oder
1006 760 1054 782 we¬

113 798 184 834 niger
203 797 283 833 sichere
297 796 408 832 Schlüsse
427 797 472 833 auf
487 797 525 825 die
538 796 651 831 Zukunft
669 804 698 833 zu
716 796 796 833 ziehen
815 797 940 829 erlauben,
960 796 1001 833 ist
1001 796 1055 833 un¬

113 840 207 876 streitig
227 841 273 868 das
298 841 365 873 mehr
383 840 434 868 und
457 840 523 875 mehr
546 847 587 867 um
613 838 655 873 sich
680 839 799 874 greifende
816 839 993 875 Unternehmen
1012 839 1055 867 des

116 882 313 921 österreichischen
320 883 397 918 Lloyd
404 882 431 911 in
438 882 515 916 Triest
523 881 667 917 anzusehen.
680 883 717 914 In
726 882 918 918 Erscheinungen
927 881 1000 916 dieser
1008 882 1057 911 Art

113 925 193 961 liegen
221 925 259 953 die
283 925 407 962 Wurzeln,
427 926 469 953 der
493 923 686 960 österreichischen
711 924 907 961 Regeneration;
936 928 990 952 was
1019 925 1056 953 die

115 968 271 996 Revolution
287 968 350 1003 nicht
369 973 482 1002 vermag,
509 967 556 995 das
580 966 672 1003 gelingt
696 968 748 996 dem
768 967 915 1000 wachsenden
933 966 1039 1003 Verkehr
1047 987 1054 1001 ,

113 1010 219 1047 nämlich
238 1011 283 1038 den
303 1009 474 1046 Feudal-Adel
491 1017 520 1046 zu
538 1009 629 1046 stürzen
654 1010 704 1038 und
723 1010 764 1038 der
783 1009 949 1045 europäischen
965 1009 1057 1044 Zivili¬

113 1052 196 1089 sation
217 1053 285 1081 einen
305 1060 382 1081 neuen
400 1052 488 1081 Boden
506 1060 535 1088 zu
554 1052 697 1088 gewinnen,
724 1052 764 1080 der
785 1059 816 1081 an
836 1051 909 1081 Trieb
928 1051 1016 1088 gerade
1016 1051 1064 1088 so

115 1096 166 1125 viel
184 1102 318 1131 gewonnen
338 1095 377 1124 als
396 1102 421 1123 er
439 1101 475 1122 an
485 1094 579 1131 Ertrag
597 1095 667 1128 durch
680 1095 753 1130 lange
765 1095 858 1129 Brache
875 1094 984 1123 verloren
1002 1091 1064 1129 hat.

170 1138 235 1173 Noch
249 1138 274 1166 in
288 1138 376 1166 keinem
389 1137 469 1173 Jahre
481 1136 539 1172 fand
558 1137 609 1166 eine
622 1136 694 1171 solche
709 1136 879 1173 Vermehrung
896 1139 938 1165 der
950 1136 1058 1172 Dampf¬

114 1181 185 1217 flotte
209 1182 252 1209 des
271 1181 348 1215 Lloyd
367 1180 436 1216 statt,
464 1180 509 1208 wie
533 1179 566 1208 im
584 1180 652 1215 Jahr
677 1179 756 1209 1853.
794 1180 864 1216 Nicht
882 1180 996 1216 weniger
1008 1180 1056 1208 als

114 1223 150 1251 13
171 1223 294 1258 Dampfer
322 1228 371 1251 von
395 1221 466 1250 6200
491 1223 594 1251 Tonnen
617 1223 668 1251 und
693 1222 765 1250 1920
784 1222 933 1258 Pferdekraft
958 1224 1057 1251 wurden

112 1266 168 1295 dem
187 1265 289 1301 Dienst
295 1264 439 1301 übergeben.

169 1308 222 1337 Die
240 1306 401 1343 Gesellschaft
420 1306 497 1343 besitzt
515 1307 569 1343 jetzt
587 1306 641 1336 eine
660 1307 747 1339 Flotte
765 1311 818 1336 von
835 1307 871 1335 58
889 1307 992 1337 Booten
1010 1307 1066 1336 mit

113 1351 216 1383 28,105
235 1350 347 1378 Tonnen
360 1351 414 1378 und
426 1350 496 1378 9320
507 1349 683 1384 Pferdekraft,
703 1351 757 1378 und
772 1349 909 1385 außerdem
921 1351 955 1378 30
969 1350 1059 1386 eiserne

114 1395 170 1422 und
199 1392 234 1421 10
261 1390 378 1428 hölzerne
406 1391 599 1428 Schleppschiffe
627 1393 676 1428 auf
700 1393 756 1420 dem
776 1392 832 1426 Po,
854 1397 926 1430 wozu
944 1392 1005 1429 noch
1024 1392 1066 1421 26

114 1436 208 1469 eiserne
227 1437 280 1462 und
300 1434 334 1462 14
353 1432 470 1470 hölzerne
478 1456 485 1468 ,
506 1434 547 1463 im
563 1435 625 1462 Bau
644 1434 779 1470 begriffene
803 1434 997 1471 Schleppkähne
1021 1435 1058 1463 im

115 1478 194 1513 Laufe
222 1476 300 1511 dieses
325 1475 422 1511 Jahres
449 1475 646 1513 hinzukommen
674 1478 783 1505 werden.
820 1476 873 1506 Die
893 1476 1059 1513 Einnahmen

116 1520 241 1554 betrugen
259 1518 287 1554 fl.
309 1517 456 1553 3,521,816
469 1518 502 1547 35
516 1519 562 1554 kr.,
583 1519 621 1547 die
634 1518 856 1555 Schiffsunkosten
870 1519 898 1555 fl.
912 1519 1060 1554 2,777,517

116 1562 153 1590 48
172 1561 218 1594 kr.,
240 1560 279 1590 die
298 1560 572 1597 Verwaltungskosten
591 1561 620 1597 fl.
642 1561 759 1596 334,298
779 1561 814 1589 47
833 1561 881 1597 kr.,
903 1563 929 1598 so
948 1561 998 1598 daß
1016 1562 1059 1591 als

115 1605 201 1633 reines
223 1602 355 1639 Ergebniß
374 1602 402 1639 fl.
424 1602 541 1638 410,000
562 1602 706 1640 erübrigen.
744 1604 797 1633 Die
815 1604 1060 1640 Gesammteinnah¬

115 1654 175 1676 men
203 1645 360 1681 überstiegen
387 1653 432 1674 um
460 1646 489 1682 fl.
510 1645 628 1681 784,273
659 1647 692 1674 59
720 1646 755 1675 kr.
777 1647 919 1683 diejenigen
919 1647 985 1683 des
1004 1650 1060 1677 ver¬

116 1696 253 1727 gangenen
277 1688 375 1724 Jahres
385 1709 392 1723 ,
420 1690 475 1717 und
493 1696 540 1717 um
558 1689 586 1725 fl.
608 1689 725 1723 669,130
743 1689 779 1717 57
796 1689 831 1717 kr.
852 1689 892 1718 die
909 1689 998 1725 größte
1016 1688 1059 1720 bis

114 1734 171 1769 jetzt
190 1731 316 1768 gemachte
336 1731 483 1767 Einnahme
500 1734 543 1761 der
561 1732 723 1769 Gesellschaft
735 1731 892 1768 überhaupt.
925 1732 980 1762 Die
992 1733 1060 1762 Ver¬

115 1774 245 1811 mehrung
273 1776 316 1803 der
345 1774 523 1810 Einnahmen
538 1780 594 1803 war
619 1775 649 1811 fl.
680 1775 796 1810 296,279
823 1775 859 1803 50
886 1775 919 1804 kr.
946 1775 986 1804 bei
1011 1777 1066 1805 den

115 1818 234 1853 Fahrten
262 1816 290 1844 in
319 1819 361 1845 der
390 1817 513 1852 Levante,
543 1817 588 1852 fl.,
600 1817 728 1852 147,024.
746 1817 781 1846 14
807 1817 841 1846 kr.
871 1817 908 1849 im
925 1817 1061 1855 schwarzen

115 1860 218 1894 Meere,
240 1859 275 1894 fl.:
289 1858 459 1893 130,052.34
477 1860 511 1889 kr.
533 1859 593 1897 nach
608 1860 810 1895 Griechenland,
830 1859 957 1896 jonischen
967 1860 1062 1897 Inseln

116 1912 146 1933 u.
168 1903 187 1939 s.
208 1908 254 1936 w.,
277 1901 305 1938 fl.
326 1901 442 1936 291,189
462 1903 480 1930 7
497 1902 532 1931 kr.
554 1903 590 1931 im
617 1902 781 1940 adriatischen
808 1902 909 1937 Meere,
929 1903 958 1939 fl.
980 1902 1061 1938 6,443

117 1947 154 1976 47
173 1944 207 1974 kr.
231 1944 280 1974 bei
280 1944 338 1974 den
365 1944 505 1981 zufälligen
533 1944 656 1980 Fahrten.
695 1945 741 1974 An
766 1945 932 1982 Passagieren
956 1947 1065 1974 wurden

118 1991 157 2019 im
175 1987 258 2023 Jahre
278 1986 346 2015 1853
366 1985 491 2022 befördert
509 1988 624 2022 331,688
639 1988 731 2023 (gegen
744 1987 861 2023 239,565
873 1987 910 2016 im
921 1987 956 2022 J.
956 1987 1060 2022 1852);

119 2041 155 2061 an
184 2030 292 2066 Briefen
319 2028 437 2064 748,936
465 2031 558 2066 (gegen
585 2030 726 2066 587,300);
757 2039 792 2059 an
814 2030 931 2059 Waaren
949 2030 1065 2065 Zentner

120 2072 269 2111 1,017,618
287 2072 381 2108 (gegen
398 2071 542 2108 452,217).

174 2114 333 2149 Bekanntlich
353 2115 396 2150 hat
413 2115 451 2142 die
469 2115 620 2151 Gesellschaft
638 2122 694 2143 vom
713 2115 756 2143 16.
772 2115 849 2151 Sept.
876 2123 907 2144 an
935 2116 991 2150 auch
1008 2116 1062 2145 den

118 2160 220 2191 Betrieb
240 2156 286 2194 auf
302 2158 354 2186 dem
372 2156 505 2194 Langensee
524 2157 698 2187 übernommen
710 2159 760 2187 und
782 2159 822 2186 bis
842 2159 912 2189 Ende
930 2158 999 2188 1853
1018 2159 1064 2187 da¬

118 2203 189 2239 selbst
208 2200 319 2236 verführt
339 2199 438 2234 10,767
450 2200 575 2236 Personen
596 2204 646 2230 und
660 2201 730 2229 4836
744 2201 851 2235 Zentner
864 2201 982 2230 Waaren.
1012 2200 1065 2236 Auf

119 2248 174 2276 dem
193 2245 235 2280 Po
253 2243 296 2279 seit
315 2244 368 2272 dem
383 2242 497 2279 Beginne
514 2243 554 2272 bis
577 2244 647 2273 Ende
667 2244 797 2281 Dezember
817 2244 932 2280 139,985
953 2244 1063 2279 Zentner

118 2289 241 2322 Waaren,
261 2286 374 2321 meistens
393 2293 441 2314 von
453 2285 531 2322 Triest
549 2285 589 2314 bis
609 2286 739 2316 Mailand.

174 2330 227 2361 Die
246 2328 386 2359 Dividende
411 2330 452 2357 der
472 2328 604 2358 Aktionärs
630 2329 671 2364 für
690 2330 737 2358 das
755 2329 823 2364 Jahr
843 2329 912 2359 1853
932 2330 961 2365 ist
978 2330 997 2359 4
1013 2331 1060 2364 %,

119 2374 223 2411 zahlbar
241 2371 275 2400 im
293 2371 362 2406 Juli,
384 2370 422 2400 die
439 2371 457 2399 4
476 2372 510 2405 %
528 2370 618 2407 Zinsen
637 2371 690 2407 sind
710 2372 777 2407 schon
797 2372 828 2401 im
846 2373 957 2410 Januar
957 2373 1063 2410 bezahlt

121 2418 231 2446 worden.

175 2460 230 2488 Der
253 2456 313 2493 beste
331 2456 431 2485 Beweis
455 2456 497 2493 für
514 2457 562 2486 das
581 2456 704 2493 Gedeihen
723 2456 765 2485 der
785 2457 937 2493 Gesellschaft
955 2458 1006 2487 und
1024 2458 1063 2487 die

121 2502 197 2539 große
217 2499 299 2534 Rolle,
331 2498 412 2534 welche
430 2500 470 2534 ihr
488 2499 526 2529 die
544 2499 653 2535 Zukunft
672 2498 835 2535 aufbewahrt,
865 2500 925 2537 liegt
941 2501 968 2530 in
987 2500 1064 2537 ihrem

121 2540 406 2579 Entwickelungstriebe.
445 2543 509 2577 Auch
537 2550 576 2571 an
594 2544 635 2571 der
653 2543 744 2580 letzten,
774 2541 869 2578 21sten,
901 2543 1065 2573 Generalver¬

120 2586 273 2623 sammlung,
302 2584 384 2620 welche
403 2586 448 2613 den
467 2585 510 2614 31.
526 2584 584 2614 Mai
602 2586 628 2613 in
648 2585 725 2621 Triest
744 2585 801 2621 statt
819 2584 889 2620 fand,
920 2587 1010 2614 wurde
1022 2587 1064 2615 der

121 2627 363 2664 Verwaltungsrath
381 2626 467 2656 wieder
486 2627 632 2663 ermächtigt,
653 2635 715 2656 neue
733 2627 805 2655 6000
823 2627 913 2657 Aktien
930 2628 964 2657 im
976 2628 1064 2664 Werth

121 2677 172 2700 von
199 2671 215 2699 3
236 2669 373 2700 Millionen
392 2670 494 2699 Gulden
522 2669 677 2707 auszugeben
702 2671 754 2698 und
779 2668 928 2705 darüberhin
953 2670 992 2700 ein
1011 2671 1064 2700 An¬

121 2713 202 2749 leihen
221 2720 272 2742 von
290 2711 307 2740 2
327 2712 462 2741 Millionen
476 2712 578 2742 Gulden
597 2720 625 2749 zu
643 2712 750 2748 machen,
771 2711 797 2746 so
816 2712 863 2748 daß
881 2711 932 2748 also
951 2713 1006 2743 das
1006 2713 1064 2743 Ge¬

121 2756 195 2793 schäft
222 2756 275 2785 eine
293 2755 560 2793 Kapitalvermehrung
585 2763 634 2785 von
660 2755 678 2783 5
704 2755 840 2785 Millionen
858 2756 905 2785 Gl.
932 2764 975 2793 zur
997 2756 1064 2786 Ver¬

122 2798 223 2836 fügung
242 2798 351 2836 erhalten
370 2797 425 2835 hat.

1131 574 1183 611 In
1197 572 1287 609 solchen
1306 572 1480 611 Pulsschlägen
1500 570 1584 608 spricht
1596 570 1644 611 sich
1662 574 1723 606 aus,
1744 575 1800 601 rvaS
1818 573 1893 603 Leben
1911 570 1955 611 hat
1971 575 2024 605 und

1089 615 1177 655 Leben
1182 614 1263 655 schafft
1276 604 1321 658 in
1321 604 1408 658 einem
1408 604 1520 658 Lande.

1481 688 1694 738 Schweiz.

1145 754 1243 783 Bern.
1282 752 1340 782 Wer
1359 752 1403 786 hat
1421 752 1574 788 gewonnen?
1612 750 1685 785 Diese
1707 752 1793 791 Frage
1793 752 1854 791 ist
1854 752 1934 791 jetzt
1934 752 2025 791 beant¬

1092 796 1185 824 wortet.
1220 796 1368 825 Gewonnen
1387 794 1428 829 hat
1447 793 1576 830 derjenige,
1596 794 1637 822 der
1654 793 1696 830 sich
1717 794 1743 824 in
1761 795 1808 824 das
1818 795 2025 832 Unvermeidliche

1091 846 1132 867 am
1151 839 1228 875 besten
1245 847 1273 875 zu
1292 837 1388 873 schicken
1410 838 1460 866 und
1486 838 1532 865 den
1547 836 1697 872 Umständen
1724 845 1764 867 am
1782 838 1877 874 meisten
1896 839 2026 876 Rechnung

1089 888 1121 918 zu
1139 881 1224 917 tragen
1247 880 1341 916 wußte.
1377 879 1460 909 Dabei
1483 879 1537 915 galt
1563 882 1590 907 es
1616 880 1672 915 noch
1698 887 1759 916 zum
1774 880 1849 916 bösen
1872 880 1951 917 Spiel
1976 880 2036 910 eine

1082 924 1156 961 gute
1166 924 1251 953 Miene
1268 923 1307 959 zu
1316 922 1420 959 machen.
1448 922 1509 951 Das
1527 921 1571 958 hat
1588 922 1627 950 die
1638 922 1733 954 Berner
1750 923 1859 960 Zeitung
1877 925 1933 961 trotz
1952 924 2027 959 einem

1094 966 1256 1001 Diplomaten
1282 966 1322 994 der
1348 965 1524 1001 Petersburger
1553 963 1647 1000 Schule
1673 966 1824 1002 verstanden.
1866 966 2027 1002 Hintendrein

1094 1009 1156 1037 kann
1173 1008 1228 1045 jetzt
1242 1008 1306 1044 jeder
1323 1007 1430 1036 kommen
1448 1008 1500 1036 und
1518 1006 1603 1043 sagen,
1635 1010 1661 1036 es
1679 1007 1710 1042 sei
1729 1007 1794 1037 keine
1811 1008 1898 1045 Kunst
1908 1008 2023 1046 gewesen,

1089 1051 1143 1081 ein
1143 1051 1184 1081 Ei
1202 1050 1364 1088 aufzustellen.
1404 1051 1457 1079 Der
1474 1049 1591 1086 Künstler
1619 1050 1678 1086 zeigt
1702 1050 1743 1087 sich
1763 1051 1821 1080 eben
1841 1052 1867 1082 in
1884 1053 1925 1081 der
1943 1052 2028 1089 Erfas¬

1094 1093 1155 1130 sung
1174 1096 1216 1122 des
1236 1094 1374 1123 Moments.
1412 1092 1464 1123 Die
1481 1093 1562 1128 Kunst
1585 1094 1626 1121 der
1643 1093 1738 1125 Berner
1755 1094 1864 1131 Zeitung
1887 1095 1917 1132 ist
1943 1104 1984 1123 um
2002 1095 2027 1131 so

1095 1136 1190 1172 größer,
1211 1137 1251 1164 als
1270 1136 1300 1173 sie
1319 1136 1359 1164 bis
1378 1135 1454 1170 dahin
1472 1136 1533 1167 alles
1546 1134 1788 1172 Menschenmögliche
1806 1138 1894 1173 gethan
1913 1138 1965 1172 hat,
1982 1146 2028 1167 um

1095 1182 1139 1208 den
1157 1179 1292 1214 Parteihaß
1318 1178 1365 1214 auf
1384 1179 1422 1207 die
1445 1178 1531 1215 Spitze
1559 1186 1587 1214 zu
1615 1178 1704 1208 treiben
1728 1181 1778 1208 und
1803 1179 1841 1209 die
1857 1180 2030 1218 Bevölkerung

1094 1221 1216 1258 feindselig
1241 1219 1297 1250 aus
1318 1222 1430 1251 einander
1453 1229 1481 1257 zu
1508 1221 1589 1257 halten
1602 1229 1643 1250 —
1662 1223 1730 1254 und
1739 1229 1793 1254 nun
1816 1222 1863 1259 auf
1883 1223 1972 1253 einmal
1990 1223 2028 1252 die

1096 1265 1166 1293 Rolle
1185 1266 1226 1293 des
1245 1264 1344 1305 Bruder
1362 1264 1444 1295 Klaus
1466 1264 1510 1292 mit
1527 1263 1612 1298 diesem
1631 1265 1706 1297 Fini,
1735 1264 1821 1300 diesem
1839 1266 2026 1303 Naturgepräg,

1096 1301 1259 1344 wahrhaftig,
1285 1313 1333 1335 wer
1358 1307 1394 1335 bei
1419 1306 1504 1340 diesem
1523 1306 1626 1338 Anblick
1639 1306 1699 1341 nicht
1717 1307 1752 1339 in
1762 1308 1800 1337 die
1818 1308 1904 1345 Hände
1924 1309 2028 1346 klatscht,

1097 1351 1138 1385 hat
1153 1350 1236 1379 keinen
1256 1350 1329 1379 Sinn
1348 1349 1388 1385 für
1406 1349 1525 1385 plastische
1544 1350 1722 1387 Darstellung!

1148 1408 1181 1420 —
1218 1392 1655 1428 Kommissionalanträge:
1676 1393 1834 1430 Nochmalige
1853 1394 2027 1432 Verschiebung

1096 1443 1144 1465 von
1160 1434 1251 1475 Brienz
1275 1437 1325 1463 und
1344 1436 1454 1471 Bargen,
1485 1435 1663 1471 Anerkennung
1692 1436 1753 1464 aller
1781 1435 1884 1472 übrigen
1911 1438 2026 1473 Wahlen,

1096 1478 1249 1515 gerichtlicher
1261 1477 1439 1513 Untersuchung
1454 1476 1659 1513 unvorgegriffen.
1682 1477 1816 1515 Sofortige
1828 1473 2027 1515 Konstituirung.

1096 1521 1269 1550 Kandidaten:
1299 1521 1372 1557 Kurz,
1395 1520 1525 1555 Präsident
1535 1528 1542 1554 ;
1573 1519 1676 1554 Karlin,
1697 1520 1896 1557 Vizepräsident;
1927 1521 2028 1558 Schmid

1087 1569 1145 1594 von
1162 1563 1284 1599 Eriswyl,
1303 1562 1468 1599 Statthalter.

1415 1645 1654 1679 Ausland.

1149 1690 1308 1720 Amerika.
1342 1690 1533 1723 New-York
1551 1692 1605 1723 und
1625 1689 1877 1727 Washington,
1899 1692 1944 1720 20.
1957 1691 2028 1720 Mai.

1096 1734 1134 1765 In
1152 1734 1266 1766 Havana
1282 1732 1372 1770 sollen
1381 1734 1397 1761 6
1417 1731 1575 1770 französtsche
1589 1733 1762 1770 Kriegsschiffe
1775 1734 1956 1770 angekommen
1968 1735 2029 1771 sein.

1096 1776 1190 1805 Woll-
1208 1778 1260 1805 und
1287 1775 1444 1812 Mehlpreise
1462 1774 1505 1812 für
1523 1774 1622 1811 Käufer
1641 1775 1785 1812 günstiger,
1816 1779 1858 1806 der
1879 1776 2032 1806 Geldmarkt

1098 1821 1177 1849 etwas
1196 1818 1281 1855 besser.

1152 1862 1308 1896 England.
1346 1860 1415 1897 Nach
1435 1860 1523 1890 Times
1540 1862 1594 1890 und
1609 1860 1748 1895 Chronicle
1760 1861 1844 1891 lautet
1855 1863 1902 1891 das
1914 1862 2033 1892 Wiener¬

1096 1904 1225 1939 protokoll
1243 1904 1301 1940 (20.
1323 1903 1399 1939 Mai)
1418 1902 1531 1940 wörtlich
1550 1903 1597 1932 wie
1616 1903 1697 1939 folgt:
1719 1903 1820 1940 Gemäß
1839 1906 1885 1933 den
1905 1905 1943 1934 im
1964 1906 2033 1939 Pro¬

1098 1947 1177 1977 tokoll
1203 1951 1265 1976 vom
1291 1947 1336 1976 9.
1346 1946 1426 1981 April
1453 1945 1619 1982 enthaltenen
1646 1946 1859 1984 Bestimmungen
1885 1947 1966 1984 haben
1994 1948 2032 1977 die

1098 1989 1311 2027 Unterzeichneten
1337 1988 1587 2025 Bevollmächtigten
1614 1988 1666 2018 eine
1693 1989 1837 2026 Konferenz
1864 1990 2030 2027 abgehalten,

1097 2041 1144 2061 um
1161 2032 1201 2061 die
1219 2031 1334 2069 zwischen
1352 2030 1498 2069 Frankreich
1517 2032 1571 2060 und
1588 2030 1710 2067 England
1725 2031 1855 2068 einerseits
1867 2035 1920 2061 und
1934 2032 2034 2069 Oester¬

1097 2075 1159 2112 reich
1176 2077 1230 2103 und
1249 2074 1370 2110 Preußen
1389 2073 1543 2109 anderseits,
1563 2073 1628 2109 resp.
1649 2081 1692 2102 am
1712 2074 1754 2102 10.
1770 2076 1824 2103 und
1844 2083 1886 2104 am
1898 2075 1939 2104 20.
1954 2062 2034 2109 April

1095 2121 1122 2147 d.
1142 2117 1172 2149 J.
1202 2116 1412 2154 abgeschlossenen
1438 2114 1649 2152 Uebereinkünfte
1675 2117 1827 2153 gegenseitig
1857 2116 2033 2155 mitzutheilen

1098 2163 1153 2190 und
1176 2161 1205 2189 in
1231 2160 1313 2189 einem
1338 2159 1524 2196 gemeinsamen
1547 2158 1690 2195 Aktenstück
1709 2167 1741 2196 zu
1758 2159 1924 2197 verzeichnen.
1963 2160 2033 2197 Nach

1099 2211 1210 2240 genauer
1227 2201 1352 2239 Prüfung
1370 2202 1484 2238 besagter
1500 2200 1702 2232 Conventionen
1719 2200 1775 2237 sind
1793 2202 1833 2231 die
1848 2203 2035 2242 Unterzeichne¬

1099 2250 1140 2275 ten
1160 2245 1313 2282 einstimmig
1332 2244 1412 2281 dahin
1430 2244 1697 2280 übereingekommen:
1729 2244 1758 2280 1)
1777 2245 1840 2281 Daß
1859 2245 1899 2275 die
1916 2245 2031 2285 zwischen

1099 2287 1243 2324 Frankreich
1268 2289 1322 2317 und
1347 2287 1470 2323 England
1497 2285 1690 2323 abgeschlossene
1712 2286 1924 2327 Uebereinkunft,
1947 2288 2033 2325 ebenso

1098 2331 1146 2360 wie
1170 2330 1210 2360 die
1235 2338 1278 2359 am
1303 2330 1345 2359 20.
1366 2329 1444 2364 April
1470 2328 1585 2366 zwischen
1601 2328 1753 2366 Oesterreich
1773 2331 1827 2359 und
1848 2330 1968 2367 Preußen
1985 2339 2035 2360 Un¬

1100 2373 1266 2411 terzeichnete,
1294 2372 1362 2402 beide
1388 2371 1476 2408 Theile
1502 2372 1532 2400 in
1557 2373 1605 2400 den
1635 2371 1760 2402 relativen
1785 2372 1964 2410 Stellungen,
1989 2375 2037 2410 auf

1098 2415 1185 2452 welche
1197 2415 1321 2452 dieselben
1333 2414 1385 2451 (die
1398 2413 1567 2451 Aktenstücke)
1581 2413 1755 2451 Anwendung
1767 2414 1869 2452 finden,
1883 2415 2035 2455 verpflichtet

1098 2459 1137 2488 die
1165 2457 1395 2495 Aufrechthaltung
1425 2459 1467 2486 der
1494 2456 1570 2493 durch
1594 2456 1648 2485 eine
1666 2456 1749 2493 Reihe
1767 2461 1821 2487 von
1839 2457 1947 2491 Wiener
1963 2459 2034 2488 Kon¬

1098 2500 1340 2538 ferenzprotokollen
1365 2498 1535 2536 festgestellten
1562 2498 1718 2536 Prinzipien
1742 2508 1774 2537 zu
1803 2499 1907 2538 sichern;
1936 2501 1966 2536 2)
1985 2501 2033 2537 daß

1099 2545 1137 2573 die
1165 2542 1309 2579 Integrität
1337 2544 1380 2571 des
1410 2541 1608 2578 ottomanischen
1634 2541 1739 2578 Reiches
1757 2544 1811 2572 und
1830 2542 1869 2572 die
1887 2542 2034 2580 Räumung

1095 2586 1244 2622 desjenigen
1270 2584 1359 2621 Theils
1388 2585 1432 2613 des
1464 2582 1599 2620 türkischen
1627 2584 1750 2620 Gebiets,
1780 2587 1828 2614 den
1856 2584 1896 2614 die
1923 2585 2035 2625 russische

1099 2628 1190 2658 Armee
1210 2627 1290 2664 besetzt
1307 2627 1368 2663 hat,
1392 2628 1437 2656 der
1453 2625 1597 2663 beständige
1615 2627 1680 2658 und
1680 2627 1872 2658 unmittelbare
1890 2627 1974 2663 Zweck
1991 2630 2034 2658 der

1100 2671 1235 2707 Einigung
1260 2672 1303 2700 der
1329 2669 1383 2700 vier
1408 2668 1511 2706 Mächte
1529 2668 1584 2705 sind
1602 2670 1657 2699 und
1675 2669 1775 2698 bleiben
1791 2672 1909 2706 werden;
1938 2671 1968 2707 3)
1986 2671 2033 2707 daß

1097 2712 1203 2750 folglich
1228 2713 1274 2745 die
1292 2712 1346 2752 hier
1363 2711 1551 2749 mitgetheilten
1568 2714 1622 2741 und
1641 2714 1696 2741 dem
1714 2711 1920 2750 gegenwärtigen
1938 2713 2035 2748 Proto¬

1100 2755 1151 2785 koll
1177 2755 1339 2793 beigefügten
1364 2754 1428 2784 Akte
1453 2757 1495 2784 der
1523 2759 1575 2785 von
1602 2756 1650 2783 den
1676 2754 1924 2793 Bevollmächtigten
1947 2764 1989 2785 am
2006 2756 2032 2785 9.

1100 2798 1178 2834 April
1195 2797 1354 2835 gegenseitig
1354 2797 1562 2835 eingegangenen
1575 2796 1770 2835 Verpflichtung
1785 2797 1955 2836 entsprechen,
1972 2797 2036 2830 über
