1943 2362
86 128 788 273 Zürcher
910 124 1704 265 Zeitung.

700 324 1134 407 1802.

144 527 256 588 Nro.
298 532 388 588 80.

475 470 542 493 Man
560 468 664 491 abonnirt
683 468 718 496 sich
738 468 779 496 auf
799 467 963 498 gegenwärtige
976 465 1083 494 Zeitung,
1108 466 1129 487 in
1145 466 1180 488 der
1194 463 1326 492 Buchhand¬

504 501 558 531 lung
571 501 674 527 Orell,
689 500 784 528 Füßli
798 501 840 523 und
854 500 966 525 Comp.,
983 497 1073 524 jährlich
1088 496 1135 523 mit
1135 496 1223 523 Zwey
1237 493 1298 519 Gul¬

503 535 542 557 den
556 532 597 559 und
612 531 709 559 Zehen
727 532 822 562 Batzen,
836 528 978 558 halbjährlich
993 529 1032 552 mit
1045 529 1141 552 Einem
1158 527 1243 551 Gulden
1255 530 1296 550 und

503 561 583 593 Fünf
602 565 691 594 Batzen.
724 565 869 592 Auswärtige
885 563 944 590 Leser
959 562 1043 590 einigen
1058 559 1092 586 sich
1110 556 1162 582 über
1174 562 1212 582 den
1228 559 1297 584 Preis

756 597 797 618 mit
809 595 873 622 ihren
886 594 1039 621 Postämtern.

1412 487 1648 535 Dienstag,

1372 560 1424 588 den
1444 561 1509 592 5ten
1530 554 1702 587 October.

97 691 237 728 Schweiz.
275 691 524 726 Wiederbesezung
533 693 589 718 von
597 688 718 716 Murten
730 683 814 719 durch
825 683 868 712 die
878 682 1048 719 Schweizer.
1087 682 1220 712 Unruhen
1233 678 1262 708 in
1274 682 1324 709 den
1331 677 1536 710 Waadtländer
1549 675 1739 710 Distr.Gran¬

136 730 185 764 sen
197 735 227 757 u.
241 726 332 759 Orbe.
343 722 602 764 Gegenrevolution
612 722 641 750 in
649 722 765 759 Luzern,
775 721 850 749 Rede
863 717 912 758 des
912 717 1056 758 Landam.
1056 717 1164 758 Reding
1175 717 1217 746 bei
1230 713 1388 752 Eröfnung
1388 713 1438 752 der
1438 713 1562 752 Tagsaz.
1572 712 1606 750 zu
1606 712 1740 750 Schwyz.

101 827 331 866 Schweiz.
371 829 493 861 Bern,
511 836 526 853 1
547 825 614 856 Oct.
656 823 715 855 Am
715 823 767 855 28
767 823 883 855 Abends

60 867 125 900 kam
138 868 182 898 die
198 864 345 900 Diligence
368 871 423 895 von
442 865 591 900 Lausanne,
603 858 706 897 zurük,
735 858 828 890 indem
850 860 883 896 sie

62 911 158 940 wegen
184 905 242 932 den
255 902 456 939 Bewegungen
478 903 525 930 der
547 896 759 933 beiderseitigen
770 898 882 925 Armee-¬

62 942 158 976 Corps
177 937 249 976 nicht
270 937 478 976 durchkommen
499 936 610 968 konnte.
659 932 701 966 In
726 934 774 961 der
795 930 884 969 Nacht

62 977 129 1013 spät
148 976 212 1009 traf
229 974 296 1010 noch
315 976 360 1003 ein
381 972 531 1003 Bataillon
554 967 743 1005 Mannschaft
761 972 818 997 aus
835 971 885 996 den

63 1014 215 1050 Gegenden
235 1017 290 1041 von
302 1010 422 1048 Signau
436 1010 498 1043 ein,
515 1002 630 1046 geführt
641 1010 696 1034 von
707 1006 780 1041 Hrn.
790 1003 888 1041 Obrist

62 1053 122 1081 und
144 1048 332 1083 Altlandvogt
350 1047 547 1082 Tscharner
570 1046 624 1072 von
650 1040 782 1081 Signau.
835 1042 886 1070 Am

65 1094 101 1120 29
121 1086 216 1121 langte
237 1082 377 1115 ebenfalls
393 1083 435 1113 ein
458 1082 519 1117 sehr
537 1077 660 1117 großes,
684 1078 801 1111 beinahe
820 1078 888 1112 dop¬

62 1121 155 1162 peltes
168 1120 320 1152 Bataillon
331 1123 387 1148 aus
408 1121 467 1148 dem
489 1113 681 1151 Landgerichte
689 1113 886 1150 Conolfingen,

63 1158 182 1198 geführt
198 1163 254 1188 von
266 1156 337 1192 Hrn.
351 1154 452 1194 Obrist
466 1157 521 1183 und
537 1150 725 1187 Altlandvogt
735 1152 819 1188 May
833 1155 886 1180 von

63 1193 200 1228 Brandis
220 1201 270 1223 an.
329 1194 394 1223 Das
415 1190 564 1222 Bataillon
587 1191 645 1218 aus
668 1190 719 1217 den
739 1188 888 1223 Gegenden

59 1238 123 1264 von
135 1227 377 1269 Schwarzenberg
395 1231 451 1258 und
464 1230 523 1256 dem
538 1223 716 1261 Längenberg
726 1226 822 1254 wurde
833 1227 888 1253 von

65 1268 140 1302 Hrn.
154 1267 259 1303 Obrist
271 1264 600 1300 Wurstemberger,
617 1260 768 1293 Chevalier
783 1263 816 1289 de
829 1262 889 1288 l'or¬

65 1308 116 1334 dre
131 1299 167 1332 de
167 1299 269 1332 mérite
286 1304 342 1330 und
359 1300 476 1334 ehemal.
485 1298 609 1335 Offizier
619 1297 649 1326 in
661 1296 753 1332 franz.
753 1296 888 1332 Diensten

66 1339 232 1377 angeführt.
271 1338 313 1372 In
326 1339 384 1367 dem
400 1335 548 1367 Oberland
564 1335 673 1363 werden
685 1331 751 1368 noch
765 1332 888 1366 mehrere

66 1378 186 1412 tausend
203 1378 297 1407 Mann
318 1374 480 1410 organisirt.
521 1370 581 1403 Mit
600 1373 662 1399 dem
678 1370 824 1403 Betragen
837 1375 888 1397 un¬

66 1416 144 1450 serer
162 1413 311 1444 Landleute
329 1410 401 1440 kann
416 1416 482 1439 man
502 1407 574 1438 nicht
585 1410 691 1437 anders
704 1407 751 1436 als
768 1405 829 1440 sehr
842 1409 887 1441 zu¬

67 1451 179 1486 frieden
197 1451 283 1486 seyn;
302 1447 372 1484 auch
383 1446 438 1483 sind
452 1443 616 1483 ungeachtet
628 1446 678 1471 des
690 1441 888 1478 erstaunlichen

67 1484 337 1525 Zusammenflusses
356 1490 412 1514 von
433 1482 582 1515 Menschen
605 1483 662 1509 aus
685 1479 713 1512 so
732 1477 822 1508 vielen
835 1479 889 1507 Ge¬

89 1527 174 1553 enden
191 1526 237 1552 der
246 1521 386 1557 Schweiz,
400 1520 456 1549 und
479 1520 538 1547 dem
553 1515 730 1552 beständigen
746 1516 821 1544 Aus-
832 1516 888 1541 und

88 1558 235 1593 Einmarsch
255 1557 431 1589 bewafneten
444 1554 550 1588 Volks,
569 1557 627 1582 uns
649 1550 715 1587 noch
736 1549 813 1582 keine
834 1550 889 1585 Ex¬

66 1595 132 1634 zesse
153 1593 274 1624 bekannt
290 1592 450 1628 geworden.
489 1591 545 1618 Die
558 1587 695 1622 täglichen
707 1586 887 1620 Lieferungen

66 1639 126 1664 von
145 1631 226 1662 Brod
243 1631 300 1659 und
319 1625 427 1662 Fleisch
427 1625 470 1662 an
484 1625 527 1655 die
537 1623 670 1659 Gränzen
680 1624 752 1657 gehn
765 1619 887 1657 reichlich

67 1670 127 1701 und
149 1667 179 1698 in
197 1665 311 1704 größter
329 1664 485 1698 Ordnung.
532 1660 621 1694 Unsre
644 1658 736 1688 Wälle
757 1656 815 1693 sind
834 1656 886 1686 mit

66 1703 188 1743 Geschüz
208 1703 282 1739 wohl
293 1701 426 1742 versehn,
446 1701 502 1730 und
514 1698 551 1728 im
564 1694 682 1729 Arsenal
695 1693 816 1727 herrscht
825 1694 885 1724 eine

66 1741 252 1777 unermüdete
264 1736 438 1775 Thätigkeit.
489 1736 543 1770 Hr.
562 1731 672 1762 Doktor
690 1729 820 1761 Tribolet
838 1732 886 1758 hat

68 1783 125 1810 das
140 1776 291 1814 Publikum
311 1774 521 1811 aufgefordert,
541 1768 590 1806 für
604 1772 656 1799 das
670 1766 885 1802 Militair-Spi¬

65 1815 112 1850 tal
131 1815 161 1844 in
185 1815 232 1843 der
252 1811 360 1849 Insel,
391 1817 477 1848 gegen
500 1807 667 1844 Bezahlung
689 1810 755 1836 oder
775 1803 888 1841 gratis,

65 1851 228 1884 Leinwand,
240 1850 400 1885 Bandagen
417 1858 445 1879 u.
457 1843 579 1881 Charpie
591 1843 786 1879 einzusenden.
805 1840 888 1872 Viele

66 1887 298 1925 Frauenzimmer
318 1884 346 1914 in
361 1885 442 1914 Bern
460 1881 647 1917 beschäftigen
660 1879 708 1915 sich
725 1880 779 1915 jezt
789 1878 886 1907 damit.

103 1924 170 1956 Wir
176 1921 264 1954 haben
272 1921 384 1958 neulich
391 1923 442 1950 das
453 1916 635 1956 Verzeichnis
643 1918 692 1946 der
704 1913 887 1949 Commission

67 1966 115 1994 der
139 1961 245 1997 Zehner
263 1958 337 1995 nicht
354 1963 427 1993 ganz
449 1957 548 1992 richtig
570 1953 741 1991 angegeben.
803 1953 888 1982 Statt

64 2000 121 2038 Hr.
135 2000 218 2030 Gen
218 2000 281 2030 von
295 1993 488 2031 Wattenwyl,
507 1991 575 2025 muß
587 1995 619 2021 es
632 1988 729 2026 heißen
741 1988 778 2022 H.
789 1987 887 2021 Obrist

65 2038 125 2067 und
147 2035 369 2072 Altgubernator
388 2030 442 2062 von
460 2029 604 2059 Sinner
625 2034 681 2058 von
695 2025 887 2062 Peterlingen.

66 2075 171 2107 Ferner
190 2073 305 2107 wohnen
329 2069 415 2102 dieser
435 2064 587 2100 Comission
609 2065 668 2093 aus
688 2062 738 2094 der
758 2060 885 2097 Bürger¬

62 2109 155 2146 schaft
162 2115 219 2141 von
230 2102 320 2144 Bern
320 2102 362 2144 H.
362 2102 553 2144 Hauptmann
553 2102 643 2144 Bay
660 2097 728 2136 und
728 2097 774 2136 H.
774 2097 885 2136 Haupt¬

64 2150 154 2181 mann
173 2145 338 2182 Gruber,
357 2145 414 2177 aus
433 2145 493 2175 dem
508 2137 659 2173 Oberland
672 2137 722 2169 der
732 2134 885 2171 ehemalige

923 824 1054 853 Senator
1072 824 1126 851 und
1142 820 1319 853 Statthalter
1332 817 1465 854 Fischer
1488 823 1543 849 von
1557 814 1676 851 Brienz,
1676 814 1740 851 und

921 863 978 889 aus
992 862 1053 888 dem
1067 859 1163 895 Argau
1175 857 1211 893 H.
1224 852 1662 892 Ringgier-Seelmatter
1681 847 1740 879 bei.

921 895 958 937 H.
973 897 1029 926 von
1043 895 1227 925 Müllinen
1247 893 1279 927 ist
1297 892 1376 927 schon,
1387 897 1441 922 vor
1452 890 1475 926 4
1475 890 1581 926 Tagen
1592 885 1645 917 mit
1656 885 1739 921 wich¬

922 931 998 968 tigen
1017 930 1176 967 Aufträgen
1193 928 1259 965 nach
1276 928 1363 964 Paris
1383 926 1576 963 abgegangen.

958 968 1016 999 Die
1033 966 1227 1004 gegenwärtig
1240 972 1278 994 an
1292 967 1343 995 den
1355 962 1488 1000 Gränzen
1509 964 1558 990 des
1570 957 1741 990 Waadtlan¬

924 1006 973 1033 des
994 1005 1113 1040 stehende
1127 1003 1255 1033 Glarner
1270 1002 1379 1032 werden
1399 1004 1456 1030 von
1476 998 1514 1035 H.
1535 995 1636 1037 Obrist
1648 995 1741 1030 Hau¬

925 1041 999 1074 ser,
1031 1039 1072 1069 die
1093 1039 1243 1076 Schwyzer
1266 1043 1322 1068 von
1345 1037 1380 1073 H.
1401 1033 1502 1071 Obrist
1523 1031 1741 1069 Hedlinger,

925 1076 968 1106 die
991 1080 1083 1107 Urner
1098 1081 1156 1106 von
1172 1079 1209 1111 H.
1232 1073 1337 1110 Obrist
1353 1072 1425 1105 auf
1443 1072 1505 1101 der
1527 1072 1656 1101 Maur,
1680 1068 1740 1096 und

927 1113 968 1142 die
991 1111 1204 1144 Unterwaldner
1226 1116 1282 1140 von
1304 1107 1452 1147 H.Obrist
1473 1104 1627 1141 Vonflüe
1646 1102 1740 1137 befeh¬

926 1149 1000 1183 licht.
1050 1148 1087 1184 H.
1111 1147 1184 1179 Gen.
1205 1146 1422 1183 Bachmann,
1442 1146 1489 1174 der
1507 1144 1560 1172 das
1582 1138 1742 1172 Oberkom¬

927 1187 1028 1215 mando
1042 1183 1197 1220 sämtlicher
1211 1181 1431 1219 eidgenössischer
1444 1181 1580 1216 Truppen
1589 1176 1743 1205 übernom¬

926 1222 989 1254 men
1006 1221 1074 1256 hat,
1102 1220 1165 1253 kam
1188 1225 1235 1250 am
1254 1227 1288 1254 29
1311 1223 1367 1249 von
1388 1219 1436 1247 der
1458 1218 1557 1246 Armee
1574 1211 1642 1247 nach
1658 1211 1742 1243 Bern

925 1256 1028 1295 zurük,
1047 1265 1096 1287 um
1115 1255 1254 1292 mündlich
1269 1254 1360 1291 einige
1373 1253 1610 1287 Verabredungen
1622 1253 1657 1285 zu
1670 1246 1741 1281 tref¬

926 1289 972 1327 fen
984 1315 994 1329 ,
1013 1297 1070 1325 und
1090 1292 1229 1329 verreißte
1250 1292 1356 1328 gestern
1375 1289 1494 1321 wieder.
1535 1284 1591 1317 Bei
1605 1287 1655 1314 den
1666 1283 1742 1318 helv.

926 1331 1061 1373 Truppen
1078 1330 1128 1365 soll
1145 1329 1235 1359 einem
1249 1326 1459 1363 unverbürgten
1469 1321 1604 1359 Gerüchte
1618 1318 1742 1358 zufolge,

924 1368 991 1401 nach
1001 1367 1076 1397 einer
1086 1372 1140 1398 von
1161 1367 1210 1394 den
1232 1361 1509 1398 Staatssekretairen
1529 1361 1664 1394 Rengger
1681 1358 1740 1385 und

924 1403 1042 1437 Schmid
1060 1407 1333 1439 vorgenommennen
1359 1395 1584 1432 Untersuchung,
1616 1389 1745 1423 General

926 1441 1140 1470 Andermatt
1161 1437 1255 1473 seines
1274 1435 1479 1467 Kommando's
1498 1430 1630 1466 entlassen
1640 1450 1651 1463 ,
1680 1429 1738 1457 und

927 1476 1008 1511 durch
1036 1475 1135 1509 Obrist
1154 1481 1209 1505 von
1234 1474 1282 1504 der
1303 1473 1400 1504 Weid
1427 1472 1512 1507 ersezt
1531 1468 1641 1497 worden
1662 1466 1741 1499 seyn.

926 1514 1056 1543 Mehrere
1067 1512 1158 1550 Jäger
1167 1516 1200 1548 zu
1212 1510 1297 1546 Pferd
1308 1514 1363 1539 von
1371 1511 1431 1537 dem
1442 1501 1635 1537 Dolderischen
1644 1500 1741 1543 Corps

925 1549 1027 1584 langen
1047 1550 1077 1579 in
1096 1550 1176 1579 Bern
1198 1547 1247 1577 als
1265 1546 1433 1579 Deserteurs
1454 1550 1491 1573 an
1500 1548 1512 1569 ;
1530 1545 1597 1570 man
1612 1537 1688 1575 zahlt
1698 1543 1741 1572 je¬

924 1587 986 1618 dem
1009 1592 1025 1618 5
1047 1584 1103 1618 und
1127 1584 1202 1617 für's
1221 1583 1306 1617 Pferd
1330 1578 1372 1618 10
1372 1578 1468 1618 Louis
1468 1578 1540 1618 d'or.

959 1621 1049 1651 Ueber
1067 1623 1121 1649 das
1131 1619 1293 1653 Verfahren
1309 1619 1357 1645 der
1372 1615 1472 1649 helvet.
1484 1609 1624 1650 Truppen
1624 1609 1678 1650 bei
1690 1610 1741 1640 der

924 1654 1170 1693 Wiederbesezung
1185 1661 1240 1685 von
1258 1655 1375 1684 Murten
1396 1658 1443 1681 am
1466 1655 1503 1686 27
1503 1655 1534 1686 ,
1534 1655 1580 1686 wo
1594 1651 1678 1677 unter
1689 1652 1744 1675 an¬

923 1696 1043 1722 andern
1056 1695 1108 1721 das
1125 1688 1413 1727 Herrnschwandische
1436 1687 1520 1723 Haus
1537 1687 1593 1715 und
1618 1685 1744 1717 mehrere

924 1729 1088 1760 Weinlager
1106 1727 1330 1767 ausgeplündert
1344 1726 1481 1758 wurden,
1504 1721 1592 1759 geben
1611 1720 1745 1758 folgende

925 1762 1084 1801 Aktenstüke
1102 1763 1203 1794 nähere
1224 1762 1379 1796 Auskunft.

961 1803 1016 1832 Die
1028 1800 1248 1838 Munizipalität
1267 1806 1299 1836 zu
1318 1800 1438 1830 Murten
1451 1804 1487 1830 an
1502 1796 1576 1833 Hrn.
1589 1800 1644 1826 von
1658 1792 1742 1824 Wat¬

999 1839 1116 1873 tenwyl,
1130 1837 1255 1868 General
1264 1832 1315 1871 der
1315 1832 1444 1871 schweiz.
1444 1832 1742 1871 Cantons-Truppen.

961 1875 1036 1913 Herr
1054 1874 1196 1905 General!
1229 1870 1382 1911 Ingefolge
1401 1873 1454 1900 der
1462 1867 1672 1904 Aufforderung
1688 1867 1742 1895 des

922 1912 998 1948 Hrn.
1013 1911 1113 1947 Obrist
1133 1912 1201 1947 Joh.
1223 1912 1316 1939 Anton
1329 1906 1581 1945 Herrenschwand,
1600 1899 1681 1938 Chef
1681 1899 1747 1938 des

925 1947 1144 1984 Generalstabs,
1164 1951 1220 1978 aus
1236 1947 1338 1981 seinem
1360 1942 1529 1979 dermaligen
1543 1939 1688 1972 Quartier
1699 1938 1743 1970 im

924 1981 1088 2021 Löwenberg
1101 1985 1143 2017 bei
1164 1986 1282 2015 Murten
1293 2003 1303 2016 ,
1323 1980 1489 2016 übersenden
1502 1976 1557 2007 wir
1569 1976 1667 2013 Ihnen
1680 1974 1743 2011 hier

923 2020 1130 2059 eingeschlossen
1142 2029 1151 2050 :
1171 2023 1200 2055 1)
1219 2018 1275 2048 Die
1285 2013 1623 2053 Abschrift-Erklärung
1632 2012 1743 2047 enthal¬

923 2063 987 2091 tend
1005 2059 1047 2088 die
1063 2055 1241 2091 Bemerkung
1261 2054 1327 2084 über
1350 2056 1398 2083 den
1424 2052 1559 2085 Schaden
1581 2050 1652 2080 aller
1672 2052 1742 2086 Art,

921 2094 1039 2126 welchen
1052 2094 1095 2123 die
1106 2094 1208 2131 helvet.
1219 2093 1355 2130 Truppen
1369 2090 1397 2121 in
1412 2085 1461 2123 der
1461 2085 1566 2123 Nacht
1578 2093 1643 2120 vom
1655 2088 1741 2123 27ten

922 2132 979 2170 auf
992 2133 1043 2165 den
1063 2133 1143 2164 28ten
1161 2129 1271 2168 dieses,
1301 2127 1385 2165 sowol
1397 2125 1432 2159 in
1442 2126 1490 2159 der
1503 2126 1597 2159 Stadt
1609 2124 1657 2157 als
1669 2123 1743 2157 nahe
