2147 2362
429 193 506 277 N
509 205 593 241 ro.
625 200 702 276 8.

290 344 754 485 Zürcher

421 508 662 553 Dienstag,

1558 193 1865 273 1806.

1458 350 1974 479 Zeitung.

1543 511 1598 546 den
1623 508 1675 554 28.
1697 508 1845 554 Januar.

516 645 634 674 Gedruckt
652 643 701 671 und
718 649 746 674 zu
766 643 847 676 finden
866 643 892 672 in
911 644 953 673 der
969 643 1162 676 Buchhandlung
1179 649 1225 670 von
1242 644 1348 674 Orell,
1366 642 1460 677 Füßli
1478 641 1526 669 und
1545 640 1747 674 Compagnie.

324 734 570 765 Nord-Deutschland
592 733 672 764 (Alles
689 731 751 763 zieht
768 733 892 764 allgemach
905 734 960 762 nach
978 734 1080 765 Hause).
1117 731 1349 761 Süd-Deutschland
1368 730 1584 763 (Trauungsfeyer
1596 728 1620 754 in
1633 728 1780 759 München).
1815 727 1913 760 Italien
1928 728 1980 758 (der

358 769 390 799 H.
399 767 518 794 Kardinal
530 766 607 797 Russo
618 765 722 796 negozirt
735 765 773 794 für
785 767 903 797 Neapel).
938 765 1075 799 Frankreich
1087 764 1216 798 (Zuschrift
1224 765 1268 792 des
1278 765 1379 797 Kaisers
1392 772 1422 791 an
1435 764 1480 791 den
1494 763 1601 793 Senat).
1628 763 1755 792 Neuestes.

497 834 921 865 Nord-Deutschland.

325 874 399 908 „Bis
409 881 462 905 zum
479 876 538 906 15."
551 873 631 906 (heißt
646 875 672 900 es
686 872 712 899 in
720 873 829 903 Briefen
842 876 888 900 aus
903 876 1060 906 Hannover
1071 878 1125 900 vom

295 927 334 943 10.
340 917 416 949 Jan.)
432 935 447 948 „
456 914 543 948 müßen
556 914 595 942 die
605 912 742 947 sämtlichen
754 912 884 945 englischen
894 915 1010 945 Truppen
1021 919 1066 941 von
1076 911 1126 943 hier

290 961 356 988 weg,
380 955 428 982 und
445 962 475 983 an
489 955 534 983 den
549 953 654 987 Ausfluß
673 953 713 981 der
729 953 804 981 Elbe
826 953 872 980 und
888 954 988 986 Weser
1005 950 1127 984 marschirt

291 996 362 1030 seyn,
389 1002 424 1023 wo
443 995 473 1028 sie
493 995 532 1028 sich
553 996 641 1029 sodann
659 993 746 1022 wieder
765 995 820 1026 nach
840 994 979 1027 England
994 991 1126 1026 einschiffen

290 1037 414 1065 werden."

326 1079 475 1111 „Morgen"
494 1078 587 1110 (lautet
599 1075 637 1104 ein
650 1073 785 1106 Schreiben
801 1075 848 1100 aus
860 1073 1012 1107 Lüneburg
1019 1078 1073 1100 vom
1089 1083 1126 1098 12.

290 1120 367 1152 Jan.)
386 1118 504 1151 „werden
520 1119 568 1146 Se.
582 1116 651 1148 Maj.
670 1115 711 1143 der
725 1112 805 1145 König
821 1120 866 1140 von
884 1113 1044 1146 Schweden
1064 1113 1126 1145 (von

291 1160 402 1189 welchem
419 1159 445 1186 in
462 1159 504 1186 der
523 1160 602 1189 Nacht
614 1157 658 1187 auf
668 1156 713 1183 den
727 1163 752 1187 9.
769 1153 808 1181 ein
824 1153 926 1182 Courier
941 1155 997 1184 nach
1011 1153 1062 1182 St.
1076 1153 1128 1185 Pe¬

291 1199 428 1233 tersburg
443 1199 595 1231 abgegangen
612 1197 673 1227 war)
689 1194 738 1223 mit
749 1195 803 1222 dem
815 1195 1009 1227 Hauptquartier
1021 1201 1066 1221 von
1079 1193 1130 1225 hier

290 1240 440 1271 aufbrechen.
476 1241 541 1270 Auch
559 1240 599 1267 der
615 1236 697 1269 größte
710 1233 784 1265 Theil
796 1234 838 1261 der
856 1234 907 1265 hier
921 1234 1043 1266 stationirt
1056 1238 1130 1266 gewe¬

292 1277 364 1308 senen
377 1280 494 1307 Truppen
508 1278 567 1301 wird
581 1274 767 1303 abmarschiren,
792 1273 854 1301 und,
873 1273 919 1299 wie
932 1274 959 1303 es
970 1273 1063 1305 heißt,
1072 1272 1129 1299 über

291 1315 330 1343 die
345 1314 420 1344 Elbe
438 1314 528 1345 gehn."

325 1355 392 1384 Oder
412 1356 473 1386 (wer
489 1352 602 1384 dasselbe,
619 1351 674 1379 nach
688 1349 766 1378 einem
782 1350 872 1378 andern
884 1349 1035 1381 Schreiben,
1054 1349 1127 1378 lieber

290 1394 429 1427 militärisch
447 1392 603 1425 ausgedrückt
621 1390 709 1421 liest):

325 1434 399 1468 „Die
421 1433 520 1466 Königl.
544 1430 740 1465 Schwedische
761 1432 848 1459 Armee
866 1428 993 1457 verändert
1010 1429 1061 1462 jetzt
1078 1428 1129 1459 ihre

292 1476 427 1507 Stellung,
447 1474 496 1501 und
510 1473 608 1505 formirt
626 1470 664 1503 sich
675 1470 720 1501 auf
731 1469 796 1497 einer
810 1468 888 1498 Linie.
924 1470 978 1497 Der
990 1470 1064 1500 rechte
1074 1467 1130 1502 Flü¬

289 1517 327 1550 gel
341 1516 410 1549 lehnt
423 1514 463 1547 sich
479 1521 511 1541 an
524 1514 569 1541 das
583 1510 805 1545 Hamburgische
818 1509 1002 1540 Territorium,
1021 1509 1071 1536 und
1089 1509 1131 1536 der

290 1556 352 1585 linke
371 1563 403 1583 an
420 1555 458 1583 die
478 1551 645 1587 preussische
664 1549 768 1580 Gränze.
806 1550 858 1578 Die
875 1551 1034 1582 Vortruppen
1055 1549 1131 1581 haben

290 1597 328 1628 ihr
345 1594 541 1629 Hauptquartier
560 1593 585 1620 in
605 1591 756 1625 Lüneburg
777 1591 826 1618 und
845 1591 928 1623 halten
945 1592 992 1618 alle
1016 1590 1130 1624 Passagen

288 1637 349 1666 über
364 1637 405 1665 die
420 1636 495 1665 Elbe
510 1635 556 1666 auf
567 1635 621 1661 dem
640 1632 719 1660 linken
737 1631 794 1663 Ufer
813 1630 904 1663 besetzt.
954 1631 1014 1659 Das
1031 1629 1131 1662 Königl.

288 1676 482 1711 Hauptquartier
500 1675 575 1703 bleibt
593 1674 620 1702 in
636 1672 861 1705 Boitzenburg."

321 1718 388 1747 Auch
410 1724 456 1745 von
478 1717 532 1744 dem
550 1713 689 1746 Abmarsche
709 1713 749 1741 der
764 1711 868 1745 Russen
885 1711 965 1739 wurde
984 1711 1130 1742 fürdauernd

289 1757 443 1788 gesprochen,
462 1759 492 1784 da
515 1759 541 1785 es
557 1754 633 1789 gewiß
655 1754 758 1787 scheint,
777 1753 821 1785 daß
838 1753 997 1786 Hannover
1010 1758 1055 1779 von
1069 1752 1130 1778 allen

290 1795 398 1826 fremden
410 1797 528 1829 Truppen
542 1796 653 1829 geräumt
666 1794 760 1824 werden
773 1794 843 1821 wird.
873 1793 922 1821 Die
933 1792 1035 1825 Russen
1050 1792 1130 1825 sollen,

290 1833 337 1861 wie
356 1836 383 1860 es
399 1834 480 1865 heißt,
499 1836 551 1866 ihre
567 1834 790 1868 Winterquartiere
803 1834 829 1862 in
843 1834 1066 1867 Mecklenburg,
1094 1832 1130 1860 die

292 1873 456 1906 Schweden
467 1874 504 1900 die
515 1874 607 1906 ihrigen
615 1874 641 1902 in
646 1876 865 1908 Vorpommern
875 1875 990 1906 nehmen,
1004 1875 1052 1902 und
1061 1874 1131 1906 erstre

290 1914 336 1945 auf
351 1913 396 1940 den
409 1910 528 1945 Frühling
546 1912 586 1942 sich
602 1913 690 1941 wieder
705 1917 760 1946 nach
776 1915 849 1949 Haus
865 1914 1010 1948 einschiffen.

323 1956 362 1988 In
380 1953 434 1981 dem
454 1952 582 1984 französ.
598 1951 774 1985 Publizisten
796 1956 856 1984 wird
876 1956 929 1983 dem
947 1955 1131 1990 Zusammenge¬

289 1994 356 2027 läufe
368 2001 395 2025 zu
403 1992 570 2027 Hamburg,
590 1991 632 2021 bey
643 1990 801 2026 Abnehmung
811 1996 854 2023 des
865 1995 990 2030 östreich.
1003 1997 1130 2028 Wappens

290 2042 322 2063 an
337 2036 390 2064 dem
407 2033 520 2067 dortigen
538 2031 639 2066 östreich.
657 2031 810 2063 Werbehaus
829 2034 881 2062 eine
897 2043 956 2067 ganz
970 2036 1053 2069 eigene
1060 2036 1130 2064 Deu¬

288 2075 349 2106 tung
368 2075 488 2108 gegeben,
520 2073 576 2102 oder
591 2070 705 2103 vielmehr
718 2071 873 2104 ausdrücklich
890 2074 1054 2107 behauptet:
1070 2077 1128 2107 Bey

288 2113 366 2145 jedem
379 2121 456 2143 neuen
474 2113 667 2149 Hammerschlag
684 2112 742 2145 habe
758 2110 798 2144 sich
815 2111 855 2139 ein
868 2113 989 2145 lebhaftes
1005 2116 1128 2148 freudiges

288 2153 401 2188 Hurrah!
418 2154 492 2188 hören
504 2155 592 2189 lassen:
611 2154 696 2188 „Was
709 2153 783 2188 auch"
797 2152 869 2187 (wird
883 2152 1051 2189 hinzügefügt)
1061 2156 1125 2191 „bey

1150 833 1214 861 einer
1226 833 1347 865 Bürgerei
1362 833 1412 865 sehr
1422 831 1539 863 natürlich
1558 830 1611 862 sey,
1630 830 1668 858 die
1680 829 1718 861 sich
1732 837 1788 862 ganz
1801 830 1842 857 der
1854 828 1980 862 Industrie

1149 872 1261 901 wiedme,
1291 873 1338 900 und
1357 873 1395 901 die
1413 872 1485 903 daher
1502 878 1532 898 an
1551 870 1617 899 einer
1631 868 1981 902 Volkswerbungs-Fabrick,

1150 913 1232 944 welche
1248 913 1284 945 ihr
1301 913 1338 940 die
1354 912 1496 945 nützlichsten
1513 909 1598 944 Hände
1616 909 1743 942 entziehe,
1768 909 1819 937 kein
1831 908 1980 941 Wohlgefal¬

1152 954 1189 981 len
1207 953 1281 985 haben
1301 953 1401 981 könne."

1185 994 1223 1025 In
1236 994 1342 1022 Berlin
1363 993 1438 1026 sprach
1450 998 1508 1018 man
1521 996 1567 1019 von
1583 990 1660 1018 einem
1673 989 1866 1021 bevorstehenden
1875 988 1982 1017 —oder,

1151 1033 1197 1061 wie
1210 1033 1287 1065 einige
1297 1033 1376 1065 wissen
1392 1033 1503 1062 wollten,
1522 1030 1587 1064 schon
1604 1030 1797 1062 abgeschlossenen
1810 1030 1926 1058 Traktate
1935 1027 1983 1055 mit

1151 1073 1332 1107 Frankreich,
1345 1072 1403 1100 über
1414 1072 1453 1100 die
1466 1071 1492 1099 in
1502 1069 1699 1103 Deutschland
1708 1068 1909 1100 vorzunehmende
1917 1069 1983 1096 Ver¬

1153 1113 1320 1146 änderungen,
1338 1114 1361 1147 so
1373 1113 1418 1141 wie
1431 1119 1477 1140 von
1493 1112 1559 1140 einer
1571 1110 1644 1142 Reise
1653 1109 1696 1136 des
1710 1108 1866 1141 regierenden
1878 1109 1909 1140 H.
1919 1109 1982 1141 Her¬

1151 1156 1206 1186 zogs
1218 1161 1276 1182 von
1287 1153 1513 1186 Braunschweig
1524 1151 1580 1182 nach
1594 1149 1646 1179 St.
1658 1149 1853 1183 Petersburg,
1872 1155 1912 1175 um
1926 1149 1981 1178 auch

1153 1194 1198 1222 den
1217 1194 1302 1227 Kaiser
1319 1195 1493 1226 Alexander,
1517 1198 1553 1220 wo
1571 1189 1685 1223 möglich,
1708 1196 1749 1220 zur
1766 1189 1939 1221 Einwilligung
1956 1194 1985 1218 zu

1153 1233 1289 1266 vermögen.

1185 1276 1233 1300 Am
1247 1276 1286 1305 12.
1295 1276 1357 1305 Jan.
1371 1276 1423 1300 trat
1430 1273 1473 1300 der
1484 1271 1583 1302 Königl.
1590 1269 1834 1300 Kabinetsminister,
1853 1268 1922 1298 Graf
1924 1275 1984 1297 von

1151 1311 1315 1344 Haugwitz,
1345 1311 1370 1338 in
1386 1311 1537 1343 Begleitung
1559 1309 1602 1336 des
1619 1309 1819 1341 Legationsraths
1838 1308 1983 1338 Lombard

1151 1349 1213 1382 seine
1228 1350 1303 1383 Reise
1319 1352 1372 1382 nach
1391 1352 1482 1384 Paris
1499 1348 1600 1378 wirklich
1615 1355 1655 1376 an.

1185 1390 1232 1417 Ein
1246 1389 1385 1423 fränkisches
1396 1391 1472 1418 Blatt
1485 1390 1570 1423 spricht
1582 1395 1628 1416 von
1643 1388 1708 1416 einer
1723 1388 1907 1422 preussischen
1918 1390 1986 1417 Neu¬

1152 1428 1328 1457 tralitätslinie
1347 1430 1386 1458 bis
1397 1437 1448 1461 zum
1458 1428 1614 1462 allgemeinen
1624 1428 1741 1462 Frieden,
1760 1429 1799 1457 die
1809 1429 1848 1461 sich
1861 1436 1913 1456 vom
1920 1431 1986 1457 Aus¬

1153 1469 1201 1501 fluß
1219 1469 1260 1497 der
1278 1471 1354 1498 Ems
1373 1478 1403 1498 an
1427 1471 1467 1499 der
1486 1469 1666 1502 münsterischen
1684 1468 1780 1500 Gränze
1801 1470 1856 1499 nach
1873 1470 1986 1502 Wesel,

1153 1516 1198 1536 von
1209 1509 1237 1536 da
1247 1509 1319 1543 längs
1332 1510 1372 1538 der
1379 1509 1529 1543 Ost-Gränze
1541 1509 1585 1537 des
1597 1510 1772 1543 Herzogthums
1786 1510 1883 1544 Berg,
1902 1516 1932 1537 an
1945 1510 1987 1537 der

1153 1550 1327 1583 West-Gränze
1339 1551 1379 1579 der
1392 1549 1580 1584 nassauischen
1593 1548 1682 1578 Länder
1694 1549 1754 1583 über
1754 1549 1923 1583 Friedberg,
1937 1549 1986 1577 und

1153 1598 1184 1618 an
1197 1591 1238 1619 der
1255 1591 1430 1622 Nord-Gränze
1445 1592 1487 1619 der
1499 1590 1744 1624 würzburgischen
1764 1590 1812 1618 und
1830 1590 1987 1624 bambergi¬

1152 1632 1229 1664 schen
1244 1633 1336 1661 Lande,
1361 1632 1409 1660 mit
1424 1631 1552 1665 Einschluß
1570 1630 1611 1659 der
1625 1629 1822 1663 Fürstenthümer
1840 1630 1989 1664 Baireuth

1154 1673 1203 1700 und
1221 1673 1364 1706 Ansbach,
1384 1675 1504 1705 erstrecken
1524 1672 1573 1705 soll.

1341 1715 1803 1748 Süd-Deutschland.

1188 1756 1305 1790 Folgende
1320 1756 1456 1790 Erzählung
1472 1757 1514 1785 der
1531 1756 1664 1784 bekannten
1678 1756 1825 1787 neuerlichen
1842 1756 1986 1787 Trauungs¬

1153 1797 1220 1830 feyer
1236 1797 1263 1825 in
1282 1797 1430 1830 München
1449 1797 1550 1829 zeichnet
1569 1796 1609 1828 sich
1621 1803 1662 1824 vor
1678 1797 1722 1825 den
1736 1795 1907 1828 gewöhnlichen
1919 1796 1988 1829 geist-

1154 1838 1201 1866 und
1220 1838 1338 1871 herzlosen
1352 1838 1501 1866 Relationen
1516 1838 1598 1872 solcher
1612 1836 1821 1870 Hof-Festivitäten
1836 1835 1859 1868 so
1872 1835 1988 1867 vortheil¬

1154 1879 1205 1913 haft
1212 1881 1273 1911 aus,
1287 1879 1330 1912 daß
1344 1879 1387 1908 wir
1400 1878 1430 1913 sie
1440 1879 1528 1913 unsern
1534 1878 1619 1912 Lesern
1631 1877 1692 1910 nicht
1704 1877 1871 1909 vorenthalten
1884 1876 1986 1909 dürfen:

1668 1923 1816 1949 München,
1831 1929 1863 1950 15.
1879 1923 1931 1949 Jan.

1187 1961 1227 1988 An
1240 1959 1293 1987 dem
1301 1957 1431 1992 gestrigen,
1442 1957 1612 1989 interessanten
1621 1958 1686 1988 Tage
1694 1957 1734 1990 sah
1746 1956 1780 1988 ich
1793 1958 1837 1989 auf
1843 1956 1921 1985 einem
1931 1957 1987 1985 klei¬

1154 1999 1199 2021 nen
1218 1995 1314 2021 Raume
1331 1998 1393 2025 zwey
1409 1993 1449 2021 der
1464 1992 1624 2025 glänzendsten
1637 1990 1701 2023 Höfe
1718 1990 1984 2025 zusammengedrängt;

1153 2034 1185 2067 ich
1198 2034 1238 2067 sah
1250 2034 1303 2062 eine
1315 2034 1445 2068 Handlung
1457 2031 1599 2064 vollziehen,
1614 2028 1651 2059 die
1658 2032 1704 2063 auf
1714 2032 1759 2059 das
1769 2031 1886 2064 Schicksal
1899 2031 1985 2064 unsers

1151 2074 1320 2104 Vaterlandes
1320 2074 1359 2104 —
1359 2074 1476 2104 vielleicht
1487 2073 1530 2100 des
1542 2077 1633 2104 ganzen
1645 2073 1742 2105 Europa
1752 2071 1913 2100 bedeutenden
1925 2071 1986 2099 Ein¬

1152 2116 1200 2150 fluß
1218 2116 1293 2149 haben
1310 2117 1386 2147 kann;
1404 2114 1436 2144 ich
1450 2113 1489 2146 sah
1506 2112 1544 2141 die
1557 2110 1756 2144 Königstochter,
1776 2112 1843 2140 eines
1859 2112 1900 2139 der
1912 2110 1986 2143 schön¬

1151 2158 1198 2191 sten
1212 2156 1346 2190 weiblichen
1359 2153 1502 2189 Geschöpfe,
1521 2154 1548 2185 in
1561 2152 1616 2183 dem
1627 2153 1704 2183 vollen
1716 2154 1809 2183 Glanze
1822 2152 1884 2186 ihrer
1891 2151 1982 2180 Würde
