2694 3484
260 91 531 131 Pränumeration.

182 156 493 189 Jährlich............
524 159 538 183 8
551 157 595 188 Fr.

182 190 540 225 Halbjährlich..........4
552 193 596 224 Fr.

379 252 864 425 Neue
970 252 2286 480 Zürcher-Zeitung

2087 104 2486 149 Insertions-Gebühren.

2080 169 2134 200 Die
2144 171 2210 201 Zeile
2226 176 2245 203 6.
2253 174 2482 208 Zürcher-Kreuzer.

2080 204 2168 238 Briefe
2187 210 2237 237 und
2248 210 2341 238 Gelder
2358 212 2480 243 franco.

238 553 461 602 Mittwoch

1197 561 1327 611 Nro.
1357 565 1434 615 39

2010 573 2082 608 den
2111 571 2169 613 16.
2195 572 2303 621 May
2324 576 2455 620 1832.

842 699 953 735 (Druck
972 700 1026 730 und
1046 700 1152 739 Verlag
1170 706 1224 731 von
1243 701 1362 738 Orell,
1383 702 1488 737 Füßli
1507 703 1562 734 und
1581 703 1826 743 Compagnie.)

245 812 439 842 Schweizerische
454 814 684 843 Eidgenossenschaft
698 816 917 844 (Verhandlungen
934 816 975 839 der
991 816 1132 844 Tagsatzung
1148 817 1197 838 und
1213 816 1255 839 des
1272 815 1361 844 großen
1378 818 1456 843 Raths
1473 822 1528 842 vom
1543 819 1639 843 Kanton
1651 820 1752 848 Zürich).
1774 832 1795 837 -
1820 818 1997 847 Südamerika.
2028 835 2048 841 -
2079 824 2302 853 Großbritannien.
2329 840 2353 847 —
2382 831 2470 854 Frank¬

274 842 345 866 reich.
368 855 388 860 -
411 844 579 870 Deutschland.
607 857 628 861 -
658 844 845 869 Griechenland.
874 856 894 862 -
925 844 1027 870 Türkey.
1056 856 1076 861 -
1105 845 1227 869 Neuestes.

419 925 703 962 Schweizerische
733 925 1087 963 Eidgenossenschaft.

246 967 475 1007 Tagsatzung.
515 970 576 1004 Bey
595 969 638 999 der
657 969 810 1006 Eröffnung
829 977 870 999 am
889 973 921 1000 9.
936 972 1006 1006 May
1020 979 1107 1002 waren
1127 971 1165 1002 die
1186 971 1315 1006 Gesandt¬

189 1012 298 1047 schaften
319 1020 370 1044 von
390 1014 468 1050 Zug,
488 1014 629 1049 Appenzell
649 1014 685 1049 I.
705 1013 765 1047 R.,
789 1016 897 1051 Aargau
918 1015 972 1043 und
991 1016 1080 1049 Tessin
1099 1016 1161 1049 noch
1181 1017 1250 1049 nicht
1263 1017 1315 1046 ein¬

188 1057 326 1093 getroffen.
375 1059 430 1089 Die
456 1057 533 1090 ersten
562 1058 685 1095 Fragen,
713 1057 751 1086 die
780 1058 826 1091 sich
855 1058 982 1095 erhoben,
1012 1059 1124 1093 betrafen
1152 1060 1201 1090 den
1221 1061 1315 1096 Einsitz

186 1107 238 1131 von
260 1102 380 1138 Schwyz
399 1101 453 1131 und
473 1102 563 1134 Basel.
614 1102 808 1133 Landammann
835 1103 949 1135 Schmid
972 1111 1023 1133 von
1050 1104 1163 1141 Lachen,
1198 1105 1241 1136 der
1267 1106 1314 1141 sich

187 1145 230 1174 als
249 1146 444 1182 Abgeordneter
464 1145 507 1175 der
528 1145 622 1179 äußern
644 1147 750 1182 Bezirke
769 1146 919 1183 darstellte,
939 1149 1069 1185 verlangte
1090 1149 1137 1179 den
1157 1150 1252 1185 Einsitz
1272 1158 1314 1179 ne¬

187 1190 235 1219 ben
262 1190 309 1219 den
339 1190 536 1228 Abgeordneten
562 1190 608 1220 des
634 1192 702 1220 alten
730 1191 853 1227 Landes,
885 1193 968 1221 indem
994 1193 1033 1222 die
1064 1194 1213 1229 Vollmacht
1239 1194 1314 1229 dieser

186 1234 287 1270 letztern
309 1232 350 1268 für
371 1236 419 1265 den
439 1243 537 1272 ganzen
556 1234 665 1266 Kanton
686 1242 739 1265 nun
759 1235 913 1271 abgelaufen
933 1237 987 1270 sey.
1026 1238 1095 1268 Eine
1109 1238 1245 1274 Mehrheit
1264 1246 1314 1268 von

190 1277 273 1316 12 1/2
293 1280 429 1310 Stimmen
450 1279 554 1309 erklärte
575 1283 648 1309 unter
662 1280 815 1316 Beziehung
834 1280 880 1314 auf
898 1280 945 1309 den
959 1281 1084 1313 Beschluß
1103 1290 1162 1312 vom
1181 1285 1211 1313 6.
1232 1283 1314 1313 Okto¬

189 1323 234 1353 ber
249 1343 259 1358 ,
288 1324 332 1353 bis
358 1331 404 1360 zur
430 1324 546 1356 nächsten
567 1323 735 1356 ordentlichen
753 1324 916 1361 Tagsatzung
944 1324 983 1354 die
1003 1325 1151 1358 Gesandten
1176 1327 1221 1356 des
1247 1329 1315 1356 alten

187 1367 287 1399 Landes
306 1369 348 1398 als
367 1369 445 1398 allein
465 1368 601 1405 zuläßlich.
652 1368 692 1404 Zu
712 1367 834 1400 Gunsten
856 1369 922 1398 einer
942 1369 1135 1407 Repräsentanz
1154 1371 1198 1401 der
1217 1371 1314 1404 äußern

187 1412 297 1449 Bezirke
318 1413 441 1443 erklärten
463 1413 508 1446 sich
531 1415 547 1441 4
567 1413 715 1443 Stimmen.
759 1412 854 1449 Gegen
874 1413 913 1442 die
932 1413 1096 1450 Zulässigkeit
1116 1416 1158 1444 der
1178 1415 1315 1449 Gesandt¬

188 1457 266 1491 schaft
285 1465 336 1487 von
355 1458 436 1491 Basel
455 1457 569 1491 sprachen
591 1457 688 1491 Luzern
706 1456 760 1486 und
780 1457 931 1495 Thurgau;
953 1458 1091 1496 hingegen
1112 1462 1203 1496 trugen
1223 1458 1313 1496 Zürich

188 1503 242 1530 und
270 1501 345 1531 Bern
373 1510 423 1531 nur
451 1501 496 1535 auf
523 1501 705 1538 Stillstellung
733 1501 758 1530 in
785 1501 969 1538 Abstimmung
989 1503 1017 1532 in
1038 1503 1138 1540 eigener
1159 1505 1249 1537 Sache
1268 1512 1312 1534 an.

188 1546 244 1577 Die
265 1546 400 1581 Mehrheit
419 1546 484 1575 blieb
502 1547 565 1578 auch
587 1546 639 1582 hier
658 1546 704 1580 bey
724 1545 778 1575 dem
798 1543 884 1581 früher
896 1547 1129 1583 ausgesprochenen
1144 1548 1311 1584 Grundsatze.

244 1590 350 1626 Zweyte
376 1591 513 1627 Sitzung,
544 1595 591 1620 10.
616 1591 691 1625 May
716 1590 898 1628 Vormittags.
952 1592 1007 1622 Die
1035 1592 1231 1626 Gesandtschaft
1258 1600 1310 1622 von

188 1636 300 1672 Aargau
321 1635 350 1668 ist
370 1635 549 1671 angekommen
569 1634 621 1664 und
641 1635 733 1665 erklärt
752 1635 801 1670 sich
821 1643 901 1672 gegen
922 1636 969 1665 den
990 1636 1084 1671 Einsitz
1115 1637 1157 1666 der
1182 1637 1312 1671 Gesandt¬

189 1680 298 1713 schaften
318 1686 369 1709 von
389 1680 469 1712 Basel
494 1680 548 1709 und
578 1680 768 1715 Alt-Schwyz.
822 1680 877 1711 Die
901 1681 1001 1717 Herren
1028 1681 1106 1711 Merk
1125 1680 1178 1711 und
1199 1682 1310 1713 Schnell

188 1724 281 1757 statten
303 1731 364 1754 neue
383 1725 502 1757 Berichte
523 1724 555 1752 ab
576 1722 637 1754 über
658 1723 703 1752 den
722 1723 835 1759 Zustand
856 1725 890 1754 im
910 1725 1019 1755 Kanton
1039 1725 1120 1759 Basel
1140 1726 1192 1755 und
1207 1725 1312 1763 dringen

186 1769 233 1803 auf
252 1770 431 1806 Behandlung
451 1769 521 1804 ihres
540 1768 843 1805 Entlassungsgesuches.
893 1769 938 1800 Es
958 1769 1021 1799 wird
1039 1770 1082 1799 ein
1103 1771 1247 1804 Schreiben
1268 1771 1311 1800 der

187 1813 538 1851 Liestaler-Abgeordneten,
568 1812 719 1849 Guzweiler
739 1813 793 1842 und
814 1813 958 1850 Singeisen
977 1814 1104 1850 verlesen,
1139 1816 1223 1845 worin
1251 1815 1313 1848 diese

187 1858 228 1887 die
248 1865 312 1887 neue
331 1858 491 1894 Verfassung
512 1857 653 1891 mittheilen
674 1856 727 1886 und
745 1857 796 1886 das
815 1858 969 1894 Verlangen
981 1857 1085 1892 stellen,
1105 1860 1142 1893 es
1142 1860 1190 1893 soll
1210 1859 1313 1892 dieselbe

187 1902 264 1935 durch
284 1902 325 1932 die
344 1902 507 1941 Tagsatzung
536 1903 577 1930 als
602 1902 686 1938 einzig
712 1900 755 1935 für
780 1901 847 1934 den
877 1909 1009 1938 ganzen
1037 1902 1175 1933 Kanton
1205 1903 1315 1936 Basel

187 1943 275 1983 gültig
295 1947 444 1984 genehmigt
462 1945 516 1976 und
538 1944 682 1983 eingeführt
700 1944 813 1975 werden.
866 1946 953 1976 Wenn
978 1946 1067 1979 diesem
1087 1948 1223 1983 Begehren
1243 1946 1313 1981 nicht

186 1991 348 2026 entsprochen
368 1990 471 2026 werde,
500 1991 641 2026 verlangen
668 1990 700 2023 sie
726 1990 941 2027 Totaltrennung
968 1990 1010 2020 der
1029 1998 1128 2027 ganzen
1149 1991 1309 2024 Landschaft.

187 2035 250 2066 Vor
270 2035 382 2064 weiterer
402 2034 559 2067 Diskussion
581 2034 668 2063 wurde
686 2033 847 2069 beschlossen,
878 2033 916 2063 die
943 2037 1003 2066 noch
1030 2035 1098 2068 nicht
1118 2035 1310 2071 repräsentirten

187 2079 305 2113 Stände,
318 2086 365 2114 zur
386 2080 556 2112 Theilnahme
576 2084 609 2107 an
629 2077 678 2107 den
697 2079 885 2115 Berathungen
905 2078 1099 2115 aufzufordern.

246 2125 289 2160 In
310 2123 354 2153 der
374 2124 473 2153 dritten
490 2123 606 2158 Sitzung
624 2129 685 2151 vom
705 2125 750 2151 12.
770 2121 799 2151 d.
820 2123 891 2152 ward
910 2123 958 2152 mit
979 2126 1015 2152 12
1033 2124 1169 2154 Stimmen
1195 2123 1310 2157 beschlos¬

187 2171 246 2203 sen:
286 2172 314 2202 1)
335 2169 389 2201 Die
410 2168 535 2197 dermalen
563 2168 747 2203 abgetrennten
772 2166 935 2198 Gemeinden
961 2167 1062 2197 werden
1089 2167 1132 2202 für
1159 2168 1311 2198 einstweilen

186 2217 262 2244 unter
282 2214 353 2250 eidg.
375 2213 471 2247 Schutz
491 2212 544 2241 und
564 2212 801 2247 Oberverwaltung
822 2211 930 2246 gestellt.
976 2215 1006 2245 2)
1027 2212 1081 2243 Die
1102 2210 1240 2247 Behörden
1261 2212 1313 2241 und

187 2259 318 2289 Beamten
339 2258 441 2291 daselbst
463 2258 517 2290 sind
542 2255 584 2284 der
610 2255 860 2293 Eidgenossenschaft
886 2256 929 2291 für
955 2257 1140 2294 Handhabung
1167 2257 1210 2287 der
1235 2257 1313 2292 Ruhe

187 2305 241 2333 und
262 2302 396 2338 Ordnung
417 2302 452 2331 im
473 2300 649 2337 Allgemeinen
670 2301 782 2336 sowohl,
815 2301 857 2330 als
876 2301 1048 2333 insbesondere
1068 2299 1110 2335 für
1129 2301 1313 2339 Handhabung

186 2348 230 2377 der
256 2348 438 2383 Rechtspflege
464 2346 493 2375 in
519 2347 588 2374 allen
615 2346 686 2381 ihren
711 2345 821 2380 Theilen
847 2346 1066 2378 verantwortlich.
1114 2348 1145 2379 3)
1164 2346 1220 2377 Die
1239 2346 1313 2383 Tag¬

187 2394 288 2427 satzung
315 2390 452 2420 verordnet
480 2389 636 2426 unbedingte
663 2389 848 2428 Handhabung
877 2389 922 2419 des
948 2389 1128 2424 Landfriedens
1156 2391 1191 2420 im
1213 2398 1312 2427 ganzen

186 2436 297 2466 Kanton
328 2435 428 2470 Basel,
460 2433 513 2464 und
544 2434 610 2464 wird
640 2433 679 2464 die
707 2434 771 2469 dazu
802 2434 992 2467 erforderlichen
1025 2435 1120 2465 Mittel
1151 2435 1311 2469 beschließen.

186 2479 219 2517 4)
239 2479 293 2510 Die
314 2477 477 2514 Tagsatzung
496 2478 589 2509 ordnet
608 2479 661 2509 eine
680 2478 828 2515 allgemeine
847 2479 1029 2515 Vermittlung
1051 2479 1169 2516 zwischen
1183 2479 1231 2509 den
1246 2480 1312 2512 strei¬

185 2523 280 2555 tenden
300 2522 409 2559 Theilen
431 2529 477 2551 an.
498 2536 535 2543 —
564 2523 620 2554 Die
641 2523 812 2558 Kommission
831 2522 924 2559 besteht
944 2528 994 2553 aus
1013 2523 1061 2553 den
1081 2526 1178 2562 Herren
1199 2525 1311 2558 Schult¬

187 2569 243 2605 heiß
265 2567 377 2600 Eduard
396 2565 524 2602 Pfyffer,
554 2566 760 2602 Bürgermeister
785 2568 892 2605 Hirzel,
924 2568 1004 2603 Prof.
1025 2568 1121 2602 Rosst,
1154 2569 1313 2604 Schultheiß

184 2612 339 2647 Tscharner
339 2612 398 2647 von
418 2613 513 2645 Bern,
545 2610 736 2643 Landammann
755 2612 977 2649 Baumgartner,
1007 2611 1197 2644 Landammann
1219 2613 1310 2650 Nagel

185 2659 240 2690 und
259 2659 424 2691 Staatsrach
449 2654 556 2687 Nicole.

243 2703 391 2738 Veranlaßt
418 2700 494 2734 durch
521 2699 562 2729 die
589 2704 638 2730 von
659 2699 740 2734 Basel
758 2701 949 2739 eingegangene
975 2699 1161 2738 Verwahrung
1180 2699 1244 2734 fand
1265 2701 1311 2736 sich

187 2748 231 2778 der
258 2749 360 2779 Vorort
386 2747 530 2783 bewogen,
563 2749 663 2774 unterm
688 2746 718 2774 6.
740 2746 812 2781 May
837 2746 878 2776 die
904 2746 1004 2783 Herren
1030 2744 1108 2775 Merk
1129 2744 1181 2774 und
1201 2745 1311 2777 Schnell

188 2791 369 2828 aufzufordern
378 2812 388 2828 ,
422 2789 484 2822 über
502 2791 542 2821 die
560 2788 717 2826 vorliegende
738 2791 874 2824 Annahme
893 2790 960 2820 und
966 2789 1154 2825 bevorstehende
1173 2789 1309 2824 Beschwö¬

188 2843 258 2873 rung
276 2836 319 2872 der
337 2838 608 2874 „sogenannten
625 2834 848 2873 Verfassung
874 2833 932 2869 für
958 2833 1018 2865 den
1042 2835 1181 2867 Kanton
1208 2835 1312 2868 Basel

187 2880 417 2918 Landschaft"
437 2881 545 2915 Bericht
565 2888 597 2916 zu
616 2881 733 2912 erstatten
754 2877 807 2909 und
826 2887 908 2918 gegen
929 2880 1002 2910 einen
1021 2879 1128 2913 solchen
1128 2879 1187 2913 Akt
1206 2879 1234 2909 in
1254 2879 1309 2909 eid¬

188 2924 362 2963 genössischem
383 2928 491 2958 Namen
505 2925 695 2962 Verwahrung
710 2926 869 2962 einzulegen.
908 2925 964 2957 Die
977 2923 1169 2962 Beschwörung
1182 2924 1227 2959 soll
1241 2923 1309 2955 dann

187 2971 342 3005 einstweilen
362 2970 538 3002 unterblieben
561 2969 631 3003 seyn.

244 3017 329 3052 Wohl
348 3018 416 3049 nicht
436 3017 500 3052 ohne
520 3014 619 3046 Grund
638 3013 772 3046 befremdet
793 3014 839 3050 sich
861 3015 899 3045 die
926 3013 1157 3052 Bündnerzeitung
1183 3014 1312 3048 einerseits

187 3058 250 3092 über
270 3061 308 3091 die
330 3061 417 3093 dreiste
436 3060 608 3096 Zumuthung
627 3058 670 3088 der
695 3059 932 3097 Liestalerregenten
960 3067 1038 3097 gegen
1065 3058 1103 3089 die
1129 3060 1310 3098 Tagsatzung,

186 3108 229 3139 als
247 3106 309 3136 über
330 3106 369 3137 die
388 3104 536 3143 verzögerte
554 3102 806 3139 Berichterstattung
826 3104 868 3134 der
886 3104 1121 3140 Repräsentanten.
1169 3106 1260 3136 Allein
1287 3108 1314 3135 es

186 3151 298 3186 scheint,
332 3150 382 3184 daß
409 3151 454 3181 der
480 3148 644 3184 Grundsatz:
678 3147 712 3175 de
738 3147 864 3176 l'audace
875 3149 885 3183 ,
911 3149 946 3177 de
965 3149 1089 3178 l'audace
1108 3159 1137 3179 et
1157 3160 1257 3180 encore
1277 3150 1313 3178 de

184 3195 328 3230 l'audace!
349 3196 402 3230 hier
421 3193 514 3224 wieder
534 3193 665 3232 aufgelebt
685 3192 729 3225 ist.

242 3241 287 3275 In
307 3240 414 3275 Betreff
431 3238 476 3269 der
494 3240 603 3273 60,000
619 3239 668 3274 Fr.
689 3236 1068 3275 Quartierentschädigungen,
1088 3241 1178 3273 welche
1197 3248 1252 3271 nun
1267 3240 1312 3271 den

185 3283 364 3320 Betheiligten
390 3283 438 3316 auf
460 3282 506 3313 der
534 3282 685 3318 Landschaft
709 3283 789 3316 Basel
817 3281 906 3312 direkte
926 3281 1003 3316 durch
1022 3282 1210 3320 eidgenössische
1229 3285 1313 3315 Kom¬

185 3328 295 3359 mittirte
314 3328 448 3367 zugestellt
466 3327 587 3364 werden,
608 3327 706 3365 enthält
724 3326 762 3359 die
781 3326 996 3366 Baselerzeitung
1015 3327 1068 3359 eine
1087 3329 1139 3360 Art
1159 3328 1310 3366 Auskunft,

1353 928 1395 959 dir
1414 933 1467 958 uns
1484 930 1545 960 aber
1563 930 1632 962 nicht
1652 929 1788 969 genügend
1807 933 1918 968 scheint,
1938 941 1981 962 um
2001 933 2047 963 den
2071 936 2204 969 Verdacht
2217 938 2374 976 schmutziger
2385 941 2480 978 Hand¬

1353 974 1506 1010 lungsweise
1527 981 1594 1010 ganz
1614 983 1646 1011 zu
1666 976 1806 1010 entfernen.
1855 977 1943 1007 Wenn
1964 978 2055 1012 nähere
2075 980 2211 1015 Umstände
2230 981 2270 1012 die
2289 983 2379 1017 Sache
2398 986 2475 1020 besser

1352 1018 1495 1051 beleuchten
1514 1018 1629 1055 können,
1661 1021 1685 1054 so
1713 1021 1783 1054 sollte
1809 1021 1891 1054 Basel
1911 1021 1964 1057 hier
1983 1023 2067 1056 nichts
2084 1026 2283 1062 verschweigen,
2313 1027 2378 1059 denn
2398 1029 2475 1062 dieser

1352 1062 1444 1098 Punkt
1463 1062 1533 1092 wäre
1551 1066 1621 1100 mehr
1640 1066 1683 1094 als
1702 1066 1819 1101 manches
1838 1065 1929 1096 andere
1948 1067 2067 1104 geeignet
2084 1067 2125 1098 die
2145 1070 2289 1105 Vorwürfe
2308 1072 2385 1106 seiner
2398 1073 2476 1112 Geg¬

1353 1114 1398 1136 ner
1416 1113 1450 1142 zu
1469 1105 1648 1145 unterstützen.

1409 1149 1544 1186 Zürich.
1581 1153 1641 1184 Der
1667 1153 1745 1190 große
1770 1153 1845 1189 Rath
1872 1155 1940 1190 setzte
1965 1155 1993 1185 in
2018 1156 2095 1189 seiner
2122 1158 2237 1196 Sitzung
2262 1167 2321 1189 vom
2348 1162 2379 1191 9.
2401 1162 2477 1198 May

1353 1195 1526 1232 Vormittags
1546 1195 1585 1225 die
1604 1197 1783 1234 Behandlung
1801 1198 1847 1228 des
1867 1200 2123 1235 Gesetzesentwurfes
2143 1202 2203 1232 über
2221 1204 2270 1233 das
2290 1206 2477 1236 Gewerbswe¬

1352 1240 1394 1273 sen
1413 1239 1479 1273 fort.
1518 1240 1572 1271 Die
1592 1239 1806 1278 Bestimmungen
1825 1242 1886 1272 über
1905 1242 2025 1278 Gesellen
2044 1244 2097 1274 und
2116 1246 2276 1281 Lehrknaben
2301 1249 2357 1282 sind
2382 1250 2477 1285 darauf

1353 1284 1501 1318 berechnet,
1521 1284 1602 1318 jedem
1620 1285 1659 1323 (so
1678 1285 1740 1315 weit
1759 1289 1787 1315 es
1805 1287 1870 1321 ohne
1888 1288 2018 1324 gänzliche
2032 1289 2190 1327 Aufhebung
2203 1291 2292 1326 solcher
2306 1294 2410 1328 Klassen
2423 1295 2477 1326 und

1354 1327 1528 1365 Einführung
1549 1328 1657 1366 völliger
1676 1329 1914 1366 Gewerbsfreyheit
1932 1332 2070 1366 erreichbar
2088 1333 2134 1371 ist)
2162 1334 2273 1373 möglich
2298 1345 2331 1374 zu
2351 1341 2476 1375 machen,

1352 1371 1406 1407 jede
1425 1372 1566 1402 erworbene
1588 1373 1728 1410 Fertigkeit
1747 1373 1789 1408 für
1808 1375 1855 1409 sich
1877 1375 1930 1405 und
1950 1376 1998 1405 das
2017 1377 2158 1412 Publikum
2184 1387 2216 1416 zu
2236 1381 2364 1416 benutzen.
2403 1384 2477 1415 Dem

1353 1417 1472 1449 Gesellen
1492 1416 1521 1449 ist
1536 1417 1708 1454 freygestellt,
1727 1418 1774 1452 auf
1793 1418 1833 1449 die
1846 1419 2041 1455 Wanderschaft
2058 1429 2090 1458 zu
2110 1426 2190 1459 gehen
2209 1425 2271 1455 oder
2290 1425 2374 1463 nicht;
2395 1428 2477 1458 einem

1354 1460 1494 1496 Lehrbriefe
1512 1460 1580 1491 wird
1600 1463 1639 1493 ein
1660 1463 1916 1499 gemeindräthliche«s
1939 1465 2057 1502 Zeugniß
2077 1466 2137 1497 über
2154 1467 2193 1498 die
2211 1470 2366 1510 erworbene
2366 1470 2478 1510 Fertig¬

1352 1505 1401 1534 keit
1420 1506 1500 1541 gleich
1520 1506 1615 1542 gesetzt.
1654 1508 1719 1537 Wer
1739 1508 1767 1537 in
1787 1508 1855 1538 einer
1874 1509 2006 1545 Fabrike,
2015 1510 2095 1540 einem
2112 1512 2202 1548 freyen
2221 1513 2350 1545 Gewerbe
2368 1516 2429 1548 oder
2440 1517 2478 1549 im

1352 1549 1499 1579 älterlichen
1520 1550 1607 1588 Hause
1624 1551 1671 1584 sich
1691 1551 1731 1581 die
1751 1551 1792 1586 für
1812 1551 1860 1583 den
1879 1553 1997 1587 Gesellen
2016 1554 2086 1584 eines
2105 1557 2266 1595 Handwerks
2285 1559 2478 1595 erforderlichen

1352 1593 1525 1631 Fertigkeiten
1545 1596 1678 1626 erworben
1697 1598 1761 1630 hat,
1780 1596 1812 1627 ist
1828 1599 1891 1631 auch
1911 1606 1956 1633 zur
1974 1598 2129 1638 Bestehung
2148 1601 2194 1631 der
2211 1603 2415 1640 Gesellenprobe
2431 1614 2477 1641 zu¬

1352 1639 1474 1673 zulassen.
1513 1638 1561 1670 Da
1581 1637 1624 1669 der
1642 1640 1714 1674 schon
1733 1640 1819 1675 früher
1838 1644 2037 1678 angenommene
2056 1646 2083 1678 §.
2104 1650 2141 1675 20
2159 1646 2205 1676 des
2224 1647 2338 1684 Gesetzes
2357 1649 2405 1679 den
2419 1651 2477 1683 Be¬

1351 1682 1395 1716 ruf
1413 1681 1454 1711 der
1474 1683 1612 1719 Spengler
1630 1687 1706 1714 unter
1725 1684 1773 1714 den
1794 1685 1920 1720 fernerhin
1940 1688 2087 1724 geschützten
2106 1690 2160 1720 und
2187 1692 2364 1729 privilegirten
2383 1694 2478 1732 Hand¬

1352 1727 1447 1755 werken
1468 1727 1538 1759 nicht
1555 1727 1751 1765 ausgenommen
1765 1731 1855 1765 hatte,
1876 1731 1901 1762 so
1916 1733 2014 1764 machte
2033 1733 2084 1770 Hr.
2105 1735 2400 1777 Alt-Regierungsrath
2410 1738 2477 1775 Fer¬

1352 1770 1448 1800 dinand
1468 1771 1564 1807 Meyer
1584 1774 1658 1801 einen
1678 1776 1776 1811 Anzug
1786 1793 1796 1809 ,
1826 1773 1910 1809 dieses
1924 1776 2016 1807 wieder
2036 1784 2068 1812 zu
2088 1778 2185 1809 ändern
2205 1781 2259 1810 und
2278 1781 2318 1811 die
2338 1783 2477 1822 Spengler

1352 1817 1394 1844 als
1414 1815 1559 1851 Handwerk
1579 1823 1612 1851 zu
1632 1816 1758 1854 schützen,
1784 1818 1817 1848 da
1834 1818 1910 1849 deren
1929 1821 2134 1860 Ausschließung
2154 1822 2231 1857 durch
2251 1827 2331 1862 irrige
2351 1828 2475 1855 Voraus¬

1351 1860 1477 1896 setzungen
1498 1860 1625 1893 bestimmt
1644 1862 1748 1891 worden
1767 1862 1821 1896 sey.
1862 1864 1907 1894 Es
1926 1864 2013 1893 wurde
2033 1865 2074 1890 die
2091 1867 2225 1899 Vorfrage
2244 1861 2305 1893 über
2325 1865 2476 1900 Erheblich¬

1351 1902 1401 1931 keit
1419 1903 1464 1931 des
1482 1905 1614 1940 Anzugs,
1641 1904 1768 1937 nachdem
1792 1906 1848 1935 eine
1874 1912 1941 1943 ganz
1958 1905 2074 1938 formelle
2089 1905 2331 1945 Präjudlizialfrage
2347 1909 2477 1947 beseitiget

1352 1954 1426 1981 war,
1447 1947 1496 1976 mit
1514 1948 1552 1977 66
1570 1955 1654 1984 gegen
1674 1951 1709 1978 55
1730 1949 1869 1980 Stimmen
1886 1949 2046 1984 verworfen;
2068 1950 2181 1983 wirklich
2200 1951 2272 1987 hätte
2290 1959 2351 1983 man
2371 1953 2409 1984 im
2420 1955 2476 1985 ent¬

1351 1992 1546 2028 gegengesetzten
1565 1991 1639 2025 Falle
1659 1995 1783 2022 erwarten
1803 1994 1917 2034 müssen,
1943 1993 1992 2028 daß
2020 1994 2176 2032 neuerdings
2200 1997 2250 2026 alle
2275 1998 2476 2035 weggelaufenen

1351 2037 1508 2072 Handwerke
1533 2035 1661 2070 Versuche
1681 2038 1794 2073 gemacht
1814 2038 1867 2067 und
1886 2037 2030 2073 überhaupt
2048 2038 2093 2068 die
2120 2040 2277 2078 wichtigsten
2304 2043 2405 2077 Gesetze
2427 2043 2477 2079 bey

1350 2078 1418 2113 jeder
1437 2077 1653 2116 nächstkünftigen
1675 2082 1791 2118 Sitzung
1812 2089 1877 2111 neue
1895 2083 2018 2119 Angriffe
2037 2083 2152 2119 erfahren
2170 2085 2271 2121 hätten,
2290 2093 2347 2116 was
2359 2087 2412 2118 wir
2422 2088 2478 2124 hier

1350 2124 1419 2157 nicht
1436 2123 1484 2152 mit
1503 2125 1583 2153 einem
1606 2128 1668 2159 nahe
1686 2125 1826 2162 liegenden
1845 2126 1970 2162 Beyspiel
1989 2127 2097 2161 deutlich
2116 2137 2149 2165 zu
2168 2132 2269 2161 machen
2289 2128 2330 2163 für
2349 2135 2400 2169 gut
2425 2134 2476 2166 fin¬

1351 2168 1409 2197 den.
1454 2168 1498 2203 In
1517 2167 1561 2197 der
1582 2170 1865 2207 Nachmittagssitzung
1885 2172 1988 2209 begann
2006 2172 2050 2201 der
2069 2173 2147 2209 große
2164 2173 2239 2208 Rath
2258 2174 2297 2207 die
2316 2175 2476 2211 Diskussion

1352 2212 1412 2241 über
1431 2211 1481 2241 den
1501 2213 1730 2247 Gesetzesentwurf
1750 2214 1792 2243 der
1811 2215 2110 2250 Revisionskommission
2126 2217 2264 2252 betreffend
2283 2219 2332 2250 den
2352 2221 2476 2255 Loskauf,

1352 2256 1390 2286 die
1409 2256 1619 2295 Kapitalisirung
1638 2257 1690 2287 und
1709 2257 1749 2288 die
1769 2260 1960 2297 Umwandlung
1980 2261 2023 2290 der
2042 2261 2168 2298 Grund-,
2188 2262 2316 2298 Boden-,
2332 2264 2477 2300 Erblehen¬

1353 2300 1406 2331 und
1433 2302 1668 2338 Wasserrechtzinse
1695 2303 1724 2332 in
1756 2302 1876 2338 jährliche
1906 2305 2131 2342 Geldleistungen.
2182 2308 2275 2341 Dieser
2304 2309 2476 2347 Gegenstand

1352 2344 1439 2375 wurde
1458 2354 1500 2375 am
1520 2346 1656 2383 folgenden
1675 2347 1752 2384 Tage
1770 2347 1902 2385 erlediget.
1953 2349 2001 2381 So
2026 2349 2081 2385 sehr
2104 2358 2167 2380 man
2191 2351 2242 2387 sich
2268 2353 2296 2382 in
2315 2353 2360 2383 der
2379 2355 2476 2386 nächst¬

1352 2390 1570 2427 vorhergehenden
1590 2390 1648 2426 Zeit
1667 2392 1693 2421 in
1713 2392 1897 2426 verschiedenen
1917 2393 2061 2431 Gegenden
2081 2396 2171 2428 unsers
2190 2396 2336 2432 Kantons,
2355 2406 2477 2429 vornem¬

1352 2435 1399 2470 lich
1418 2443 1451 2464 an
1472 2435 1519 2465 den
1545 2436 1763 2471 Limmathufern,
1792 2437 1828 2466 im
1857 2438 2001 2473 Wehnthal
2026 2439 2081 2469 und
2105 2439 2161 2470 dem
2187 2442 2283 2478 Bezirk
2302 2442 2478 2481 Andelfingen

1352 2478 1454 2514 bemüht
1474 2481 1560 2515 hatte,
1594 2481 1729 2516 zahlreiche
1755 2481 1909 2515 Petitionen
1929 2480 1992 2513 über
2013 2482 2077 2518 diese
2096 2484 2136 2515 die
2154 2486 2308 2516 materiellen
2328 2488 2477 2523 Interessen

1352 2524 1376 2558 so
1397 2526 1460 2560 nahe
1481 2523 1634 2558 berührende
1655 2526 1861 2563 Angelegenheit
1880 2528 2069 2564 unterzeichnen
2089 2536 2119 2566 zu
2141 2530 2217 2564 lassen
2236 2531 2291 2561 und
2309 2531 2395 2570 einige
2421 2532 2479 2563 der¬

1353 2568 1434 2603 selben
1455 2570 1517 2601 noch
1537 2568 1659 2605 während
1679 2569 1723 2600 der
1742 2572 1900 2609 Berathung
1920 2572 2071 2609 eingereicht
2092 2575 2216 2610 wurden,
2248 2576 2273 2609 so
2299 2576 2331 2610 ist
2356 2577 2424 2613 nicht
2443 2584 2477 2614 zu

1352 2613 1469 2648 ersehen,
1487 2613 1552 2647 daß
1581 2613 1704 2648 dieselben
1731 2615 1777 2649 auf
1802 2615 1841 2644 die
1861 2616 2020 2655 Berathung
2039 2618 2112 2648 einen
2132 2618 2171 2648 die
2189 2619 2259 2654 freye
2278 2620 2476 2659 Ueberzeugung

1352 2657 1405 2687 und
1425 2658 1615 2695 gewissenhafte
1633 2658 1762 2696 Prüfung
1782 2658 1912 2693 störenden
1933 2662 2046 2697 Einfluß
2065 2662 2145 2700 geübt
2164 2663 2263 2699 hätten.
2314 2665 2370 2697 Die
2394 2665 2475 2703 durch

1351 2701 1406 2732 eine
1425 2702 1557 2739 Mehrheit
1576 2709 1630 2734 von
1650 2709 1706 2733 100
1725 2711 1806 2742 gegen
1826 2706 1863 2737 48
1883 2706 2019 2737 Stimmen
2039 2706 2167 2738 dekretirte
2188 2708 2406 2743 Loskaufssumme
2423 2718 2477 2741 von

1350 2750 1407 2776 200
1427 2747 1476 2782 Fr.
1496 2744 1539 2781 für
1565 2747 1613 2777 den
1638 2746 1719 2778 Mütt
1746 2750 1849 2780 Kernen
1876 2750 1968 2783 scheint
1994 2755 2047 2781 uns
2071 2751 2124 2782 eine
2151 2753 2204 2789 sehr
2228 2752 2316 2791 billige
2342 2755 2396 2785 und
2424 2756 2476 2789 alle

1351 2792 1527 2827 Verhältnisse
1556 2790 1793 2830 berücksichtigende
1825 2794 1934 2824 mittlere
1960 2795 2143 2834 Bestimmung
2169 2797 2290 2834 zwischen
2317 2796 2365 2829 den
2384 2806 2480 2837 vorge¬

1350 2836 1495 2873 schlagenen
1521 2834 1618 2872 höhern
1643 2836 1697 2866 und
1724 2837 1873 2875 niedrigern
1901 2839 2057 2875 Summen,
2089 2841 2144 2872 und
2168 2842 2219 2872 wir
2242 2841 2356 2874 möchten
2385 2846 2479 2880 unsers

1350 2881 1433 2911 Ortes
1452 2879 1493 2909 die
1511 2880 1698 2918 Antragsteller
1718 2881 1855 2919 deßwegen
1876 2884 1944 2916 nicht
1961 2884 2008 2915 der
2028 2885 2261 2924 Verschleuderung
2284 2887 2331 2918 des
2358 2890 2476 2922 Staats¬

1349 2923 1502 2962 vermögens
1520 2925 1718 2963 beschuldigen,
1738 2925 1824 2957 indem
1843 2928 1894 2958 wir
1912 2929 2043 2966 glauben,
2073 2933 2100 2961 es
2118 2931 2159 2966 sey
2179 2931 2270 2969 richtig
2291 2933 2478 2971 nachgewiesen

1350 2970 1478 3004 worden,
1512 2969 1562 3005 daß
1589 2970 1667 3005 dieser
1692 2972 1796 3009 Betrag
1822 2974 1871 3003 mit
1897 2973 1953 3004 dem
1979 2976 2084 3009 wahren
2103 2976 2191 3005 reinen
2212 2976 2329 3015 Ertrage
2347 2979 2402 3010 und
2421 2979 2478 3012 dem

1351 3013 1542 3053 gewöhnlichen
1561 3015 1688 3052 Zinsfuße
1706 3016 1918 3051 übereinstimmt.
1957 3018 2026 3055 Jede
2045 3017 2135 3055 höhere
2154 3020 2286 3056 Taxation
2310 3022 2379 3054 wäre
2398 3023 2477 3057 daher

1352 3061 1404 3092 eine
1422 3060 1543 3091 indirekte
1563 3061 1722 3099 Aufhebung
1741 3062 1783 3092 der
1802 3063 2017 3098 Loskäuflichkeit.
2041 3063 2140 3103 Einige
2159 3066 2267 3104 widrige
2279 3066 2366 3103 Töne,
2386 3070 2478 3101 welche

1351 3107 1448 3141 suchten
1468 3106 1596 3144 gehässige
1615 3106 1819 3144 Erinnerungen
1838 3115 1872 3144 zu
1890 3107 2005 3145 wecken,
2023 3110 2165 3146 verhallten
2184 3112 2349 3148 unbeachtet;
2369 3111 2476 3151 würdig

1352 3150 1405 3182 und
1424 3149 1558 3189 gründlich
1577 3151 1665 3185 wurde
1685 3158 1736 3182 von
1756 3154 1871 3188 mehrern
1891 3153 1987 3185 Seiten
2007 3155 2128 3192 gezeigt,
2150 3155 2199 3189 daß
2219 3156 2272 3186 kein
2294 3158 2393 3189 Grund
2412 3159 2477 3188 wal¬

1351 3200 1392 3227 ten
1418 3194 1517 3232 könne,
1550 3196 1641 3233 irgend
1671 3197 1738 3227 einer
1764 3197 1849 3231 Klasse
1876 3197 1923 3233 bey
1949 3197 2026 3233 dieser
2051 3199 2222 3238 Gelegenheit
2246 3205 2328 3232 etwas
2354 3207 2405 3234 aus
2433 3203 2478 3235 der

1351 3242 1445 3276 Tasche
1465 3240 1510 3270 des
1526 3241 1645 3273 Staates
1664 3241 1722 3272 oder
1741 3241 1786 3272 der
1804 3242 2043 3277 Privatkreditoren
2063 3244 2180 3279 schenken
2200 3254 2232 3283 zu
2251 3246 2366 3284 wollen,
2391 3247 2477 3281 indem

1350 3286 1389 3315 die
1410 3285 1700 3323 Gnadenertheilungen
1722 3288 1779 3322 eher
1798 3287 1888 3322 Sache
1906 3287 1949 3319 der
1967 3289 2111 3327 Despotien
2137 3290 2229 3327 seyen,
2258 3292 2288 3321 in
2313 3291 2477 3327 Republiken

1349 3331 1480 3370 hingegen
1499 3331 1549 3362 alle
1567 3331 1665 3369 Rechte
1683 3330 1802 3370 geschützt
1821 3333 1947 3370 werden;
1965 3333 2058 3372 zudem
2076 3333 2146 3367 käme
2163 3336 2204 3367 ein
2223 3335 2317 3373 großer
2334 3336 2412 3375 Theil
2430 3337 2477 3369 des
