<?xml version="1.0" encoding="UTF-8" standalone="yes"?>
<PcGts xmlns="http://schema.primaresearch.org/PAGE/gts/pagecontent/2013-07-15" xmlns:xsi="http://www.w3.org/2001/XMLSchema-instance" xsi:schemaLocation="http://schema.primaresearch.org/PAGE/gts/pagecontent/2013-07-15 http://schema.primaresearch.org/PAGE/gts/pagecontent/2013-07-15/pagecontent.xsd">
    <Metadata>
        <Creator></Creator>
        <Created>2017-12-08T13:16:48.228+01:00</Created>
        <LastChange>2018-12-30T01:25:51.814+01:00</LastChange>
        <Comments>
                Measurement unit: pixel
                PrimaryLanguage: German
                Language: GermanStandard
                Producer: ABBYY FineReader Engine 11</Comments>
<!--         _TranskribusMetadata docId="49765" pageId="2140825" pageNr="24" tsid="6623047" status="GT" userId="10620" imgUrl="https://dbis-thure.uibk.ac.at/f/Get?id=IQLKQLQMMECSWJBEOPUFRUEW&amp;fileType=view" xmlUrl="https://dbis-thure.uibk.ac.at/f/Get?id=WDXWKHGHVJBTLDRIBOZWOBGH" imageId="1322283"/_ -->
    </Metadata>
    <Page imageFilename="0024_nzz_18030322_0_0_a1_p1_1.tif" imageWidth="1952" imageHeight="2362">
        <PrintSpace>
            <Coords points="0,0 1819,0 1819,2316 0,2316"/>
        </PrintSpace>
        <ReadingOrder>
            <OrderedGroup id="ro_1547249140766" caption="Regions reading order">
                <RegionRefIndexed index="0" regionRef="region_1513344699927_2099"/>
                <RegionRefIndexed index="1" regionRef="r_1_1"/>
                <RegionRefIndexed index="2" regionRef="r_2_1"/>
                <RegionRefIndexed index="3" regionRef="r_3_1"/>
                <RegionRefIndexed index="4" regionRef="r_4_1"/>
                <RegionRefIndexed index="5" regionRef="r_5_1"/>
                <RegionRefIndexed index="6" regionRef="r_5_2"/>
                <RegionRefIndexed index="7" regionRef="r_6_1"/>
                <RegionRefIndexed index="8" regionRef="r_7_1"/>
                <RegionRefIndexed index="9" regionRef="r_7_2"/>
                <RegionRefIndexed index="10" regionRef="r_7_3"/>
                <RegionRefIndexed index="11" regionRef="r_7_4"/>
                <RegionRefIndexed index="12" regionRef="r_8_1"/>
                <RegionRefIndexed index="13" regionRef="r_8_2"/>
                <RegionRefIndexed index="14" regionRef="r_8_3"/>
            </OrderedGroup>
        </ReadingOrder>
        <TextRegion id="region_1513344699927_2099" custom="readingOrder {index:0;} structure {type:masthead_gt;}">
            <Coords points="51,17 1801,17 1801,733 58,780"/>
            <TextLine id="tl_1" primaryLanguage="German" custom="readingOrder {index:0;}">
                <Coords points="76,30 1727,30 1727,232 76,232"/>
                <Baseline points="76,209 1723,177"/>
                <Word id="word_1513341540069_1881" language="German" custom="readingOrder {index:0;}">
                    <Coords points="464,54 684,54 791,92 791,197 684,223 172,232 76,232 76,86"/>
                    <TextEquiv>
                        <Unicode>Zürcher</Unicode>
                    </TextEquiv>
                    <TextStyle fontFamily="Arial" fontSize="60.0"/>
                </Word>
                <Word id="word_1513341545942_1882" language="German" custom="readingOrder {index:1;}">
                    <Coords points="1180,62 1219,62 1727,66 1727,191 1008,209 916,209 916,63 1077,62"/>
                    <TextEquiv>
                        <Unicode>Zeitung.</Unicode>
                    </TextEquiv>
                    <TextStyle fontFamily="Arial" fontSize="60.0"/>
                </Word>
                <TextEquiv>
                    <Unicode>Zürcher Zeitung.</Unicode>
                </TextEquiv>
            </TextLine>
            <TextLine id="tl_2" primaryLanguage="German" custom="readingOrder {index:1;}">
                <Coords points="702,254 1148,254 1148,357 702,357"/>
                <Baseline points="706,350 1152,350"/>
                <Word id="word_1513341565826_1883" language="German" custom="readingOrder {index:0;}">
                    <Coords points="1068,255 1148,255 1148,346 874,354 736,355 703,355 703,300 820,269"/>
                    <TextEquiv>
                        <Unicode>1803.</Unicode>
                    </TextEquiv>
                    <TextStyle fontFamily="Times New Roman" fontSize="23.0" bold="true"/>
                </Word>
                <TextEquiv>
                    <Unicode>1803.</Unicode>
                </TextEquiv>
            </TextLine>
            <TextLine id="tl_3" primaryLanguage="German" custom="readingOrder {index:2;}">
                <Coords points="148,484 395,484 395,555 148,555"/>
                <Baseline points="148,548 395,548"/>
                <Word id="w_w1aab1b5b2b1b1ab1" language="German" custom="readingOrder {index:0;}">
                    <Coords points="148,488 262,488 262,551 148,551"/>
                    <TextEquiv>
                        <Unicode>Nro.</Unicode>
                    </TextEquiv>
                    <TextStyle fontFamily="Arial" fontSize="15.0" bold="true"/>
                </Word>
                <Word id="w_w1aab1b5b2b1b1ab9" language="German" custom="readingOrder {index:1;}">
                    <Coords points="301,498 395,498 395,550 301,550"/>
                    <TextEquiv>
                        <Unicode>23.</Unicode>
                    </TextEquiv>
                    <TextStyle fontFamily="Arial" fontSize="15.0" bold="true"/>
                </Word>
                <TextEquiv>
                    <Unicode>Nro. 23.</Unicode>
                </TextEquiv>
                <TextStyle fontFamily="Arial" fontSize="15.0" bold="true"/>
            </TextLine>
            <TextLine id="tl_4" primaryLanguage="German" custom="readingOrder {index:3;}">
                <Coords points="475,413 1353,390 1354,431 476,454"/>
                <Baseline points="476,449 1354,426"/>
                <Word id="w_w1aab1b7b2b1b1ab1" language="German" custom="readingOrder {index:0;}">
                    <Coords points="478,424 546,424 546,447 478,447"/>
                    <TextEquiv>
                        <Unicode>Man</Unicode>
                    </TextEquiv>
                    <TextStyle fontFamily="Arial" fontSize="8.5"/>
                </Word>
                <Word id="w_w1aab1b7b2b1b1ab9" language="German" custom="readingOrder {index:1;}">
                    <Coords points="564,420 673,420 673,444 564,444"/>
                    <TextEquiv>
                        <Unicode>abonnirt</Unicode>
                    </TextEquiv>
                    <TextStyle fontFamily="Arial" fontSize="8.5"/>
                </Word>
                <Word id="w_w1aab1b7b2b1b1ac29" language="German" custom="readingOrder {index:2;}">
                    <Coords points="692,419 729,419 729,446 692,446"/>
                    <TextEquiv>
                        <Unicode>sich</Unicode>
                    </TextEquiv>
                    <TextStyle fontFamily="Arial" fontSize="8.5"/>
                </Word>
                <Word id="w_w1aab1b7b2b1b1ac39" language="German" custom="readingOrder {index:3;}">
                    <Coords points="748,417 790,417 790,445 748,445"/>
                    <TextEquiv>
                        <Unicode>auf</Unicode>
                    </TextEquiv>
                    <TextStyle fontFamily="Arial" fontSize="8.5"/>
                </Word>
                <Word id="w_w1aab1b7b2b1b1ac47" language="German" custom="readingOrder {index:4;}">
                    <Coords points="809,414 979,414 979,445 809,445"/>
                    <TextEquiv>
                        <Unicode>gegenwärtige</Unicode>
                    </TextEquiv>
                    <TextStyle fontFamily="Arial" fontSize="8.5"/>
                </Word>
                <Word id="w_w1aab1b7b2b1b1ac73" language="German" custom="readingOrder {index:5;}">
                    <Coords points="990,410 1101,410 1101,439 990,439"/>
                    <TextEquiv>
                        <Unicode>Zeitung,</Unicode>
                    </TextEquiv>
                    <TextStyle fontFamily="Arial" fontSize="8.5"/>
                </Word>
                <Word id="w_w1aab1b7b2b1b1ac91" language="German" custom="readingOrder {index:6;}">
                    <Coords points="1124,408 1150,408 1150,429 1124,429"/>
                    <TextEquiv>
                        <Unicode>in</Unicode>
                    </TextEquiv>
                    <TextStyle fontFamily="Arial" fontSize="8.5"/>
                </Word>
                <Word id="w_w1aab1b7b2b1b1ac97" language="German" custom="readingOrder {index:7;}">
                    <Coords points="1164,408 1203,408 1203,427 1164,427"/>
                    <TextEquiv>
                        <Unicode>der</Unicode>
                    </TextEquiv>
                    <TextStyle fontFamily="Arial" fontSize="8.5"/>
                </Word>
                <Word id="w_w1aab1b7b2b1b1ad105" language="German" custom="readingOrder {index:8;}">
                    <Coords points="1216,400 1350,400 1350,429 1216,429"/>
                    <TextEquiv>
                        <Unicode>Buchhand¬</Unicode>
                    </TextEquiv>
                    <TextStyle fontFamily="Arial" fontSize="8.5"/>
                </Word>
                <TextEquiv>
                    <Unicode>Man abonnirt sich auf gegenwärtige Zeitung, in der Buchhand¬</Unicode>
                </TextEquiv>
                <TextStyle fontFamily="Arial" fontSize="8.5"/>
            </TextLine>
            <TextLine id="tl_5" primaryLanguage="German" custom="readingOrder {index:4;}">
                <Coords points="504,453 1317,428 1320,461 507,486"/>
                <Baseline points="507,481 1320,456"/>
                <Word id="w_w1aab1b7b2b1b3ab1" language="German" custom="readingOrder {index:0;}">
                    <Coords points="507,454 563,454 563,483 507,483"/>
                    <TextEquiv>
                        <Unicode>lung</Unicode>
                    </TextEquiv>
                    <TextStyle fontFamily="Arial" fontSize="8.5"/>
                </Word>
                <Word id="w_w1aab1b7b2b1b3b1b1" language="German" custom="readingOrder {index:1;}">
                    <Coords points="577,453 683,453 683,480 577,480"/>
                    <TextEquiv>
                        <Unicode>Orell,</Unicode>
                    </TextEquiv>
                    <TextStyle fontFamily="Arial" fontSize="8.5"/>
                </Word>
                <Word id="w_w1aab1b7b2b1b3b1c15" language="German" custom="readingOrder {index:2;}">
                    <Coords points="698,447 794,447 794,479 698,479"/>
                    <TextEquiv>
                        <Unicode>Füßli</Unicode>
                    </TextEquiv>
                    <TextStyle fontFamily="Arial" fontSize="8.5"/>
                </Word>
                <Word id="w_w1aab1b7b2b1b3b1c27" language="German" custom="readingOrder {index:3;}">
                    <Coords points="808,451 852,451 852,473 808,473"/>
                    <TextEquiv>
                        <Unicode>und</Unicode>
                    </TextEquiv>
                    <TextStyle fontFamily="Arial" fontSize="8.5"/>
                </Word>
                <Word id="w_w1aab1b7b2b1b3b1c35" language="German" custom="readingOrder {index:4;}">
                    <Coords points="866,448 978,448 978,476 866,476"/>
                    <TextEquiv>
                        <Unicode>Comp.,</Unicode>
                    </TextEquiv>
                    <TextStyle fontFamily="Arial" fontSize="8.5"/>
                </Word>
                <Word id="w_w1aab1b7b2b1b3b2b3" language="German" custom="readingOrder {index:5;}">
                    <Coords points="996,443 1089,443 1089,471 996,471"/>
                    <TextEquiv>
                        <Unicode>jährlich</Unicode>
                    </TextEquiv>
                    <TextStyle fontFamily="Arial" fontSize="8.5"/>
                </Word>
                <Word id="w_w1aab1b7b2b1b3b2c21" language="German" custom="readingOrder {index:6;}">
                    <Coords points="1103,438 1147,438 1147,466 1103,466"/>
                    <TextEquiv>
                        <Unicode>mit</Unicode>
                    </TextEquiv>
                    <TextStyle fontFamily="Arial" fontSize="8.5"/>
                </Word>
                <Word id="w_w1aab1b7b2b1b3b3b1" language="German" custom="readingOrder {index:7;}">
                    <Coords points="1157,438 1243,438 1243,466 1157,466"/>
                    <TextEquiv>
                        <Unicode>Zwey</Unicode>
                    </TextEquiv>
                    <TextStyle fontFamily="Arial" fontSize="8.5"/>
                </Word>
                <Word id="w_w1aab1b7b2b1b3b4b3" language="German" custom="readingOrder {index:8;}">
                    <Coords points="1258,432 1319,432 1319,458 1258,458"/>
                    <TextEquiv>
                        <Unicode>Gul¬</Unicode>
                    </TextEquiv>
                    <TextStyle fontFamily="Arial" fontSize="8.5"/>
                </Word>
                <TextEquiv>
                    <Unicode>lung Orell, Füßli und Comp., jährlich mit Zwey Gul¬</Unicode>
                </TextEquiv>
            </TextLine>
            <TextLine id="tl_6" primaryLanguage="German" custom="readingOrder {index:5;}">
                <Coords points="505,487 1318,466 1319,498 506,519"/>
                <Baseline points="506,514 1319,493"/>
                <Word id="w_w1aab1b7b2b1b5ab1" language="German" custom="readingOrder {index:0;}">
                    <Coords points="506,491 547,491 547,511 506,511"/>
                    <TextEquiv>
                        <Unicode>den</Unicode>
                    </TextEquiv>
                    <TextStyle fontFamily="Arial" fontSize="8.5"/>
                </Word>
                <Word id="w_w1aab1b7b2b1b5ab9" language="German" custom="readingOrder {index:1;}">
                    <Coords points="561,486 605,486 605,513 561,513"/>
                    <TextEquiv>
                        <Unicode>und</Unicode>
                    </TextEquiv>
                    <TextStyle fontFamily="Arial" fontSize="8.5"/>
                </Word>
                <Word id="w_w1aab1b7b2b1b5b1b1" language="German" custom="readingOrder {index:2;}">
                    <Coords points="620,484 719,484 719,513 620,513"/>
                    <TextEquiv>
                        <Unicode>Zehen</Unicode>
                    </TextEquiv>
                    <TextStyle fontFamily="Arial" fontSize="8.5"/>
                </Word>
                <Word id="w_w1aab1b7b2b1b5b2b3" language="German" custom="readingOrder {index:3;}">
                    <Coords points="737,483 834,483 834,513 737,513"/>
                    <TextEquiv>
                        <Unicode>Batzen,</Unicode>
                    </TextEquiv>
                    <TextStyle fontFamily="Arial" fontSize="8.5"/>
                </Word>
                <Word id="w_w1aab1b7b2b1b5b2c17" language="German" custom="readingOrder {index:4;}">
                    <Coords points="848,478 992,478 992,509 848,509"/>
                    <TextEquiv>
                        <Unicode>halbjährlich</Unicode>
                    </TextEquiv>
                    <TextStyle fontFamily="Arial" fontSize="8.5"/>
                </Word>
                <Word id="w_w1aab1b7b2b1b5b2c43" language="German" custom="readingOrder {index:5;}">
                    <Coords points="1007,474 1047,474 1047,499 1007,499"/>
                    <TextEquiv>
                        <Unicode>mir</Unicode>
                    </TextEquiv>
                    <TextStyle fontFamily="Arial" fontSize="8.5"/>
                </Word>
                <Word id="w_w1aab1b7b2b1b5b3b1" language="German" custom="readingOrder {index:6;}">
                    <Coords points="1060,474 1159,474 1159,498 1060,498"/>
                    <TextEquiv>
                        <Unicode>Einem</Unicode>
                    </TextEquiv>
                    <TextStyle fontFamily="Arial" fontSize="8.5"/>
                </Word>
                <Word id="w_w1aab1b7b2b1b5b4b3" language="German" custom="readingOrder {index:7;}">
                    <Coords points="1176,469 1265,469 1265,495 1176,495"/>
                    <TextEquiv>
                        <Unicode>Gulden</Unicode>
                    </TextEquiv>
                    <TextStyle fontFamily="Arial" fontSize="8.5"/>
                </Word>
                <Word id="w_w1aab1b7b2b1b5b4c17" language="German" custom="readingOrder {index:8;}">
                    <Coords points="1277,468 1320,468 1320,489 1277,489"/>
                    <TextEquiv>
                        <Unicode>und</Unicode>
                    </TextEquiv>
                    <TextStyle fontFamily="Arial" fontSize="8.5"/>
                </Word>
                <TextEquiv>
                    <Unicode>den und Zehen Batzen, halbjährlich mir Einem Gulden und</Unicode>
                </TextEquiv>
            </TextLine>
            <TextLine id="tl_7" primaryLanguage="German" custom="readingOrder {index:6;}">
                <Coords points="507,517 1322,496 1323,531 508,552"/>
                <Baseline points="508,547 1323,526"/>
                <Word id="w_w1aab1b7b2b1b7ab1" language="German" custom="readingOrder {index:0;}">
                    <Coords points="508,519 590,519 590,550 508,550"/>
                    <TextEquiv>
                        <Unicode>Fünf</Unicode>
                    </TextEquiv>
                    <TextStyle fontFamily="Arial" fontSize="8.5"/>
                </Word>
                <Word id="w_w1aab1b7b2b1b7b1b3" language="German" custom="readingOrder {index:1;}">
                    <Coords points="610,518 702,518 702,549 610,549"/>
                    <TextEquiv>
                        <Unicode>Batzen.</Unicode>
                    </TextEquiv>
                    <TextStyle fontFamily="Arial" fontSize="8.5"/>
                </Word>
                <Word id="w_w1aab1b7b2b1b7b1c19" language="German" custom="readingOrder {index:2;}">
                    <Coords points="736,516 882,516 882,543 736,543"/>
                    <TextEquiv>
                        <Unicode>Auswärtige</Unicode>
                    </TextEquiv>
                    <TextStyle fontFamily="Arial" fontSize="8.5"/>
                </Word>
                <Word id="w_w1aab1b7b2b1b7b1c41" language="German" custom="readingOrder {index:3;}">
                    <Coords points="899,512 960,512 960,539 899,539"/>
                    <TextEquiv>
                        <Unicode>Leser</Unicode>
                    </TextEquiv>
                    <TextStyle fontFamily="Arial" fontSize="8.5"/>
                </Word>
                <Word id="w_w1aab1b7b2b1b7b1c53" language="German" custom="readingOrder {index:4;}">
                    <Coords points="975,509 1060,509 1060,537 975,537"/>
                    <TextEquiv>
                        <Unicode>einigen</Unicode>
                    </TextEquiv>
                    <TextStyle fontFamily="Arial" fontSize="8.5"/>
                </Word>
                <Word id="w_w1aab1b7b2b1b7b1c69" language="German" custom="readingOrder {index:5;}">
                    <Coords points="1074,506 1111,506 1111,534 1074,534"/>
                    <TextEquiv>
                        <Unicode>sich</Unicode>
                    </TextEquiv>
                    <TextStyle fontFamily="Arial" fontSize="8.5"/>
                </Word>
                <Word id="word_1513341639980_1886" language="German" custom="readingOrder {index:6;}">
                    <Coords points="1189,528 1128,528 1128,501 1189,501"/>
                    <TextEquiv>
                        <Unicode>über</Unicode>
                    </TextEquiv>
                    <TextStyle fontFamily="Arial" fontSize="8.5"/>
                </Word>
                <Word id="word_1513341639979_1885" language="German" custom="readingOrder {index:7;}">
                    <Coords points="1234,528 1189,528 1189,501 1234,501"/>
                    <TextEquiv>
                        <Unicode>den</Unicode>
                    </TextEquiv>
                    <TextStyle fontFamily="Arial" fontSize="8.5"/>
                </Word>
                <Word id="w_w1aab1b7b2b1b7b1c95" language="German" custom="readingOrder {index:8;}">
                    <Coords points="1249,500 1322,500 1322,527 1249,527"/>
                    <TextEquiv>
                        <Unicode>Preis</Unicode>
                    </TextEquiv>
                    <TextStyle fontFamily="Arial" fontSize="8.5"/>
                </Word>
                <TextEquiv>
                    <Unicode>Fünf Batzen. Auswärtige Leser einigen sich über den Preis</Unicode>
                </TextEquiv>
            </TextLine>
            <TextLine id="line_1524467194176_355" primaryLanguage="German" custom="readingOrder {index:7;}">
                <Coords points="1056,581 761,581 761,541 1056,541"/>
                <Baseline points="764,574 1057,568"/>
                <Word id="w_w1aab1b7b2b1b9ab5" language="German" custom="readingOrder {index:0;}">
                    <Coords points="768,550 808,550 808,571 768,571"/>
                    <TextEquiv>
                        <Unicode>mit</Unicode>
                    </TextEquiv>
                    <TextStyle fontFamily="Arial" fontSize="8.5"/>
                </Word>
                <Word id="w_w1aab1b7b2b1b9ac13" language="German" custom="readingOrder {index:1;}">
                    <Coords points="823,547 887,547 887,574 823,574"/>
                    <TextEquiv>
                        <Unicode>ihren</Unicode>
                    </TextEquiv>
                    <TextStyle fontFamily="Arial" fontSize="8.5"/>
                </Word>
                <Word id="w_w1aab1b7b2b1b9ac25" language="German" custom="readingOrder {index:2;}">
                    <Coords points="901,544 1056,544 1056,572 901,572"/>
                    <TextEquiv>
                        <Unicode>Postämtern.</Unicode>
                    </TextEquiv>
                    <TextStyle fontFamily="Arial" fontSize="8.5"/>
                </Word>
                <TextEquiv>
                    <Unicode>mit ihren Postämtern.</Unicode>
                </TextEquiv>
                <TextStyle fontFamily="Arial" fontSize="8.5"/>
            </TextLine>
            <TextLine id="tl_9" primaryLanguage="German" custom="readingOrder {index:8;}">
                <Coords points="1436,416 1681,416 1681,470 1436,470"/>
                <Baseline points="1437,462 1682,462"/>
                <Word id="w_w1aab1b9b2b1b1ab1" language="German" custom="readingOrder {index:0;}">
                    <Coords points="1436,419 1681,419 1681,466 1436,466"/>
                    <TextEquiv>
                        <Unicode>Dienstag,</Unicode>
                    </TextEquiv>
                    <TextStyle fontFamily="Arial" fontSize="17.0"/>
                </Word>
                <TextEquiv>
                    <Unicode>Dienstag,</Unicode>
                </TextEquiv>
                <TextStyle fontFamily="Arial" fontSize="17.0"/>
            </TextLine>
            <TextLine id="tl_10" primaryLanguage="German" custom="readingOrder {index:9;}">
                <Coords points="1408,484 1709,484 1709,530 1408,530"/>
                <Baseline points="1408,521 1709,521"/>
                <Word id="w_w1aab1b9b2b3b1ab1" language="German" custom="readingOrder {index:0;}">
                    <Coords points="1408,497 1461,497 1461,525 1408,525"/>
                    <TextEquiv>
                        <Unicode>den</Unicode>
                    </TextEquiv>
                    <TextStyle fontFamily="Arial" fontSize="10.5"/>
                </Word>
                <Word id="w_w1aab1b9b2b3b1ab9" language="German" custom="readingOrder {index:1;}">
                    <Coords points="1482,494 1567,494 1567,521 1482,521"/>
                    <TextEquiv>
                        <Unicode>22ten</Unicode>
                    </TextEquiv>
                    <TextStyle fontFamily="Arial" fontSize="10.5"/>
                </Word>
                <Word id="word_1513341593487_1884" language="German" custom="readingOrder {index:2;}">
                    <Coords points="1636,485 1709,485 1709,524 1636,524 1590,520 1590,486"/>
                    <TextEquiv>
                        <Unicode>März.</Unicode>
                    </TextEquiv>
                    <TextStyle fontFamily="Arial" fontSize="10.5"/>
                </Word>
                <TextEquiv>
                    <Unicode>den 22ten März.</Unicode>
                </TextEquiv>
            </TextLine>
            <TextLine id="tl_11" primaryLanguage="German" custom="readingOrder {index:10;}">
                <Coords points="99,640 1760,602 1761,652 100,690"/>
                <Baseline points="100,685 1761,647"/>
                <Word id="w_w1aab1c11b2b1b1ab1" language="German" custom="readingOrder {index:0;}">
                    <Coords points="100,655 287,655 287,695 100,695"/>
                    <TextEquiv>
                        <Unicode>Inländische</Unicode>
                    </TextEquiv>
                    <TextStyle fontFamily="Arial" fontSize="10.5"/>
                </Word>
                <Word id="w_w1aab1c11b2b1b1ac25" language="German" custom="readingOrder {index:1;}">
                    <Coords points="299,649 495,649 495,685 299,685"/>
                    <TextEquiv>
                        <Unicode>Nachrichten.</Unicode>
                    </TextEquiv>
                    <TextStyle fontFamily="Arial" fontSize="10.5"/>
                </Word>
                <Word id="w_w1aab1c11b2b1b1ac51" language="German" custom="readingOrder {index:2;}">
                    <Coords points="537,647 628,647 628,675 537,675"/>
                    <TextEquiv>
                        <Unicode>Arau.</Unicode>
                    </TextEquiv>
                    <TextStyle fontFamily="Arial" fontSize="10.5"/>
                </Word>
                <Word id="w_w1aab1c11b2b1b1ac63" language="German" custom="readingOrder {index:3;}">
                    <Coords points="669,640 890,640 890,677 669,677"/>
                    <TextEquiv>
                        <Unicode>Constituirung</Unicode>
                    </TextEquiv>
                    <TextStyle fontFamily="Arial" fontSize="10.5"/>
                </Word>
                <Word id="w_w1aab1c11b2b1b1ac91" language="German" custom="readingOrder {index:4;}">
                    <Coords points="900,642 956,642 956,667 900,667"/>
                    <TextEquiv>
                        <Unicode>von</Unicode>
                    </TextEquiv>
                    <TextStyle fontFamily="Arial" fontSize="10.5"/>
                </Word>
                <Word id="w_w1aab1c11b2b1b1ac99" language="German" custom="readingOrder {index:5;}">
                    <Coords points="966,633 1091,633 1091,666 966,666"/>
                    <TextEquiv>
                        <Unicode>Glarus.</Unicode>
                    </TextEquiv>
                    <TextStyle fontFamily="Arial" fontSize="10.5"/>
                </Word>
                <Word id="w_w1aab1c11b2b1b1ad115" language="German" custom="readingOrder {index:6;}">
                    <Coords points="1130,625 1243,625 1243,666 1130,666"/>
                    <TextEquiv>
                        <Unicode>Zürich.</Unicode>
                    </TextEquiv>
                    <TextStyle fontFamily="Arial" fontSize="10.5"/>
                </Word>
                <Word id="w_w1aab1c11b2b1b1ad131" language="German" custom="readingOrder {index:7;}">
                    <Coords points="1263,617 1525,617 1525,661 1263,661"/>
                    <TextEquiv>
                        <Unicode>(Wahlordnung.)</Unicode>
                    </TextEquiv>
                    <TextStyle fontFamily="Arial" fontSize="10.5"/>
                </Word>
                <Word id="w_w1aab1c11b2b1b1ad161" language="German" custom="readingOrder {index:8;}">
                    <Coords points="1564,616 1660,616 1660,646 1564,646"/>
                    <TextEquiv>
                        <Unicode>Bern.</Unicode>
                    </TextEquiv>
                    <TextStyle fontFamily="Arial" fontSize="10.5"/>
                </Word>
                <Word id="w_w1aab1c11b2b1b1ad173" language="German" custom="readingOrder {index:9;}">
                    <Coords points="1680,613 1765,613 1765,649 1680,649"/>
                    <TextEquiv>
                        <Unicode>(Pro¬</Unicode>
                    </TextEquiv>
                    <TextStyle fontFamily="Arial" fontSize="10.5"/>
                </Word>
                <TextEquiv>
                    <Unicode>Inländische Nachrichten. Arau. Constituirung von Glarus. Zürich. (Wahlordnung.) Bern. (Pro¬</Unicode>
                </TextEquiv>
                <TextStyle fontFamily="Arial" fontSize="10.5"/>
            </TextLine>
            <TextLine id="tl_12" primaryLanguage="German" custom="readingOrder {index:11;}">
                <Coords points="141,691 904,675 903,713 140,729"/>
                <Baseline points="140,724 903,708"/>
                <Word id="w_w1aab1c11b2b1b3ab1" language="German" custom="readingOrder {index:0;}">
                    <Coords points="140,691 296,691 296,726 140,726"/>
                    <TextEquiv>
                        <Unicode>klamation</Unicode>
                    </TextEquiv>
                    <TextStyle fontFamily="Arial" fontSize="10.5"/>
                </Word>
                <Word id="w_w1aab1c11b2b1b3ac21" language="German" custom="readingOrder {index:1;}">
                    <Coords points="311,692 357,692 357,720 311,720"/>
                    <TextEquiv>
                        <Unicode>der</Unicode>
                    </TextEquiv>
                    <TextStyle fontFamily="Arial" fontSize="10.5"/>
                </Word>
                <Word id="w_w1aab1c11b2b1b3ac29" language="German" custom="readingOrder {index:2;}">
                    <Coords points="367,687 476,687 476,724 367,724"/>
                    <TextEquiv>
                        <Unicode>dasigen</Unicode>
                    </TextEquiv>
                    <TextStyle fontFamily="Arial" fontSize="10.5"/>
                </Word>
                <Word id="w_w1aab1c11b2b1b3ac45" language="German" custom="readingOrder {index:3;}">
                    <Coords points="492,675 907,675 907,719 492,719"/>
                    <TextEquiv>
                        <Unicode>Regierungs-Commission.)</Unicode>
                    </TextEquiv>
                    <TextStyle fontFamily="Arial" fontSize="10.5"/>
                </Word>
                <TextEquiv>
                    <Unicode>klamation der dasigen Regierungs-Commission.)</Unicode>
                </TextEquiv>
                <TextStyle fontFamily="Arial" fontSize="10.5"/>
            </TextLine>
            <TextEquiv>
                <Unicode>Zürcher Zeitung.
1803.
Nro. 23.
Man abonnirt sich auf gegenwärtige Zeitung, in der Buchhand¬
lung Orell, Füßli und Comp., jährlich mit Zwey Gul¬
den und Zehen Batzen, halbjährlich mir Einem Gulden und
Fünf Batzen. Auswärtige Leser einigen sich über den Preis
mit ihren Postämtern.
Dienstag,
den 22ten März.
Inländische Nachrichten. Arau. Constituirung von Glarus. Zürich. (Wahlordnung.) Bern. (Pro¬
klamation der dasigen Regierungs-Commission.)</Unicode>
            </TextEquiv>
        </TextRegion>
        <TextRegion type="paragraph" id="r_1_1" custom="readingOrder {index:1;}">
            <Coords points="75,29 1728,29 1728,233 75,233"/>
            <TextEquiv>
                <Unicode></Unicode>
            </TextEquiv>
        </TextRegion>
        <TextRegion type="paragraph" id="r_2_1" custom="readingOrder {index:2;}">
            <Coords points="701,253 1149,253 1149,358 701,358"/>
            <TextEquiv>
                <Unicode></Unicode>
            </TextEquiv>
        </TextRegion>
        <TextRegion type="paragraph" id="r_3_1" custom="readingOrder {index:3;}">
            <Coords points="147,483 396,483 396,556 147,556"/>
            <TextEquiv>
                <Unicode></Unicode>
            </TextEquiv>
        </TextRegion>
        <TextRegion type="paragraph" id="r_4_1" custom="readingOrder {index:4;}">
            <Coords points="476,397 1351,397 1351,582 476,582"/>
            <TextEquiv>
                <Unicode></Unicode>
            </TextEquiv>
        </TextRegion>
        <TextRegion type="paragraph" id="r_5_1" custom="readingOrder {index:5;}">
            <Coords points="1435,415 1682,415 1682,471 1435,471"/>
            <TextEquiv>
                <Unicode></Unicode>
            </TextEquiv>
        </TextRegion>
        <TextRegion type="paragraph" id="r_5_2" custom="readingOrder {index:6;}">
            <Coords points="1407,483 1710,483 1710,531 1407,531"/>
            <TextEquiv>
                <Unicode></Unicode>
            </TextEquiv>
        </TextRegion>
        <TextRegion type="paragraph" id="r_6_1" custom="readingOrder {index:7;}">
            <Coords points="99,611 1766,611 1766,731 99,731"/>
            <TextEquiv>
                <Unicode></Unicode>
            </TextEquiv>
        </TextRegion>
        <TextRegion type="paragraph" id="r_7_1" custom="readingOrder {index:8;}">
            <Coords points="174,780 787,780 787,832 174,832"/>
            <TextLine id="tl_13" primaryLanguage="German" custom="readingOrder {index:0;}">
                <Coords points="175,781 786,781 786,831 175,831"/>
                <Baseline points="177,827 783,815"/>
                <Word id="word_1513341723253_1887" language="German" custom="readingOrder {index:0;}">
                    <Coords points="271,790 472,790 472,825 259,831 175,831 175,793"/>
                    <TextEquiv>
                        <Unicode>Innländische</Unicode>
                    </TextEquiv>
                    <TextStyle fontFamily="Arial" fontSize="10.5"/>
                </Word>
                <Word id="w_w1aab1c13b2b1b1b1c21" language="German" custom="readingOrder {index:1;}">
                    <Coords points="517,783 786,783 786,821 517,821"/>
                    <TextEquiv>
                        <Unicode>Nachrichten.</Unicode>
                    </TextEquiv>
                    <TextStyle fontFamily="Arial" fontSize="10.5"/>
                </Word>
                <TextEquiv>
                    <Unicode>Innländische Nachrichten.</Unicode>
                </TextEquiv>
            </TextLine>
            <TextEquiv>
                <Unicode>Innländische Nachrichten.</Unicode>
            </TextEquiv>
        </TextRegion>
        <TextRegion type="paragraph" id="r_7_2" custom="readingOrder {index:9;}">
            <Coords points="69,813 905,813 905,1315 69,1315"/>
            <TextLine id="tl_14" primaryLanguage="German" custom="readingOrder {index:0;}">
                <Coords points="107,827 893,812 894,854 108,869"/>
                <Baseline points="108,864 894,849"/>
                <Word id="w_w1aab1c13b2b3b1ab1" language="German" custom="readingOrder {index:0;}">
                    <Coords points="108,832 316,832 316,870 108,870"/>
                    <TextEquiv>
                        <Unicode>Freyburg,</Unicode>
                    </TextEquiv>
                    <TextStyle fontFamily="Arial" fontSize="10.5"/>
                </Word>
                <Word id="w_w1aab1c13b2b3b1b1b3" language="German" custom="readingOrder {index:1;}">
                    <Coords points="336,837 369,837 369,864 336,864"/>
                    <TextEquiv>
                        <Unicode>13</Unicode>
                    </TextEquiv>
                    <TextStyle fontFamily="Arial" fontSize="10.5"/>
                </Word>
                <Word id="w_w1aab1c13b2b3b1b1b9" language="German" custom="readingOrder {index:2;}">
                    <Coords points="392,827 488,827 488,863 392,863"/>
                    <TextEquiv>
                        <Unicode>März.</Unicode>
                    </TextEquiv>
                    <TextStyle fontFamily="Arial" fontSize="10.5"/>
                </Word>
                <Word id="word_1513341741917_1889" language="German" custom="readingOrder {index:3;}">
                    <Coords points="592,855 526,855 526,822 592,822"/>
                    <TextEquiv>
                        <Unicode>Der</Unicode>
                    </TextEquiv>
                    <TextStyle fontFamily="Arial" fontSize="10.5"/>
                </Word>
                <Word id="word_1513341741917_1888" language="German" custom="readingOrder {index:4;}">
                    <Coords points="724,855 592,855 592,822 724,822"/>
                    <TextEquiv>
                        <Unicode>General</Unicode>
                    </TextEquiv>
                    <TextStyle fontFamily="Arial" fontSize="10.5"/>
                </Word>
                <Word id="w_w1aab1c13b2b3b1b1c43" language="German" custom="readingOrder {index:5;}">
                    <Coords points="734,822 791,822 791,851 734,851"/>
                    <TextEquiv>
                        <Unicode>und</Unicode>
                    </TextEquiv>
                    <TextStyle fontFamily="Arial" fontSize="10.5"/>
                </Word>
                <Word id="w_w1aab1c13b2b3b1b1c51" language="German" custom="readingOrder {index:6;}">
                    <Coords points="800,817 892,817 892,851 800,851"/>
                    <TextEquiv>
                        <Unicode>Mini¬</Unicode>
                    </TextEquiv>
                    <TextStyle fontFamily="Arial" fontSize="10.5"/>
                </Word>
                <TextEquiv>
                    <Unicode>Freyburg, 13 März. Der General und Mini¬</Unicode>
                </TextEquiv>
            </TextLine>
            <TextLine id="tl_15" primaryLanguage="German" custom="readingOrder {index:1;}">
                <Coords points="70,851 897,851 897,911 70,911"/>
                <Baseline points="70,903 895,885"/>
                <Word id="w_w1aab1c13b2b3b3ab1" language="German" custom="readingOrder {index:0;}">
                    <Coords points="70,873 123,873 123,911 70,911"/>
                    <TextEquiv>
                        <Unicode>ster</Unicode>
                    </TextEquiv>
                    <TextStyle fontFamily="Arial" fontSize="10.5"/>
                </Word>
                <Word id="w_w1aab1c13b2b3b3ac11" language="German" custom="readingOrder {index:1;}">
                    <Coords points="138,873 214,873 214,905 138,905"/>
                    <TextEquiv>
                        <Unicode>Ney</Unicode>
                    </TextEquiv>
                    <TextStyle fontFamily="Arial" fontSize="10.5"/>
                </Word>
                <Word id="w_w1aab1c13b2b3b3ac19" language="German" custom="readingOrder {index:2;}">
                    <Coords points="232,869 268,869 268,905 232,905"/>
                    <TextEquiv>
                        <Unicode>ist</Unicode>
                    </TextEquiv>
                    <TextStyle fontFamily="Arial" fontSize="10.5"/>
                </Word>
                <Word id="w_w1aab1c13b2b3b3ac27" language="German" custom="readingOrder {index:3;}">
                    <Coords points="282,866 349,866 349,902 282,902"/>
                    <TextEquiv>
                        <Unicode>noch</Unicode>
                    </TextEquiv>
                    <TextStyle fontFamily="Arial" fontSize="10.5"/>
                </Word>
                <Word id="w_w1aab1c13b2b3b3ac37" language="German" custom="readingOrder {index:4;}">
                    <Coords points="366,864 440,864 440,899 366,899"/>
                    <TextEquiv>
                        <Unicode>nicht</Unicode>
                    </TextEquiv>
                    <TextStyle fontFamily="Arial" fontSize="10.5"/>
                </Word>
                <Word id="w_w1aab1c13b2b3b3ac49" language="German" custom="readingOrder {index:5;}">
                    <Coords points="454,865 485,865 485,893 454,893"/>
                    <TextEquiv>
                        <Unicode>in</Unicode>
                    </TextEquiv>
                    <TextStyle fontFamily="Arial" fontSize="10.5"/>
                </Word>
                <Word id="w_w1aab1c13b2b3b3ac55" language="German" custom="readingOrder {index:6;}">
                    <Coords points="503,858 653,858 653,896 503,896"/>
                    <TextEquiv>
                        <Unicode>Freyburg</Unicode>
                    </TextEquiv>
                    <TextStyle fontFamily="Arial" fontSize="10.5"/>
                </Word>
                <Word id="w_w1aab1c13b2b3b3ac73" language="German" custom="readingOrder {index:7;}">
                    <Coords points="662,859 806,859 806,895 662,895"/>
                    <TextEquiv>
                        <Unicode>gewesen;</Unicode>
                    </TextEquiv>
                    <TextStyle fontFamily="Arial" fontSize="10.5"/>
                </Word>
                <Word id="w_w1aab1c13b2b3b3ac91" language="German" custom="readingOrder {index:8;}">
                    <Coords points="828,861 896,861 896,885 828,885"/>
                    <TextEquiv>
                        <Unicode>man</Unicode>
                    </TextEquiv>
                    <TextStyle fontFamily="Arial" fontSize="10.5"/>
                </Word>
                <TextEquiv>
                    <Unicode>ster Ney ist noch nicht in Freyburg gewesen; man</Unicode>
                </TextEquiv>
                <TextStyle fontFamily="Arial" fontSize="10.5"/>
            </TextLine>
            <TextLine id="tl_16" primaryLanguage="German" custom="readingOrder {index:2;}">
                <Coords points="70,889 897,889 897,948 70,948"/>
                <Baseline points="67,942 900,926"/>
                <Word id="w_w1aab1c13b2b3b5ab1" language="German" custom="readingOrder {index:0;}">
                    <Coords points="70,911 203,911 203,941 70,941"/>
                    <TextEquiv>
                        <Unicode>erwartet</Unicode>
                    </TextEquiv>
                    <TextStyle fontFamily="Arial" fontSize="10.5"/>
                </Word>
                <Word id="w_w1aab1c13b2b3b5ac19" language="German" custom="readingOrder {index:1;}">
                    <Coords points="216,906 263,906 263,938 216,938"/>
                    <TextEquiv>
                        <Unicode>ihn</Unicode>
                    </TextEquiv>
                    <TextStyle fontFamily="Arial" fontSize="10.5"/>
                </Word>
                <Word id="w_w1aab1c13b2b3b5ac27" language="German" custom="readingOrder {index:2;}">
                    <Coords points="273,903 315,903 315,933 273,933"/>
                    <TextEquiv>
                        <Unicode>die</Unicode>
                    </TextEquiv>
                    <TextStyle fontFamily="Arial" fontSize="10.5"/>
                </Word>
                <Word id="w_w1aab1c13b2b3b5ac35" language="German" custom="readingOrder {index:3;}">
                    <Coords points="326,904 411,904 411,937 326,937"/>
                    <TextEquiv>
                        <Unicode>ersten</Unicode>
                    </TextEquiv>
                    <TextStyle fontFamily="Arial" fontSize="10.5"/>
                </Word>
                <Word id="w_w1aab1c13b2b3b5ac49" language="German" custom="readingOrder {index:4;}">
                    <Coords points="424,900 514,900 514,935 424,935"/>
                    <TextEquiv>
                        <Unicode>Tage.</Unicode>
                    </TextEquiv>
                    <TextStyle fontFamily="Arial" fontSize="10.5"/>
                </Word>
                <Word id="w_w1aab1c13b2b3b5ac61" language="German" custom="readingOrder {index:5;}">
                    <Coords points="554,899 616,899 616,928 554,928"/>
                    <TextEquiv>
                        <Unicode>Der</Unicode>
                    </TextEquiv>
                    <TextStyle fontFamily="Arial" fontSize="10.5"/>
                </Word>
                <Word id="w_w1aab1c13b2b3b5ac69" language="German" custom="readingOrder {index:6;}">
                    <Coords points="626,895 761,895 761,931 626,931"/>
                    <TextEquiv>
                        <Unicode>Minister</Unicode>
                    </TextEquiv>
                    <TextStyle fontFamily="Arial" fontSize="10.5"/>
                </Word>
                <Word id="w_w1aab1c13b2b3b5ac87" language="German" custom="readingOrder {index:7;}">
                    <Coords points="769,893 896,893 896,930 769,930"/>
                    <TextEquiv>
                        <Unicode>Stapfer</Unicode>
                    </TextEquiv>
                    <TextStyle fontFamily="Arial" fontSize="10.5"/>
                </Word>
                <TextEquiv>
                    <Unicode>erwartet ihn die ersten Tage. Der Minister Stapfer</Unicode>
                </TextEquiv>
                <TextStyle fontFamily="Arial" fontSize="10.5"/>
            </TextLine>
            <TextLine id="tl_17" primaryLanguage="German" custom="readingOrder {index:3;}">
                <Coords points="71,926 899,926 899,984 71,984"/>
                <Baseline points="72,976 898,957"/>
                <Word id="w_w1aab1c13b2b3b7ab1" language="German" custom="readingOrder {index:0;}">
                    <Coords points="71,948 107,948 107,983 71,983"/>
                    <TextEquiv>
                        <Unicode>ist</Unicode>
                    </TextEquiv>
                    <TextStyle fontFamily="Arial" fontSize="10.5"/>
                </Word>
                <Word id="w_w1aab1c13b2b3b7ab9" language="German" custom="readingOrder {index:1;}">
                    <Coords points="125,944 181,944 181,978 125,978"/>
                    <TextEquiv>
                        <Unicode>auf</Unicode>
                    </TextEquiv>
                    <TextStyle fontFamily="Arial" fontSize="10.5"/>
                </Word>
                <Word id="w_w1aab1c13b2b3b7ac17" language="German" custom="readingOrder {index:2;}">
                    <Coords points="196,944 246,944 246,972 196,972"/>
                    <TextEquiv>
                        <Unicode>den</Unicode>
                    </TextEquiv>
                    <TextStyle fontFamily="Arial" fontSize="10.5"/>
                </Word>
                <Word id="w_w1aab1c13b2b3b7ac25" language="German" custom="readingOrder {index:3;}">
                    <Coords points="269,944 350,944 350,974 269,974"/>
                    <TextEquiv>
                        <Unicode>15ten</Unicode>
                    </TextEquiv>
                    <TextStyle fontFamily="Arial" fontSize="10.5"/>
                </Word>
                <Word id="w_w1aab1c13b2b3b7ac37" language="German" custom="readingOrder {index:4;}">
                    <Coords points="370,940 502,940 502,967 370,967"/>
                    <TextEquiv>
                        <Unicode>erwartet</Unicode>
                    </TextEquiv>
                    <TextStyle fontFamily="Arial" fontSize="10.5"/>
                </Word>
                <Word id="w_w1aab1c13b2b3b7ac55" language="German" custom="readingOrder {index:5;}">
                    <Coords points="514,933 658,933 658,971 514,971"/>
                    <TextEquiv>
                        <Unicode>gewesen,</Unicode>
                    </TextEquiv>
                    <TextStyle fontFamily="Arial" fontSize="10.5"/>
                </Word>
                <Word id="w_w1aab1c13b2b3b7ac73" language="German" custom="readingOrder {index:6;}">
                    <Coords points="679,938 728,938 728,961 679,961"/>
                    <TextEquiv>
                        <Unicode>um</Unicode>
                    </TextEquiv>
                    <TextStyle fontFamily="Arial" fontSize="10.5"/>
                </Word>
                <Word id="w_w1aab1c13b2b3b7ac79" language="German" custom="readingOrder {index:7;}">
                    <Coords points="742,932 789,932 789,960 742,960"/>
                    <TextEquiv>
                        <Unicode>als</Unicode>
                    </TextEquiv>
                    <TextStyle fontFamily="Arial" fontSize="10.5"/>
                </Word>
                <Word id="w_w1aab1c13b2b3b7ac87" language="German" custom="readingOrder {index:8;}">
                    <Coords points="805,929 899,929 899,963 805,963"/>
                    <TextEquiv>
                        <Unicode>Präsi¬</Unicode>
                    </TextEquiv>
                    <TextStyle fontFamily="Arial" fontSize="10.5"/>
                </Word>
                <TextEquiv>
                    <Unicode>ist auf den 15ten erwartet gewesen, um als Präsi¬</Unicode>
                </TextEquiv>
                <TextStyle fontFamily="Arial" fontSize="10.5"/>
            </TextLine>
            <TextLine id="tl_18" primaryLanguage="German" custom="readingOrder {index:4;}">
                <Coords points="72,962 902,962 902,1019 72,1019"/>
                <Baseline points="72,1013 903,997"/>
                <Word id="w_w1aab1c13b2b3b9ab1" language="German" custom="readingOrder {index:0;}">
                    <Coords points="72,987 137,987 137,1015 72,1015"/>
                    <TextEquiv>
                        <Unicode>dent</Unicode>
                    </TextEquiv>
                    <TextStyle fontFamily="Arial" fontSize="10.5"/>
                </Word>
                <Word id="w_w1aab1c13b2b3b9ac11" language="German" custom="readingOrder {index:1;}">
                    <Coords points="151,984 198,984 198,1010 151,1010"/>
                    <TextEquiv>
                        <Unicode>der</Unicode>
                    </TextEquiv>
                    <TextStyle fontFamily="Arial" fontSize="10.5"/>
                </Word>
                <Word id="w_w1aab1c13b2b3b9ac19" language="German" custom="readingOrder {index:2;}">
                    <Coords points="213,972 585,972 585,1015 213,1015"/>
                    <TextEquiv>
                        <Unicode>Liquidationscommission</Unicode>
                    </TextEquiv>
                    <TextStyle fontFamily="Arial" fontSize="10.5"/>
                </Word>
                <Word id="w_w1aab1c13b2b3b9ac63" language="German" custom="readingOrder {index:3;}">
                    <Coords points="599,968 790,968 790,1005 599,1005"/>
                    <TextEquiv>
                        <Unicode>vorzustehen.</Unicode>
                    </TextEquiv>
                    <TextStyle fontFamily="Arial" fontSize="10.5"/>
                </Word>
                <Word id="w_w1aab1c13b2b3b9ac89" language="German" custom="readingOrder {index:4;}">
                    <Coords points="803,980 841,980 841,989 803,989"/>
                    <TextEquiv>
                        <Unicode>—</Unicode>
                    </TextEquiv>
                    <TextStyle fontFamily="Arial" fontSize="10.5"/>
                </Word>
                <Word id="w_w1aab1c13b2b3b9ac93" language="German" custom="readingOrder {index:5;}">
                    <Coords points="852,967 902,967 902,995 852,995"/>
                    <TextEquiv>
                        <Unicode>Da</Unicode>
                    </TextEquiv>
                    <TextStyle fontFamily="Arial" fontSize="10.5"/>
                </Word>
                <TextEquiv>
                    <Unicode>dent der Liquidationscommission vorzustehen. — Da</Unicode>
                </TextEquiv>
                <TextStyle fontFamily="Arial" fontSize="10.5"/>
            </TextLine>
            <TextLine id="tl_19" primaryLanguage="German" custom="readingOrder {index:5;}">
                <Coords points="72,999 900,999 900,1056 72,1056"/>
                <Baseline points="72,1051 903,1030"/>
                <Word id="w_w1aab1c13b2b3c11ab1" language="German" custom="readingOrder {index:0;}">
                    <Coords points="73,1024 120,1024 120,1052 73,1052"/>
                    <TextEquiv>
                        <Unicode>der</Unicode>
                    </TextEquiv>
                    <TextStyle fontFamily="Arial" fontSize="10.5"/>
                </Word>
                <Word id="w_w1aab1c13b2b3c11ab9" language="German" custom="readingOrder {index:1;}">
                    <Coords points="133,1020 346,1020 346,1049 133,1049"/>
                    <TextEquiv>
                        <Unicode>Landammann</Unicode>
                    </TextEquiv>
                    <TextStyle fontFamily="Arial" fontSize="10.5"/>
                </Word>
                <Word id="w_w1aab1c13b2b3c11ac31" language="German" custom="readingOrder {index:2;}">
                    <Coords points="359,1015 407,1015 407,1042 359,1042"/>
                    <TextEquiv>
                        <Unicode>der</Unicode>
                    </TextEquiv>
                    <TextStyle fontFamily="Arial" fontSize="10.5"/>
                </Word>
                <Word id="w_w1aab1c13b2b3c11ac39" language="German" custom="readingOrder {index:3;}">
                    <Coords points="417,1008 546,1008 546,1045 417,1045"/>
                    <TextEquiv>
                        <Unicode>Schweiz</Unicode>
                    </TextEquiv>
                    <TextStyle fontFamily="Arial" fontSize="10.5"/>
                </Word>
                <Word id="w_w1aab1c13b2b3c11ac55" language="German" custom="readingOrder {index:4;}">
                    <Coords points="560,1006 615,1006 615,1037 560,1037"/>
                    <TextEquiv>
                        <Unicode>mit</Unicode>
                    </TextEquiv>
                    <TextStyle fontFamily="Arial" fontSize="10.5"/>
                </Word>
                <Word id="w_w1aab1c13b2b3c11ac63" language="German" custom="readingOrder {index:5;}">
                    <Coords points="625,1008 674,1008 674,1035 625,1035"/>
                    <TextEquiv>
                        <Unicode>der</Unicode>
                    </TextEquiv>
                    <TextStyle fontFamily="Arial" fontSize="10.5"/>
                </Word>
                <Word id="w_w1aab1c13b2b3c11ac71" language="German" custom="readingOrder {index:6;}">
                    <Coords points="688,1005 900,1005 900,1035 688,1035"/>
                    <TextEquiv>
                        <Unicode>Wiederernen¬</Unicode>
                    </TextEquiv>
                    <TextStyle fontFamily="Arial" fontSize="10.5"/>
                </Word>
                <TextEquiv>
                    <Unicode>der Landammann der Schweiz mit der Wiederernen¬</Unicode>
                </TextEquiv>
                <TextStyle fontFamily="Arial" fontSize="10.5"/>
            </TextLine>
            <TextLine id="tl_20" primaryLanguage="German" custom="readingOrder {index:6;}">
                <Coords points="71,1035 901,1035 901,1095 71,1095"/>
                <Baseline points="71,1087 902,1070"/>
                <Word id="w_w1aab1c13b2b3c13ab1" language="German" custom="readingOrder {index:0;}">
                    <Coords points="72,1064 152,1064 152,1093 72,1093"/>
                    <TextEquiv>
                        <Unicode>nung</Unicode>
                    </TextEquiv>
                    <TextStyle fontFamily="Arial" fontSize="10.5"/>
                </Word>
                <Word id="w_w1aab1c13b2b3c13ac11" language="German" custom="readingOrder {index:1;}">
                    <Coords points="164,1057 212,1057 212,1084 164,1084"/>
                    <TextEquiv>
                        <Unicode>der</Unicode>
                    </TextEquiv>
                    <TextStyle fontFamily="Arial" fontSize="10.5"/>
                </Word>
                <Word id="w_w1aab1c13b2b3c13ac19" language="German" custom="readingOrder {index:2;}">
                    <Coords points="223,1050 338,1050 338,1084 223,1084"/>
                    <TextEquiv>
                        <Unicode>Stellen</Unicode>
                    </TextEquiv>
                    <TextStyle fontFamily="Arial" fontSize="10.5"/>
                </Word>
                <Word id="w_w1aab1c13b2b3c13ac35" language="German" custom="readingOrder {index:3;}">
                    <Coords points="348,1049 378,1049 378,1079 348,1079"/>
                    <TextEquiv>
                        <Unicode>in</Unicode>
                    </TextEquiv>
                    <TextStyle fontFamily="Arial" fontSize="10.5"/>
                </Word>
                <Word id="w_w1aab1c13b2b3c13ac41" language="German" custom="readingOrder {index:4;}">
                    <Coords points="391,1051 442,1051 442,1077 391,1077"/>
                    <TextEquiv>
                        <Unicode>den</Unicode>
                    </TextEquiv>
                    <TextStyle fontFamily="Arial" fontSize="10.5"/>
                </Word>
                <Word id="w_w1aab1c13b2b3c13ac49" language="German" custom="readingOrder {index:5;}">
                    <Coords points="456,1040 901,1040 901,1084 456,1084"/>
                    <TextEquiv>
                        <Unicode>Organisationscommissionen</Unicode>
                    </TextEquiv>
                    <TextStyle fontFamily="Arial" fontSize="10.5"/>
                </Word>
                <TextEquiv>
                    <Unicode>nung der Stellen in den Organisationscommissionen</Unicode>
                </TextEquiv>
                <TextStyle fontFamily="Arial" fontSize="10.5"/>
            </TextLine>
            <TextLine id="tl_21" primaryLanguage="German" custom="readingOrder {index:7;}">
                <Coords points="72,1073 901,1073 901,1132 72,1132"/>
                <Baseline points="72,1124 901,1102"/>
                <Word id="w_w1aab1c13b2b3c15ab1" language="German" custom="readingOrder {index:0;}">
                    <Coords points="72,1093 257,1093 257,1128 72,1128"/>
                    <TextEquiv>
                        <Unicode>beauftraget</Unicode>
                    </TextEquiv>
                    <TextStyle fontFamily="Arial" fontSize="10.5"/>
                </Word>
                <Word id="w_w1aab1c13b2b3c15ac25" language="German" custom="readingOrder {index:1;}">
                    <Coords points="276,1088 325,1088 325,1125 276,1125"/>
                    <TextEquiv>
                        <Unicode>ist,</Unicode>
                    </TextEquiv>
                    <TextStyle fontFamily="Arial" fontSize="10.5"/>
                </Word>
                <Word id="w_w1aab1c13b2b3c15ac35" language="German" custom="readingOrder {index:2;}">
                    <Coords points="345,1088 389,1088 389,1118 345,1118"/>
                    <TextEquiv>
                        <Unicode>die</Unicode>
                    </TextEquiv>
                    <TextStyle fontFamily="Arial" fontSize="10.5"/>
                </Word>
                <Word id="w_w1aab1c13b2b3c15ac43" language="German" custom="readingOrder {index:3;}">
                    <Coords points="408,1083 491,1083 491,1119 408,1119"/>
                    <TextEquiv>
                        <Unicode>durch</Unicode>
                    </TextEquiv>
                    <TextStyle fontFamily="Arial" fontSize="10.5"/>
                </Word>
                <Word id="w_w1aab1c13b2b3c15ac55" language="German" custom="readingOrder {index:4;}">
                    <Coords points="505,1079 727,1079 727,1120 505,1120"/>
                    <TextEquiv>
                        <Unicode>Resignationen</Unicode>
                    </TextEquiv>
                    <TextStyle fontFamily="Arial" fontSize="10.5"/>
                </Word>
                <Word id="w_w1aab1c13b2b3c15ac83" language="German" custom="readingOrder {index:5;}">
                    <Coords points="741,1077 815,1077 815,1113 741,1113"/>
                    <TextEquiv>
                        <Unicode>ledig</Unicode>
                    </TextEquiv>
                    <TextStyle fontFamily="Arial" fontSize="10.5"/>
                </Word>
                <Word id="w_w1aab1c13b2b3c15ac95" language="German" custom="readingOrder {index:6;}">
                    <Coords points="829,1083 901,1083 901,1106 829,1106"/>
                    <TextEquiv>
                        <Unicode>wer¬</Unicode>
                    </TextEquiv>
                    <TextStyle fontFamily="Arial" fontSize="10.5"/>
                </Word>
                <TextEquiv>
                    <Unicode>beauftraget ist, die durch Resignationen ledig wer¬</Unicode>
                </TextEquiv>
                <TextStyle fontFamily="Arial" fontSize="10.5"/>
            </TextLine>
            <TextLine id="tl_22" primaryLanguage="German" custom="readingOrder {index:8;}">
                <Coords points="75,1109 902,1109 902,1167 75,1167"/>
                <Baseline points="75,1161 904,1140"/>
                <Word id="w_w1aab1c13b2b3c17ab1" language="German" custom="readingOrder {index:0;}">
                    <Coords points="75,1135 139,1135 139,1165 75,1165"/>
                    <TextEquiv>
                        <Unicode>den,</Unicode>
                    </TextEquiv>
                    <TextStyle fontFamily="Arial" fontSize="10.5"/>
                </Word>
                <Word id="w_w1aab1c13b2b3c17ac11" language="German" custom="readingOrder {index:1;}">
                    <Coords points="151,1131 179,1131 179,1162 151,1162"/>
                    <TextEquiv>
                        <Unicode>so</Unicode>
                    </TextEquiv>
                    <TextStyle fontFamily="Arial" fontSize="10.5"/>
                </Word>
                <Word id="w_w1aab1c13b2b3c17ac17" language="German" custom="readingOrder {index:2;}">
                    <Coords points="193,1129 241,1129 241,1162 193,1162"/>
                    <TextEquiv>
                        <Unicode>hat</Unicode>
                    </TextEquiv>
                    <TextStyle fontFamily="Arial" fontSize="10.5"/>
                </Word>
                <Word id="w_w1aab1c13b2b3c17ac25" language="German" custom="readingOrder {index:3;}">
                    <Coords points="255,1133 285,1133 285,1156 255,1156"/>
                    <TextEquiv>
                        <Unicode>er</Unicode>
                    </TextEquiv>
                    <TextStyle fontFamily="Arial" fontSize="10.5"/>
                </Word>
                <Word id="w_w1aab1c13b2b3c17ac31" language="German" custom="readingOrder {index:4;}">
                    <Coords points="299,1124 348,1124 348,1157 299,1157"/>
                    <TextEquiv>
                        <Unicode>für</Unicode>
                    </TextEquiv>
                    <TextStyle fontFamily="Arial" fontSize="10.5"/>
                </Word>
                <Word id="word_1513341828594_1890" language="German" custom="readingOrder {index:5;}">
                    <Coords points="361,1121 467,1121 531,1125 531,1150 467,1154 361,1154"/>
                    <TextEquiv>
                        <Unicode>Bündten</Unicode>
                    </TextEquiv>
                    <TextStyle fontFamily="Arial" fontSize="10.5"/>
                </Word>
                <Word id="w_w1aab1c13b2b3c17b4b3" language="German" custom="readingOrder {index:6;}">
                    <Coords points="546,1118 653,1118 653,1154 546,1154"/>
                    <TextEquiv>
                        <Unicode>anstatt</Unicode>
                    </TextEquiv>
                    <TextStyle fontFamily="Arial" fontSize="10.5"/>
                </Word>
                <Word id="w_w1aab1c13b2b3c17b4c19" language="German" custom="readingOrder {index:7;}">
                    <Coords points="665,1115 782,1115 782,1150 665,1150"/>
                    <TextEquiv>
                        <Unicode>Florian</Unicode>
                    </TextEquiv>
                    <TextStyle fontFamily="Arial" fontSize="10.5"/>
                </Word>
                <Word id="w_w1aab1c13b2b3c17b4c35" language="German" custom="readingOrder {index:8;}">
                    <Coords points="794,1114 902,1114 902,1148 794,1148"/>
                    <TextEquiv>
                        <Unicode>Planta</Unicode>
                    </TextEquiv>
                    <TextStyle fontFamily="Arial" fontSize="10.5"/>
                </Word>
                <TextEquiv>
                    <Unicode>den, so hat er für Bündten anstatt Florian Planta</Unicode>
                </TextEquiv>
            </TextLine>
            <TextLine id="tl_23" primaryLanguage="German" custom="readingOrder {index:9;}">
                <Coords points="75,1147 903,1147 903,1205 75,1205"/>
                <Baseline points="75,1198 905,1183"/>
                <Word id="w_w1aab1c13b2b3c19ab1" language="German" custom="readingOrder {index:0;}">
                    <Coords points="75,1172 127,1172 127,1199 75,1199"/>
                    <TextEquiv>
                        <Unicode>den</Unicode>
                    </TextEquiv>
                    <TextStyle fontFamily="Arial" fontSize="10.5"/>
                </Word>
                <Word id="w_w1aab1c13b2b3c19ab9" language="German" custom="readingOrder {index:1;}">
                    <Coords points="140,1168 195,1168 195,1203 140,1203"/>
                    <TextEquiv>
                        <Unicode>Hr.</Unicode>
                    </TextEquiv>
                    <TextStyle fontFamily="Arial" fontSize="10.5"/>
                </Word>
                <Word id="w_w1aab1c13b2b3c19ac17" language="German" custom="readingOrder {index:2;}">
                    <Coords points="206,1170 264,1170 264,1196 206,1196"/>
                    <TextEquiv>
                        <Unicode>von</Unicode>
                    </TextEquiv>
                    <TextStyle fontFamily="Arial" fontSize="10.5"/>
                </Word>
                <Word id="w_w1aab1c13b2b3c19ac25" language="German" custom="readingOrder {index:3;}">
                    <Coords points="278,1162 387,1162 387,1194 278,1194"/>
                    <TextEquiv>
                        <Unicode>Salis,</Unicode>
                    </TextEquiv>
                    <TextStyle fontFamily="Arial" fontSize="10.5"/>
                </Word>
                <Word id="w_w1aab1c13b2b3c19ac39" language="German" custom="readingOrder {index:4;}">
                    <Coords points="399,1160 517,1160 517,1196 399,1196"/>
                    <TextEquiv>
                        <Unicode>Zizers,</Unicode>
                    </TextEquiv>
                    <TextStyle fontFamily="Arial" fontSize="10.5"/>
                </Word>
                <Word id="w_w1aab1c13b2b3c19ac55" language="German" custom="readingOrder {index:5;}">
                    <Coords points="530,1153 702,1153 702,1191 530,1191"/>
                    <TextEquiv>
                        <Unicode>ehemaligen</Unicode>
                    </TextEquiv>
                    <TextStyle fontFamily="Arial" fontSize="10.5"/>
                </Word>
                <Word id="w_w1aab1c13b2b3c19ac77" language="German" custom="readingOrder {index:6;}">
                    <Coords points="713,1151 902,1151 902,1189 713,1189"/>
                    <TextEquiv>
                        <Unicode>Hauptmann</Unicode>
                    </TextEquiv>
                    <TextStyle fontFamily="Arial" fontSize="10.5"/>
                </Word>
                <TextEquiv>
                    <Unicode>den Hr. von Salis, Zizers, ehemaligen Hauptmann</Unicode>
                </TextEquiv>
                <TextStyle fontFamily="Arial" fontSize="10.5"/>
            </TextLine>
            <TextLine id="tl_24" primaryLanguage="German" custom="readingOrder {index:10;}">
                <Coords points="74,1184 904,1184 904,1244 74,1244"/>
                <Baseline points="74,1237 905,1221"/>
                <Word id="w_w1aab1c13b2b3c21ab1" language="German" custom="readingOrder {index:0;}">
                    <Coords points="74,1205 106,1205 106,1236 74,1236"/>
                    <TextEquiv>
                        <Unicode>in</Unicode>
                    </TextEquiv>
                    <TextStyle fontFamily="Arial" fontSize="10.5"/>
                </Word>
                <Word id="w_w1aab1c13b2b3c21ab7" language="German" custom="readingOrder {index:1;}">
                    <Coords points="125,1207 173,1207 173,1234 125,1234"/>
                    <TextEquiv>
                        <Unicode>der</Unicode>
                    </TextEquiv>
                    <TextStyle fontFamily="Arial" fontSize="10.5"/>
                </Word>
                <Word id="w_w1aab1c13b2b3c21ac15" language="German" custom="readingOrder {index:2;}">
                    <Coords points="194,1199 484,1199 484,1237 194,1237"/>
                    <TextEquiv>
                        <Unicode>Schweizer-Garde,</Unicode>
                    </TextEquiv>
                    <TextStyle fontFamily="Arial" fontSize="10.5"/>
                </Word>
                <Word id="w_w1aab1c13b2b3c21ac49" language="German" custom="readingOrder {index:3;}">
                    <Coords points="504,1192 552,1192 552,1228 504,1228"/>
                    <TextEquiv>
                        <Unicode>für</Unicode>
                    </TextEquiv>
                    <TextStyle fontFamily="Arial" fontSize="10.5"/>
                </Word>
                <Word id="w_w1aab1c13b2b3c21b1b1" language="German" custom="readingOrder {index:4;}">
                    <Coords points="570,1188 772,1188 772,1231 570,1231"/>
                    <TextEquiv>
                        <Unicode>Appenzell</Unicode>
                    </TextEquiv>
                    <TextStyle fontFamily="Arial" fontSize="10.5"/>
                </Word>
                <Word id="w_w1aab1c13b2b3c21b2b3" language="German" custom="readingOrder {index:5;}">
                    <Coords points="796,1188 904,1188 904,1224 796,1224"/>
                    <TextEquiv>
                        <Unicode>anstatt</Unicode>
                    </TextEquiv>
                    <TextStyle fontFamily="Arial" fontSize="10.5"/>
                </Word>
                <TextEquiv>
                    <Unicode>in der Schweizer-Garde, für Appenzell anstatt</Unicode>
                </TextEquiv>
            </TextLine>
            <TextLine id="tl_25" primaryLanguage="German" custom="readingOrder {index:11;}">
                <Coords points="73,1234 903,1216 906,1259 76,1277"/>
                <Baseline points="76,1272 906,1254"/>
                <Word id="w_w1aab1c13b2b3c23ab1" language="German" custom="readingOrder {index:0;}">
                    <Coords points="76,1243 133,1243 133,1273 76,1273"/>
                    <TextEquiv>
                        <Unicode>Dr.</Unicode>
                    </TextEquiv>
                    <TextStyle fontFamily="Arial" fontSize="10.5"/>
                </Word>
                <Word id="w_w1aab1c13b2b3c23ab9" language="German" custom="readingOrder {index:1;}">
                    <Coords points="149,1237 269,1237 269,1276 149,1276"/>
                    <TextEquiv>
                        <Unicode>Hauptli</Unicode>
                    </TextEquiv>
                    <TextStyle fontFamily="Arial" fontSize="10.5"/>
                </Word>
                <Word id="w_w1aab1c13b2b3c23ac25" language="German" custom="readingOrder {index:2;}">
                    <Coords points="289,1238 339,1238 339,1265 289,1265"/>
                    <TextEquiv>
                        <Unicode>den</Unicode>
                    </TextEquiv>
                    <TextStyle fontFamily="Arial" fontSize="10.5"/>
                </Word>
                <Word id="w_w1aab1c13b2b3c23ac33" language="German" custom="readingOrder {index:3;}">
                    <Coords points="364,1233 416,1233 416,1270 364,1270"/>
                    <TextEquiv>
                        <Unicode>Hr.</Unicode>
                    </TextEquiv>
                    <TextStyle fontFamily="Arial" fontSize="10.5"/>
                </Word>
                <Word id="w_w1aab1c13b2b3c23ac41" language="German" custom="readingOrder {index:4;}">
                    <Coords points="434,1231 603,1231 603,1269 434,1269"/>
                    <TextEquiv>
                        <Unicode>Zellweger,</Unicode>
                    </TextEquiv>
                    <TextStyle fontFamily="Arial" fontSize="10.5"/>
                </Word>
                <Word id="w_w1aab1c13b2b3c23ac63" language="German" custom="readingOrder {index:5;}">
                    <Coords points="624,1226 903,1226 903,1260 624,1260"/>
                    <TextEquiv>
                        <Unicode>Landes-Bauherrn</Unicode>
                    </TextEquiv>
                    <TextStyle fontFamily="Arial" fontSize="10.5"/>
                </Word>
                <TextEquiv>
                    <Unicode>Dr. Hauptli den Hr. Zellweger, Landes-Bauherrn</Unicode>
                </TextEquiv>
                <TextStyle fontFamily="Arial" fontSize="10.5"/>
            </TextLine>
            <TextLine id="tl_26" primaryLanguage="German" custom="readingOrder {index:12;}">
                <Coords points="78,1270 431,1270 431,1314 78,1314"/>
                <Baseline points="78,1307 434,1298"/>
                <Word id="w_w1aab1c13b2b3c25ab1" language="German" custom="readingOrder {index:0;}">
                    <Coords points="78,1284 133,1284 133,1310 78,1310"/>
                    <TextEquiv>
                        <Unicode>von</Unicode>
                    </TextEquiv>
                    <TextStyle fontFamily="Arial" fontSize="10.5"/>
                </Word>
                <Word id="w_w1aab1c13b2b3c25ab9" language="German" custom="readingOrder {index:1;}">
                    <Coords points="149,1276 280,1276 280,1311 149,1311"/>
                    <TextEquiv>
                        <Unicode>Trogen,</Unicode>
                    </TextEquiv>
                    <TextStyle fontFamily="Arial" fontSize="10.5"/>
                </Word>
                <Word id="w_w1aab1c13b2b3c25ac25" language="German" custom="readingOrder {index:2;}">
                    <Coords points="301,1274 431,1274 431,1301 301,1301"/>
                    <TextEquiv>
                        <Unicode>ernennt.</Unicode>
                    </TextEquiv>
                    <TextStyle fontFamily="Arial" fontSize="10.5"/>
                </Word>
                <TextEquiv>
                    <Unicode>von Trogen, ernennt.</Unicode>
                </TextEquiv>
                <TextStyle fontFamily="Arial" fontSize="10.5"/>
            </TextLine>
            <TextEquiv>
                <Unicode>Freyburg, 13 März. Der General und Mini¬
ster Ney ist noch nicht in Freyburg gewesen; man
erwartet ihn die ersten Tage. Der Minister Stapfer
ist auf den 15ten erwartet gewesen, um als Präsi¬
dent der Liquidationscommission vorzustehen. — Da
der Landammann der Schweiz mit der Wiederernen¬
nung der Stellen in den Organisationscommissionen
beauftraget ist, die durch Resignationen ledig wer¬
den, so hat er für Bündten anstatt Florian Planta
den Hr. von Salis, Zizers, ehemaligen Hauptmann
in der Schweizer-Garde, für Appenzell anstatt
Dr. Hauptli den Hr. Zellweger, Landes-Bauherrn
von Trogen, ernennt.</Unicode>
            </TextEquiv>
        </TextRegion>
        <TextRegion type="paragraph" id="r_7_3" custom="readingOrder {index:10;}">
            <Coords points="76,1292 912,1292 912,1719 76,1719"/>
            <TextLine id="tl_27" primaryLanguage="German" custom="readingOrder {index:0;}">
                <Coords points="114,1293 904,1293 904,1350 114,1350"/>
                <Baseline points="118,1343 903,1330"/>
                <Word id="w_w1aab1c13b2b5b1ab1" language="German" custom="readingOrder {index:0;}">
                    <Coords points="114,1314 233,1314 233,1345 114,1345"/>
                    <TextEquiv>
                        <Unicode>Bern,</Unicode>
                    </TextEquiv>
                    <TextStyle fontFamily="Arial" fontSize="10.5"/>
                </Word>
                <Word id="w_w1aab1c13b2b5b1b1b3" language="German" custom="readingOrder {index:1;}">
                    <Coords points="254,1313 288,1313 288,1340 254,1340"/>
                    <TextEquiv>
                        <Unicode>18</Unicode>
                    </TextEquiv>
                    <TextStyle fontFamily="Arial" fontSize="10.5"/>
                </Word>
                <Word id="w_w1aab1c13b2b5b1b1b9" language="German" custom="readingOrder {index:2;}">
                    <Coords points="309,1306 407,1306 407,1342 309,1342"/>
                    <TextEquiv>
                        <Unicode>März.</Unicode>
                    </TextEquiv>
                    <TextStyle fontFamily="Arial" fontSize="10.5"/>
                </Word>
                <Word id="w_w1aab1c13b2b5b1b1c21" language="German" custom="readingOrder {index:3;}">
                    <Coords points="445,1304 536,1304 536,1340 445,1340"/>
                    <TextEquiv>
                        <Unicode>Heute</Unicode>
                    </TextEquiv>
                    <TextStyle fontFamily="Arial" fontSize="10.5"/>
                </Word>
                <Word id="w_w1aab1c13b2b5b1b1c33" language="German" custom="readingOrder {index:4;}">
                    <Coords points="546,1304 605,1304 605,1340 546,1340"/>
                    <TextEquiv>
                        <Unicode>sind</Unicode>
                    </TextEquiv>
                    <TextStyle fontFamily="Arial" fontSize="10.5"/>
                </Word>
                <Word id="w_w1aab1c13b2b5b1b1c43" language="German" custom="readingOrder {index:5;}">
                    <Coords points="624,1306 673,1306 673,1332 624,1332"/>
                    <TextEquiv>
                        <Unicode>der</Unicode>
                    </TextEquiv>
                    <TextStyle fontFamily="Arial" fontSize="10.5"/>
                </Word>
                <Word id="w_w1aab1c13b2b5b1b1c51" language="German" custom="readingOrder {index:6;}">
                    <Coords points="687,1299 823,1299 823,1333 687,1333"/>
                    <TextEquiv>
                        <Unicode>Minister</Unicode>
                    </TextEquiv>
                    <TextStyle fontFamily="Arial" fontSize="10.5"/>
                </Word>
                <Word id="w_w1aab1c13b2b5b1b1c69" language="German" custom="readingOrder {index:7;}">
                    <Coords points="847,1300 904,1300 904,1330 847,1330"/>
                    <TextEquiv>
                        <Unicode>und</Unicode>
                    </TextEquiv>
                    <TextStyle fontFamily="Arial" fontSize="10.5"/>
                </Word>
                <TextEquiv>
                    <Unicode>Bern, 18 März. Heute sind der Minister und</Unicode>
                </TextEquiv>
            </TextLine>
            <TextLine id="tl_28" primaryLanguage="German" custom="readingOrder {index:1;}">
                <Coords points="77,1331 905,1331 905,1390 77,1390"/>
                <Baseline points="77,1382 908,1367"/>
                <Word id="w_w1aab1c13b2b5b3ab1" language="German" custom="readingOrder {index:0;}">
                    <Coords points="77,1348 204,1348 204,1382 77,1382"/>
                    <TextEquiv>
                        <Unicode>General</Unicode>
                    </TextEquiv>
                    <TextStyle fontFamily="Arial" fontSize="10.5"/>
                </Word>
                <Word id="w_w1aab1c13b2b5b3ac17" language="German" custom="readingOrder {index:1;}">
                    <Coords points="218,1348 281,1348 281,1381 218,1381"/>
                    <TextEquiv>
                        <Unicode>Ney</Unicode>
                    </TextEquiv>
                    <TextStyle fontFamily="Arial" fontSize="10.5"/>
                </Word>
                <Word id="w_w1aab1c13b2b5b3ac25" language="German" custom="readingOrder {index:2;}">
                    <Coords points="299,1346 356,1346 356,1373 299,1373"/>
                    <TextEquiv>
                        <Unicode>und</Unicode>
                    </TextEquiv>
                    <TextStyle fontFamily="Arial" fontSize="10.5"/>
                </Word>
                <Word id="w_w1aab1c13b2b5b3ac33" language="German" custom="readingOrder {index:3;}">
                    <Coords points="373,1345 446,1345 446,1373 373,1373"/>
                    <TextEquiv>
                        <Unicode>Gen.</Unicode>
                    </TextEquiv>
                    <TextStyle fontFamily="Arial" fontSize="10.5"/>
                </Word>
                <Word id="w_w1aab1c13b2b5b3ac43" language="German" custom="readingOrder {index:4;}">
                    <Coords points="461,1340 653,1340 653,1372 461,1372"/>
                    <TextEquiv>
                        <Unicode>Vonderweid</Unicode>
                    </TextEquiv>
                    <TextStyle fontFamily="Arial" fontSize="10.5"/>
                </Word>
                <Word id="w_w1aab1c13b2b5b3ac65" language="German" custom="readingOrder {index:5;}">
                    <Coords points="672,1337 740,1337 740,1371 672,1371"/>
                    <TextEquiv>
                        <Unicode>nach</Unicode>
                    </TextEquiv>
                    <TextStyle fontFamily="Arial" fontSize="10.5"/>
                </Word>
                <Word id="w_w1aab1c13b2b5b3ac75" language="German" custom="readingOrder {index:6;}">
                    <Coords points="759,1336 905,1336 905,1372 759,1372"/>
                    <TextEquiv>
                        <Unicode>Freyburg</Unicode>
                    </TextEquiv>
                    <TextStyle fontFamily="Arial" fontSize="10.5"/>
                </Word>
                <TextEquiv>
                    <Unicode>General Ney und Gen. Vonderweid nach Freyburg</Unicode>
                </TextEquiv>
                <TextStyle fontFamily="Arial" fontSize="10.5"/>
            </TextLine>
            <TextLine id="tl_29" primaryLanguage="German" custom="readingOrder {index:2;}">
                <Coords points="77,1367 903,1367 903,1426 77,1426"/>
                <Baseline points="77,1418 905,1404"/>
                <Word id="w_w1aab1c13b2b5b5ab1" language="German" custom="readingOrder {index:0;}">
                    <Coords points="77,1386 227,1386 227,1420 77,1420"/>
                    <TextEquiv>
                        <Unicode>verreiset,</Unicode>
                    </TextEquiv>
                    <TextStyle fontFamily="Arial" fontSize="10.5"/>
                </Word>
                <Word id="w_w1aab1c13b2b5b5ac23" language="German" custom="readingOrder {index:1;}">
                    <Coords points="247,1383 306,1383 306,1414 247,1414"/>
                    <TextEquiv>
                        <Unicode>und</Unicode>
                    </TextEquiv>
                    <TextStyle fontFamily="Arial" fontSize="10.5"/>
                </Word>
                <Word id="w_w1aab1c13b2b5b5ac31" language="German" custom="readingOrder {index:2;}">
                    <Coords points="327,1383 376,1383 376,1409 327,1409"/>
                    <TextEquiv>
                        <Unicode>der</Unicode>
                    </TextEquiv>
                    <TextStyle fontFamily="Arial" fontSize="10.5"/>
                </Word>
                <Word id="w_w1aab1c13b2b5b5ac39" language="German" custom="readingOrder {index:3;}">
                    <Coords points="396,1375 689,1375 689,1413 396,1413"/>
                    <TextEquiv>
                        <Unicode>General-Inspector</Unicode>
                    </TextEquiv>
                    <TextStyle fontFamily="Arial" fontSize="10.5"/>
                </Word>
                <Word id="w_w1aab1c13b2b5b5ac75" language="German" custom="readingOrder {index:4;}">
                    <Coords points="709,1375 759,1375 759,1401 709,1401"/>
                    <TextEquiv>
                        <Unicode>den</Unicode>
                    </TextEquiv>
                    <TextStyle fontFamily="Arial" fontSize="10.5"/>
                </Word>
                <Word id="w_w1aab1c13b2b5b5ac83" language="German" custom="readingOrder {index:5;}">
                    <Coords points="780,1371 903,1371 903,1408 780,1408"/>
                    <TextEquiv>
                        <Unicode>französ.</Unicode>
                    </TextEquiv>
                    <TextStyle fontFamily="Arial" fontSize="10.5"/>
                </Word>
                <TextEquiv>
                    <Unicode>verreiset, und der General-Inspector den französ.</Unicode>
                </TextEquiv>
                <TextStyle fontFamily="Arial" fontSize="10.5"/>
            </TextLine>
            <TextLine id="tl_30" primaryLanguage="German" custom="readingOrder {index:3;}">
                <Coords points="79,1400 911,1400 911,1463 79,1463"/>
                <Baseline points="79,1456 901,1438"/>
                <Word id="w_w1aab1c13b2b5b7ab1" language="German" custom="readingOrder {index:0;}">
                    <Coords points="79,1424 237,1424 237,1461 79,1461"/>
                    <TextEquiv>
                        <Unicode>Truppen,</Unicode>
                    </TextEquiv>
                    <TextStyle fontFamily="Arial" fontSize="10.5"/>
                </Word>
                <Word id="w_w1aab1c13b2b5b7ac19" language="German" custom="readingOrder {index:1;}">
                    <Coords points="255,1421 313,1421 313,1450 255,1450"/>
                    <TextEquiv>
                        <Unicode>Br.</Unicode>
                    </TextEquiv>
                    <TextStyle fontFamily="Arial" fontSize="10.5"/>
                </Word>
                <Word id="w_w1aab1c13b2b5b7ac27" language="German" custom="readingOrder {index:2;}">
                    <Coords points="325,1415 469,1415 469,1449 325,1449"/>
                    <TextEquiv>
                        <Unicode>Lambert,</Unicode>
                    </TextEquiv>
                    <TextStyle fontFamily="Arial" fontSize="10.5"/>
                </Word>
                <Word id="w_w1aab1c13b2b5b7ac45" language="German" custom="readingOrder {index:3;}">
                    <Coords points="489,1413 592,1413 592,1443 489,1443"/>
                    <TextEquiv>
                        <Unicode>wieder</Unicode>
                    </TextEquiv>
                    <TextStyle fontFamily="Arial" fontSize="10.5"/>
                </Word>
                <Word id="w_w1aab1c13b2b5b7ac59" language="German" custom="readingOrder {index:4;}">
                    <Coords points="602,1410 670,1410 670,1447 602,1447"/>
                    <TextEquiv>
                        <Unicode>nach</Unicode>
                    </TextEquiv>
                    <TextStyle fontFamily="Arial" fontSize="10.5"/>
                </Word>
                <Word id="w_w1aab1c13b2b5b7ac69" language="German" custom="readingOrder {index:5;}">
                    <Coords points="680,1408 846,1408 846,1444 680,1444"/>
                    <TextEquiv>
                        <Unicode>Frankreich</Unicode>
                    </TextEquiv>
                    <TextStyle fontFamily="Arial" fontSize="10.5"/>
                </Word>
                <Word id="w_w1aab1c13b2b5b7ac91" language="German" custom="readingOrder {index:6;}">
                    <Coords points="854,1400 910,1400 910,1437 854,1437"/>
                    <TextEquiv>
                        <Unicode>ab¬</Unicode>
                    </TextEquiv>
                    <TextStyle fontFamily="Arial" fontSize="10.5"/>
                </Word>
                <TextEquiv>
                    <Unicode>Truppen, Br. Lambert, wieder nach Frankreich ab¬</Unicode>
                </TextEquiv>
                <TextStyle fontFamily="Arial" fontSize="10.5"/>
            </TextLine>
            <TextLine id="tl_31" primaryLanguage="German" custom="readingOrder {index:4;}">
                <Coords points="77,1440 905,1440 905,1500 77,1500"/>
                <Baseline points="77,1491 901,1474"/>
                <Word id="w_w1aab1c13b2b5b9ab1" language="German" custom="readingOrder {index:0;}">
                    <Coords points="77,1463 235,1463 235,1498 77,1498"/>
                    <TextEquiv>
                        <Unicode>gegangen.</Unicode>
                    </TextEquiv>
                    <TextStyle fontFamily="Arial" fontSize="10.5"/>
                </Word>
                <Word id="w_w1aab1c13b2b5b9ac21" language="German" custom="readingOrder {index:1;}">
                    <Coords points="250,1470 289,1470 289,1478 250,1478"/>
                    <TextEquiv>
                        <Unicode>—</Unicode>
                    </TextEquiv>
                    <TextStyle fontFamily="Arial" fontSize="10.5"/>
                </Word>
                <Word id="w_w1aab1c13b2b5b9ac25" language="German" custom="readingOrder {index:2;}">
                    <Coords points="308,1456 381,1456 381,1484 308,1484"/>
                    <TextEquiv>
                        <Unicode>Man</Unicode>
                    </TextEquiv>
                    <TextStyle fontFamily="Arial" fontSize="10.5"/>
                </Word>
                <Word id="w_w1aab1c13b2b5b9ac33" language="German" custom="readingOrder {index:3;}">
                    <Coords points="395,1453 477,1453 477,1488 395,1488"/>
                    <TextEquiv>
                        <Unicode>sagt,</Unicode>
                    </TextEquiv>
                    <TextStyle fontFamily="Arial" fontSize="10.5"/>
                </Word>
                <Word id="w_w1aab1c13b2b5b9ac45" language="German" custom="readingOrder {index:4;}">
                    <Coords points="496,1449 550,1449 550,1485 496,1485"/>
                    <TextEquiv>
                        <Unicode>daß</Unicode>
                    </TextEquiv>
                    <TextStyle fontFamily="Arial" fontSize="10.5"/>
                </Word>
                <Word id="w_w1aab1c13b2b5b9ac53" language="German" custom="readingOrder {index:5;}">
                    <Coords points="567,1452 614,1452 614,1479 567,1479"/>
                    <TextEquiv>
                        <Unicode>der</Unicode>
                    </TextEquiv>
                    <TextStyle fontFamily="Arial" fontSize="10.5"/>
                </Word>
                <Word id="w_w1aab1c13b2b5b9ac61" language="German" custom="readingOrder {index:6;}">
                    <Coords points="628,1449 743,1449 743,1479 628,1479"/>
                    <TextEquiv>
                        <Unicode>Kanton</Unicode>
                    </TextEquiv>
                    <TextStyle fontFamily="Arial" fontSize="10.5"/>
                </Word>
                <Word id="w_w1aab1c13b2b5b9ac75" language="German" custom="readingOrder {index:7;}">
                    <Coords points="759,1448 858,1448 858,1483 759,1483"/>
                    <TextEquiv>
                        <Unicode>Argau</Unicode>
                    </TextEquiv>
                    <TextStyle fontFamily="Arial" fontSize="10.5"/>
                </Word>
                <Word id="w_w1aab1c13b2b5b9ac87" language="German" custom="readingOrder {index:8;}">
                    <Coords points="872,1450 904,1450 904,1481 872,1481"/>
                    <TextEquiv>
                        <Unicode>zu</Unicode>
                    </TextEquiv>
                    <TextStyle fontFamily="Arial" fontSize="10.5"/>
                </Word>
                <TextEquiv>
                    <Unicode>gegangen. — Man sagt, daß der Kanton Argau zu</Unicode>
                </TextEquiv>
                <TextStyle fontFamily="Arial" fontSize="10.5"/>
            </TextLine>
            <TextLine id="tl_32" primaryLanguage="German" custom="readingOrder {index:5;}">
                <Coords points="78,1476 905,1476 905,1535 78,1535"/>
                <Baseline points="78,1529 908,1514"/>
                <Word id="w_w1aab1c13b2b5c11ab1" language="German" custom="readingOrder {index:0;}">
                    <Coords points="78,1498 170,1498 170,1533 78,1533"/>
                    <TextEquiv>
                        <Unicode>seiner</Unicode>
                    </TextEquiv>
                    <TextStyle fontFamily="Arial" fontSize="10.5"/>
                </Word>
                <Word id="w_w1aab1c13b2b5c11ac15" language="German" custom="readingOrder {index:1;}">
                    <Coords points="186,1488 404,1488 404,1527 186,1527"/>
                    <TextEquiv>
                        <Unicode>Kantonsfarbe</Unicode>
                    </TextEquiv>
                    <TextStyle fontFamily="Arial" fontSize="10.5"/>
                </Word>
                <Word id="w_w1aab1c13b2b5c11ac41" language="German" custom="readingOrder {index:2;}">
                    <Coords points="420,1489 462,1489 462,1518 420,1518"/>
                    <TextEquiv>
                        <Unicode>die</Unicode>
                    </TextEquiv>
                    <TextStyle fontFamily="Arial" fontSize="10.5"/>
                </Word>
                <Word id="w_w1aab1c13b2b5c11ac49" language="German" custom="readingOrder {index:3;}">
                    <Coords points="483,1485 573,1485 573,1520 483,1520"/>
                    <TextEquiv>
                        <Unicode>Farbe</Unicode>
                    </TextEquiv>
                    <TextStyle fontFamily="Arial" fontSize="10.5"/>
                </Word>
                <Word id="w_w1aab1c13b2b5c11ac61" language="German" custom="readingOrder {index:4;}">
                    <Coords points="590,1488 638,1488 638,1515 590,1515"/>
                    <TextEquiv>
                        <Unicode>der</Unicode>
                    </TextEquiv>
                    <TextStyle fontFamily="Arial" fontSize="10.5"/>
                </Word>
                <Word id="w_w1aab1c13b2b5c11ac69" language="German" custom="readingOrder {index:5;}">
                    <Coords points="658,1481 830,1481 830,1518 658,1518"/>
                    <TextEquiv>
                        <Unicode>ehemaligen</Unicode>
                    </TextEquiv>
                    <TextStyle fontFamily="Arial" fontSize="10.5"/>
                </Word>
                <Word id="w_w1aab1c13b2b5c11ac91" language="German" custom="readingOrder {index:6;}">
                    <Coords points="850,1481 905,1481 905,1516 850,1516"/>
                    <TextEquiv>
                        <Unicode>hel¬</Unicode>
                    </TextEquiv>
                    <TextStyle fontFamily="Arial" fontSize="10.5"/>
                </Word>
                <TextEquiv>
                    <Unicode>seiner Kantonsfarbe die Farbe der ehemaligen hel¬</Unicode>
                </TextEquiv>
                <TextStyle fontFamily="Arial" fontSize="10.5"/>
            </TextLine>
            <TextLine id="tl_33" primaryLanguage="German" custom="readingOrder {index:6;}">
                <Coords points="78,1512 893,1512 893,1573 78,1573"/>
                <Baseline points="78,1566 892,1551"/>
                <Word id="w_w1aab1c13b2b5c13ab1" language="German" custom="readingOrder {index:0;}">
                    <Coords points="79,1532 216,1532 216,1570 79,1570"/>
                    <TextEquiv>
                        <Unicode>vetischen</Unicode>
                    </TextEquiv>
                    <TextStyle fontFamily="Arial" fontSize="10.5"/>
                </Word>
                <Word id="w_w1aab1c13b2b5c13ac21" language="German" custom="readingOrder {index:1;}">
                    <Coords points="234,1524 375,1524 375,1566 234,1566"/>
                    <TextEquiv>
                        <Unicode>Republik</Unicode>
                    </TextEquiv>
                    <TextStyle fontFamily="Arial" fontSize="10.5"/>
                </Word>
                <Word id="w_w1aab1c13b2b5c13ac39" language="German" custom="readingOrder {index:2;}">
                    <Coords points="392,1524 531,1524 531,1558 392,1558"/>
                    <TextEquiv>
                        <Unicode>erwählt,</Unicode>
                    </TextEquiv>
                    <TextStyle fontFamily="Arial" fontSize="10.5"/>
                </Word>
                <Word id="w_w1aab1c13b2b5c13ac57" language="German" custom="readingOrder {index:3;}">
                    <Coords points="553,1523 605,1523 605,1556 553,1556"/>
                    <TextEquiv>
                        <Unicode>daß</Unicode>
                    </TextEquiv>
                    <TextStyle fontFamily="Arial" fontSize="10.5"/>
                </Word>
                <Word id="w_w1aab1c13b2b5c13ac65" language="German" custom="readingOrder {index:4;}">
                    <Coords points="620,1522 708,1522 708,1557 620,1557"/>
                    <TextEquiv>
                        <Unicode>dieses</Unicode>
                    </TextEquiv>
                    <TextStyle fontFamily="Arial" fontSize="10.5"/>
                </Word>
                <Word id="w_w1aab1c13b2b5c13ac79" language="German" custom="readingOrder {index:5;}">
                    <Coords points="721,1519 789,1519 789,1550 721,1550"/>
                    <TextEquiv>
                        <Unicode>aber</Unicode>
                    </TextEquiv>
                    <TextStyle fontFamily="Arial" fontSize="10.5"/>
                </Word>
                <Word id="w_w1aab1c13b2b5c13ac89" language="German" custom="readingOrder {index:6;}">
                    <Coords points="803,1525 836,1525 836,1556 803,1556"/>
                    <TextEquiv>
                        <Unicode>zu</Unicode>
                    </TextEquiv>
                    <TextStyle fontFamily="Arial" fontSize="10.5"/>
                </Word>
                <Word id="w_w1aab1c13b2b5c13ac95" language="German" custom="readingOrder {index:7;}">
                    <Coords points="850,1520 904,1520 904,1549 850,1549"/>
                    <TextEquiv>
                        <Unicode>Un¬</Unicode>
                    </TextEquiv>
                    <TextStyle fontFamily="Arial" fontSize="10.5"/>
                </Word>
                <TextEquiv>
                    <Unicode>vetischen Republik erwählt, daß dieses aber zu Un¬</Unicode>
                </TextEquiv>
                <TextStyle fontFamily="Arial" fontSize="10.5"/>
            </TextLine>
            <TextLine id="tl_34" primaryLanguage="German" custom="readingOrder {index:7;}">
                <Coords points="79,1551 907,1551 907,1610 79,1610"/>
                <Baseline points="79,1602 909,1583"/>
                <Word id="w_w1aab1c13b2b5c15ab1" language="German" custom="readingOrder {index:0;}">
                    <Coords points="80,1566 328,1566 328,1608 80,1608"/>
                    <TextEquiv>
                        <Unicode>angelegenheiten</Unicode>
                    </TextEquiv>
                    <TextStyle fontFamily="Arial" fontSize="10.5"/>
                </Word>
                <Word id="w_w1aab1c13b2b5c15ac33" language="German" custom="readingOrder {index:1;}">
                    <Coords points="340,1562 433,1562 433,1598 340,1598"/>
                    <TextEquiv>
                        <Unicode>Anlaß</Unicode>
                    </TextEquiv>
                    <TextStyle fontFamily="Arial" fontSize="10.5"/>
                </Word>
                <Word id="w_w1aab1c13b2b5c15ac45" language="German" custom="readingOrder {index:2;}">
                    <Coords points="443,1561 563,1561 563,1599 443,1599"/>
                    <TextEquiv>
                        <Unicode>gegeben</Unicode>
                    </TextEquiv>
                    <TextStyle fontFamily="Arial" fontSize="10.5"/>
                </Word>
                <Word id="w_w1aab1c13b2b5c15ac61" language="German" custom="readingOrder {index:3;}">
                    <Coords points="574,1559 657,1559 657,1593 574,1593"/>
                    <TextEquiv>
                        <Unicode>habe.</Unicode>
                    </TextEquiv>
                    <TextStyle fontFamily="Arial" fontSize="10.5"/>
                </Word>
                <Word id="w_w1aab1c13b2b5c15ac73" language="German" custom="readingOrder {index:4;}">
                    <Coords points="694,1559 742,1559 742,1589 694,1589"/>
                    <TextEquiv>
                        <Unicode>So</Unicode>
                    </TextEquiv>
                    <TextStyle fontFamily="Arial" fontSize="10.5"/>
                </Word>
                <Word id="w_w1aab1c13b2b5c15ac79" language="German" custom="readingOrder {index:5;}">
                    <Coords points="754,1559 830,1559 830,1586 754,1586"/>
                    <TextEquiv>
                        <Unicode>redet</Unicode>
                    </TextEquiv>
                    <TextStyle fontFamily="Arial" fontSize="10.5"/>
                </Word>
                <Word id="w_w1aab1c13b2b5c15ac91" language="German" custom="readingOrder {index:6;}">
                    <Coords points="840,1562 907,1562 907,1586 840,1586"/>
                    <TextEquiv>
                        <Unicode>man</Unicode>
                    </TextEquiv>
                    <TextStyle fontFamily="Arial" fontSize="10.5"/>
                </Word>
                <TextEquiv>
                    <Unicode>angelegenheiten Anlaß gegeben habe. So redet man</Unicode>
                </TextEquiv>
                <TextStyle fontFamily="Arial" fontSize="10.5"/>
            </TextLine>
            <TextLine id="tl_35" primaryLanguage="German" custom="readingOrder {index:8;}">
                <Coords points="81,1588 908,1588 908,1648 81,1648"/>
                <Baseline points="81,1640 905,1622"/>
                <Word id="w_w1aab1c13b2b5c17ab1" language="German" custom="readingOrder {index:0;}">
                    <Coords points="82,1609 150,1609 150,1642 82,1642"/>
                    <TextEquiv>
                        <Unicode>auch</Unicode>
                    </TextEquiv>
                    <TextStyle fontFamily="Arial" fontSize="10.5"/>
                </Word>
                <Word id="w_w1aab1c13b2b5c17ac11" language="German" custom="readingOrder {index:1;}">
                    <Coords points="162,1613 219,1613 219,1637 162,1637"/>
                    <TextEquiv>
                        <Unicode>von</Unicode>
                    </TextEquiv>
                    <TextStyle fontFamily="Arial" fontSize="10.5"/>
                </Word>
                <Word id="w_w1aab1c13b2b5c17ac19" language="German" custom="readingOrder {index:2;}">
                    <Coords points="233,1600 485,1600 485,1637 233,1637"/>
                    <TextEquiv>
                        <Unicode>Schwierigkeiten</Unicode>
                    </TextEquiv>
                    <TextStyle fontFamily="Arial" fontSize="10.5"/>
                </Word>
                <Word id="w_w1aab1c13b2b5c17ac51" language="German" custom="readingOrder {index:3;}">
                    <Coords points="501,1598 546,1598 546,1629 501,1629"/>
                    <TextEquiv>
                        <Unicode>bei</Unicode>
                    </TextEquiv>
                    <TextStyle fontFamily="Arial" fontSize="10.5"/>
                </Word>
                <Word id="w_w1aab1c13b2b5c17ac59" language="German" custom="readingOrder {index:4;}">
                    <Coords points="559,1595 750,1595 750,1632 559,1632"/>
                    <TextEquiv>
                        <Unicode>Einrichtung</Unicode>
                    </TextEquiv>
                    <TextStyle fontFamily="Arial" fontSize="10.5"/>
                </Word>
                <Word id="w_w1aab1c13b2b5c17ac83" language="German" custom="readingOrder {index:5;}">
                    <Coords points="764,1596 815,1596 815,1623 764,1623"/>
                    <TextEquiv>
                        <Unicode>des</Unicode>
                    </TextEquiv>
                    <TextStyle fontFamily="Arial" fontSize="10.5"/>
                </Word>
                <Word id="w_w1aab1c13b2b5c17ac91" language="German" custom="readingOrder {index:6;}">
                    <Coords points="832,1594 908,1594 908,1627 832,1627"/>
                    <TextEquiv>
                        <Unicode>Post¬</Unicode>
                    </TextEquiv>
                    <TextStyle fontFamily="Arial" fontSize="10.5"/>
                </Word>
                <TextEquiv>
                    <Unicode>auch von Schwierigkeiten bei Einrichtung des Post¬</Unicode>
                </TextEquiv>
                <TextStyle fontFamily="Arial" fontSize="10.5"/>
            </TextLine>
            <TextLine id="tl_36" primaryLanguage="German" custom="readingOrder {index:9;}">
                <Coords points="80,1624 910,1624 910,1685 80,1685"/>
                <Baseline points="80,1677 909,1660"/>
                <Word id="w_w1aab1c13b2b5c19ab1" language="German" custom="readingOrder {index:0;}">
                    <Coords points="80,1643 208,1643 208,1680 80,1680"/>
                    <TextEquiv>
                        <Unicode>wesens,</Unicode>
                    </TextEquiv>
                    <TextStyle fontFamily="Arial" fontSize="10.5"/>
                </Word>
                <Word id="w_w1aab1c13b2b5c19ac17" language="German" custom="readingOrder {index:1;}">
                    <Coords points="221,1643 258,1643 258,1669 221,1669"/>
                    <TextEquiv>
                        <Unicode>da</Unicode>
                    </TextEquiv>
                    <TextStyle fontFamily="Arial" fontSize="10.5"/>
                </Word>
                <Word id="w_w1aab1c13b2b5c19ac23" language="German" custom="readingOrder {index:2;}">
                    <Coords points="273,1639 316,1639 316,1669 273,1669"/>
                    <TextEquiv>
                        <Unicode>die</Unicode>
                    </TextEquiv>
                    <TextStyle fontFamily="Arial" fontSize="10.5"/>
                </Word>
                <Word id="w_w1aab1c13b2b5c19ac31" language="German" custom="readingOrder {index:3;}">
                    <Coords points="330,1638 444,1638 444,1674 330,1674"/>
                    <TextEquiv>
                        <Unicode>meisten</Unicode>
                    </TextEquiv>
                    <TextStyle fontFamily="Arial" fontSize="10.5"/>
                </Word>
                <Word id="w_w1aab1c13b2b5c19ac47" language="German" custom="readingOrder {index:4;}">
                    <Coords points="462,1638 593,1638 593,1669 462,1669"/>
                    <TextEquiv>
                        <Unicode>Cantone</Unicode>
                    </TextEquiv>
                    <TextStyle fontFamily="Arial" fontSize="10.5"/>
                </Word>
                <Word id="w_w1aab1c13b2b5c19ac63" language="German" custom="readingOrder {index:5;}">
                    <Coords points="612,1637 668,1637 668,1665 612,1665"/>
                    <TextEquiv>
                        <Unicode>das</Unicode>
                    </TextEquiv>
                    <TextStyle fontFamily="Arial" fontSize="10.5"/>
                </Word>
                <Word id="w_w1aab1c13b2b5c19ac71" language="German" custom="readingOrder {index:6;}">
                    <Coords points="680,1630 841,1630 841,1670 680,1670"/>
                    <TextEquiv>
                        <Unicode>Postregale</Unicode>
                    </TextEquiv>
                    <TextStyle fontFamily="Arial" fontSize="10.5"/>
                </Word>
                <Word id="w_w1aab1c13b2b5c19ac93" language="German" custom="readingOrder {index:7;}">
                    <Coords points="860,1629 910,1629 910,1665 860,1665"/>
                    <TextEquiv>
                        <Unicode>für</Unicode>
                    </TextEquiv>
                    <TextStyle fontFamily="Arial" fontSize="10.5"/>
                </Word>
                <TextEquiv>
                    <Unicode>wesens, da die meisten Cantone das Postregale für</Unicode>
                </TextEquiv>
                <TextStyle fontFamily="Arial" fontSize="10.5"/>
            </TextLine>
            <TextLine id="tl_37" primaryLanguage="German" custom="readingOrder {index:10;}">
                <Coords points="83,1672 409,1672 409,1718 83,1718"/>
                <Baseline points="83,1711 404,1707"/>
                <Word id="w_w1aab1c13b2b5c21ab1" language="German" custom="readingOrder {index:0;}">
                    <Coords points="83,1681 132,1681 132,1718 83,1718"/>
                    <TextEquiv>
                        <Unicode>sich</Unicode>
                    </TextEquiv>
                    <TextStyle fontFamily="Arial" fontSize="10.5"/>
                </Word>
                <Word id="w_w1aab1c13b2b5c21ac11" language="German" custom="readingOrder {index:1;}">
                    <Coords points="149,1676 278,1676 278,1713 149,1713"/>
                    <TextEquiv>
                        <Unicode>behalten</Unicode>
                    </TextEquiv>
                    <TextStyle fontFamily="Arial" fontSize="10.5"/>
                </Word>
                <Word id="w_w1aab1c13b2b5c21ac29" language="German" custom="readingOrder {index:2;}">
                    <Coords points="297,1674 409,1674 409,1705 297,1705"/>
                    <TextEquiv>
                        <Unicode>wollen.</Unicode>
                    </TextEquiv>
                    <TextStyle fontFamily="Arial" fontSize="10.5"/>
                </Word>
                <TextEquiv>
                    <Unicode>sich behalten wollen.</Unicode>
                </TextEquiv>
                <TextStyle fontFamily="Arial" fontSize="10.5"/>
            </TextLine>
            <TextEquiv>
                <Unicode>Bern, 18 März. Heute sind der Minister und
General Ney und Gen. Vonderweid nach Freyburg
verreiset, und der General-Inspector den französ.
Truppen, Br. Lambert, wieder nach Frankreich ab¬
gegangen. — Man sagt, daß der Kanton Argau zu
seiner Kantonsfarbe die Farbe der ehemaligen hel¬
vetischen Republik erwählt, daß dieses aber zu Un¬
angelegenheiten Anlaß gegeben habe. So redet man
auch von Schwierigkeiten bei Einrichtung des Post¬
wesens, da die meisten Cantone das Postregale für
sich behalten wollen.</Unicode>
            </TextEquiv>
        </TextRegion>
        <TextRegion type="paragraph" id="r_7_4" custom="readingOrder {index:11;}">
            <Coords points="75,1696 913,1696 913,2174 75,2174"/>
            <TextLine id="tl_38" primaryLanguage="German" custom="readingOrder {index:0;}">
                <Coords points="122,1697 910,1697 910,1756 122,1756"/>
                <Baseline points="125,1745 908,1737"/>
                <Word id="w_w1aab1c13b2b7b1ab1" language="German" custom="readingOrder {index:0;}">
                    <Coords points="122,1718 228,1718 228,1749 122,1749"/>
                    <TextEquiv>
                        <Unicode>Arau,</Unicode>
                    </TextEquiv>
                    <TextStyle fontFamily="Arial" fontSize="10.5"/>
                </Word>
                <Word id="word_1513341976223_1892" language="German" custom="readingOrder {index:1;}">
                    <Coords points="284,1749 241,1749 241,1711 284,1711"/>
                    <TextEquiv>
                        <Unicode>17</Unicode>
                    </TextEquiv>
                    <TextStyle fontFamily="Arial" fontSize="10.5"/>
                </Word>
                <Word id="word_1513341976223_1891" language="German" custom="readingOrder {index:2;}">
                    <Coords points="379,1749 284,1749 284,1711 379,1711"/>
                    <TextEquiv>
                        <Unicode>März.</Unicode>
                    </TextEquiv>
                    <TextStyle fontFamily="Arial" fontSize="10.5"/>
                </Word>
                <Word id="w_w1aab1c13b2b7b1b1c19" language="German" custom="readingOrder {index:3;}">
                    <Coords points="404,1710 472,1710 472,1741 404,1741"/>
                    <TextEquiv>
                        <Unicode>Von</Unicode>
                    </TextEquiv>
                    <TextStyle fontFamily="Arial" fontSize="10.5"/>
                </Word>
                <Word id="w_w1aab1c13b2b7b1b1c27" language="German" custom="readingOrder {index:4;}">
                    <Coords points="484,1709 649,1709 649,1741 484,1741"/>
                    <TextEquiv>
                        <Unicode>Umtrieben</Unicode>
                    </TextEquiv>
                    <TextStyle fontFamily="Arial" fontSize="10.5"/>
                </Word>
                <Word id="word_1513341992197_1896" language="German" custom="readingOrder {index:5;}">
                    <Coords points="707,1738 662,1738 662,1703 707,1703"/>
                    <TextEquiv>
                        <Unicode>im</Unicode>
                    </TextEquiv>
                    <TextStyle fontFamily="Arial" fontSize="10.5"/>
                </Word>
                <Word id="word_1513341992196_1895" language="German" custom="readingOrder {index:6;}">
                    <Coords points="834,1738 707,1738 707,1703 834,1703"/>
                    <TextEquiv>
                        <Unicode>Canton</Unicode>
                    </TextEquiv>
                    <TextStyle fontFamily="Arial" fontSize="10.5"/>
                </Word>
                <Word id="word_1513341990251_1893" language="German" custom="readingOrder {index:7;}">
                    <Coords points="910,1738 834,1738 834,1703 910,1703"/>
                    <TextEquiv>
                        <Unicode>weiß</Unicode>
                    </TextEquiv>
                    <TextStyle fontFamily="Arial" fontSize="10.5"/>
                </Word>
                <TextEquiv>
                    <Unicode>Arau, 17 März. Von Umtrieben im Canton weiß</Unicode>
                </TextEquiv>
            </TextLine>
            <TextLine id="tl_39" primaryLanguage="German" custom="readingOrder {index:1;}">
                <Coords points="81,1734 910,1734 910,1795 81,1795"/>
                <Baseline points="81,1788 907,1770"/>
                <Word id="w_w1aab1c13b2b7b3ab1" language="German" custom="readingOrder {index:0;}">
                    <Coords points="81,1761 149,1761 149,1788 81,1788"/>
                    <TextEquiv>
                        <Unicode>man</Unicode>
                    </TextEquiv>
                    <TextStyle fontFamily="Arial" fontSize="10.5"/>
                </Word>
                <Word id="w_w1aab1c13b2b7b3ab9" language="German" custom="readingOrder {index:1;}">
                    <Coords points="159,1759 213,1759 213,1792 159,1792"/>
                    <TextEquiv>
                        <Unicode>gar</Unicode>
                    </TextEquiv>
                    <TextStyle fontFamily="Arial" fontSize="10.5"/>
                </Word>
                <Word id="w_w1aab1c13b2b7b3ac17" language="German" custom="readingOrder {index:2;}">
                    <Coords points="220,1750 323,1750 323,1782 220,1782"/>
                    <TextEquiv>
                        <Unicode>nichts.</Unicode>
                    </TextEquiv>
                    <TextStyle fontFamily="Arial" fontSize="10.5"/>
                </Word>
                <Word id="w_w1aab1c13b2b7b3ac33" language="German" custom="readingOrder {index:3;}">
                    <Coords points="338,1747 422,1747 422,1779 338,1779"/>
                    <TextEquiv>
                        <Unicode>Wohl</Unicode>
                    </TextEquiv>
                    <TextStyle fontFamily="Arial" fontSize="10.5"/>
                </Word>
                <Word id="w_w1aab1c13b2b7b3ac43" language="German" custom="readingOrder {index:4;}">
                    <Coords points="430,1754 497,1754 497,1783 430,1783"/>
                    <TextEquiv>
                        <Unicode>mag</Unicode>
                    </TextEquiv>
                    <TextStyle fontFamily="Arial" fontSize="10.5"/>
                </Word>
                <Word id="w_w1aab1c13b2b7b3ac51" language="German" custom="readingOrder {index:5;}">
                    <Coords points="508,1746 557,1746 557,1780 508,1780"/>
                    <TextEquiv>
                        <Unicode>für</Unicode>
                    </TextEquiv>
                    <TextStyle fontFamily="Arial" fontSize="10.5"/>
                </Word>
                <Word id="w_w1aab1c13b2b7b3ac59" language="German" custom="readingOrder {index:6;}">
                    <Coords points="567,1747 611,1747 611,1778 567,1778"/>
                    <TextEquiv>
                        <Unicode>die</Unicode>
                    </TextEquiv>
                    <TextStyle fontFamily="Arial" fontSize="10.5"/>
                </Word>
                <Word id="w_w1aab1c13b2b7b3ac67" language="German" custom="readingOrder {index:7;}">
                    <Coords points="621,1743 742,1743 742,1777 621,1777"/>
                    <TextEquiv>
                        <Unicode>Wahlen</Unicode>
                    </TextEquiv>
                    <TextStyle fontFamily="Arial" fontSize="10.5"/>
                </Word>
                <Word id="w_w1aab1c13b2b7b3ac81" language="German" custom="readingOrder {index:8;}">
                    <Coords points="755,1742 910,1742 910,1779 755,1779"/>
                    <TextEquiv>
                        <Unicode>gearbeitet</Unicode>
                    </TextEquiv>
                    <TextStyle fontFamily="Arial" fontSize="10.5"/>
                </Word>
                <TextEquiv>
                    <Unicode>man gar nichts. Wohl mag für die Wahlen gearbeitet</Unicode>
                </TextEquiv>
                <TextStyle fontFamily="Arial" fontSize="10.5"/>
            </TextLine>
            <TextLine id="tl_40" primaryLanguage="German" custom="readingOrder {index:2;}">
                <Coords points="85,1771 907,1771 907,1831 85,1831"/>
                <Baseline points="85,1825 905,1810"/>
                <Word id="w_w1aab1c13b2b7b5ab1" language="German" custom="readingOrder {index:0;}">
                    <Coords points="85,1794 215,1794 215,1824 85,1824"/>
                    <TextEquiv>
                        <Unicode>werden;</Unicode>
                    </TextEquiv>
                    <TextStyle fontFamily="Arial" fontSize="10.5"/>
                </Word>
                <Word id="w_w1aab1c13b2b7b5ac17" language="German" custom="readingOrder {index:1;}">
                    <Coords points="235,1786 320,1786 320,1818 235,1818"/>
                    <TextEquiv>
                        <Unicode>allein</Unicode>
                    </TextEquiv>
                    <TextStyle fontFamily="Arial" fontSize="10.5"/>
                </Word>
                <Word id="w_w1aab1c13b2b7b5ac31" language="German" custom="readingOrder {index:2;}">
                    <Coords points="340,1785 430,1785 430,1819 340,1819"/>
                    <TextEquiv>
                        <Unicode>dieses</Unicode>
                    </TextEquiv>
                    <TextStyle fontFamily="Arial" fontSize="10.5"/>
                </Word>
                <Word id="w_w1aab1c13b2b7b5ac45" language="German" custom="readingOrder {index:3;}">
                    <Coords points="449,1783 585,1783 585,1820 449,1820"/>
                    <TextEquiv>
                        <Unicode>geschieht</Unicode>
                    </TextEquiv>
                    <TextStyle fontFamily="Arial" fontSize="10.5"/>
                </Word>
                <Word id="w_w1aab1c13b2b7b5ac65" language="German" custom="readingOrder {index:4;}">
                    <Coords points="603,1785 674,1785 674,1818 603,1818"/>
                    <TextEquiv>
                        <Unicode>ohne</Unicode>
                    </TextEquiv>
                    <TextStyle fontFamily="Arial" fontSize="10.5"/>
                </Word>
                <Word id="w_w1aab1c13b2b7b5ac75" language="German" custom="readingOrder {index:5;}">
                    <Coords points="692,1780 831,1780 831,1815 692,1815"/>
                    <TextEquiv>
                        <Unicode>störrische</Unicode>
                    </TextEquiv>
                    <TextStyle fontFamily="Arial" fontSize="10.5"/>
                </Word>
                <Word id="w_w1aab1c13b2b7b5ac97" language="German" custom="readingOrder {index:6;}">
                    <Coords points="852,1780 907,1780 907,1809 852,1809"/>
                    <TextEquiv>
                        <Unicode>Be¬</Unicode>
                    </TextEquiv>
                    <TextStyle fontFamily="Arial" fontSize="10.5"/>
                </Word>
                <TextEquiv>
                    <Unicode>werden; allein dieses geschieht ohne störrische Be¬</Unicode>
                </TextEquiv>
                <TextStyle fontFamily="Arial" fontSize="10.5"/>
            </TextLine>
            <TextLine id="tl_41" primaryLanguage="German" custom="readingOrder {index:3;}">
                <Coords points="80,1809 908,1809 908,1871 80,1871"/>
                <Baseline points="80,1862 911,1847"/>
                <Word id="w_w1aab1c13b2b7b7ab1" language="German" custom="readingOrder {index:0;}">
                    <Coords points="80,1834 249,1834 249,1867 80,1867"/>
                    <TextEquiv>
                        <Unicode>wegungen.</Unicode>
                    </TextEquiv>
                    <TextStyle fontFamily="Arial" fontSize="10.5"/>
                </Word>
                <Word id="w_w1aab1c13b2b7b7ac21" language="German" custom="readingOrder {index:1;}">
                    <Coords points="289,1823 350,1823 350,1855 289,1855"/>
                    <TextEquiv>
                        <Unicode>Mit</Unicode>
                    </TextEquiv>
                    <TextStyle fontFamily="Arial" fontSize="10.5"/>
                </Word>
                <Word id="w_w1aab1c13b2b7b7ac29" language="German" custom="readingOrder {index:2;}">
                    <Coords points="364,1821 523,1821 523,1857 364,1857"/>
                    <TextEquiv>
                        <Unicode>Abtretung</Unicode>
                    </TextEquiv>
                    <TextStyle fontFamily="Arial" fontSize="10.5"/>
                </Word>
                <Word id="w_w1aab1c13b2b7b7ac49" language="German" custom="readingOrder {index:3;}">
                    <Coords points="543,1824 593,1824 593,1850 543,1850"/>
                    <TextEquiv>
                        <Unicode>des</Unicode>
                    </TextEquiv>
                    <TextStyle fontFamily="Arial" fontSize="10.5"/>
                </Word>
                <Word id="word_1513342018833_1898" language="German" custom="readingOrder {index:4;}">
                    <Coords points="769,1857 613,1857 613,1817 769,1817"/>
                    <TextEquiv>
                        <Unicode>Hizkircher</Unicode>
                    </TextEquiv>
                    <TextStyle fontFamily="Arial" fontSize="10.5"/>
                </Word>
                <Word id="word_1513342018832_1897" language="German" custom="readingOrder {index:5;}">
                    <Coords points="858,1857 769,1857 769,1817 858,1817"/>
                    <TextEquiv>
                        <Unicode>Amts</Unicode>
                    </TextEquiv>
                    <TextStyle fontFamily="Arial" fontSize="10.5"/>
                </Word>
                <Word id="w_w1aab1c13b2b7b7ac87" language="German" custom="readingOrder {index:6;}">
                    <Coords points="872,1824 908,1824 908,1846 872,1846"/>
                    <TextEquiv>
                        <Unicode>an</Unicode>
                    </TextEquiv>
                    <TextStyle fontFamily="Arial" fontSize="10.5"/>
                </Word>
                <TextEquiv>
                    <Unicode>wegungen. Mit Abtretung des Hizkircher Amts an</Unicode>
                </TextEquiv>
                <TextStyle fontFamily="Arial" fontSize="10.5"/>
            </TextLine>
            <TextLine id="tl_42" primaryLanguage="German" custom="readingOrder {index:4;}">
                <Coords points="82,1846 910,1846 910,1910 82,1910"/>
                <Baseline points="83,1897 908,1882"/>
                <Word id="w_w1aab1c13b2b7b9ab1" language="German" custom="readingOrder {index:0;}">
                    <Coords points="82,1868 186,1868 186,1904 82,1904"/>
                    <TextEquiv>
                        <Unicode>Luzern</Unicode>
                    </TextEquiv>
                    <TextStyle fontFamily="Arial" fontSize="10.5"/>
                </Word>
                <Word id="w_w1aab1c13b2b7b9ac15" language="German" custom="readingOrder {index:1;}">
                    <Coords points="203,1862 291,1862 291,1900 203,1900"/>
                    <TextEquiv>
                        <Unicode>sollen</Unicode>
                    </TextEquiv>
                    <TextStyle fontFamily="Arial" fontSize="10.5"/>
                </Word>
                <Word id="w_w1aab1c13b2b7b9ac29" language="German" custom="readingOrder {index:2;}">
                    <Coords points="309,1864 352,1864 352,1891 309,1891"/>
                    <TextEquiv>
                        <Unicode>die</Unicode>
                    </TextEquiv>
                    <TextStyle fontFamily="Arial" fontSize="10.5"/>
                </Word>
                <Word id="w_w1aab1c13b2b7b9ac37" language="German" custom="readingOrder {index:3;}">
                    <Coords points="368,1858 478,1858 478,1896 368,1896"/>
                    <TextEquiv>
                        <Unicode>meisten</Unicode>
                    </TextEquiv>
                    <TextStyle fontFamily="Arial" fontSize="10.5"/>
                </Word>
                <Word id="w_w1aab1c13b2b7b9ac53" language="German" custom="readingOrder {index:4;}">
                    <Coords points="496,1858 673,1858 673,1897 496,1897"/>
                    <TextEquiv>
                        <Unicode>Einwohner</Unicode>
                    </TextEquiv>
                    <TextStyle fontFamily="Arial" fontSize="10.5"/>
                </Word>
                <Word id="w_w1aab1c13b2b7b9ac73" language="German" custom="readingOrder {index:5;}">
                    <Coords points="690,1863 750,1863 750,1886 690,1886"/>
                    <TextEquiv>
                        <Unicode>nun</Unicode>
                    </TextEquiv>
                    <TextStyle fontFamily="Arial" fontSize="10.5"/>
                </Word>
                <Word id="w_w1aab1c13b2b7b9ac81" language="German" custom="readingOrder {index:6;}">
                    <Coords points="762,1855 835,1855 835,1888 762,1888"/>
                    <TextEquiv>
                        <Unicode>nicht</Unicode>
                    </TextEquiv>
                    <TextStyle fontFamily="Arial" fontSize="10.5"/>
                </Word>
                <Word id="w_w1aab1c13b2b7b9ac93" language="German" custom="readingOrder {index:7;}">
                    <Coords points="847,1849 910,1849 910,1890 847,1890"/>
                    <TextEquiv>
                        <Unicode>son¬</Unicode>
                    </TextEquiv>
                    <TextStyle fontFamily="Arial" fontSize="10.5"/>
                </Word>
                <TextEquiv>
                    <Unicode>Luzern sollen die meisten Einwohner nun nicht son¬</Unicode>
                </TextEquiv>
                <TextStyle fontFamily="Arial" fontSize="10.5"/>
            </TextLine>
            <TextLine id="tl_43" primaryLanguage="German" custom="readingOrder {index:5;}">
                <Coords points="81,1885 907,1885 907,1944 81,1944"/>
                <Baseline points="81,1937 910,1922"/>
                <Word id="w_w1aab1c13b2b7c11ab1" language="German" custom="readingOrder {index:0;}">
                    <Coords points="81,1904 184,1904 184,1939 81,1939"/>
                    <TextEquiv>
                        <Unicode>derlich</Unicode>
                    </TextEquiv>
                    <TextStyle fontFamily="Arial" fontSize="10.5"/>
                </Word>
                <Word id="w_w1aab1c13b2b7c11ac17" language="German" custom="readingOrder {index:1;}">
                    <Coords points="197,1900 342,1900 342,1941 197,1941"/>
                    <TextEquiv>
                        <Unicode>zufrieden</Unicode>
                    </TextEquiv>
                    <TextStyle fontFamily="Arial" fontSize="10.5"/>
                </Word>
                <Word id="w_w1aab1c13b2b7c11ac37" language="German" custom="readingOrder {index:2;}">
                    <Coords points="357,1898 438,1898 438,1934 357,1934"/>
                    <TextEquiv>
                        <Unicode>seyn,</Unicode>
                    </TextEquiv>
                    <TextStyle fontFamily="Arial" fontSize="10.5"/>
                </Word>
                <Word id="w_w1aab1c13b2b7c11ac49" language="German" custom="readingOrder {index:3;}">
                    <Coords points="457,1898 493,1898 493,1926 457,1926"/>
                    <TextEquiv>
                        <Unicode>da</Unicode>
                    </TextEquiv>
                    <TextStyle fontFamily="Arial" fontSize="10.5"/>
                </Word>
                <Word id="w_w1aab1c13b2b7c11ac55" language="German" custom="readingOrder {index:4;}">
                    <Coords points="510,1894 544,1894 544,1933 510,1933"/>
                    <TextEquiv>
                        <Unicode>sie</Unicode>
                    </TextEquiv>
                    <TextStyle fontFamily="Arial" fontSize="10.5"/>
                </Word>
                <Word id="w_w1aab1c13b2b7c11ac63" language="German" custom="readingOrder {index:5;}">
                    <Coords points="560,1894 626,1894 626,1925 560,1925"/>
                    <TextEquiv>
                        <Unicode>blos</Unicode>
                    </TextEquiv>
                    <TextStyle fontFamily="Arial" fontSize="10.5"/>
                </Word>
                <Word id="w_w1aab1c13b2b7c11ac73" language="German" custom="readingOrder {index:6;}">
                    <Coords points="637,1893 688,1893 688,1928 637,1928"/>
                    <TextEquiv>
                        <Unicode>für</Unicode>
                    </TextEquiv>
                    <TextStyle fontFamily="Arial" fontSize="10.5"/>
                </Word>
                <Word id="w_w1aab1c13b2b7c11ac81" language="German" custom="readingOrder {index:7;}">
                    <Coords points="702,1893 746,1893 746,1924 702,1924"/>
                    <TextEquiv>
                        <Unicode>die</Unicode>
                    </TextEquiv>
                    <TextStyle fontFamily="Arial" fontSize="10.5"/>
                </Word>
                <Word id="w_w1aab1c13b2b7c11ac89" language="German" custom="readingOrder {index:8;}">
                    <Coords points="759,1892 907,1892 907,1925 759,1925"/>
                    <TextEquiv>
                        <Unicode>Anschlies¬</Unicode>
                    </TextEquiv>
                    <TextStyle fontFamily="Arial" fontSize="10.5"/>
                </Word>
                <TextEquiv>
                    <Unicode>derlich zufrieden seyn, da sie blos für die Anschlies¬</Unicode>
                </TextEquiv>
                <TextStyle fontFamily="Arial" fontSize="10.5"/>
            </TextLine>
            <TextLine id="tl_44" primaryLanguage="German" custom="readingOrder {index:6;}">
                <Coords points="76,1922 910,1922 910,1982 76,1982"/>
                <Baseline points="76,1974 912,1959"/>
                <Word id="w_w1aab1c13b2b7c13ab1" language="German" custom="readingOrder {index:0;}">
                    <Coords points="76,1943 155,1943 155,1980 76,1980"/>
                    <TextEquiv>
                        <Unicode>sung</Unicode>
                    </TextEquiv>
                    <TextStyle fontFamily="Arial" fontSize="10.5"/>
                </Word>
                <Word id="w_w1aab1c13b2b7c13ac11" language="German" custom="readingOrder {index:1;}">
                    <Coords points="172,1948 209,1948 209,1972 172,1972"/>
                    <TextEquiv>
                        <Unicode>an</Unicode>
                    </TextEquiv>
                    <TextStyle fontFamily="Arial" fontSize="10.5"/>
                </Word>
                <Word id="w_w1aab1c13b2b7c13ac17" language="German" custom="readingOrder {index:2;}">
                    <Coords points="226,1938 318,1938 318,1968 226,1968"/>
                    <TextEquiv>
                        <Unicode>diesen</Unicode>
                    </TextEquiv>
                    <TextStyle fontFamily="Arial" fontSize="10.5"/>
                </Word>
                <Word id="w_w1aab1c13b2b7c13ac31" language="German" custom="readingOrder {index:3;}">
                    <Coords points="329,1936 443,1936 443,1967 329,1967"/>
                    <TextEquiv>
                        <Unicode>Kanton</Unicode>
                    </TextEquiv>
                    <TextStyle fontFamily="Arial" fontSize="10.5"/>
                </Word>
                <Word id="w_w1aab1c13b2b7c13ac45" language="German" custom="readingOrder {index:4;}">
                    <Coords points="458,1932 506,1932 506,1962 458,1962"/>
                    <TextEquiv>
                        <Unicode>hin</Unicode>
                    </TextEquiv>
                    <TextStyle fontFamily="Arial" fontSize="10.5"/>
                </Word>
                <Word id="w_w1aab1c13b2b7c13ac53" language="German" custom="readingOrder {index:5;}">
                    <Coords points="522,1931 681,1931 681,1968 522,1968"/>
                    <TextEquiv>
                        <Unicode>gearbeitet</Unicode>
                    </TextEquiv>
                    <TextStyle fontFamily="Arial" fontSize="10.5"/>
                </Word>
                <Word id="w_w1aab1c13b2b7c13ac75" language="German" custom="readingOrder {index:6;}">
                    <Coords points="692,1930 783,1930 783,1965 692,1965"/>
                    <TextEquiv>
                        <Unicode>haben</Unicode>
                    </TextEquiv>
                    <TextStyle fontFamily="Arial" fontSize="10.5"/>
                </Word>
                <Word id="w_w1aab1c13b2b7c13ac87" language="German" custom="readingOrder {index:7;}">
                    <Coords points="793,1930 910,1930 910,1961 793,1961"/>
                    <TextEquiv>
                        <Unicode>wollen,</Unicode>
                    </TextEquiv>
                    <TextStyle fontFamily="Arial" fontSize="10.5"/>
                </Word>
                <TextEquiv>
                    <Unicode>sung an diesen Kanton hin gearbeitet haben wollen,</Unicode>
                </TextEquiv>
                <TextStyle fontFamily="Arial" fontSize="10.5"/>
            </TextLine>
            <TextLine id="tl_45" primaryLanguage="German" custom="readingOrder {index:7;}">
                <Coords points="82,1958 910,1958 910,2017 82,2017"/>
                <Baseline points="84,2009 912,1996"/>
                <Word id="w_w1aab1c13b2b7c15ab1" language="German" custom="readingOrder {index:0;}">
                    <Coords points="82,1985 165,1985 165,2010 82,2010"/>
                    <TextEquiv>
                        <Unicode>wenn</Unicode>
                    </TextEquiv>
                    <TextStyle fontFamily="Arial" fontSize="10.5"/>
                </Word>
                <Word id="w_w1aab1c13b2b7c15ac11" language="German" custom="readingOrder {index:1;}">
                    <Coords points="184,1979 286,1979 286,2008 184,2008"/>
                    <TextEquiv>
                        <Unicode>Baden</Unicode>
                    </TextEquiv>
                    <TextStyle fontFamily="Arial" fontSize="10.5"/>
                </Word>
                <Word id="w_w1aab1c13b2b7c15ac23" language="German" custom="readingOrder {index:2;}">
                    <Coords points="299,1969 489,1969 489,2010 299,2010"/>
                    <TextEquiv>
                        <Unicode>selbstständig</Unicode>
                    </TextEquiv>
                    <TextStyle fontFamily="Arial" fontSize="10.5"/>
                </Word>
                <Word id="w_w1aab1c13b2b7c15ac51" language="German" custom="readingOrder {index:3;}">
                    <Coords points="509,1968 656,1968 656,2005 509,2005"/>
                    <TextEquiv>
                        <Unicode>geblieben</Unicode>
                    </TextEquiv>
                    <TextStyle fontFamily="Arial" fontSize="10.5"/>
                </Word>
                <Word id="w_w1aab1c13b2b7c15ac71" language="German" custom="readingOrder {index:4;}">
                    <Coords points="676,1969 773,1969 773,1998 676,1998"/>
                    <TextEquiv>
                        <Unicode>wäre;</Unicode>
                    </TextEquiv>
                    <TextStyle fontFamily="Arial" fontSize="10.5"/>
                </Word>
                <Word id="w_w1aab1c13b2b7c15ac83" language="German" custom="readingOrder {index:5;}">
                    <Coords points="793,1971 828,1971 828,1998 793,1998"/>
                    <TextEquiv>
                        <Unicode>da</Unicode>
                    </TextEquiv>
                    <TextStyle fontFamily="Arial" fontSize="10.5"/>
                </Word>
                <Word id="w_w1aab1c13b2b7c15ac89" language="German" custom="readingOrder {index:6;}">
                    <Coords points="851,1973 910,1973 910,1997 851,1997"/>
                    <TextEquiv>
                        <Unicode>nun</Unicode>
                    </TextEquiv>
                    <TextStyle fontFamily="Arial" fontSize="10.5"/>
                </Word>
                <TextEquiv>
                    <Unicode>wenn Baden selbstständig geblieben wäre; da nun</Unicode>
                </TextEquiv>
                <TextStyle fontFamily="Arial" fontSize="10.5"/>
            </TextLine>
            <TextLine id="tl_46" primaryLanguage="German" custom="readingOrder {index:8;}">
                <Coords points="82,1995 910,1995 910,2057 82,2057"/>
                <Baseline points="82,2046 909,2032"/>
                <Word id="w_w1aab1c13b2b7c17ab1" language="German" custom="readingOrder {index:0;}">
                    <Coords points="82,2016 151,2016 151,2047 82,2047"/>
                    <TextEquiv>
                        <Unicode>aber</Unicode>
                    </TextEquiv>
                    <TextStyle fontFamily="Arial" fontSize="10.5"/>
                </Word>
                <Word id="w_w1aab1c13b2b7c17ac11" language="German" custom="readingOrder {index:1;}">
                    <Coords points="167,2015 270,2015 270,2045 167,2045"/>
                    <TextEquiv>
                        <Unicode>Baden</Unicode>
                    </TextEquiv>
                    <TextStyle fontFamily="Arial" fontSize="10.5"/>
                </Word>
                <Word id="w_w1aab1c13b2b7c17ac23" language="German" custom="readingOrder {index:2;}">
                    <Coords points="283,2014 341,2014 341,2041 283,2041"/>
                    <TextEquiv>
                        <Unicode>und</Unicode>
                    </TextEquiv>
                    <TextStyle fontFamily="Arial" fontSize="10.5"/>
                </Word>
                <Word id="w_w1aab1c13b2b7c17ac31" language="German" custom="readingOrder {index:3;}">
                    <Coords points="357,2011 454,2011 454,2047 357,2047"/>
                    <TextEquiv>
                        <Unicode>Argau</Unicode>
                    </TextEquiv>
                    <TextStyle fontFamily="Arial" fontSize="10.5"/>
                </Word>
                <Word id="w_w1aab1c13b2b7c17ac43" language="German" custom="readingOrder {index:4;}">
                    <Coords points="467,2004 761,2004 761,2045 467,2045"/>
                    <TextEquiv>
                        <Unicode>zusammengestoßen</Unicode>
                    </TextEquiv>
                    <TextStyle fontFamily="Arial" fontSize="10.5"/>
                </Word>
                <Word id="w_w1aab1c13b2b7c17ac77" language="German" custom="readingOrder {index:5;}">
                    <Coords points="774,2007 910,2007 910,2037 774,2037"/>
                    <TextEquiv>
                        <Unicode>wurden,</Unicode>
                    </TextEquiv>
                    <TextStyle fontFamily="Arial" fontSize="10.5"/>
                </Word>
                <TextEquiv>
                    <Unicode>aber Baden und Argau zusammengestoßen wurden,</Unicode>
                </TextEquiv>
                <TextStyle fontFamily="Arial" fontSize="10.5"/>
            </TextLine>
            <TextLine id="tl_47" primaryLanguage="German" custom="readingOrder {index:9;}">
                <Coords points="82,2028 912,2028 912,2095 82,2095"/>
                <Baseline points="81,2083 913,2073"/>
                <Word id="w_w1aab1c13b2b7c19ab1" language="German" custom="readingOrder {index:0;}">
                    <Coords points="82,2051 178,2051 178,2087 82,2087"/>
                    <TextEquiv>
                        <Unicode>hätten</Unicode>
                    </TextEquiv>
                    <TextStyle fontFamily="Arial" fontSize="10.5"/>
                </Word>
                <Word id="w_w1aab1c13b2b7c19ac15" language="German" custom="readingOrder {index:1;}">
                    <Coords points="199,2051 233,2051 233,2088 199,2088"/>
                    <TextEquiv>
                        <Unicode>sie</Unicode>
                    </TextEquiv>
                    <TextStyle fontFamily="Arial" fontSize="10.5"/>
                </Word>
                <Word id="w_w1aab1c13b2b7c19ac23" language="German" custom="readingOrder {index:2;}">
                    <Coords points="252,2049 322,2049 322,2084 252,2084"/>
                    <TextEquiv>
                        <Unicode>auch</Unicode>
                    </TextEquiv>
                    <TextStyle fontFamily="Arial" fontSize="10.5"/>
                </Word>
                <Word id="w_w1aab1c13b2b7c19ac33" language="German" custom="readingOrder {index:3;}">
                    <Coords points="341,2050 471,2050 471,2084 341,2084"/>
                    <TextEquiv>
                        <Unicode>Argauer</Unicode>
                    </TextEquiv>
                    <TextStyle fontFamily="Arial" fontSize="10.5"/>
                </Word>
                <Word id="w_w1aab1c13b2b7c19ac49" language="German" custom="readingOrder {index:4;}">
                    <Coords points="491,2046 555,2046 555,2082 491,2082"/>
                    <TextEquiv>
                        <Unicode>seyn</Unicode>
                    </TextEquiv>
                    <TextStyle fontFamily="Arial" fontSize="10.5"/>
                </Word>
                <Word id="w_w1aab1c13b2b7c19ac59" language="German" custom="readingOrder {index:5;}">
                    <Coords points="579,2041 692,2041 692,2079 579,2079"/>
                    <TextEquiv>
                        <Unicode>mögen.</Unicode>
                    </TextEquiv>
                    <TextStyle fontFamily="Arial" fontSize="10.5"/>
                </Word>
                <Word id="w_w1aab1c13b2b7c19ac75" language="German" custom="readingOrder {index:6;}">
                    <Coords points="733,2042 788,2042 788,2073 733,2073"/>
                    <TextEquiv>
                        <Unicode>Die</Unicode>
                    </TextEquiv>
                    <TextStyle fontFamily="Arial" fontSize="10.5"/>
                </Word>
                <Word id="w_w1aab1c13b2b7c19ac83" language="German" custom="readingOrder {index:7;}">
                    <Coords points="810,2029 911,2029 911,2078 810,2078"/>
                    <TextEquiv>
                        <Unicode>gleiche</Unicode>
                    </TextEquiv>
                    <TextStyle fontFamily="Arial" fontSize="10.5"/>
                </Word>
                <TextEquiv>
                    <Unicode>hätten sie auch Argauer seyn mögen. Die gleiche</Unicode>
                </TextEquiv>
                <TextStyle fontFamily="Arial" fontSize="10.5"/>
            </TextLine>
            <TextLine id="tl_48" primaryLanguage="German" custom="readingOrder {index:10;}">
                <Coords points="81,2072 911,2072 911,2134 81,2134"/>
                <Baseline points="82,2121 909,2109"/>
                <Word id="word_1513342127475_1906" language="German" custom="readingOrder {index:0;}">
                    <Coords points="279,2126 81,2126 81,2087 279,2087"/>
                    <TextEquiv>
                        <Unicode>Bewandtniß</Unicode>
                    </TextEquiv>
                    <TextStyle fontFamily="Arial" fontSize="10.5"/>
                </Word>
                <Word id="word_1513342127474_1905" language="German" custom="readingOrder {index:1;}">
                    <Coords points="339,2126 279,2126 279,2087 339,2087"/>
                    <TextEquiv>
                        <Unicode>hat</Unicode>
                    </TextEquiv>
                    <TextStyle fontFamily="Arial" fontSize="10.5"/>
                </Word>
                <Word id="word_1513342126259_1903" language="German" custom="readingOrder {index:2;}">
                    <Coords points="376,2126 339,2126 339,2087 376,2087"/>
                    <TextEquiv>
                        <Unicode>es</Unicode>
                    </TextEquiv>
                    <TextStyle fontFamily="Arial" fontSize="10.5"/>
                </Word>
                <Word id="word_1513342125297_1901" language="German" custom="readingOrder {index:3;}">
                    <Coords points="436,2126 376,2126 376,2087 436,2087"/>
                    <TextEquiv>
                        <Unicode>mit</Unicode>
                    </TextEquiv>
                    <TextStyle fontFamily="Arial" fontSize="10.5"/>
                </Word>
                <Word id="word_1513342124410_1899" language="German" custom="readingOrder {index:4;}">
                    <Coords points="489,2126 436,2126 436,2087 489,2087"/>
                    <TextEquiv>
                        <Unicode>den</Unicode>
                    </TextEquiv>
                    <TextStyle fontFamily="Arial" fontSize="10.5"/>
                </Word>
                <Word id="w_w1aab1c13b2b7c21ac45" language="German" custom="readingOrder {index:5;}">
                    <Coords points="502,2079 715,2079 715,2116 502,2116"/>
                    <TextEquiv>
                        <Unicode>Dorfschaften,</Unicode>
                    </TextEquiv>
                    <TextStyle fontFamily="Arial" fontSize="10.5"/>
                </Word>
                <Word id="w_w1aab1c13b2b7c21ac73" language="German" custom="readingOrder {index:6;}">
                    <Coords points="727,2080 756,2080 756,2113 727,2113"/>
                    <TextEquiv>
                        <Unicode>so</Unicode>
                    </TextEquiv>
                    <TextStyle fontFamily="Arial" fontSize="10.5"/>
                </Word>
                <Word id="w_w1aab1c13b2b7c21ac79" language="German" custom="readingOrder {index:7;}">
                    <Coords points="769,2085 802,2085 802,2118 769,2118"/>
                    <TextEquiv>
                        <Unicode>zu</Unicode>
                    </TextEquiv>
                    <TextStyle fontFamily="Arial" fontSize="10.5"/>
                </Word>
                <Word id="w_w1aab1c13b2b7c21ac85" language="German" custom="readingOrder {index:8;}">
                    <Coords points="811,2076 911,2076 911,2115 811,2115"/>
                    <TextEquiv>
                        <Unicode>Zürich</Unicode>
                    </TextEquiv>
                    <TextStyle fontFamily="Arial" fontSize="10.5"/>
                </Word>
                <TextEquiv>
                    <Unicode>Bewandtniß hat es mit den Dorfschaften, so zu Zürich</Unicode>
                </TextEquiv>
                <TextStyle fontFamily="Arial" fontSize="10.5"/>
            </TextLine>
            <TextLine id="tl_49" primaryLanguage="German" custom="readingOrder {index:11;}">
                <Coords points="79,2107 912,2107 912,2173 79,2173"/>
                <Baseline points="79,2161 910,2148"/>
                <Word id="w_w1aab1c13b2b7c23ab1" language="German" custom="readingOrder {index:0;}">
                    <Coords points="79,2126 257,2126 257,2166 79,2166"/>
                    <TextEquiv>
                        <Unicode>übergehen,</Unicode>
                    </TextEquiv>
                    <TextStyle fontFamily="Arial" fontSize="10.5"/>
                </Word>
                <Word id="w_w1aab1c13b2b7c23ac23" language="German" custom="readingOrder {index:1;}">
                    <Coords points="282,2123 380,2123 380,2162 282,2162"/>
                    <TextEquiv>
                        <Unicode>welche</Unicode>
                    </TextEquiv>
                    <TextStyle fontFamily="Arial" fontSize="10.5"/>
                </Word>
                <Word id="w_w1aab1c13b2b7c23ac37" language="German" custom="readingOrder {index:2;}">
                    <Coords points="405,2117 609,2117 609,2162 405,2162"/>
                    <TextEquiv>
                        <Unicode>hauptsächlich</Unicode>
                    </TextEquiv>
                    <TextStyle fontFamily="Arial" fontSize="10.5"/>
                </Word>
                <Word id="w_w1aab1c13b2b7c23ac65" language="German" custom="readingOrder {index:3;}">
                    <Coords points="632,2116 743,2116 743,2155 632,2155"/>
                    <TextEquiv>
                        <Unicode>darauf</Unicode>
                    </TextEquiv>
                    <TextStyle fontFamily="Arial" fontSize="10.5"/>
                </Word>
                <Word id="w_w1aab1c13b2b7c23ac79" language="German" custom="readingOrder {index:4;}">
                    <Coords points="766,2115 912,2115 912,2156 766,2156"/>
                    <TextEquiv>
                        <Unicode>gerechnet</Unicode>
                    </TextEquiv>
                    <TextStyle fontFamily="Arial" fontSize="10.5"/>
                </Word>
                <TextEquiv>
                    <Unicode>übergehen, welche hauptsächlich darauf gerechnet</Unicode>
                </TextEquiv>
                <TextStyle fontFamily="Arial" fontSize="10.5"/>
            </TextLine>
            <TextEquiv>
                <Unicode>Arau, 17 März. Von Umtrieben im Canton weiß
man gar nichts. Wohl mag für die Wahlen gearbeitet
werden; allein dieses geschieht ohne störrische Be¬
wegungen. Mit Abtretung des Hizkircher Amts an
Luzern sollen die meisten Einwohner nun nicht son¬
derlich zufrieden seyn, da sie blos für die Anschlies¬
sung an diesen Kanton hin gearbeitet haben wollen,
wenn Baden selbstständig geblieben wäre; da nun
aber Baden und Argau zusammengestoßen wurden,
hätten sie auch Argauer seyn mögen. Die gleiche
Bewandtniß hat es mit den Dorfschaften, so zu Zürich
übergehen, welche hauptsächlich darauf gerechnet</Unicode>
            </TextEquiv>
        </TextRegion>
        <TextRegion type="paragraph" id="r_8_1" custom="readingOrder {index:12;}">
            <Coords points="932,751 1778,751 1778,1073 932,1073"/>
            <TextLine id="tl_50" primaryLanguage="German" custom="readingOrder {index:0;}">
                <Coords points="933,752 1775,752 1775,813 933,813"/>
                <Baseline points="934,811 1776,786"/>
                <Word id="w_w1aab1c15b2b1b1ab1" language="German" custom="readingOrder {index:0;}">
                    <Coords points="933,779 1048,779 1048,813 933,813"/>
                    <TextEquiv>
                        <Unicode>hatten,</Unicode>
                    </TextEquiv>
                    <TextStyle fontFamily="Arial" fontSize="10.5"/>
                </Word>
                <Word id="w_w1aab1c15b2b1b1ac17" language="German" custom="readingOrder {index:1;}">
                    <Coords points="1067,774 1098,774 1098,804 1067,804"/>
                    <TextEquiv>
                        <Unicode>in</Unicode>
                    </TextEquiv>
                    <TextStyle fontFamily="Arial" fontSize="10.5"/>
                </Word>
                <Word id="w_w1aab1c15b2b1b1ac23" language="German" custom="readingOrder {index:2;}">
                    <Coords points="1117,777 1169,777 1169,803 1117,803"/>
                    <TextEquiv>
                        <Unicode>den</Unicode>
                    </TextEquiv>
                    <TextStyle fontFamily="Arial" fontSize="10.5"/>
                </Word>
                <Word id="w_w1aab1c15b2b1b1ac31" language="German" custom="readingOrder {index:3;}">
                    <Coords points="1185,764 1413,764 1413,804 1185,804"/>
                    <TextEquiv>
                        <Unicode>Gerichtsbezirk</Unicode>
                    </TextEquiv>
                    <TextStyle fontFamily="Arial" fontSize="10.5"/>
                </Word>
                <Word id="w_w1aab1c15b2b1b1ac61" language="German" custom="readingOrder {index:4;}">
                    <Coords points="1428,766 1475,766 1475,793 1428,793"/>
                    <TextEquiv>
                        <Unicode>der</Unicode>
                    </TextEquiv>
                    <TextStyle fontFamily="Arial" fontSize="10.5"/>
                </Word>
                <Word id="w_w1aab1c15b2b1b1ac69" language="German" custom="readingOrder {index:5;}">
                    <Coords points="1496,761 1590,761 1590,792 1496,792"/>
                    <TextEquiv>
                        <Unicode>Stadt</Unicode>
                    </TextEquiv>
                    <TextStyle fontFamily="Arial" fontSize="10.5"/>
                </Word>
                <Word id="w_w1aab1c15b2b1b1ac81" language="German" custom="readingOrder {index:6;}">
                    <Coords points="1611,752 1774,752 1774,792 1611,792"/>
                    <TextEquiv>
                        <Unicode>eingetheilt</Unicode>
                    </TextEquiv>
                    <TextStyle fontFamily="Arial" fontSize="10.5"/>
                </Word>
                <TextEquiv>
                    <Unicode>hatten, in den Gerichtsbezirk der Stadt eingetheilt</Unicode>
                </TextEquiv>
                <TextStyle fontFamily="Arial" fontSize="10.5"/>
            </TextLine>
            <TextLine id="tl_51" primaryLanguage="German" custom="readingOrder {index:1;}">
                <Coords points="936,790 1776,790 1776,851 936,851"/>
                <Baseline points="936,845 1777,819"/>
                <Word id="w_w1aab1c15b2b1b3ab1" language="German" custom="readingOrder {index:0;}">
                    <Coords points="936,822 971,822 971,851 936,851"/>
                    <TextEquiv>
                        <Unicode>zu</Unicode>
                    </TextEquiv>
                    <TextStyle fontFamily="Arial" fontSize="10.5"/>
                </Word>
                <Word id="w_w1aab1c15b2b1b3ab7" language="German" custom="readingOrder {index:1;}">
                    <Coords points="983,813 1107,813 1107,845 983,845"/>
                    <TextEquiv>
                        <Unicode>werden,</Unicode>
                    </TextEquiv>
                    <TextStyle fontFamily="Arial" fontSize="10.5"/>
                </Word>
                <Word id="w_w1aab1c15b2b1b3ac23" language="German" custom="readingOrder {index:2;}">
                    <Coords points="1121,812 1177,812 1177,839 1121,839"/>
                    <TextEquiv>
                        <Unicode>und</Unicode>
                    </TextEquiv>
                    <TextStyle fontFamily="Arial" fontSize="10.5"/>
                </Word>
                <Word id="w_w1aab1c15b2b1b3ac31" language="German" custom="readingOrder {index:3;}">
                    <Coords points="1190,808 1258,808 1258,838 1190,838"/>
                    <TextEquiv>
                        <Unicode>eben</Unicode>
                    </TextEquiv>
                    <TextStyle fontFamily="Arial" fontSize="10.5"/>
                </Word>
                <Word id="w_w1aab1c15b2b1b3ac41" language="German" custom="readingOrder {index:4;}">
                    <Coords points="1270,807 1321,807 1321,843 1270,843"/>
                    <TextEquiv>
                        <Unicode>bey</Unicode>
                    </TextEquiv>
                    <TextStyle fontFamily="Arial" fontSize="10.5"/>
                </Word>
                <Word id="word_1513342183795_1908" language="German" custom="readingOrder {index:5;}">
                    <Coords points="1385,839 1332,839 1332,799 1385,799"/>
                    <TextEquiv>
                        <Unicode>der</Unicode>
                    </TextEquiv>
                    <TextStyle fontFamily="Arial" fontSize="10.5"/>
                </Word>
                <Word id="word_1513342183795_1907" language="German" custom="readingOrder {index:6;}">
                    <Coords points="1551,839 1385,839 1385,799 1551,799"/>
                    <TextEquiv>
                        <Unicode>gänzlichen</Unicode>
                    </TextEquiv>
                    <TextStyle fontFamily="Arial" fontSize="10.5"/>
                </Word>
                <Word id="w_w1aab1c15b2b1b3ac77" language="German" custom="readingOrder {index:7;}">
                    <Coords points="1569,793 1776,793 1776,827 1569,827"/>
                    <TextEquiv>
                        <Unicode>Absönderung</Unicode>
                    </TextEquiv>
                    <TextStyle fontFamily="Arial" fontSize="10.5"/>
                </Word>
                <TextEquiv>
                    <Unicode>zu werden, und eben bey der gänzlichen Absönderung</Unicode>
                </TextEquiv>
                <TextStyle fontFamily="Arial" fontSize="10.5"/>
            </TextLine>
            <TextLine id="tl_52" primaryLanguage="German" custom="readingOrder {index:2;}">
                <Coords points="937,828 1776,828 1776,885 937,885"/>
                <Baseline points="937,883 1778,859"/>
                <Word id="w_w1aab1c15b2b1b5ab1" language="German" custom="readingOrder {index:0;}">
                    <Coords points="937,855 985,855 985,882 937,882"/>
                    <TextEquiv>
                        <Unicode>der</Unicode>
                    </TextEquiv>
                    <TextStyle fontFamily="Arial" fontSize="10.5"/>
                </Word>
                <Word id="w_w1aab1c15b2b1b5ab9" language="German" custom="readingOrder {index:1;}">
                    <Coords points="997,851 1090,851 1090,881 997,881"/>
                    <TextEquiv>
                        <Unicode>Stadt</Unicode>
                    </TextEquiv>
                    <TextStyle fontFamily="Arial" fontSize="10.5"/>
                </Word>
                <Word id="w_w1aab1c15b2b1b5ac21" language="German" custom="readingOrder {index:2;}">
                    <Coords points="1102,853 1158,853 1158,877 1102,877"/>
                    <TextEquiv>
                        <Unicode>von</Unicode>
                    </TextEquiv>
                    <TextStyle fontFamily="Arial" fontSize="10.5"/>
                </Word>
                <Word id="w_w1aab1c15b2b1b5ac29" language="German" custom="readingOrder {index:3;}">
                    <Coords points="1171,848 1231,848 1231,875 1171,875"/>
                    <TextEquiv>
                        <Unicode>dem</Unicode>
                    </TextEquiv>
                    <TextStyle fontFamily="Arial" fontSize="10.5"/>
                </Word>
                <Word id="w_w1aab1c15b2b1b5ac39" language="German" custom="readingOrder {index:4;}">
                    <Coords points="1246,845 1333,845 1333,873 1246,873"/>
                    <TextEquiv>
                        <Unicode>Lande</Unicode>
                    </TextEquiv>
                    <TextStyle fontFamily="Arial" fontSize="10.5"/>
                </Word>
                <Word id="w_w1aab1c15b2b1b5ac51" language="German" custom="readingOrder {index:5;}">
                    <Coords points="1353,839 1422,839 1422,876 1353,876"/>
                    <TextEquiv>
                        <Unicode>fünf</Unicode>
                    </TextEquiv>
                    <TextStyle fontFamily="Arial" fontSize="10.5"/>
                </Word>
                <Word id="w_w1aab1c15b2b1b5ac61" language="German" custom="readingOrder {index:6;}">
                    <Coords points="1431,837 1570,837 1570,869 1431,869"/>
                    <TextEquiv>
                        <Unicode>Stunden</Unicode>
                    </TextEquiv>
                    <TextStyle fontFamily="Arial" fontSize="10.5"/>
                </Word>
                <Word id="w_w1aab1c15b2b1b5ac77" language="German" custom="readingOrder {index:7;}">
                    <Coords points="1584,830 1776,830 1776,865 1584,865"/>
                    <TextEquiv>
                        <Unicode>Entfernung</Unicode>
                    </TextEquiv>
                    <TextStyle fontFamily="Arial" fontSize="10.5"/>
                </Word>
                <TextEquiv>
                    <Unicode>der Stadt von dem Lande fünf Stunden Entfernung</Unicode>
                </TextEquiv>
                <TextStyle fontFamily="Arial" fontSize="10.5"/>
            </TextLine>
            <TextLine id="tl_53" primaryLanguage="German" custom="readingOrder {index:3;}">
                <Coords points="937,861 1775,861 1775,925 937,925"/>
                <Baseline points="937,917 1776,895"/>
                <Word id="w_w1aab1c15b2b1b7ab1" language="German" custom="readingOrder {index:0;}">
                    <Coords points="938,895 971,895 971,925 938,925"/>
                    <TextEquiv>
                        <Unicode>zu</Unicode>
                    </TextEquiv>
                    <TextStyle fontFamily="Arial" fontSize="10.5"/>
                </Word>
                <Word id="w_w1aab1c15b2b1b7ab7" language="German" custom="readingOrder {index:1;}">
                    <Coords points="988,887 1078,887 1078,918 988,918"/>
                    <TextEquiv>
                        <Unicode>ihrem</Unicode>
                    </TextEquiv>
                    <TextStyle fontFamily="Arial" fontSize="10.5"/>
                </Word>
                <Word id="w_w1aab1c15b2b1b7ac19" language="German" custom="readingOrder {index:2;}">
                    <Coords points="1092,883 1286,883 1286,917 1092,917"/>
                    <TextEquiv>
                        <Unicode>Gerichtsorte</Unicode>
                    </TextEquiv>
                    <TextStyle fontFamily="Arial" fontSize="10.5"/>
                </Word>
                <Word id="w_w1aab1c15b2b1b7ac45" language="German" custom="readingOrder {index:3;}">
                    <Coords points="1305,870 1372,870 1372,913 1305,913"/>
                    <TextEquiv>
                        <Unicode>nach</Unicode>
                    </TextEquiv>
                    <TextStyle fontFamily="Arial" fontSize="10.5"/>
                </Word>
                <Word id="w_w1aab1c15b2b1b7b1b1" language="German" custom="readingOrder {index:4;}">
                    <Coords points="1384,876 1530,876 1530,912 1384,912"/>
                    <TextEquiv>
                        <Unicode>Horgen</Unicode>
                    </TextEquiv>
                    <TextStyle fontFamily="Arial" fontSize="10.5"/>
                </Word>
                <Word id="w_w1aab1c15b2b1b7b2b3" language="German" custom="readingOrder {index:5;}">
                    <Coords points="1552,868 1641,868 1641,903 1552,903"/>
                    <TextEquiv>
                        <Unicode>haben</Unicode>
                    </TextEquiv>
                    <TextStyle fontFamily="Arial" fontSize="10.5"/>
                </Word>
                <Word id="w_w1aab1c15b2b1b7b2c15" language="German" custom="readingOrder {index:6;}">
                    <Coords points="1656,887 1665,887 1665,900 1656,900"/>
                    <TextEquiv>
                        <Unicode>,</Unicode>
                    </TextEquiv>
                    <TextStyle fontFamily="Arial" fontSize="10.5"/>
                </Word>
                <Word id="w_w1aab1c15b2b1b7b2c19" language="German" custom="readingOrder {index:7;}">
                    <Coords points="1685,866 1722,866 1722,894 1685,894"/>
                    <TextEquiv>
                        <Unicode>da</Unicode>
                    </TextEquiv>
                    <TextStyle fontFamily="Arial" fontSize="10.5"/>
                </Word>
                <Word id="w_w1aab1c15b2b1b7b2c25" language="German" custom="readingOrder {index:8;}">
                    <Coords points="1740,864 1775,864 1775,900 1740,900"/>
                    <TextEquiv>
                        <Unicode>sie</Unicode>
                    </TextEquiv>
                    <TextStyle fontFamily="Arial" fontSize="10.5"/>
                </Word>
                <TextEquiv>
                    <Unicode>zu ihrem Gerichtsorte nach Horgen haben, da sie</Unicode>
                </TextEquiv>
            </TextLine>
            <TextLine id="tl_54" primaryLanguage="German" custom="readingOrder {index:4;}">
                <Coords points="938,902 1775,902 1775,961 938,961"/>
                <Baseline points="938,956 1777,931"/>
                <Word id="w_w1aab1c15b2b1b9ab1" language="German" custom="readingOrder {index:0;}">
                    <Coords points="938,924 1011,924 1011,959 938,959"/>
                    <TextEquiv>
                        <Unicode>sonst</Unicode>
                    </TextEquiv>
                    <TextStyle fontFamily="Arial" fontSize="10.5"/>
                </Word>
                <Word id="w_w1aab1c15b2b1b9ac13" language="German" custom="readingOrder {index:1;}">
                    <Coords points="1025,929 1081,929 1081,954 1025,954"/>
                    <TextEquiv>
                        <Unicode>von</Unicode>
                    </TextEquiv>
                    <TextStyle fontFamily="Arial" fontSize="10.5"/>
                </Word>
                <Word id="w_w1aab1c15b2b1b9ac21" language="German" custom="readingOrder {index:2;}">
                    <Coords points="1096,922 1199,922 1199,951 1096,951"/>
                    <TextEquiv>
                        <Unicode>Baden</Unicode>
                    </TextEquiv>
                    <TextStyle fontFamily="Arial" fontSize="10.5"/>
                </Word>
                <Word id="w_w1aab1c15b2b1b9ac33" language="German" custom="readingOrder {index:3;}">
                    <Coords points="1213,924 1270,924 1270,947 1213,947"/>
                    <TextEquiv>
                        <Unicode>nur</Unicode>
                    </TextEquiv>
                    <TextStyle fontFamily="Arial" fontSize="10.5"/>
                </Word>
                <Word id="w_w1aab1c15b2b1b9ac41" language="German" custom="readingOrder {index:4;}">
                    <Coords points="1284,921 1358,921 1358,952 1284,952"/>
                    <TextEquiv>
                        <Unicode>zwey</Unicode>
                    </TextEquiv>
                    <TextStyle fontFamily="Arial" fontSize="10.5"/>
                </Word>
                <Word id="w_w1aab1c15b2b1b9ac51" language="German" custom="readingOrder {index:5;}">
                    <Coords points="1372,914 1512,914 1512,944 1372,944"/>
                    <TextEquiv>
                        <Unicode>Stunden</Unicode>
                    </TextEquiv>
                    <TextStyle fontFamily="Arial" fontSize="10.5"/>
                </Word>
                <Word id="w_w1aab1c15b2b1b9ac67" language="German" custom="readingOrder {index:6;}">
                    <Coords points="1524,906 1652,906 1652,941 1524,941"/>
                    <TextEquiv>
                        <Unicode>entfernt</Unicode>
                    </TextEquiv>
                    <TextStyle fontFamily="Arial" fontSize="10.5"/>
                </Word>
                <Word id="w_w1aab1c15b2b1b9ac85" language="German" custom="readingOrder {index:7;}">
                    <Coords points="1664,908 1775,908 1775,934 1664,934"/>
                    <TextEquiv>
                        <Unicode>waren.</Unicode>
                    </TextEquiv>
                    <TextStyle fontFamily="Arial" fontSize="10.5"/>
                </Word>
                <TextEquiv>
                    <Unicode>sonst von Baden nur zwey Stunden entfernt waren.</Unicode>
                </TextEquiv>
                <TextStyle fontFamily="Arial" fontSize="10.5"/>
            </TextLine>
            <TextLine id="tl_55" primaryLanguage="German" custom="readingOrder {index:5;}">
                <Coords points="940,938 1776,938 1776,999 940,999"/>
                <Baseline points="941,995 1775,967"/>
                <Word id="w_w1aab1c15b2b1c11ab1" language="German" custom="readingOrder {index:0;}">
                    <Coords points="940,964 982,964 982,999 940,999"/>
                    <TextEquiv>
                        <Unicode>In</Unicode>
                    </TextEquiv>
                    <TextStyle fontFamily="Arial" fontSize="10.5"/>
                </Word>
                <Word id="w_w1aab1c15b2b1c11ab7" language="German" custom="readingOrder {index:1;}">
                    <Coords points="998,963 1050,963 1050,989 998,989"/>
                    <TextEquiv>
                        <Unicode>den</Unicode>
                    </TextEquiv>
                    <TextStyle fontFamily="Arial" fontSize="10.5"/>
                </Word>
                <Word id="w_w1aab1c15b2b1c11ac15" language="German" custom="readingOrder {index:2;}">
                    <Coords points="1064,958 1151,958 1151,995 1064,995"/>
                    <TextEquiv>
                        <Unicode>lezten</Unicode>
                    </TextEquiv>
                    <TextStyle fontFamily="Arial" fontSize="10.5"/>
                </Word>
                <Word id="w_w1aab1c15b2b1c11ac29" language="German" custom="readingOrder {index:3;}">
                    <Coords points="1166,956 1271,956 1271,992 1166,992"/>
                    <TextEquiv>
                        <Unicode>Tagen</Unicode>
                    </TextEquiv>
                    <TextStyle fontFamily="Arial" fontSize="10.5"/>
                </Word>
                <Word id="w_w1aab1c15b2b1c11ac41" language="German" custom="readingOrder {index:4;}">
                    <Coords points="1277,953 1311,953 1311,990 1277,990"/>
                    <TextEquiv>
                        <Unicode>ist</Unicode>
                    </TextEquiv>
                    <TextStyle fontFamily="Arial" fontSize="10.5"/>
                </Word>
                <Word id="w_w1aab1c15b2b1c11ac49" language="German" custom="readingOrder {index:5;}">
                    <Coords points="1321,952 1361,952 1361,982 1321,982"/>
                    <TextEquiv>
                        <Unicode>im</Unicode>
                    </TextEquiv>
                    <TextStyle fontFamily="Arial" fontSize="10.5"/>
                </Word>
                <Word id="w_w1aab1c15b2b1c11ac55" language="German" custom="readingOrder {index:6;}">
                    <Coords points="1369,946 1474,946 1474,986 1369,986"/>
                    <TextEquiv>
                        <Unicode>Bezirk</Unicode>
                    </TextEquiv>
                    <TextStyle fontFamily="Arial" fontSize="10.5"/>
                </Word>
                <Word id="w_w1aab1c15b2b1c11ac69" language="German" custom="readingOrder {index:7;}">
                    <Coords points="1482,947 1588,947 1588,980 1482,980"/>
                    <TextEquiv>
                        <Unicode>Brugg</Unicode>
                    </TextEquiv>
                    <TextStyle fontFamily="Arial" fontSize="10.5"/>
                </Word>
                <Word id="w_w1aab1c15b2b1c11ac81" language="German" custom="readingOrder {index:8;}">
                    <Coords points="1600,941 1643,941 1643,971 1600,971"/>
                    <TextEquiv>
                        <Unicode>die</Unicode>
                    </TextEquiv>
                    <TextStyle fontFamily="Arial" fontSize="10.5"/>
                </Word>
                <Word id="w_w1aab1c15b2b1c11ac89" language="German" custom="readingOrder {index:9;}">
                    <Coords points="1653,939 1776,939 1776,975 1653,975"/>
                    <TextEquiv>
                        <Unicode>Kriegs¬</Unicode>
                    </TextEquiv>
                    <TextStyle fontFamily="Arial" fontSize="10.5"/>
                </Word>
                <TextEquiv>
                    <Unicode>In den lezten Tagen ist im Bezirk Brugg die Kriegs¬</Unicode>
                </TextEquiv>
                <TextStyle fontFamily="Arial" fontSize="10.5"/>
            </TextLine>
            <TextLine id="tl_56" primaryLanguage="German" custom="readingOrder {index:6;}">
                <Coords points="943,975 1777,975 1777,1035 943,1035"/>
                <Baseline points="942,1029 1774,1005"/>
                <Word id="w_w1aab1c15b2b1c13ab1" language="German" custom="readingOrder {index:0;}">
                    <Coords points="943,1001 1032,1001 1032,1035 943,1035"/>
                    <TextEquiv>
                        <Unicode>steuer</Unicode>
                    </TextEquiv>
                    <TextStyle fontFamily="Arial" fontSize="10.5"/>
                </Word>
                <Word id="w_w1aab1c15b2b1c13ac15" language="German" custom="readingOrder {index:1;}">
                    <Coords points="1044,997 1102,997 1102,1026 1044,1026"/>
                    <TextEquiv>
                        <Unicode>und</Unicode>
                    </TextEquiv>
                    <TextStyle fontFamily="Arial" fontSize="10.5"/>
                </Word>
                <Word id="w_w1aab1c15b2b1c13ac23" language="German" custom="readingOrder {index:2;}">
                    <Coords points="1116,994 1160,994 1160,1023 1116,1023"/>
                    <TextEquiv>
                        <Unicode>die</Unicode>
                    </TextEquiv>
                    <TextStyle fontFamily="Arial" fontSize="10.5"/>
                </Word>
                <Word id="w_w1aab1c15b2b1c13ac31" language="German" custom="readingOrder {index:3;}">
                    <Coords points="1173,989 1366,989 1366,1030 1173,1030"/>
                    <TextEquiv>
                        <Unicode>Zehndgelder</Unicode>
                    </TextEquiv>
                    <TextStyle fontFamily="Arial" fontSize="10.5"/>
                </Word>
                <Word id="w_w1aab1c15b2b1c13ac55" language="German" custom="readingOrder {index:4;}">
                    <Coords points="1377,993 1433,993 1433,1018 1377,1018"/>
                    <TextEquiv>
                        <Unicode>von</Unicode>
                    </TextEquiv>
                    <TextStyle fontFamily="Arial" fontSize="10.5"/>
                </Word>
                <Word id="w_w1aab1c15b2b1c13ac63" language="German" custom="readingOrder {index:5;}">
                    <Coords points="1445,988 1517,988 1517,1017 1445,1017"/>
                    <TextEquiv>
                        <Unicode>1802</Unicode>
                    </TextEquiv>
                    <TextStyle fontFamily="Arial" fontSize="10.5"/>
                </Word>
                <Word id="w_w1aab1c15b2b1c13ac73" language="German" custom="readingOrder {index:6;}">
                    <Coords points="1529,978 1613,978 1613,1016 1529,1016"/>
                    <TextEquiv>
                        <Unicode>durch</Unicode>
                    </TextEquiv>
                    <TextStyle fontFamily="Arial" fontSize="10.5"/>
                </Word>
                <Word id="w_w1aab1c15b2b1c13ac85" language="German" custom="readingOrder {index:7;}">
                    <Coords points="1628,975 1776,975 1776,1010 1628,1010"/>
                    <TextEquiv>
                        <Unicode>Militair-¬</Unicode>
                    </TextEquiv>
                    <TextStyle fontFamily="Arial" fontSize="10.5"/>
                </Word>
                <TextEquiv>
                    <Unicode>steuer und die Zehndgelder von 1802 durch Militair-¬</Unicode>
                </TextEquiv>
                <TextStyle fontFamily="Arial" fontSize="10.5"/>
            </TextLine>
            <TextLine id="tl_57" primaryLanguage="German" custom="readingOrder {index:7;}">
                <Coords points="943,1023 1446,1023 1446,1072 943,1072"/>
                <Baseline points="944,1068 1442,1055"/>
                <Word id="w_w1aab1c15b2b1c15ab1" language="German" custom="readingOrder {index:0;}">
                    <Coords points="943,1032 1099,1032 1099,1072 943,1072"/>
                    <TextEquiv>
                        <Unicode>Exekution</Unicode>
                    </TextEquiv>
                    <TextStyle fontFamily="Arial" fontSize="10.5"/>
                </Word>
                <Word id="w_w1aab1c15b2b1c15ac21" language="German" custom="readingOrder {index:1;}">
                    <Coords points="1114,1028 1307,1028 1307,1067 1114,1067"/>
                    <TextEquiv>
                        <Unicode>eingetrieben</Unicode>
                    </TextEquiv>
                    <TextStyle fontFamily="Arial" fontSize="10.5"/>
                </Word>
                <Word id="w_w1aab1c15b2b1c15ac47" language="German" custom="readingOrder {index:2;}">
                    <Coords points="1319,1027 1446,1027 1446,1056 1319,1056"/>
                    <TextEquiv>
                        <Unicode>worden.</Unicode>
                    </TextEquiv>
                    <TextStyle fontFamily="Arial" fontSize="10.5"/>
                </Word>
                <TextEquiv>
                    <Unicode>Exekution eingetrieben worden.</Unicode>
                </TextEquiv>
                <TextStyle fontFamily="Arial" fontSize="10.5"/>
            </TextLine>
            <TextEquiv>
                <Unicode>hatten, in den Gerichtsbezirk der Stadt eingetheilt
zu werden, und eben bey der gänzlichen Absönderung
der Stadt von dem Lande fünf Stunden Entfernung
zu ihrem Gerichtsorte nach Horgen haben, da sie
sonst von Baden nur zwey Stunden entfernt waren.
In den lezten Tagen ist im Bezirk Brugg die Kriegs¬
steuer und die Zehndgelder von 1802 durch Militair-¬
Exekution eingetrieben worden.</Unicode>
            </TextEquiv>
        </TextRegion>
        <TextRegion type="paragraph" id="r_8_2" custom="readingOrder {index:13;}">
            <Coords points="940,1048 1788,1048 1788,1924 940,1924"/>
            <TextLine id="tl_58" primaryLanguage="German" custom="readingOrder {index:0;}">
                <Coords points="980,1049 1779,1049 1779,1108 980,1108"/>
                <Baseline points="980,1102 1776,1084"/>
                <Word id="w_w1aab1c15b2b3b1ab1" language="German" custom="readingOrder {index:0;}">
                    <Coords points="980,1070 1140,1070 1140,1102 980,1102"/>
                    <TextEquiv>
                        <Unicode>Glaris,</Unicode>
                    </TextEquiv>
                    <TextStyle fontFamily="Arial" fontSize="10.5"/>
                </Word>
                <Word id="w_w1aab1c15b2b3b1b2b1" language="German" custom="readingOrder {index:1;}">
                    <Coords points="1161,1074 1193,1074 1193,1102 1161,1102"/>
                    <TextEquiv>
                        <Unicode>13</Unicode>
                    </TextEquiv>
                    <TextStyle fontFamily="Arial" fontSize="8.5" italic="true"/>
                </Word>
                <Word id="w_w1aab1c15b2b3b1b3b3" language="German" custom="readingOrder {index:2;}">
                    <Coords points="1214,1064 1313,1064 1313,1101 1214,1101"/>
                    <TextEquiv>
                        <Unicode>März.</Unicode>
                    </TextEquiv>
                    <TextStyle fontFamily="Arial" fontSize="10.5"/>
                </Word>
                <Word id="w_w1aab1c15b2b3b1b3c15" language="German" custom="readingOrder {index:3;}">
                    <Coords points="1351,1063 1417,1063 1417,1094 1351,1094"/>
                    <TextEquiv>
                        <Unicode>Den</Unicode>
                    </TextEquiv>
                    <TextStyle fontFamily="Arial" fontSize="10.5"/>
                </Word>
                <Word id="w_w1aab1c15b2b3b1b3c23" language="German" custom="readingOrder {index:4;}">
                    <Coords points="1437,1068 1472,1068 1472,1086 1437,1086"/>
                    <TextEquiv>
                        <Unicode>10</Unicode>
                    </TextEquiv>
                    <TextStyle fontFamily="Arial" fontSize="10.5"/>
                </Word>
                <Word id="w_w1aab1c15b2b3b1b3c29" language="German" custom="readingOrder {index:5;}">
                    <Coords points="1492,1059 1520,1059 1520,1086 1492,1086"/>
                    <TextEquiv>
                        <Unicode>d.</Unicode>
                    </TextEquiv>
                    <TextStyle fontFamily="Arial" fontSize="10.5"/>
                </Word>
                <Word id="w_w1aab1c15b2b3b1b3c35" language="German" custom="readingOrder {index:6;}">
                    <Coords points="1542,1055 1591,1055 1591,1089 1542,1089"/>
                    <TextEquiv>
                        <Unicode>hat</Unicode>
                    </TextEquiv>
                    <TextStyle fontFamily="Arial" fontSize="10.5"/>
                </Word>
                <Word id="w_w1aab1c15b2b3b1b3c43" language="German" custom="readingOrder {index:7;}">
                    <Coords points="1611,1052 1654,1052 1654,1082 1611,1082"/>
                    <TextEquiv>
                        <Unicode>die</Unicode>
                    </TextEquiv>
                    <TextStyle fontFamily="Arial" fontSize="10.5"/>
                </Word>
                <Word id="w_w1aab1c15b2b3b1b3c51" language="German" custom="readingOrder {index:8;}">
                    <Coords points="1673,1049 1778,1049 1778,1087 1673,1087"/>
                    <TextEquiv>
                        <Unicode>Regie¬</Unicode>
                    </TextEquiv>
                    <TextStyle fontFamily="Arial" fontSize="10.5"/>
                </Word>
                <TextEquiv>
                    <Unicode>Glaris, 13 März. Den 10 d. hat die Regie¬</Unicode>
                </TextEquiv>
            </TextLine>
            <TextLine id="tl_59" primaryLanguage="German" custom="readingOrder {index:1;}">
                <Coords points="941,1084 1778,1084 1778,1146 941,1146"/>
                <Baseline points="942,1138 1778,1119"/>
                <Word id="w_w1aab1c15b2b3b3ab1" language="German" custom="readingOrder {index:0;}">
                    <Coords points="941,1103 1239,1103 1239,1145 941,1145"/>
                    <TextEquiv>
                        <Unicode>rungs-Commission</Unicode>
                    </TextEquiv>
                    <TextStyle fontFamily="Arial" fontSize="10.5"/>
                </Word>
                <Word id="w_w1aab1c15b2b3b3ac35" language="German" custom="readingOrder {index:1;}">
                    <Coords points="1255,1102 1358,1102 1358,1134 1255,1134"/>
                    <TextEquiv>
                        <Unicode>unsers</Unicode>
                    </TextEquiv>
                    <TextStyle fontFamily="Arial" fontSize="10.5"/>
                </Word>
                <Word id="w_w1aab1c15b2b3b3ac49" language="German" custom="readingOrder {index:2;}">
                    <Coords points="1377,1098 1512,1098 1512,1129 1377,1129"/>
                    <TextEquiv>
                        <Unicode>Kantons</Unicode>
                    </TextEquiv>
                    <TextStyle fontFamily="Arial" fontSize="10.5"/>
                </Word>
                <Word id="w_w1aab1c15b2b3b3ac65" language="German" custom="readingOrder {index:3;}">
                    <Coords points="1529,1092 1589,1092 1589,1126 1529,1126"/>
                    <TextEquiv>
                        <Unicode>ihre</Unicode>
                    </TextEquiv>
                    <TextStyle fontFamily="Arial" fontSize="10.5"/>
                </Word>
                <Word id="w_w1aab1c15b2b3b3ac75" language="German" custom="readingOrder {index:4;}">
                    <Coords points="1603,1086 1778,1086 1778,1123 1603,1123"/>
                    <TextEquiv>
                        <Unicode>Funktionen</Unicode>
                    </TextEquiv>
                    <TextStyle fontFamily="Arial" fontSize="10.5"/>
                </Word>
                <TextEquiv>
                    <Unicode>rungs-Commission unsers Kantons ihre Funktionen</Unicode>
                </TextEquiv>
                <TextStyle fontFamily="Arial" fontSize="10.5"/>
            </TextLine>
            <TextLine id="tl_60" primaryLanguage="German" custom="readingOrder {index:2;}">
                <Coords points="943,1123 1779,1123 1779,1183 943,1183"/>
                <Baseline points="944,1176 1777,1156"/>
                <Word id="w_w1aab1c15b2b3b5ab1" language="German" custom="readingOrder {index:0;}">
                    <Coords points="943,1148 1120,1148 1120,1182 943,1182"/>
                    <TextEquiv>
                        <Unicode>angetreten.</Unicode>
                    </TextEquiv>
                    <TextStyle fontFamily="Arial" fontSize="10.5"/>
                </Word>
                <Word id="w_w1aab1c15b2b3b5ac25" language="German" custom="readingOrder {index:1;}">
                    <Coords points="1160,1136 1322,1136 1322,1173 1160,1173"/>
                    <TextEquiv>
                        <Unicode>Sämtliche</Unicode>
                    </TextEquiv>
                    <TextStyle fontFamily="Arial" fontSize="10.5"/>
                </Word>
                <Word id="w_w1aab1c15b2b3b5ac45" language="German" custom="readingOrder {index:2;}">
                    <Coords points="1339,1135 1457,1135 1457,1167 1339,1167"/>
                    <TextEquiv>
                        <Unicode>Glieder</Unicode>
                    </TextEquiv>
                    <TextStyle fontFamily="Arial" fontSize="10.5"/>
                </Word>
                <Word id="w_w1aab1c15b2b3b5ac61" language="German" custom="readingOrder {index:3;}">
                    <Coords points="1475,1130 1585,1130 1585,1167 1475,1167"/>
                    <TextEquiv>
                        <Unicode>folgten</Unicode>
                    </TextEquiv>
                    <TextStyle fontFamily="Arial" fontSize="10.5"/>
                </Word>
                <Word id="w_w1aab1c15b2b3b5ac77" language="German" custom="readingOrder {index:4;}">
                    <Coords points="1601,1129 1664,1129 1664,1157 1601,1157"/>
                    <TextEquiv>
                        <Unicode>dem</Unicode>
                    </TextEquiv>
                    <TextStyle fontFamily="Arial" fontSize="10.5"/>
                </Word>
                <Word id="w_w1aab1c15b2b3b5ac85" language="German" custom="readingOrder {index:5;}">
                    <Coords points="1685,1124 1779,1124 1779,1158 1685,1158"/>
                    <TextEquiv>
                        <Unicode>erhal¬</Unicode>
                    </TextEquiv>
                    <TextStyle fontFamily="Arial" fontSize="10.5"/>
                </Word>
                <TextEquiv>
                    <Unicode>angetreten. Sämtliche Glieder folgten dem erhal¬</Unicode>
                </TextEquiv>
                <TextStyle fontFamily="Arial" fontSize="10.5"/>
            </TextLine>
            <TextLine id="tl_61" primaryLanguage="German" custom="readingOrder {index:3;}">
                <Coords points="943,1159 1780,1159 1780,1219 943,1219"/>
                <Baseline points="944,1215 1781,1193"/>
                <Word id="w_w1aab1c15b2b3b7ab1" language="German" custom="readingOrder {index:0;}">
                    <Coords points="944,1189 1025,1189 1025,1215 944,1215"/>
                    <TextEquiv>
                        <Unicode>tenen</Unicode>
                    </TextEquiv>
                    <TextStyle fontFamily="Arial" fontSize="10.5"/>
                </Word>
                <Word id="w_w1aab1c15b2b3b7ac13" language="German" custom="readingOrder {index:1;}">
                    <Coords points="1045,1180 1134,1180 1134,1215 1045,1215"/>
                    <TextEquiv>
                        <Unicode>Rufe.</Unicode>
                    </TextEquiv>
                    <TextStyle fontFamily="Arial" fontSize="10.5"/>
                </Word>
                <Word id="word_1513342313620_1910" language="German" custom="readingOrder {index:2;}">
                    <Coords points="1252,1214 1172,1214 1172,1173 1252,1173"/>
                    <TextEquiv>
                        <Unicode>Ihre</Unicode>
                    </TextEquiv>
                    <TextStyle fontFamily="Arial" fontSize="10.5"/>
                </Word>
                <Word id="word_1513342313620_1909" language="German" custom="readingOrder {index:3;}">
                    <Coords points="1426,1214 1252,1214 1252,1173 1426,1173"/>
                    <TextEquiv>
                        <Unicode>bisherigen</Unicode>
                    </TextEquiv>
                    <TextStyle fontFamily="Arial" fontSize="10.5"/>
                </Word>
                <Word id="w_w1aab1c15b2b3b7ac57" language="German" custom="readingOrder {index:4;}">
                    <Coords points="1445,1167 1580,1167 1580,1199 1445,1199"/>
                    <TextEquiv>
                        <Unicode>Arbeiten</Unicode>
                    </TextEquiv>
                    <TextStyle fontFamily="Arial" fontSize="10.5"/>
                </Word>
                <Word id="w_w1aab1c15b2b3b7ac75" language="German" custom="readingOrder {index:5;}">
                    <Coords points="1596,1159 1780,1159 1780,1200 1596,1200"/>
                    <TextEquiv>
                        <Unicode>beschränken</Unicode>
                    </TextEquiv>
                    <TextStyle fontFamily="Arial" fontSize="10.5"/>
                </Word>
                <TextEquiv>
                    <Unicode>tenen Rufe. Ihre bisherigen Arbeiten beschränken</Unicode>
                </TextEquiv>
                <TextStyle fontFamily="Arial" fontSize="10.5"/>
            </TextLine>
            <TextLine id="tl_62" primaryLanguage="German" custom="readingOrder {index:4;}">
                <Coords points="943,1199 1781,1199 1781,1258 943,1258"/>
                <Baseline points="945,1253 1781,1227"/>
                <Word id="w_w1aab1c15b2b3b9ab1" language="German" custom="readingOrder {index:0;}">
                    <Coords points="943,1221 991,1221 991,1257 943,1257"/>
                    <TextEquiv>
                        <Unicode>sich</Unicode>
                    </TextEquiv>
                    <TextStyle fontFamily="Arial" fontSize="10.5"/>
                </Word>
                <Word id="w_w1aab1c15b2b3b9ac11" language="German" custom="readingOrder {index:1;}">
                    <Coords points="1012,1215 1219,1215 1219,1257 1012,1257"/>
                    <TextEquiv>
                        <Unicode>größtentheils</Unicode>
                    </TextEquiv>
                    <TextStyle fontFamily="Arial" fontSize="10.5"/>
                </Word>
                <Word id="w_w1aab1c15b2b3b9ac39" language="German" custom="readingOrder {index:2;}">
                    <Coords points="1237,1212 1292,1212 1292,1245 1237,1245"/>
                    <TextEquiv>
                        <Unicode>auf</Unicode>
                    </TextEquiv>
                    <TextStyle fontFamily="Arial" fontSize="10.5"/>
                </Word>
                <Word id="w_w1aab1c15b2b3b9ac47" language="German" custom="readingOrder {index:3;}">
                    <Coords points="1312,1210 1355,1210 1355,1241 1312,1241"/>
                    <TextEquiv>
                        <Unicode>die</Unicode>
                    </TextEquiv>
                    <TextStyle fontFamily="Arial" fontSize="10.5"/>
                </Word>
                <Word id="w_w1aab1c15b2b3b9ac55" language="German" custom="readingOrder {index:4;}">
                    <Coords points="1374,1205 1567,1205 1567,1240 1374,1240"/>
                    <TextEquiv>
                        <Unicode>Verwaltung</Unicode>
                    </TextEquiv>
                    <TextStyle fontFamily="Arial" fontSize="10.5"/>
                </Word>
                <Word id="w_w1aab1c15b2b3b9ac77" language="German" custom="readingOrder {index:5;}">
                    <Coords points="1588,1205 1640,1205 1640,1232 1588,1232"/>
                    <TextEquiv>
                        <Unicode>des</Unicode>
                    </TextEquiv>
                    <TextStyle fontFamily="Arial" fontSize="10.5"/>
                </Word>
                <Word id="w_w1aab1c15b2b3b9ac85" language="German" custom="readingOrder {index:6;}">
                    <Coords points="1655,1201 1781,1201 1781,1232 1655,1232"/>
                    <TextEquiv>
                        <Unicode>Landes,</Unicode>
                    </TextEquiv>
                    <TextStyle fontFamily="Arial" fontSize="10.5"/>
                </Word>
                <TextEquiv>
                    <Unicode>sich größtentheils auf die Verwaltung des Landes,</Unicode>
                </TextEquiv>
                <TextStyle fontFamily="Arial" fontSize="10.5"/>
            </TextLine>
            <TextLine id="tl_63" primaryLanguage="German" custom="readingOrder {index:5;}">
                <Coords points="943,1230 1781,1230 1781,1294 943,1294"/>
                <Baseline points="944,1288 1777,1269"/>
                <Word id="w_w1aab1c15b2b3c11ab1" language="German" custom="readingOrder {index:0;}">
                    <Coords points="944,1257 999,1257 999,1289 944,1289"/>
                    <TextEquiv>
                        <Unicode>auf</Unicode>
                    </TextEquiv>
                    <TextStyle fontFamily="Arial" fontSize="10.5"/>
                </Word>
                <Word id="w_w1aab1c15b2b3c11ab9" language="German" custom="readingOrder {index:1;}">
                    <Coords points="1016,1253 1191,1253 1191,1293 1016,1293"/>
                    <TextEquiv>
                        <Unicode>Herstellung</Unicode>
                    </TextEquiv>
                    <TextStyle fontFamily="Arial" fontSize="10.5"/>
                </Word>
                <Word id="w_w1aab1c15b2b3c11ac33" language="German" custom="readingOrder {index:2;}">
                    <Coords points="1211,1253 1259,1253 1259,1282 1211,1282"/>
                    <TextEquiv>
                        <Unicode>der</Unicode>
                    </TextEquiv>
                    <TextStyle fontFamily="Arial" fontSize="10.5"/>
                </Word>
                <Word id="w_w1aab1c15b2b3c11ac41" language="German" custom="readingOrder {index:3;}">
                    <Coords points="1276,1248 1409,1248 1409,1285 1276,1285"/>
                    <TextEquiv>
                        <Unicode>Polizey,</Unicode>
                    </TextEquiv>
                    <TextStyle fontFamily="Arial" fontSize="10.5"/>
                </Word>
                <Word id="w_w1aab1c15b2b3c11ac59" language="German" custom="readingOrder {index:4;}">
                    <Coords points="1429,1247 1477,1247 1477,1274 1429,1274"/>
                    <TextEquiv>
                        <Unicode>der</Unicode>
                    </TextEquiv>
                    <TextStyle fontFamily="Arial" fontSize="10.5"/>
                </Word>
                <Word id="w_w1aab1c15b2b3c11ac67" language="German" custom="readingOrder {index:5;}">
                    <Coords points="1498,1235 1617,1235 1617,1276 1498,1276"/>
                    <TextEquiv>
                        <Unicode>Archive</Unicode>
                    </TextEquiv>
                    <TextStyle fontFamily="Arial" fontSize="10.5"/>
                </Word>
                <Word id="w_w1aab1c15b2b3c11ac83" language="German" custom="readingOrder {index:6;}">
                    <Coords points="1633,1244 1671,1244 1671,1268 1633,1268"/>
                    <TextEquiv>
                        <Unicode>rc.</Unicode>
                    </TextEquiv>
                    <TextStyle fontFamily="Arial" fontSize="10.5"/>
                </Word>
                <Word id="w_w1aab1c15b2b3c11ac91" language="German" custom="readingOrder {index:7;}">
                    <Coords points="1710,1236 1781,1236 1781,1267 1710,1267"/>
                    <TextEquiv>
                        <Unicode>Das</Unicode>
                    </TextEquiv>
                    <TextStyle fontFamily="Arial" fontSize="10.5"/>
                </Word>
                <TextEquiv>
                    <Unicode>auf Herstellung der Polizey, der Archive rc. Das</Unicode>
                </TextEquiv>
                <TextStyle fontFamily="Arial" fontSize="10.5"/>
            </TextLine>
            <TextLine id="tl_64" primaryLanguage="German" custom="readingOrder {index:6;}">
                <Coords points="944,1272 1779,1272 1779,1332 944,1332"/>
                <Baseline points="944,1324 1782,1306"/>
                <Word id="w_w1aab1c15b2b3c13ab1" language="German" custom="readingOrder {index:0;}">
                    <Coords points="944,1294 1030,1294 1030,1330 944,1330"/>
                    <TextEquiv>
                        <Unicode>erste,</Unicode>
                    </TextEquiv>
                    <TextStyle fontFamily="Arial" fontSize="10.5"/>
                </Word>
                <Word id="w_w1aab1c15b2b3c13ac15" language="German" custom="readingOrder {index:1;}">
                    <Coords points="1043,1295 1109,1295 1109,1322 1043,1322"/>
                    <TextEquiv>
                        <Unicode>was</Unicode>
                    </TextEquiv>
                    <TextStyle fontFamily="Arial" fontSize="10.5"/>
                </Word>
                <Word id="w_w1aab1c15b2b3c13ac23" language="German" custom="readingOrder {index:2;}">
                    <Coords points="1118,1290 1147,1290 1147,1320 1118,1320"/>
                    <TextEquiv>
                        <Unicode>in</Unicode>
                    </TextEquiv>
                    <TextStyle fontFamily="Arial" fontSize="10.5"/>
                </Word>
                <Word id="w_w1aab1c15b2b3c13ac29" language="German" custom="readingOrder {index:3;}">
                    <Coords points="1157,1293 1208,1293 1208,1320 1157,1320"/>
                    <TextEquiv>
                        <Unicode>den</Unicode>
                    </TextEquiv>
                    <TextStyle fontFamily="Arial" fontSize="10.5"/>
                </Word>
                <Word id="w_w1aab1c15b2b3c13ac37" language="German" custom="readingOrder {index:4;}">
                    <Coords points="1220,1277 1608,1277 1608,1325 1220,1325"/>
                    <TextEquiv>
                        <Unicode>Organisations-Arbeiten</Unicode>
                    </TextEquiv>
                    <TextStyle fontFamily="Arial" fontSize="10.5"/>
                </Word>
                <Word id="w_w1aab1c15b2b3c13ac83" language="German" custom="readingOrder {index:5;}">
                    <Coords points="1620,1274 1779,1274 1779,1312 1620,1312"/>
                    <TextEquiv>
                        <Unicode>geschehen,</Unicode>
                    </TextEquiv>
                    <TextStyle fontFamily="Arial" fontSize="10.5"/>
                </Word>
                <TextEquiv>
                    <Unicode>erste, was in den Organisations-Arbeiten geschehen,</Unicode>
                </TextEquiv>
                <TextStyle fontFamily="Arial" fontSize="10.5"/>
            </TextLine>
            <TextLine id="tl_65" primaryLanguage="German" custom="readingOrder {index:7;}">
                <Coords points="943,1309 1782,1309 1782,1373 943,1373"/>
                <Baseline points="943,1362 1781,1343"/>
                <Word id="w_w1aab1c15b2b3c15ab1" language="German" custom="readingOrder {index:0;}">
                    <Coords points="943,1332 976,1332 976,1366 943,1366"/>
                    <TextEquiv>
                        <Unicode>ist</Unicode>
                    </TextEquiv>
                    <TextStyle fontFamily="Arial" fontSize="10.5"/>
                </Word>
                <Word id="w_w1aab1c15b2b3c15ab9" language="German" custom="readingOrder {index:1;}">
                    <Coords points="993,1330 1037,1330 1037,1359 993,1359"/>
                    <TextEquiv>
                        <Unicode>die</Unicode>
                    </TextEquiv>
                    <TextStyle fontFamily="Arial" fontSize="10.5"/>
                </Word>
                <Word id="w_w1aab1c15b2b3c15ac17" language="German" custom="readingOrder {index:2;}">
                    <Coords points="1052,1328 1138,1328 1138,1362 1052,1362"/>
                    <TextEquiv>
                        <Unicode>Wahl</Unicode>
                    </TextEquiv>
                    <TextStyle fontFamily="Arial" fontSize="10.5"/>
                </Word>
                <Word id="w_w1aab1c15b2b3c15ac27" language="German" custom="readingOrder {index:3;}">
                    <Coords points="1156,1327 1204,1327 1204,1357 1156,1357"/>
                    <TextEquiv>
                        <Unicode>der</Unicode>
                    </TextEquiv>
                    <TextStyle fontFamily="Arial" fontSize="10.5"/>
                </Word>
                <Word id="w_w1aab1c15b2b3c15b1b1" language="German" custom="readingOrder {index:4;}">
                    <Coords points="1222,1316 1684,1316 1684,1365 1222,1365"/>
                    <TextEquiv>
                        <Unicode>Tagwen-Rathsherren.</Unicode>
                    </TextEquiv>
                    <TextStyle fontFamily="Arial" fontSize="10.5"/>
                </Word>
                <Word id="w_w1aab1c15b2b3c15b2b3" language="German" custom="readingOrder {index:5;}">
                    <Coords points="1723,1309 1781,1309 1781,1342 1723,1342"/>
                    <TextEquiv>
                        <Unicode>Die</Unicode>
                    </TextEquiv>
                    <TextStyle fontFamily="Arial" fontSize="10.5"/>
                </Word>
                <TextEquiv>
                    <Unicode>ist die Wahl der Tagwen-Rathsherren. Die</Unicode>
                </TextEquiv>
            </TextLine>
            <TextLine id="tl_66" primaryLanguage="German" custom="readingOrder {index:8;}">
                <Coords points="944,1347 1781,1347 1781,1403 944,1403"/>
                <Baseline points="943,1397 1783,1376"/>
                <Word id="w_w1aab1c15b2b3c17ab1" language="German" custom="readingOrder {index:0;}">
                    <Coords points="944,1361 1333,1361 1333,1402 944,1402"/>
                    <TextEquiv>
                        <Unicode>Regierungs-Commission</Unicode>
                    </TextEquiv>
                    <TextStyle fontFamily="Arial" fontSize="10.5"/>
                </Word>
                <Word id="w_w1aab1c15b2b3c17ac45" language="German" custom="readingOrder {index:1;}">
                    <Coords points="1349,1356 1438,1356 1438,1392 1349,1392"/>
                    <TextEquiv>
                        <Unicode>erließ</Unicode>
                    </TextEquiv>
                    <TextStyle fontFamily="Arial" fontSize="10.5"/>
                </Word>
                <Word id="w_w1aab1c15b2b3c17ac59" language="German" custom="readingOrder {index:2;}">
                    <Coords points="1448,1352 1564,1352 1564,1389 1448,1389"/>
                    <TextEquiv>
                        <Unicode>deßhalb</Unicode>
                    </TextEquiv>
                    <TextStyle fontFamily="Arial" fontSize="10.5"/>
                </Word>
                <Word id="w_w1aab1c15b2b3c17ac75" language="German" custom="readingOrder {index:3;}">
                    <Coords points="1576,1351 1621,1351 1621,1382 1576,1382"/>
                    <TextEquiv>
                        <Unicode>ein</Unicode>
                    </TextEquiv>
                    <TextStyle fontFamily="Arial" fontSize="10.5"/>
                </Word>
                <Word id="w_w1aab1c15b2b3c17ac83" language="German" custom="readingOrder {index:4;}">
                    <Coords points="1636,1349 1780,1349 1780,1383 1636,1383"/>
                    <TextEquiv>
                        <Unicode>Mandat,</Unicode>
                    </TextEquiv>
                    <TextStyle fontFamily="Arial" fontSize="10.5"/>
                </Word>
                <TextEquiv>
                    <Unicode>Regierungs-Commission erließ deßhalb ein Mandat,</Unicode>
                </TextEquiv>
                <TextStyle fontFamily="Arial" fontSize="10.5"/>
            </TextLine>
            <TextLine id="tl_67" primaryLanguage="German" custom="readingOrder {index:9;}">
                <Coords points="943,1383 1783,1383 1783,1442 943,1442"/>
                <Baseline points="942,1429 1782,1416"/>
                <Word id="w_w1aab1c15b2b3c19ab1" language="German" custom="readingOrder {index:0;}">
                    <Coords points="943,1406 996,1406 996,1433 943,1433"/>
                    <TextEquiv>
                        <Unicode>das</Unicode>
                    </TextEquiv>
                    <TextStyle fontFamily="Arial" fontSize="10.5"/>
                </Word>
                <Word id="w_w1aab1c15b2b3c19ab9" language="German" custom="readingOrder {index:1;}">
                    <Coords points="1019,1401 1067,1401 1067,1438 1019,1438"/>
                    <TextEquiv>
                        <Unicode>sich</Unicode>
                    </TextEquiv>
                    <TextStyle fontFamily="Arial" fontSize="10.5"/>
                </Word>
                <Word id="w_w1aab1c15b2b3c19ac19" language="German" custom="readingOrder {index:2;}">
                    <Coords points="1088,1400 1141,1400 1141,1430 1088,1430"/>
                    <TextEquiv>
                        <Unicode>mit</Unicode>
                    </TextEquiv>
                    <TextStyle fontFamily="Arial" fontSize="10.5"/>
                </Word>
                <Word id="w_w1aab1c15b2b3c19ac27" language="German" custom="readingOrder {index:3;}">
                    <Coords points="1167,1399 1315,1399 1315,1436 1167,1436"/>
                    <TextEquiv>
                        <Unicode>folgender</Unicode>
                    </TextEquiv>
                    <TextStyle fontFamily="Arial" fontSize="10.5"/>
                </Word>
                <Word id="w_w1aab1c15b2b3c19ac47" language="German" custom="readingOrder {index:4;}">
                    <Coords points="1335,1394 1527,1394 1527,1427 1335,1427"/>
                    <TextEquiv>
                        <Unicode>Ermahnung</Unicode>
                    </TextEquiv>
                    <TextStyle fontFamily="Arial" fontSize="10.5"/>
                </Word>
                <Word id="w_w1aab1c15b2b3c19ac69" language="German" custom="readingOrder {index:5;}">
                    <Coords points="1550,1386 1660,1386 1660,1424 1550,1424"/>
                    <TextEquiv>
                        <Unicode>schloß.</Unicode>
                    </TextEquiv>
                    <TextStyle fontFamily="Arial" fontSize="10.5"/>
                </Word>
                <Word id="w_w1aab1c15b2b3c19ac85" language="German" custom="readingOrder {index:6;}">
                    <Coords points="1696,1384 1783,1384 1783,1420 1696,1420"/>
                    <TextEquiv>
                        <Unicode>„Die</Unicode>
                    </TextEquiv>
                    <TextStyle fontFamily="Arial" fontSize="10.5"/>
                </Word>
                <TextEquiv>
                    <Unicode>das sich mit folgender Ermahnung schloß. „Die</Unicode>
                </TextEquiv>
                <TextStyle fontFamily="Arial" fontSize="10.5"/>
            </TextLine>
            <TextLine id="tl_68" primaryLanguage="German" custom="readingOrder {index:10;}">
                <Coords points="943,1420 1782,1420 1782,1476 943,1476"/>
                <Baseline points="942,1472 1783,1453"/>
                <Word id="w_w1aab1c15b2b3c21ab1" language="German" custom="readingOrder {index:0;}">
                    <Coords points="943,1437 1127,1437 1127,1474 943,1474"/>
                    <TextEquiv>
                        <Unicode>Commission</Unicode>
                    </TextEquiv>
                    <TextStyle fontFamily="Arial" fontSize="10.5"/>
                </Word>
                <Word id="w_w1aab1c15b2b3c21ac23" language="German" custom="readingOrder {index:1;}">
                    <Coords points="1142,1438 1276,1438 1276,1467 1142,1467"/>
                    <TextEquiv>
                        <Unicode>erwartet</Unicode>
                    </TextEquiv>
                    <TextStyle fontFamily="Arial" fontSize="10.5"/>
                </Word>
                <Word id="w_w1aab1c15b2b3c21ac41" language="German" custom="readingOrder {index:2;}">
                    <Coords points="1288,1439 1345,1439 1345,1464 1288,1464"/>
                    <TextEquiv>
                        <Unicode>von</Unicode>
                    </TextEquiv>
                    <TextStyle fontFamily="Arial" fontSize="10.5"/>
                </Word>
                <Word id="w_w1aab1c15b2b3c21ac49" language="German" custom="readingOrder {index:3;}">
                    <Coords points="1361,1430 1455,1430 1455,1464 1361,1464"/>
                    <TextEquiv>
                        <Unicode>Euch,</Unicode>
                    </TextEquiv>
                    <TextStyle fontFamily="Arial" fontSize="10.5"/>
                </Word>
                <Word id="w_w1aab1c15b2b3c21ac61" language="German" custom="readingOrder {index:4;}">
                    <Coords points="1476,1426 1529,1426 1529,1462 1476,1462"/>
                    <TextEquiv>
                        <Unicode>daß</Unicode>
                    </TextEquiv>
                    <TextStyle fontFamily="Arial" fontSize="10.5"/>
                </Word>
                <Word id="w_w1aab1c15b2b3c21ac69" language="German" custom="readingOrder {index:5;}">
                    <Coords points="1546,1426 1623,1426 1623,1462 1546,1462"/>
                    <TextEquiv>
                        <Unicode>Ihr,</Unicode>
                    </TextEquiv>
                    <TextStyle fontFamily="Arial" fontSize="10.5"/>
                </Word>
                <Word id="w_w1aab1c15b2b3c21ac79" language="German" custom="readingOrder {index:6;}">
                    <Coords points="1643,1421 1782,1421 1782,1458 1643,1458"/>
                    <TextEquiv>
                        <Unicode>theuerste</Unicode>
                    </TextEquiv>
                    <TextStyle fontFamily="Arial" fontSize="10.5"/>
                </Word>
                <TextEquiv>
                    <Unicode>Commission erwartet von Euch, daß Ihr, theuerste</Unicode>
                </TextEquiv>
                <TextStyle fontFamily="Arial" fontSize="10.5"/>
            </TextLine>
            <TextLine id="tl_69" primaryLanguage="German" custom="readingOrder {index:11;}">
                <Coords points="943,1457 1783,1457 1783,1512 943,1512"/>
                <Baseline points="944,1505 1783,1488"/>
                <Word id="w_w1aab1c15b2b3c23ab1" language="German" custom="readingOrder {index:0;}">
                    <Coords points="944,1475 1061,1475 1061,1508 944,1508"/>
                    <TextEquiv>
                        <Unicode>Brüder</Unicode>
                    </TextEquiv>
                    <TextStyle fontFamily="Arial" fontSize="10.5"/>
                </Word>
                <Word id="w_w1aab1c15b2b3c23ac15" language="German" custom="readingOrder {index:1;}">
                    <Coords points="1083,1477 1139,1477 1139,1504 1083,1504"/>
                    <TextEquiv>
                        <Unicode>und</Unicode>
                    </TextEquiv>
                    <TextStyle fontFamily="Arial" fontSize="10.5"/>
                </Word>
                <Word id="w_w1aab1c15b2b3c23ac23" language="German" custom="readingOrder {index:2;}">
                    <Coords points="1161,1474 1307,1474 1307,1506 1161,1506"/>
                    <TextEquiv>
                        <Unicode>Freunde!</Unicode>
                    </TextEquiv>
                    <TextStyle fontFamily="Arial" fontSize="10.5"/>
                </Word>
                <Word id="w_w1aab1c15b2b3c23ac43" language="German" custom="readingOrder {index:3;}">
                    <Coords points="1334,1472 1366,1472 1366,1499 1334,1499"/>
                    <TextEquiv>
                        <Unicode>es</Unicode>
                    </TextEquiv>
                    <TextStyle fontFamily="Arial" fontSize="10.5"/>
                </Word>
                <Word id="w_w1aab1c15b2b3c23ac49" language="German" custom="readingOrder {index:4;}">
                    <Coords points="1388,1467 1444,1467 1444,1500 1388,1500"/>
                    <TextEquiv>
                        <Unicode>tief</Unicode>
                    </TextEquiv>
                    <TextStyle fontFamily="Arial" fontSize="10.5"/>
                </Word>
                <Word id="w_w1aab1c15b2b3c23ac59" language="German" custom="readingOrder {index:5;}">
                    <Coords points="1464,1464 1562,1464 1562,1500 1464,1500"/>
                    <TextEquiv>
                        <Unicode>fühlen</Unicode>
                    </TextEquiv>
                    <TextStyle fontFamily="Arial" fontSize="10.5"/>
                </Word>
                <Word id="w_w1aab1c15b2b3c23ac73" language="German" custom="readingOrder {index:6;}">
                    <Coords points="1582,1462 1709,1462 1709,1494 1582,1494"/>
                    <TextEquiv>
                        <Unicode>werdet,</Unicode>
                    </TextEquiv>
                    <TextStyle fontFamily="Arial" fontSize="10.5"/>
                </Word>
                <Word id="w_w1aab1c15b2b3c23ac91" language="German" custom="readingOrder {index:7;}">
                    <Coords points="1727,1458 1783,1458 1783,1490 1727,1490"/>
                    <TextEquiv>
                        <Unicode>wie</Unicode>
                    </TextEquiv>
                    <TextStyle fontFamily="Arial" fontSize="10.5"/>
                </Word>
                <TextEquiv>
                    <Unicode>Brüder und Freunde! es tief fühlen werdet, wie</Unicode>
                </TextEquiv>
                <TextStyle fontFamily="Arial" fontSize="10.5"/>
            </TextLine>
            <TextLine id="tl_70" primaryLanguage="German" custom="readingOrder {index:12;}">
                <Coords points="945,1495 1782,1495 1782,1551 945,1551"/>
                <Baseline points="944,1546 1781,1522"/>
                <Word id="w_w1aab1c15b2b3c25ab1" language="German" custom="readingOrder {index:0;}">
                    <Coords points="946,1513 1055,1513 1055,1549 946,1549"/>
                    <TextEquiv>
                        <Unicode>wichtig</Unicode>
                    </TextEquiv>
                    <TextStyle fontFamily="Arial" fontSize="10.5"/>
                </Word>
                <Word id="w_w1aab1c15b2b3c25ac17" language="German" custom="readingOrder {index:1;}">
                    <Coords points="1067,1511 1138,1511 1138,1546 1067,1546"/>
                    <TextEquiv>
                        <Unicode>diese</Unicode>
                    </TextEquiv>
                    <TextStyle fontFamily="Arial" fontSize="10.5"/>
                </Word>
                <Word id="w_w1aab1c15b2b3c25ac29" language="German" custom="readingOrder {index:2;}">
                    <Coords points="1147,1510 1269,1510 1269,1544 1147,1544"/>
                    <TextEquiv>
                        <Unicode>Wahlen</Unicode>
                    </TextEquiv>
                    <TextStyle fontFamily="Arial" fontSize="10.5"/>
                </Word>
                <Word id="w_w1aab1c15b2b3c25ac43" language="German" custom="readingOrder {index:3;}">
                    <Coords points="1282,1508 1331,1508 1331,1543 1282,1543"/>
                    <TextEquiv>
                        <Unicode>für</Unicode>
                    </TextEquiv>
                    <TextStyle fontFamily="Arial" fontSize="10.5"/>
                </Word>
                <Word id="w_w1aab1c15b2b3c25ac51" language="German" custom="readingOrder {index:4;}">
                    <Coords points="1339,1509 1393,1509 1393,1536 1339,1536"/>
                    <TextEquiv>
                        <Unicode>das</Unicode>
                    </TextEquiv>
                    <TextStyle fontFamily="Arial" fontSize="10.5"/>
                </Word>
                <Word id="w_w1aab1c15b2b3c25ac59" language="German" custom="readingOrder {index:5;}">
                    <Coords points="1402,1502 1489,1502 1489,1536 1402,1536"/>
                    <TextEquiv>
                        <Unicode>Wohl</Unicode>
                    </TextEquiv>
                    <TextStyle fontFamily="Arial" fontSize="10.5"/>
                </Word>
                <Word id="word_1513342414434_1912" language="German" custom="readingOrder {index:6;}">
                    <Coords points="1553,1537 1498,1537 1498,1504 1553,1504"/>
                    <TextEquiv>
                        <Unicode>des</Unicode>
                    </TextEquiv>
                    <TextStyle fontFamily="Arial" fontSize="10.5"/>
                </Word>
                <Word id="word_1513342414434_1911" language="German" custom="readingOrder {index:7;}">
                    <Coords points="1663,1537 1553,1537 1553,1504 1663,1504"/>
                    <TextEquiv>
                        <Unicode>ganzen</Unicode>
                    </TextEquiv>
                    <TextStyle fontFamily="Arial" fontSize="10.5"/>
                </Word>
                <Word id="w_w1aab1c15b2b3c25ac89" language="German" custom="readingOrder {index:8;}">
                    <Coords points="1671,1498 1782,1498 1782,1527 1671,1527"/>
                    <TextEquiv>
                        <Unicode>Landes</Unicode>
                    </TextEquiv>
                    <TextStyle fontFamily="Arial" fontSize="10.5"/>
                </Word>
                <TextEquiv>
                    <Unicode>wichtig diese Wahlen für das Wohl des ganzen Landes</Unicode>
                </TextEquiv>
                <TextStyle fontFamily="Arial" fontSize="10.5"/>
            </TextLine>
            <TextLine id="tl_71" primaryLanguage="German" custom="readingOrder {index:13;}">
                <Coords points="947,1532 1786,1532 1786,1590 947,1590"/>
                <Baseline points="945,1581 1784,1564"/>
                <Word id="w_w1aab1c15b2b3c27ab1" language="German" custom="readingOrder {index:0;}">
                    <Coords points="947,1551 1004,1551 1004,1580 947,1580"/>
                    <TextEquiv>
                        <Unicode>und</Unicode>
                    </TextEquiv>
                    <TextStyle fontFamily="Arial" fontSize="10.5"/>
                </Word>
                <Word id="w_w1aab1c15b2b3c27ab9" language="German" custom="readingOrder {index:1;}">
                    <Coords points="1026,1551 1106,1551 1106,1586 1026,1586"/>
                    <TextEquiv>
                        <Unicode>jedes</Unicode>
                    </TextEquiv>
                    <TextStyle fontFamily="Arial" fontSize="10.5"/>
                </Word>
                <Word id="w_w1aab1c15b2b3c27ac21" language="German" custom="readingOrder {index:2;}">
                    <Coords points="1126,1548 1271,1548 1271,1585 1126,1585"/>
                    <TextEquiv>
                        <Unicode>einzelnen</Unicode>
                    </TextEquiv>
                    <TextStyle fontFamily="Arial" fontSize="10.5"/>
                </Word>
                <Word id="w_w1aab1c15b2b3c27ac41" language="German" custom="readingOrder {index:3;}">
                    <Coords points="1293,1545 1423,1545 1423,1581 1293,1581"/>
                    <TextEquiv>
                        <Unicode>Tagwen</Unicode>
                    </TextEquiv>
                    <TextStyle fontFamily="Arial" fontSize="10.5"/>
                </Word>
                <Word id="w_w1aab1c15b2b3c27ac55" language="German" custom="readingOrder {index:4;}">
                    <Coords points="1445,1541 1547,1541 1547,1576 1445,1576"/>
                    <TextEquiv>
                        <Unicode>seyen,</Unicode>
                    </TextEquiv>
                    <TextStyle fontFamily="Arial" fontSize="10.5"/>
                </Word>
                <Word id="w_w1aab1c15b2b3c27ac69" language="German" custom="readingOrder {index:5;}">
                    <Coords points="1566,1535 1622,1535 1622,1573 1566,1573"/>
                    <TextEquiv>
                        <Unicode>daß</Unicode>
                    </TextEquiv>
                    <TextStyle fontFamily="Arial" fontSize="10.5"/>
                </Word>
                <Word id="w_w1aab1c15b2b3c27ac77" language="German" custom="readingOrder {index:6;}">
                    <Coords points="1641,1534 1701,1534 1701,1571 1641,1571"/>
                    <TextEquiv>
                        <Unicode>Ihr</Unicode>
                    </TextEquiv>
                    <TextStyle fontFamily="Arial" fontSize="10.5"/>
                </Word>
                <Word id="w_w1aab1c15b2b3c27ac85" language="German" custom="readingOrder {index:7;}">
                    <Coords points="1719,1532 1786,1532 1786,1568 1719,1568"/>
                    <TextEquiv>
                        <Unicode>deß¬</Unicode>
                    </TextEquiv>
                    <TextStyle fontFamily="Arial" fontSize="10.5"/>
                </Word>
                <TextEquiv>
                    <Unicode>und jedes einzelnen Tagwen seyen, daß Ihr deß¬</Unicode>
                </TextEquiv>
                <TextStyle fontFamily="Arial" fontSize="10.5"/>
            </TextLine>
            <TextLine id="tl_72" primaryLanguage="German" custom="readingOrder {index:14;}">
                <Coords points="946,1563 1785,1563 1785,1625 946,1625"/>
                <Baseline points="944,1618 1780,1600"/>
                <Word id="w_w1aab1c15b2b3c29ab1" language="German" custom="readingOrder {index:0;}">
                    <Coords points="946,1589 1038,1589 1038,1621 946,1621"/>
                    <TextEquiv>
                        <Unicode>nahen</Unicode>
                    </TextEquiv>
                    <TextStyle fontFamily="Arial" fontSize="10.5"/>
                </Word>
                <Word id="w_w1aab1c15b2b3c29ac13" language="German" custom="readingOrder {index:1;}">
                    <Coords points="1051,1586 1121,1586 1121,1620 1051,1620"/>
                    <TextEquiv>
                        <Unicode>auch</Unicode>
                    </TextEquiv>
                    <TextStyle fontFamily="Arial" fontSize="10.5"/>
                </Word>
                <Word id="w_w1aab1c15b2b3c29ac23" language="German" custom="readingOrder {index:2;}">
                    <Coords points="1138,1591 1195,1591 1195,1615 1138,1615"/>
                    <TextEquiv>
                        <Unicode>nur</Unicode>
                    </TextEquiv>
                    <TextStyle fontFamily="Arial" fontSize="10.5"/>
                </Word>
                <Word id="w_w1aab1c15b2b3c29ac31" language="German" custom="readingOrder {index:3;}">
                    <Coords points="1210,1581 1371,1581 1371,1614 1210,1614"/>
                    <TextEquiv>
                        <Unicode>anerkannt</Unicode>
                    </TextEquiv>
                    <TextStyle fontFamily="Arial" fontSize="10.5"/>
                </Word>
                <Word id="w_w1aab1c15b2b3c29ac51" language="German" custom="readingOrder {index:4;}">
                    <Coords points="1388,1568 1600,1568 1600,1613 1388,1613"/>
                    <TextEquiv>
                        <Unicode>rechtschaffene</Unicode>
                    </TextEquiv>
                    <TextStyle fontFamily="Arial" fontSize="10.5"/>
                </Word>
                <Word id="w_w1aab1c15b2b3c29ac81" language="German" custom="readingOrder {index:5;}">
                    <Coords points="1617,1574 1675,1574 1675,1602 1617,1602"/>
                    <TextEquiv>
                        <Unicode>und</Unicode>
                    </TextEquiv>
                    <TextStyle fontFamily="Arial" fontSize="10.5"/>
                </Word>
                <Word id="w_w1aab1c15b2b3c29ac89" language="German" custom="readingOrder {index:6;}">
                    <Coords points="1691,1571 1785,1571 1785,1605 1691,1605"/>
                    <TextEquiv>
                        <Unicode>haus¬</Unicode>
                    </TextEquiv>
                    <TextStyle fontFamily="Arial" fontSize="10.5"/>
                </Word>
                <TextEquiv>
                    <Unicode>nahen auch nur anerkannt rechtschaffene und haus¬</Unicode>
                </TextEquiv>
                <TextStyle fontFamily="Arial" fontSize="10.5"/>
            </TextLine>
            <TextLine id="tl_73" primaryLanguage="German" custom="readingOrder {index:15;}">
                <Coords points="947,1606 1784,1606 1784,1662 947,1662"/>
                <Baseline points="945,1657 1783,1635"/>
                <Word id="w_w1aab1c15b2b3c31ab1" language="German" custom="readingOrder {index:0;}">
                    <Coords points="947,1623 1110,1623 1110,1658 947,1658"/>
                    <TextEquiv>
                        <Unicode>hälterische</Unicode>
                    </TextEquiv>
                    <TextStyle fontFamily="Arial" fontSize="10.5"/>
                </Word>
                <Word id="w_w1aab1c15b2b3c31ac25" language="German" custom="readingOrder {index:1;}">
                    <Coords points="1122,1622 1250,1622 1250,1655 1122,1655"/>
                    <TextEquiv>
                        <Unicode>Männer</Unicode>
                    </TextEquiv>
                    <TextStyle fontFamily="Arial" fontSize="10.5"/>
                </Word>
                <Word id="w_w1aab1c15b2b3c31ac39" language="German" custom="readingOrder {index:2;}">
                    <Coords points="1261,1627 1299,1627 1299,1650 1261,1650"/>
                    <TextEquiv>
                        <Unicode>an</Unicode>
                    </TextEquiv>
                    <TextStyle fontFamily="Arial" fontSize="10.5"/>
                </Word>
                <Word id="w_w1aab1c15b2b3c31ac45" language="German" custom="readingOrder {index:3;}">
                    <Coords points="1310,1618 1354,1618 1354,1649 1310,1649"/>
                    <TextEquiv>
                        <Unicode>die</Unicode>
                    </TextEquiv>
                    <TextStyle fontFamily="Arial" fontSize="10.5"/>
                </Word>
                <Word id="w_w1aab1c15b2b3c31ac53" language="German" custom="readingOrder {index:4;}">
                    <Coords points="1363,1615 1478,1615 1478,1649 1363,1649"/>
                    <TextEquiv>
                        <Unicode>Stellen</Unicode>
                    </TextEquiv>
                    <TextStyle fontFamily="Arial" fontSize="10.5"/>
                </Word>
                <Word id="w_w1aab1c15b2b3c31ac69" language="German" custom="readingOrder {index:5;}">
                    <Coords points="1488,1611 1620,1611 1620,1647 1488,1647"/>
                    <TextEquiv>
                        <Unicode>berufen,</Unicode>
                    </TextEquiv>
                    <TextStyle fontFamily="Arial" fontSize="10.5"/>
                </Word>
                <Word id="w_w1aab1c15b2b3c31ac87" language="German" custom="readingOrder {index:6;}">
                    <Coords points="1633,1610 1691,1610 1691,1639 1633,1639"/>
                    <TextEquiv>
                        <Unicode>und</Unicode>
                    </TextEquiv>
                    <TextStyle fontFamily="Arial" fontSize="10.5"/>
                </Word>
                <Word id="w_w1aab1c15b2b3c31ac95" language="German" custom="readingOrder {index:7;}">
                    <Coords points="1705,1607 1784,1607 1784,1643 1705,1643"/>
                    <TextEquiv>
                        <Unicode>Euch</Unicode>
                    </TextEquiv>
                    <TextStyle fontFamily="Arial" fontSize="10.5"/>
                </Word>
                <TextEquiv>
                    <Unicode>hälterische Männer an die Stellen berufen, und Euch</Unicode>
                </TextEquiv>
                <TextStyle fontFamily="Arial" fontSize="10.5"/>
            </TextLine>
            <TextLine id="tl_74" primaryLanguage="German" custom="readingOrder {index:16;}">
                <Coords points="947,1643 1784,1643 1784,1700 947,1700"/>
                <Baseline points="946,1694 1782,1676"/>
                <Word id="w_w1aab1c15b2b3c33ab1" language="German" custom="readingOrder {index:0;}">
                    <Coords points="947,1664 976,1664 976,1696 947,1696"/>
                    <TextEquiv>
                        <Unicode>so</Unicode>
                    </TextEquiv>
                    <TextStyle fontFamily="Arial" fontSize="10.5"/>
                </Word>
                <Word id="word_1513342459566_1914" language="German" custom="readingOrder {index:1;}">
                    <Coords points="1037,1694 986,1694 986,1659 1037,1659"/>
                    <TextEquiv>
                        <Unicode>des</Unicode>
                    </TextEquiv>
                    <TextStyle fontFamily="Arial" fontSize="10.5"/>
                </Word>
                <Word id="word_1513342459566_1913" language="German" custom="readingOrder {index:2;}">
                    <Coords points="1211,1694 1037,1694 1037,1659 1211,1659"/>
                    <TextEquiv>
                        <Unicode>Geschenkes</Unicode>
                    </TextEquiv>
                    <TextStyle fontFamily="Arial" fontSize="10.5"/>
                </Word>
                <Word id="word_1513342476654_1916" language="German" custom="readingOrder {index:3;}">
                    <Coords points="1265,1691 1218,1691 1218,1654 1265,1654"/>
                    <TextEquiv>
                        <Unicode>der</Unicode>
                    </TextEquiv>
                    <TextStyle fontFamily="Arial" fontSize="10.5"/>
                </Word>
                <Word id="word_1513342476653_1915" language="German" custom="readingOrder {index:4;}">
                    <Coords points="1399,1691 1265,1691 1265,1654 1399,1654"/>
                    <TextEquiv>
                        <Unicode>Freyheit</Unicode>
                    </TextEquiv>
                    <TextStyle fontFamily="Arial" fontSize="10.5"/>
                </Word>
                <Word id="w_w1aab1c15b2b3c33ac59" language="German" custom="readingOrder {index:5;}">
                    <Coords points="1406,1649 1519,1649 1519,1685 1406,1685"/>
                    <TextEquiv>
                        <Unicode>würdig</Unicode>
                    </TextEquiv>
                    <TextStyle fontFamily="Arial" fontSize="10.5"/>
                </Word>
                <Word id="w_w1aab1c15b2b3c33ac73" language="German" custom="readingOrder {index:6;}">
                    <Coords points="1530,1647 1657,1647 1657,1685 1530,1685"/>
                    <TextEquiv>
                        <Unicode>erzeigen</Unicode>
                    </TextEquiv>
                    <TextStyle fontFamily="Arial" fontSize="10.5"/>
                </Word>
                <Word id="w_w1aab1c15b2b3c33ac91" language="German" custom="readingOrder {index:7;}">
                    <Coords points="1665,1647 1783,1647 1783,1676 1665,1676"/>
                    <TextEquiv>
                        <Unicode>werdet.</Unicode>
                    </TextEquiv>
                    <TextStyle fontFamily="Arial" fontSize="10.5"/>
                </Word>
                <TextEquiv>
                    <Unicode>so des Geschenkes der Freyheit würdig erzeigen werdet.</Unicode>
                </TextEquiv>
                <TextStyle fontFamily="Arial" fontSize="10.5"/>
            </TextLine>
            <TextLine id="tl_75" primaryLanguage="German" custom="readingOrder {index:17;}">
                <Coords points="945,1680 1784,1680 1784,1738 945,1738"/>
                <Baseline points="946,1731 1786,1712"/>
                <Word id="w_w1aab1c15b2b3c35ab1" language="German" custom="readingOrder {index:0;}">
                    <Coords points="945,1699 1050,1699 1050,1732 945,1732"/>
                    <TextEquiv>
                        <Unicode>Dieses</Unicode>
                    </TextEquiv>
                    <TextStyle fontFamily="Arial" fontSize="10.5"/>
                </Word>
                <Word id="w_w1aab1c15b2b3c35ac15" language="German" custom="readingOrder {index:1;}">
                    <Coords points="1063,1697 1114,1697 1114,1732 1063,1732"/>
                    <TextEquiv>
                        <Unicode>soll</Unicode>
                    </TextEquiv>
                    <TextStyle fontFamily="Arial" fontSize="10.5"/>
                </Word>
                <Word id="w_w1aab1c15b2b3c35ac25" language="German" custom="readingOrder {index:2;}">
                    <Coords points="1127,1694 1297,1694 1297,1733 1127,1733"/>
                    <TextEquiv>
                        <Unicode>einstweilen</Unicode>
                    </TextEquiv>
                    <TextStyle fontFamily="Arial" fontSize="10.5"/>
                </Word>
                <Word id="w_w1aab1c15b2b3c35ac49" language="German" custom="readingOrder {index:3;}">
                    <Coords points="1313,1692 1362,1692 1362,1723 1313,1723"/>
                    <TextEquiv>
                        <Unicode>als</Unicode>
                    </TextEquiv>
                    <TextStyle fontFamily="Arial" fontSize="10.5"/>
                </Word>
                <Word id="w_w1aab1c15b2b3c35ac57" language="German" custom="readingOrder {index:4;}">
                    <Coords points="1371,1689 1491,1689 1491,1722 1371,1722"/>
                    <TextEquiv>
                        <Unicode>Beweis</Unicode>
                    </TextEquiv>
                    <TextStyle fontFamily="Arial" fontSize="10.5"/>
                </Word>
                <Word id="w_w1aab1c15b2b3c35ac71" language="German" custom="readingOrder {index:5;}">
                    <Coords points="1510,1685 1629,1685 1629,1717 1510,1717"/>
                    <TextEquiv>
                        <Unicode>dienen,</Unicode>
                    </TextEquiv>
                    <TextStyle fontFamily="Arial" fontSize="10.5"/>
                </Word>
                <Word id="w_w1aab1c15b2b3c35ac87" language="German" custom="readingOrder {index:6;}">
                    <Coords points="1650,1681 1704,1681 1704,1718 1650,1718"/>
                    <TextEquiv>
                        <Unicode>daß</Unicode>
                    </TextEquiv>
                    <TextStyle fontFamily="Arial" fontSize="10.5"/>
                </Word>
                <Word id="w_w1aab1c15b2b3c35ac95" language="German" custom="readingOrder {index:7;}">
                    <Coords points="1719,1683 1784,1683 1784,1718 1719,1718"/>
                    <TextEquiv>
                        <Unicode>jene</Unicode>
                    </TextEquiv>
                    <TextStyle fontFamily="Arial" fontSize="10.5"/>
                </Word>
                <TextEquiv>
                    <Unicode>Dieses soll einstweilen als Beweis dienen, daß jene</Unicode>
                </TextEquiv>
                <TextStyle fontFamily="Arial" fontSize="10.5"/>
            </TextLine>
            <TextLine id="tl_76" primaryLanguage="German" custom="readingOrder {index:18;}">
                <Coords points="948,1712 1785,1712 1785,1776 948,1776"/>
                <Baseline points="948,1769 1784,1752"/>
                <Word id="w_w1aab1c15b2b3c37ab1" language="German" custom="readingOrder {index:0;}">
                    <Coords points="949,1728 1132,1728 1132,1770 949,1770"/>
                    <TextEquiv>
                        <Unicode>Nachrichten</Unicode>
                    </TextEquiv>
                    <TextStyle fontFamily="Arial" fontSize="10.5"/>
                </Word>
                <Word id="w_w1aab1c15b2b3c37ac25" language="German" custom="readingOrder {index:1;}">
                    <Coords points="1150,1733 1224,1733 1224,1769 1150,1769"/>
                    <TextEquiv>
                        <Unicode>irrig</Unicode>
                    </TextEquiv>
                    <TextStyle fontFamily="Arial" fontSize="10.5"/>
                </Word>
                <Word id="w_w1aab1c15b2b3c37ac37" language="German" custom="readingOrder {index:2;}">
                    <Coords points="1243,1733 1318,1733 1318,1769 1243,1769"/>
                    <TextEquiv>
                        <Unicode>sind,</Unicode>
                    </TextEquiv>
                    <TextStyle fontFamily="Arial" fontSize="10.5"/>
                </Word>
                <Word id="w_w1aab1c15b2b3c37ac49" language="German" custom="readingOrder {index:3;}">
                    <Coords points="1337,1728 1386,1728 1386,1760 1337,1760"/>
                    <TextEquiv>
                        <Unicode>als</Unicode>
                    </TextEquiv>
                    <TextStyle fontFamily="Arial" fontSize="10.5"/>
                </Word>
                <Word id="w_w1aab1c15b2b3c37ac57" language="German" custom="readingOrder {index:4;}">
                    <Coords points="1407,1733 1488,1733 1488,1757 1407,1757"/>
                    <TextEquiv>
                        <Unicode>wenn</Unicode>
                    </TextEquiv>
                    <TextStyle fontFamily="Arial" fontSize="10.5"/>
                </Word>
                <Word id="w_w1aab1c15b2b3c37ac67" language="German" custom="readingOrder {index:5;}">
                    <Coords points="1509,1730 1579,1730 1579,1753 1509,1753"/>
                    <TextEquiv>
                        <Unicode>neue</Unicode>
                    </TextEquiv>
                    <TextStyle fontFamily="Arial" fontSize="10.5"/>
                </Word>
                <Word id="w_w1aab1c15b2b3c37ac77" language="German" custom="readingOrder {index:6;}">
                    <Coords points="1593,1721 1729,1721 1729,1754 1593,1754"/>
                    <TextEquiv>
                        <Unicode>Unruhen</Unicode>
                    </TextEquiv>
                    <TextStyle fontFamily="Arial" fontSize="10.5"/>
                </Word>
                <Word id="w_w1aab1c15b2b3c37ac93" language="German" custom="readingOrder {index:7;}">
                    <Coords points="1750,1724 1785,1724 1785,1756 1750,1756"/>
                    <TextEquiv>
                        <Unicode>zu</Unicode>
                    </TextEquiv>
                    <TextStyle fontFamily="Arial" fontSize="10.5"/>
                </Word>
                <TextEquiv>
                    <Unicode>Nachrichten irrig sind, als wenn neue Unruhen zu</Unicode>
                </TextEquiv>
                <TextStyle fontFamily="Arial" fontSize="10.5"/>
            </TextLine>
            <TextLine id="tl_77" primaryLanguage="German" custom="readingOrder {index:19;}">
                <Coords points="946,1753 1785,1753 1785,1812 946,1812"/>
                <Baseline points="943,1803 1786,1788"/>
                <Word id="w_w1aab1c15b2b3c39ab1" language="German" custom="readingOrder {index:0;}">
                    <Coords points="946,1772 1106,1772 1106,1806 946,1806"/>
                    <TextEquiv>
                        <Unicode>befürchten</Unicode>
                    </TextEquiv>
                    <TextStyle fontFamily="Arial" fontSize="10.5"/>
                </Word>
                <Word id="w_w1aab1c15b2b3c39ac23" language="German" custom="readingOrder {index:1;}">
                    <Coords points="1126,1770 1243,1770 1243,1804 1126,1804"/>
                    <TextEquiv>
                        <Unicode>wären,</Unicode>
                    </TextEquiv>
                    <TextStyle fontFamily="Arial" fontSize="10.5"/>
                </Word>
                <Word id="w_w1aab1c15b2b3c39ac37" language="German" custom="readingOrder {index:2;}">
                    <Coords points="1264,1770 1323,1770 1323,1799 1264,1799"/>
                    <TextEquiv>
                        <Unicode>und</Unicode>
                    </TextEquiv>
                    <TextStyle fontFamily="Arial" fontSize="10.5"/>
                </Word>
                <Word id="w_w1aab1c15b2b3c39ac45" language="German" custom="readingOrder {index:3;}">
                    <Coords points="1344,1772 1413,1772 1413,1797 1344,1797"/>
                    <TextEquiv>
                        <Unicode>man</Unicode>
                    </TextEquiv>
                    <TextStyle fontFamily="Arial" fontSize="10.5"/>
                </Word>
                <Word id="w_w1aab1c15b2b3c39ac53" language="German" custom="readingOrder {index:4;}">
                    <Coords points="1431,1763 1505,1763 1505,1794 1431,1794"/>
                    <TextEquiv>
                        <Unicode>kann</Unicode>
                    </TextEquiv>
                    <TextStyle fontFamily="Arial" fontSize="10.5"/>
                </Word>
                <Word id="w_w1aab1c15b2b3c39ac63" language="German" custom="readingOrder {index:5;}">
                    <Coords points="1526,1761 1632,1761 1632,1798 1526,1798"/>
                    <TextEquiv>
                        <Unicode>sagen,</Unicode>
                    </TextEquiv>
                    <TextStyle fontFamily="Arial" fontSize="10.5"/>
                </Word>
                <Word id="w_w1aab1c15b2b3c39ac77" language="German" custom="readingOrder {index:6;}">
                    <Coords points="1654,1757 1709,1757 1709,1793 1654,1793"/>
                    <TextEquiv>
                        <Unicode>daß</Unicode>
                    </TextEquiv>
                    <TextStyle fontFamily="Arial" fontSize="10.5"/>
                </Word>
                <Word id="w_w1aab1c15b2b3c39ac85" language="German" custom="readingOrder {index:7;}">
                    <Coords points="1728,1759 1785,1759 1785,1788 1728,1788"/>
                    <TextEquiv>
                        <Unicode>das</Unicode>
                    </TextEquiv>
                    <TextStyle fontFamily="Arial" fontSize="10.5"/>
                </Word>
                <TextEquiv>
                    <Unicode>befürchten wären, und man kann sagen, daß das</Unicode>
                </TextEquiv>
                <TextStyle fontFamily="Arial" fontSize="10.5"/>
            </TextLine>
            <TextLine id="tl_78" primaryLanguage="German" custom="readingOrder {index:20;}">
                <Coords points="948,1791 1787,1791 1787,1850 948,1850"/>
                <Baseline points="948,1841 1786,1828"/>
                <Word id="w_w1aab1c15b2b3c41ab1" language="German" custom="readingOrder {index:0;}">
                    <Coords points="948,1810 1025,1810 1025,1841 948,1841"/>
                    <TextEquiv>
                        <Unicode>Volk</Unicode>
                    </TextEquiv>
                    <TextStyle fontFamily="Arial" fontSize="10.5"/>
                </Word>
                <Word id="w_w1aab1c15b2b3c41ac11" language="German" custom="readingOrder {index:1;}">
                    <Coords points="1045,1808 1097,1808 1097,1846 1045,1846"/>
                    <TextEquiv>
                        <Unicode>die</Unicode>
                    </TextEquiv>
                    <TextStyle fontFamily="Arial" fontSize="10.5"/>
                </Word>
                <Word id="w_w1aab1c15b2b3c41ac21" language="German" custom="readingOrder {index:2;}">
                    <Coords points="1104,1806 1319,1806 1319,1843 1104,1843"/>
                    <TextEquiv>
                        <Unicode>Verfügungen</Unicode>
                    </TextEquiv>
                    <TextStyle fontFamily="Arial" fontSize="10.5"/>
                </Word>
                <Word id="w_w1aab1c15b2b3c41ac45" language="German" custom="readingOrder {index:3;}">
                    <Coords points="1340,1807 1388,1807 1388,1834 1340,1834"/>
                    <TextEquiv>
                        <Unicode>der</Unicode>
                    </TextEquiv>
                    <TextStyle fontFamily="Arial" fontSize="10.5"/>
                </Word>
                <Word id="w_w1aab1c15b2b3c41ac53" language="German" custom="readingOrder {index:4;}">
                    <Coords points="1405,1793 1713,1793 1713,1834 1405,1834"/>
                    <TextEquiv>
                        <Unicode>Vermittlungs-Akte</Unicode>
                    </TextEquiv>
                    <TextStyle fontFamily="Arial" fontSize="10.5"/>
                </Word>
                <Word id="w_w1aab1c15b2b3c41ac89" language="German" custom="readingOrder {index:5;}">
                    <Coords points="1731,1795 1787,1795 1787,1830 1731,1830"/>
                    <TextEquiv>
                        <Unicode>des</Unicode>
                    </TextEquiv>
                    <TextStyle fontFamily="Arial" fontSize="10.5"/>
                </Word>
                <TextEquiv>
                    <Unicode>Volk die Verfügungen der Vermittlungs-Akte des</Unicode>
                </TextEquiv>
                <TextStyle fontFamily="Arial" fontSize="10.5"/>
            </TextLine>
            <TextLine id="tl_79" primaryLanguage="German" custom="readingOrder {index:21;}">
                <Coords points="947,1834 1786,1820 1787,1870 948,1884"/>
                <Baseline points="948,1879 1787,1865"/>
                <Word id="w_w1aab1c15b2b3c43ab1" language="German" custom="readingOrder {index:0;}">
                    <Coords points="947,1848 1035,1848 1035,1884 947,1884"/>
                    <TextEquiv>
                        <Unicode>ersten</Unicode>
                    </TextEquiv>
                    <TextStyle fontFamily="Arial" fontSize="10.5"/>
                </Word>
                <Word id="w_w1aab1c15b2b3c43ac15" language="German" custom="readingOrder {index:1;}">
                    <Coords points="1046,1844 1173,1844 1173,1881 1046,1881"/>
                    <TextEquiv>
                        <Unicode>Consuls</Unicode>
                    </TextEquiv>
                    <TextStyle fontFamily="Arial" fontSize="10.5"/>
                </Word>
                <Word id="w_w1aab1c15b2b3c43ac31" language="German" custom="readingOrder {index:2;}">
                    <Coords points="1185,1846 1233,1846 1233,1874 1185,1874"/>
                    <TextEquiv>
                        <Unicode>der</Unicode>
                    </TextEquiv>
                    <TextStyle fontFamily="Arial" fontSize="10.5"/>
                </Word>
                <Word id="w_w1aab1c15b2b3c43ac39" language="German" custom="readingOrder {index:3;}">
                    <Coords points="1246,1841 1421,1841 1421,1879 1246,1879"/>
                    <TextEquiv>
                        <Unicode>fränkischen</Unicode>
                    </TextEquiv>
                    <TextStyle fontFamily="Arial" fontSize="10.5"/>
                </Word>
                <Word id="w_w1aab1c15b2b3c43ac63" language="German" custom="readingOrder {index:4;}">
                    <Coords points="1435,1833 1579,1833 1579,1875 1435,1875"/>
                    <TextEquiv>
                        <Unicode>Republik</Unicode>
                    </TextEquiv>
                    <TextStyle fontFamily="Arial" fontSize="10.5"/>
                </Word>
                <Word id="w_w1aab1c15b2b3c43ac81" language="German" custom="readingOrder {index:5;}">
                    <Coords points="1590,1832 1646,1832 1646,1864 1590,1864"/>
                    <TextEquiv>
                        <Unicode>mit</Unicode>
                    </TextEquiv>
                    <TextStyle fontFamily="Arial" fontSize="10.5"/>
                </Word>
                <Word id="w_w1aab1c15b2b3c43ac89" language="German" custom="readingOrder {index:6;}">
                    <Coords points="1656,1833 1786,1833 1786,1867 1656,1867"/>
                    <TextEquiv>
                        <Unicode>Freuden</Unicode>
                    </TextEquiv>
                    <TextStyle fontFamily="Arial" fontSize="10.5"/>
                </Word>
                <TextEquiv>
                    <Unicode>ersten Consuls der fränkischen Republik mit Freuden</Unicode>
                </TextEquiv>
                <TextStyle fontFamily="Arial" fontSize="10.5"/>
            </TextLine>
            <TextLine id="tl_80" primaryLanguage="German" custom="readingOrder {index:22;}">
                <Coords points="948,1879 1265,1879 1265,1923 948,1923"/>
                <Baseline points="949,1916 1266,1916"/>
                <Word id="w_w1aab1c15b2b3c45ab1" language="German" custom="readingOrder {index:0;}">
                    <Coords points="948,1885 1169,1885 1169,1922 948,1922"/>
                    <TextEquiv>
                        <Unicode>aufgenommen</Unicode>
                    </TextEquiv>
                    <TextStyle fontFamily="Arial" fontSize="10.5"/>
                </Word>
                <Word id="w_w1aab1c15b2b3c45ac25" language="German" custom="readingOrder {index:1;}">
                    <Coords points="1183,1881 1265,1881 1265,1915 1183,1915"/>
                    <TextEquiv>
                        <Unicode>habe.</Unicode>
                    </TextEquiv>
                    <TextStyle fontFamily="Arial" fontSize="10.5"/>
                </Word>
                <TextEquiv>
                    <Unicode>aufgenommen habe.</Unicode>
                </TextEquiv>
                <TextStyle fontFamily="Arial" fontSize="10.5"/>
            </TextLine>
            <TextEquiv>
                <Unicode>Glaris, 13 März. Den 10 d. hat die Regie¬
rungs-Commission unsers Kantons ihre Funktionen
angetreten. Sämtliche Glieder folgten dem erhal¬
tenen Rufe. Ihre bisherigen Arbeiten beschränken
sich größtentheils auf die Verwaltung des Landes,
auf Herstellung der Polizey, der Archive rc. Das
erste, was in den Organisations-Arbeiten geschehen,
ist die Wahl der Tagwen-Rathsherren. Die
Regierungs-Commission erließ deßhalb ein Mandat,
das sich mit folgender Ermahnung schloß. „Die
Commission erwartet von Euch, daß Ihr, theuerste
Brüder und Freunde! es tief fühlen werdet, wie
wichtig diese Wahlen für das Wohl des ganzen Landes
und jedes einzelnen Tagwen seyen, daß Ihr deß¬
nahen auch nur anerkannt rechtschaffene und haus¬
hälterische Männer an die Stellen berufen, und Euch
so des Geschenkes der Freyheit würdig erzeigen werdet.
Dieses soll einstweilen als Beweis dienen, daß jene
Nachrichten irrig sind, als wenn neue Unruhen zu
befürchten wären, und man kann sagen, daß das
Volk die Verfügungen der Vermittlungs-Akte des
ersten Consuls der fränkischen Republik mit Freuden
aufgenommen habe.</Unicode>
            </TextEquiv>
        </TextRegion>
        <TextRegion type="paragraph" id="r_8_3" custom="readingOrder {index:14;}">
            <Coords points="947,1902 1789,1902 1789,2154 947,2154"/>
            <TextLine id="tl_81" primaryLanguage="German" custom="readingOrder {index:0;}">
                <Coords points="985,1903 1787,1903 1787,1962 985,1962"/>
                <Baseline points="986,1954 1785,1939"/>
                <Word id="w_w1aab1c15b2b5b1ab1" language="German" custom="readingOrder {index:0;}">
                    <Coords points="985,1920 1124,1920 1124,1959 985,1959"/>
                    <TextEquiv>
                        <Unicode>Zürich.</Unicode>
                    </TextEquiv>
                    <TextStyle fontFamily="Arial" fontSize="10.5"/>
                </Word>
                <Word id="w_w1aab1c15b2b5b1b1b3" language="German" custom="readingOrder {index:1;}">
                    <Coords points="1164,1922 1218,1922 1218,1951 1164,1951"/>
                    <TextEquiv>
                        <Unicode>Am</Unicode>
                    </TextEquiv>
                    <TextStyle fontFamily="Arial" fontSize="10.5"/>
                </Word>
                <Word id="w_w1aab1c15b2b5b1b1b9" language="German" custom="readingOrder {index:2;}">
                    <Coords points="1233,1922 1317,1922 1317,1956 1233,1956"/>
                    <TextEquiv>
                        <Unicode>14ten</Unicode>
                    </TextEquiv>
                    <TextStyle fontFamily="Arial" fontSize="10.5"/>
                </Word>
                <Word id="w_w1aab1c15b2b5b1b1c21" language="German" custom="readingOrder {index:3;}">
                    <Coords points="1331,1912 1459,1912 1459,1952 1331,1952"/>
                    <TextEquiv>
                        <Unicode>beschloß</Unicode>
                    </TextEquiv>
                    <TextStyle fontFamily="Arial" fontSize="10.5"/>
                </Word>
                <Word id="w_w1aab1c15b2b5b1b1c39" language="German" custom="readingOrder {index:4;}">
                    <Coords points="1470,1911 1516,1911 1516,1943 1470,1943"/>
                    <TextEquiv>
                        <Unicode>die</Unicode>
                    </TextEquiv>
                    <TextStyle fontFamily="Arial" fontSize="10.5"/>
                </Word>
                <Word id="w_w1aab1c15b2b5b1b1c47" language="German" custom="readingOrder {index:5;}">
                    <Coords points="1528,1905 1734,1905 1734,1944 1528,1944"/>
                    <TextEquiv>
                        <Unicode>Commission,</Unicode>
                    </TextEquiv>
                    <TextStyle fontFamily="Arial" fontSize="10.5"/>
                </Word>
                <Word id="w_w1aab1c15b2b5b1b1c71" language="German" custom="readingOrder {index:6;}">
                    <Coords points="1753,1910 1787,1910 1787,1938 1753,1938"/>
                    <TextEquiv>
                        <Unicode>es</Unicode>
                    </TextEquiv>
                    <TextStyle fontFamily="Arial" fontSize="10.5"/>
                </Word>
                <TextEquiv>
                    <Unicode>Zürich. Am 14ten beschloß die Commission, es</Unicode>
                </TextEquiv>
            </TextLine>
            <TextLine id="tl_82" primaryLanguage="German" custom="readingOrder {index:1;}">
                <Coords points="949,1942 1786,1942 1786,2002 949,2002"/>
                <Baseline points="948,1993 1785,1979"/>
                <Word id="w_w1aab1c15b2b5b3ab1" language="German" custom="readingOrder {index:0;}">
                    <Coords points="949,1960 1034,1960 1034,1995 949,1995"/>
                    <TextEquiv>
                        <Unicode>sollen</Unicode>
                    </TextEquiv>
                    <TextStyle fontFamily="Arial" fontSize="10.5"/>
                </Word>
                <Word id="w_w1aab1c15b2b5b3ac15" language="German" custom="readingOrder {index:1;}">
                    <Coords points="1049,1958 1093,1958 1093,1988 1049,1988"/>
                    <TextEquiv>
                        <Unicode>die</Unicode>
                    </TextEquiv>
                    <TextStyle fontFamily="Arial" fontSize="10.5"/>
                </Word>
                <Word id="w_w1aab1c15b2b5b3ac23" language="German" custom="readingOrder {index:2;}">
                    <Coords points="1107,1958 1326,1958 1326,1994 1107,1994"/>
                    <TextEquiv>
                        <Unicode>Ernennungen</Unicode>
                    </TextEquiv>
                    <TextStyle fontFamily="Arial" fontSize="10.5"/>
                </Word>
                <Word id="w_w1aab1c15b2b5b3ac47" language="German" custom="readingOrder {index:3;}">
                    <Coords points="1344,1962 1381,1962 1381,1993 1344,1993"/>
                    <TextEquiv>
                        <Unicode>zu</Unicode>
                    </TextEquiv>
                    <TextStyle fontFamily="Arial" fontSize="10.5"/>
                </Word>
                <Word id="w_w1aab1c15b2b5b3ac53" language="German" custom="readingOrder {index:4;}">
                    <Coords points="1394,1949 1579,1949 1579,1987 1394,1987"/>
                    <TextEquiv>
                        <Unicode>Pfarrstellen</Unicode>
                    </TextEquiv>
                    <TextStyle fontFamily="Arial" fontSize="10.5"/>
                </Word>
                <Word id="w_w1aab1c15b2b5b3ac79" language="German" custom="readingOrder {index:5;}">
                    <Coords points="1599,1949 1658,1949 1658,1977 1599,1977"/>
                    <TextEquiv>
                        <Unicode>und</Unicode>
                    </TextEquiv>
                    <TextStyle fontFamily="Arial" fontSize="10.5"/>
                </Word>
                <Word id="w_w1aab1c15b2b5b3ac87" language="German" custom="readingOrder {index:6;}">
                    <Coords points="1675,1947 1785,1947 1785,1975 1675,1975"/>
                    <TextEquiv>
                        <Unicode>andern</Unicode>
                    </TextEquiv>
                    <TextStyle fontFamily="Arial" fontSize="10.5"/>
                </Word>
                <TextEquiv>
                    <Unicode>sollen die Ernennungen zu Pfarrstellen und andern</Unicode>
                </TextEquiv>
                <TextStyle fontFamily="Arial" fontSize="10.5"/>
            </TextLine>
            <TextLine id="tl_83" primaryLanguage="German" custom="readingOrder {index:2;}">
                <Coords points="950,1979 1788,1979 1788,2037 950,2037"/>
                <Baseline points="949,2029 1786,2015"/>
                <Word id="w_w1aab1c15b2b5b5ab1" language="German" custom="readingOrder {index:0;}">
                    <Coords points="950,2000 1082,2000 1082,2028 950,2028"/>
                    <TextEquiv>
                        <Unicode>Aemtern</Unicode>
                    </TextEquiv>
                    <TextStyle fontFamily="Arial" fontSize="10.5"/>
                </Word>
                <Word id="w_w1aab1c15b2b5b5ac17" language="German" custom="readingOrder {index:1;}">
                    <Coords points="1102,1996 1201,1996 1201,2029 1102,2029"/>
                    <TextEquiv>
                        <Unicode>welche</Unicode>
                    </TextEquiv>
                    <TextStyle fontFamily="Arial" fontSize="10.5"/>
                </Word>
                <Word id="w_w1aab1c15b2b5b5ac31" language="German" custom="readingOrder {index:2;}">
                    <Coords points="1219,1993 1355,1993 1355,2026 1219,2026"/>
                    <TextEquiv>
                        <Unicode>bisdahin</Unicode>
                    </TextEquiv>
                    <TextStyle fontFamily="Arial" fontSize="10.5"/>
                </Word>
                <Word id="w_w1aab1c15b2b5b5ac49" language="German" custom="readingOrder {index:3;}">
                    <Coords points="1377,1994 1425,1994 1425,2021 1377,2021"/>
                    <TextEquiv>
                        <Unicode>der</Unicode>
                    </TextEquiv>
                    <TextStyle fontFamily="Arial" fontSize="10.5"/>
                </Word>
                <Word id="w_w1aab1c15b2b5b5ac57" language="German" custom="readingOrder {index:4;}">
                    <Coords points="1445,1981 1788,1981 1788,2021 1445,2021"/>
                    <TextEquiv>
                        <Unicode>Verwaltungekammer</Unicode>
                    </TextEquiv>
                    <TextStyle fontFamily="Arial" fontSize="10.5"/>
                </Word>
                <TextEquiv>
                    <Unicode>Aemtern welche bisdahin der Verwaltungekammer</Unicode>
                </TextEquiv>
                <TextStyle fontFamily="Arial" fontSize="10.5"/>
            </TextLine>
            <TextLine id="tl_84" primaryLanguage="German" custom="readingOrder {index:3;}">
                <Coords points="949,2017 1787,2017 1787,2075 949,2075"/>
                <Baseline points="951,2065 1790,2051"/>
                <Word id="w_w1aab1c15b2b5b7ab1" language="German" custom="readingOrder {index:0;}">
                    <Coords points="949,2035 1105,2035 1105,2074 949,2074"/>
                    <TextEquiv>
                        <Unicode>zukamen,</Unicode>
                    </TextEquiv>
                    <TextStyle fontFamily="Arial" fontSize="10.5"/>
                </Word>
                <Word id="w_w1aab1c15b2b5b7ac19" language="German" custom="readingOrder {index:1;}">
                    <Coords points="1126,2031 1296,2031 1296,2070 1126,2070"/>
                    <TextEquiv>
                        <Unicode>einstweilen</Unicode>
                    </TextEquiv>
                    <TextStyle fontFamily="Arial" fontSize="10.5"/>
                </Word>
                <Word id="w_w1aab1c15b2b5b7ac43" language="German" custom="readingOrder {index:2;}">
                    <Coords points="1309,2029 1375,2029 1375,2066 1309,2066"/>
                    <TextEquiv>
                        <Unicode>noch</Unicode>
                    </TextEquiv>
                    <TextStyle fontFamily="Arial" fontSize="10.5"/>
                </Word>
                <Word id="w_w1aab1c15b2b5b7ac53" language="German" custom="readingOrder {index:3;}">
                    <Coords points="1387,2027 1485,2027 1485,2058 1387,2058"/>
                    <TextEquiv>
                        <Unicode>weiter</Unicode>
                    </TextEquiv>
                    <TextStyle fontFamily="Arial" fontSize="10.5"/>
                </Word>
                <Word id="w_w1aab1c15b2b5b7ac67" language="German" custom="readingOrder {index:4;}">
                    <Coords points="1499,2023 1583,2023 1583,2055 1499,2055"/>
                    <TextEquiv>
                        <Unicode>durch</Unicode>
                    </TextEquiv>
                    <TextStyle fontFamily="Arial" fontSize="10.5"/>
                </Word>
                <Word id="w_w1aab1c15b2b5b7ac79" language="German" custom="readingOrder {index:5;}">
                    <Coords points="1595,2023 1639,2023 1639,2051 1595,2051"/>
                    <TextEquiv>
                        <Unicode>die</Unicode>
                    </TextEquiv>
                    <TextStyle fontFamily="Arial" fontSize="10.5"/>
                </Word>
                <Word id="w_w1aab1c15b2b5b7ac87" language="German" custom="readingOrder {index:6;}">
                    <Coords points="1651,2018 1787,2018 1787,2052 1651,2052"/>
                    <TextEquiv>
                        <Unicode>Verwal¬</Unicode>
                    </TextEquiv>
                    <TextStyle fontFamily="Arial" fontSize="10.5"/>
                </Word>
                <TextEquiv>
                    <Unicode>zukamen, einstweilen noch weiter durch die Verwal¬</Unicode>
                </TextEquiv>
                <TextStyle fontFamily="Arial" fontSize="10.5"/>
            </TextLine>
            <TextLine id="tl_85" primaryLanguage="German" custom="readingOrder {index:4;}">
                <Coords points="950,2054 1787,2054 1787,2113 950,2113"/>
                <Baseline points="950,2104 1787,2089"/>
                <Word id="w_w1aab1c15b2b5b9ab1" language="German" custom="readingOrder {index:0;}">
                    <Coords points="950,2070 1220,2070 1220,2110 950,2110"/>
                    <TextEquiv>
                        <Unicode>tungskommission</Unicode>
                    </TextEquiv>
                    <TextStyle fontFamily="Arial" fontSize="10.5"/>
                </Word>
                <Word id="w_w1aab1c15b2b5b9ac33" language="German" custom="readingOrder {index:1;}">
                    <Coords points="1231,2068 1388,2068 1388,2107 1231,2107"/>
                    <TextEquiv>
                        <Unicode>geschehen.</Unicode>
                    </TextEquiv>
                    <TextStyle fontFamily="Arial" fontSize="10.5"/>
                </Word>
                <Word id="w_w1aab1c15b2b5b9ac55" language="German" custom="readingOrder {index:2;}">
                    <Coords points="1431,2064 1487,2064 1487,2096 1431,2096"/>
                    <TextEquiv>
                        <Unicode>Sie</Unicode>
                    </TextEquiv>
                    <TextStyle fontFamily="Arial" fontSize="10.5"/>
                </Word>
                <Word id="w_w1aab1c15b2b5b9ac63" language="German" custom="readingOrder {index:3;}">
                    <Coords points="1501,2059 1600,2059 1600,2096 1501,2096"/>
                    <TextEquiv>
                        <Unicode>erhielt</Unicode>
                    </TextEquiv>
                    <TextStyle fontFamily="Arial" fontSize="10.5"/>
                </Word>
                <Word id="w_w1aab1c15b2b5b9ac79" language="German" custom="readingOrder {index:4;}">
                    <Coords points="1611,2057 1658,2057 1658,2094 1611,2094"/>
                    <TextEquiv>
                        <Unicode>ein</Unicode>
                    </TextEquiv>
                    <TextStyle fontFamily="Arial" fontSize="10.5"/>
                </Word>
                <Word id="w_w1aab1c15b2b5b9ac87" language="German" custom="readingOrder {index:5;}">
                    <Coords points="1668,2056 1787,2056 1787,2091 1668,2091"/>
                    <TextEquiv>
                        <Unicode>Schrei¬</Unicode>
                    </TextEquiv>
                    <TextStyle fontFamily="Arial" fontSize="10.5"/>
                </Word>
                <TextEquiv>
                    <Unicode>tungskommission geschehen. Sie erhielt ein Schrei¬</Unicode>
                </TextEquiv>
                <TextStyle fontFamily="Arial" fontSize="10.5"/>
            </TextLine>
            <TextLine id="tl_86" primaryLanguage="German" custom="readingOrder {index:5;}">
                <Coords points="948,2090 1787,2090 1787,2153 948,2153"/>
                <Baseline points="949,2147 1789,2126"/>
                <Word id="w_w1aab1c15b2b5c11ab1" language="German" custom="readingOrder {index:0;}">
                    <Coords points="948,2109 1002,2109 1002,2144 948,2144"/>
                    <TextEquiv>
                        <Unicode>ben</Unicode>
                    </TextEquiv>
                    <TextStyle fontFamily="Arial" fontSize="10.5"/>
                </Word>
                <Word id="w_w1aab1c15b2b5c11ab9" language="German" custom="readingOrder {index:1;}">
                    <Coords points="1017,2112 1069,2112 1069,2143 1017,2143"/>
                    <TextEquiv>
                        <Unicode>des</Unicode>
                    </TextEquiv>
                    <TextStyle fontFamily="Arial" fontSize="10.5"/>
                </Word>
                <Word id="word_1513342576980_1918" language="German" custom="readingOrder {index:2;}">
                    <Coords points="1316,2143 1079,2143 1079,2102 1316,2102"/>
                    <TextEquiv>
                        <Unicode>Landammann</Unicode>
                    </TextEquiv>
                    <TextStyle fontFamily="Arial" fontSize="10.5"/>
                </Word>
                <Word id="word_1513342576979_1917" language="German" custom="readingOrder {index:3;}">
                    <Coords points="1486,2143 1316,2143 1316,2102 1486,2102"/>
                    <TextEquiv>
                        <Unicode>d'Affry,</Unicode>
                    </TextEquiv>
                    <TextStyle fontFamily="Arial" fontSize="10.5"/>
                </Word>
                <Word id="w_w1aab1c15b2b5c11ac59" language="German" custom="readingOrder {index:4;}">
                    <Coords points="1504,2100 1536,2100 1536,2133 1504,2133"/>
                    <TextEquiv>
                        <Unicode>in</Unicode>
                    </TextEquiv>
                    <TextStyle fontFamily="Arial" fontSize="10.5"/>
                </Word>
                <Word id="w_w1aab1c15b2b5c11ac65" language="German" custom="readingOrder {index:5;}">
                    <Coords points="1550,2095 1680,2095 1680,2135 1550,2135"/>
                    <TextEquiv>
                        <Unicode>welchem</Unicode>
                    </TextEquiv>
                    <TextStyle fontFamily="Arial" fontSize="10.5"/>
                </Word>
                <Word id="w_w1aab1c15b2b5c11ac81" language="German" custom="readingOrder {index:6;}">
                    <Coords points="1691,2099 1722,2099 1722,2127 1691,2127"/>
                    <TextEquiv>
                        <Unicode>er</Unicode>
                    </TextEquiv>
                    <TextStyle fontFamily="Arial" fontSize="10.5"/>
                </Word>
                <Word id="w_w1aab1c15b2b5c11ac87" language="German" custom="readingOrder {index:7;}">
                    <Coords points="1731,2099 1787,2099 1787,2126 1731,2126"/>
                    <TextEquiv>
                        <Unicode>an¬</Unicode>
                    </TextEquiv>
                    <TextStyle fontFamily="Arial" fontSize="10.5"/>
                </Word>
                <TextEquiv>
                    <Unicode>ben des Landammann d'Affry, in welchem er an¬</Unicode>
                </TextEquiv>
                <TextStyle fontFamily="Arial" fontSize="10.5"/>
            </TextLine>
            <TextEquiv>
                <Unicode>Zürich. Am 14ten beschloß die Commission, es
sollen die Ernennungen zu Pfarrstellen und andern
Aemtern welche bisdahin der Verwaltungekammer
zukamen, einstweilen noch weiter durch die Verwal¬
tungskommission geschehen. Sie erhielt ein Schrei¬
ben des Landammann d'Affry, in welchem er an¬</Unicode>
            </TextEquiv>
        </TextRegion>
        <SeparatorRegion id="r_13" custom="readingOrder {index:15;}">
            <Coords points="60,576 1766,576 1766,632 60,632"/>
        </SeparatorRegion>
        <SeparatorRegion id="r_14" custom="readingOrder {index:16;}">
            <Coords points="854,707 1778,707 1778,748 854,748"/>
        </SeparatorRegion>
        <SeparatorRegion id="r_15" custom="readingOrder {index:17;}">
            <Coords points="68,740 854,740 854,765 68,765"/>
        </SeparatorRegion>
        <SeparatorRegion id="r_20" custom="readingOrder {index:18;}">
            <Coords points="915,1304 938,1304 938,2152 915,2152"/>
        </SeparatorRegion>
        <SeparatorRegion id="r_21" custom="readingOrder {index:19;}">
            <Coords points="908,782 931,782 931,1302 908,1302"/>
        </SeparatorRegion>
    </Page>
</PcGts>
