4047 5551
358 135 573 185 Mittwoch
272 206 662 256 7. Oktober 1931
381 272 559 322 Blatt 2
909 108 2838 345 Neue Zürcher Zeitung
3098 195 3462 245 Morgenausgabe
3173 262 3374 312 Nr. 1894
272 460 875 509 Eidgenössische Wahlen
233 542 906 577 Acht Wahllisten im Kanton Zürich
210 598 984 647 ag Der kantonalen Direktion des Innern
153 639 984 686 sind innert der gesetzlichen Frist für die 28 zür¬
156 679 985 726 cherischen Nationalratssitze acht Listen mit
155 716 985 765 zusammen 177 Kandidaten eingereicht worden,
157 756 985 804 nämlich: Demokraten 23 Kandidaten, davon
154 797 986 844 fünf kumuliert; Bauernpartei 23 Kandidaten,
153 835 986 884 davon fünf kumuliert; Freisinnige 21 Kandi¬
153 875 986 923 daten, davon sieben kumuliert; Christlichsoziale
153 913 986 963 26, davon zwei kumuliert: Evngelische Volks¬
155 954 986 1002 partei 24, davon vier kumuliert; Sozialdemo¬
153 996 987 1041 kraten 23, davon fünf kumuliert; Kommunisten
154 1036 990 1080 26, davon zwei kumuliert: Eidgenössische Front
153 1072 718 1108 mit elf kumulierten Kandidaten.
304 1144 839 1178 Berner Wahlvorbereitungen
204 1210 990 1252 Bern, 6. Okt. ag Innerhalb der gesetzlichen
153 1247 990 1292 Frist sind im Wahlkreis Kanton Bern insgesamt
153 1287 990 1331 sechs Listen, für die Nationalrats¬
153 1325 989 1370 wahlen eingereicht worden, nämlich: Liste 1:
154 1367 990 1409 Sozialdemokratische Partei, mit 26 Kandidaten,
155 1404 990 1450 wovon fünf kumuliert. Liste 2: Bauern-, Gewerbe-
154 1444 989 1489 und Bürgerpartei, mit 26 Kandidaten, wovon
156 1486 989 1527 fünf kumuliert. Liste 3: Freisinnig-Demokratische
155 1523 990 1565 Partei, mit 28 Kandidaten, wovon ein kumuliert.
154 1564 991 1604 Liste 4: Fédération libérale populaire jurassienne
157 1601 990 1645 (Jurassische liberale Partei), mit 15 Kandidaten,
153 1640 990 1684 wovon zwei kumuliert. Liste 5: Parti démocratique
153 1679 989 1724 catholique (Katholische Volkspartei), mit 29 Kan¬
155 1719 990 1763 didaten, wovon zwei kumuliert. Liste 6: Kom¬
155 1759 989 1803 munistische Partei, mit 21 Kandidaten. Es sind für
158 1798 990 1842 die 31 Sitze des Wahlkreises Bern insgesamt 145
159 1837 990 1882 Kandidaten vorgeschlagen. Die Listen 2, 3, 4 und 5
156 1876 989 1921 haben untereinander Listenverbindung
160 1916 990 1960 vereinbart. Die Listen 3 und 4 stehen zudem in
161 1955 736 1989 Unterlistenverbindung miteinander.
299 2031 849 2063 Die freisinnigen Solothurner
204 2089 988 2132 Solothurn, 5. Okt. 4 ÷ Unter dem Vorsitz von
154 2126 989 2171 Ständerat Dr. Schöpfer traten heute nachmittag in
154 2166 990 2211 Solothurn 600 Delegierte der Freisinnig-¬
157 2204 991 2251 Demokratischen Partei des Kantons Solo¬
154 2244 990 2290 thurn zur Bereinigung der Wahllisten für die eid¬
154 2282 990 2330 genössischen Wahlen und zur Stellungnahme zur
154 2324 989 2370 eidgenössischen Volksabstimmung vom 6. Dezember
155 2361 989 2409 zusammen. In seinem Eröfnungswort wies Dr.
154 2403 990 2448 Schöpfer unter dem lebhaften Beifall der Hörer
154 2442 992 2487 die leidenschaftlichen Angriffe der sozialdemokra¬
156 2480 990 2527 tischen Presse auf die liberale Wirtschafts- und
156 2518 993 2566 Gesellschaftsordnung sowie auf ihre Träger zurück
154 2561 990 2606 und nahm für sich persönlich in Anspruch, die ihm
154 2598 990 2645 zufallenden Tantiemen mit gutem Gewissen ver¬
156 2640 992 2684 antworten zu können. Ständerat Dr. Dietschi
155 2678 992 2724 (Olten) legte in einem von hoher staatsmännischer
154 2717 992 2763 Auffassung zeugenden Referat Rechenschaft ab über
156 2758 993 2803 die Tätigkeit der eidgenössischen Räte in der ab¬
156 2796 992 2843 gelaufenen Amtsperiode. Sodann sprach die Ver¬
155 2833 993 2882 sammlung von ausscheidenden Nationalräten Dr.
158 2876 994 2921 Robert Schild (Grenchen) und Friedrich Stuber
160 2916 994 2960 (Solothurn) den wohlverdienten Dank für die ge¬
157 2955 993 2999 leisteten Dienste aus, und richtete an Bundesrichter
158 2993 994 3038 Dr. Adrian von Arx (Olten) zu seinem nach
157 3032 991 3078 langer, schwerer Krankheit nunmehr möglich ge¬
157 3072 992 3117 wordenen Amtsantritt in Lausanne ein herzlich ge¬
157 3112 992 3156 haltenes Sympathietelegramm. Für die National¬
157 3151 992 3195 ratswahlen wurde in Zustimmung zu den Be¬
160 3194 993 3233 schlüssen des Zentralkomitees folgende volle und
158 3228 993 3273 unkumulierte Siebnerliste, aufgestellt: Ernst
159 3270 993 3313 Flückiger, Arbeitersekretär, Luterbach; Albert
157 3309 995 3353 Helbling, Verwalter, Grenchen; Oliv Jeker (bish.),
157 3350 994 3393 Büsserach; Arthur Moll, Ingenieur, Olten; Fritz
159 3389 994 3432 Renfer, Baumeister, Solothurn; Dr. Sauser, Für¬
159 3429 993 3471 sprecher, Solothurn; Dr. Walther Stampfli, Direk¬
158 3468 992 3510 tor, Nd.-Gerlafingen. Durch Zuruf bestätigte die
161 3509 994 3550 Versammlung die Herren Dr. Dietschi und Dr.
162 3547 994 3590 Schöpfer als Vertreter des Kantons Solothurn im
159 3591 995 3627 Ständerat. Zum Schluß stimmte sie nach einem
159 3628 994 3667 prägnanten Referat von Dr. Schöpfer folgender
161 3668 481 3695 Resolution zu:
212 3719 993 3752 „Die von 600 Mann besuchte Delegiertenver¬
161 3752 996 3791 sammlung der Freisinnig-Demokrati¬
162 3792 995 3831 schen Partei des Kantons Solothurn bekennt
160 3831 994 3870 sich nach einem Referat von Ständerat Dr.
161 3871 995 3901 Schöpfer einhellig und mit Begeisterung zum
1022 436 1853 473 Bundesgesetz über die Alters- und Hinterbliebenen¬
1022 471 1853 513 versicherung, das den Gedanken der Volksgemein¬
1021 510 1853 552 schaft und Volkssolidarität, verkörpert, den
1023 548 1853 591 sozialen Frieden sichert, und dem bedürftigen Alter
1021 589 1853 630 endlich die notwendige Hilfe bringt. Die Dele¬
1022 627 1855 669 giertenversammlung spricht den verdienten För¬
1024 665 1854 707 derern des großen und schönen Werks, vorab den
1022 708 1854 744 Herren Bundesrat Schultheß, Nationalrat
1026 745 1856 783 Mächler und Ständerat Dr. Schöpfer den
1026 784 1858 823 herzlichen Dank für ihr unentwegtes Einstehen für
1025 823 1856 863 die Vorlage und ruft das freisinnige Solothurner¬
1024 858 1856 902 volk auf, die Arbeit der abtretenden Räte am
1025 903 1858 941 6. Dezember durch eine machtvolle und geschlossene
1024 942 1857 980 Unterstützung des Versicherungsgesetzes, sowohl
1026 981 1858 1018 wie des Gesetzes über die Besteuerung des Tabaks
1027 1019 1208 1046 zu krönen."
1272 1091 1617 1118 Die Lage in Basel
1083 1155 1862 1187 Basel, 5. Okt. -g- Die Wahlsituation für den
1028 1188 1861 1226 24./25. Oktober in Baselstadt beginnt sich allmäh¬
1032 1227 1863 1264 lich zu klären. Den ersten Schritt zur Beseitigung
1030 1265 1863 1303 der hinsichtlich der bürgerlichen Listenverbin¬
1031 1304 1862 1342 dung immer noch schwebenden Unsicherheit hat
1029 1343 1862 1380 nun die Katholische Volkspartei getan, indem ihre
1030 1381 1862 1419 Delegiertenversammlung nach endgültiger Geneh¬
1035 1420 1865 1458 migung der Kandidatenliste sich einmütig für eine
1031 1459 1863 1497 Listenverbindung mit den übrigen bürgerlichen
1030 1498 1863 1536 Parteien ausgesprochen hat, sofern eine Einigung
1032 1537 1865 1575 unter diesen zustande kommt. Daran ist im gegen¬
1030 1576 1863 1613 wärtigen Augenblick kaum mehr zu zweifeln. Die
1031 1614 1864 1652 Evangelische Volkspartei, die gerne eigene Wege
1033 1653 1866 1690 geht und bald im bürgerlichen, bald im Lager
1032 1691 1865 1730 der Linksparteien zu treffen ist, konnte sich auch
1031 1730 1864 1769 jetzt wieder nicht zu einem Zusammengehen mit
1031 1770 1865 1807 dem Gesamtbürgertum entschließen, sondern
1031 1808 1865 1846 glaubte, allerhöchstens eine Unterlistenverbindung
1030 1847 1865 1885 entweder mit den Liberalen oder mit der Bürger¬
1031 1886 1865 1923 und Gewerbepartei eingehen zu können, was
1031 1924 1643 1954 aber das Proporzgesetz nicht zuläßt.
1081 1977 1866 2010 Auch mit der Abklärung der Situation in der
1031 2011 1867 2048 Ständeratswahl ist es einen Schritt vor¬
1029 2049 1866 2087 wärts gegangen, indem ebenfalls die Katholische
1031 2088 1868 2126 Volkspartei als erste der radikaldemokratischen
1030 2127 1867 2164 Kandidatur des bisherigen baslerischen Vertreters
1031 2165 1868 2202 in der Ständekammer, Advokat Dr. E. Thalmann,
1031 2203 1868 2241 ihre Unterstützung zugesagt hat, allerdings nicht
1031 2242 1869 2281 mit Begeisterung, sondern unter ausdrücklicher
1030 2282 1868 2319 Betonung, daß diese Unterstütung nicht der vor¬
1030 2320 1868 2358 geschlagenen Persönlichkeit gilt, sondern aus¬
1031 2358 1867 2397 schließlich der durch sie vertretenen nationalen
1032 2398 1870 2435 Kandidatur. In nächster Zeit werden mun auch
1031 2436 1869 2474 die übrigen bürgerlichen Parteien Stellung be¬
1032 2475 1868 2513 ziehen müssen, auf alle Fälle aber gleich nach dem
1031 2514 1868 2552 13. Oktober, denn an diesem Tag tritt die sozial¬
1031 2552 1869 2591 demokratische Delegiertenversammlung zusammen,
1036 2592 1871 2629 der es anheimgestellt worden ist, über die Auf¬
1034 2630 1870 2669 stellung einer eigenen Ständeratskandidatur Be¬
1033 2669 1871 2708 schluß zu fassen. Es wird heute schon als ziemlich
1034 2709 1869 2746 sicher angenommen, daß der radikaldemokratischen
1034 2747 1872 2785 Kandidatur eine sozialdemokratische Gegenkandi¬
1035 2786 1870 2824 datur gegenübergestellt werden soll in der Person
1034 2825 1869 2862 von Regierungsrat G. Wenk. Ueber den Erfolg
1033 2863 1871 2902 einer solchen Kandidatur wird man sich natürlich
1035 2903 1871 2940 in den soztaldemokratischen Reihen angesichts der
1033 2940 1869 2979 zu erwartenden einmütigen Unterstützung Dr.
1032 2980 1868 3017 Thalmanns durch die bürgerlichen Parteien und
1034 3018 1869 3055 des Beiseitestehens der Kommunisten keinerlei
1032 3056 1868 3094 Illusionen hingeben. Die Kandidatur Wenk soll
1035 3094 1869 3133 der Partei lediglich als Mittel dienen, möglichst
1033 3134 1869 3171 viele Wähler an die Urnen zu bringen. Der mit
1035 3172 1869 3210 Sicherheit zu erwartende sozialistische Ansturm
1035 3211 1869 3250 dürfte sich vermutlich weniger gegen das Bürger¬
1033 3250 1870 3289 tum richten, als dem einzigen kommunistischen
1035 3290 1870 3327 Mandat gelten, das den Anhängern Moskaus in
1034 3328 1870 3366 Anbetracht der immer deutlicher zutage tretenden
1035 3367 1870 3404 innern Zerrissenheit und des nicht allgemein ge¬
1033 3405 1871 3443 nehmen Spitzenkandidaten nichts weniger als ge¬
1036 3444 1871 3483 sichert zu sein scheint. Trotz diesen wenig ermu¬
1036 3483 1871 3522 tigenden Aussichten ist die kommunistische Wahl¬
1035 3523 1870 3560 propaganda bisher flau, während die der So¬
1033 3561 1869 3599 zialdemokraten bereits mit voller Intensität ein¬
1036 3599 1871 3639 gesetzt hat. Die Wählerschaft wird Abend für
1035 3639 1871 3678 Abend mit Vorträgen und Filmen bearbeitet.
1036 3679 1872 3717 Und nicht genug damit, schon auf dem Wege zum
1035 3718 1871 3756 Versammlungslokal begegnet sie auf Straßen und
1033 3757 1871 3794 Plätzen, namentlich der Außenquartiere, Grüpp¬
1034 3795 1873 3834 chen junger Burschen, die als Sprechchor in auf¬
1036 3834 1872 3873 dringlicher Weise das Eigenlob der Sozialdemo¬
1035 3874 1871 3902 kratischen Partei verkünden. Das Bürgertum wird
1895 440 2720 474 nicht mehr zögern dürfen, sich auch seinerseits an
1892 475 2258 503 die Arbeit zu machen.
1943 529 2719 565 Basel, 6. Okt. ag Um die sieben National¬
1894 566 2720 603 ratsmandate des Kantons Baselstadt bewer¬
1895 603 2721 642 ben sich 44 Kandidaten auf sieben Parteilisten.
1895 643 2722 682 Kandidaten haben ausgestellt die Radikal-demokra¬
1895 683 2721 722 tische Partei, die Liberale Partei, die Bürger- und
1897 723 2722 761 Gewerbepartei, die Evangelische Volkspartei, die
1896 762 2721 799 Sozialdemokratische Partei, die Kommunistische
1896 800 2721 838 Partei und die Katholische Volkspartei. Sämtliche
1897 839 2721 878 bisherigen sieben Basler Nationalräte befinden
1897 876 2722 919 sich wiederum an der Spitze der von ihren Par¬
1897 917 2305 948 teien ausgestellten Listen.
2032 997 2585 1023 Die Kommunisten im Aargau
1949 1057 2725 1095 Zofingen, 6. Okt. * Eine Ueberraschung auf
1897 1091 2726 1134 die Nationalratswahlen hin bildete die
1898 1131 2726 1172 Tatsache, daß zum erstenmal auch die Kommu¬
1898 1169 2726 1211 nisten in den Wahlkampf eintreten. Sie haben
1900 1208 2728 1250 am 5. Oktober, dem Schlußtermin, bei der Staats¬
1899 1245 2728 1289 kanzlei eine Kandidatenliste eingereicht, die ihre
1900 1287 2728 1326 Zugkraft mit Namen von im Aargau und außer¬
1900 1323 2727 1365 halb des Kantons wohnenden Genossen entfalten
1900 1360 2728 1404 will. Insgesamt figurieren sechs Namen, zum
1900 1400 2729 1443 Teil kumuliert, auf der Liste. Schon einmal waren
1899 1439 2729 1481 es im Aargau fünf Parteien, die sich im
1899 1478 2729 1520 Kampf um die Nationalratssitze die Gunst des
1899 1517 2730 1558 Volkes strittig machten, als nach der Einführung
1903 1555 2732 1597 des Proporzes die Evangelische Volkspartei eben¬
1900 1593 2731 1636 falls ihr Glück versuchte. Nachdem sie zweimal die
1904 1633 2732 1675 Aussichtslostgkeit ihrer Wahlbeteiligung erfahren
1903 1671 2732 1713 mußten, haben die Leiter der Partei auf eine
1904 1709 2733 1752 weitere Verpuffung der bürgerlichen Stimmkraft
1904 1746 2733 1791 verzichtet. Jetzt sind es die Kommunisten, die mit
1902 1788 2733 1829 noch weniger Aussicht auf einen positiven Erfolg
1903 1826 2734 1868 sich an den Nationalratswahlen beteiligen. Ihr
1907 1864 2735 1907 Stoß, der voraussichtlich nicht sehr weit in die
1903 1903 2735 1946 Reihen der Wählerschaft hineinreichen, wird,
1904 1943 2735 1985 richtet sich in der praktischen Auswirkung gegen
1905 1980 2735 2024 die Sozialdemokraten. Diese haben einen
1904 2020 2737 2062 Zweifrontenkampf auszutragen, der ihrem Angriff
1902 2058 2736 2100 auf den bisherigen bürgerlichen Besitzstand zum
1907 2096 2395 2129 mindesten nicht fördern wird.
2185 2198 2471 2242 Kantone
2260 2279 2388 2304 Zürich
1957 2325 2739 2362 Altstetten. (Korr.) Die seit Jahren zu verzeich¬
1906 2359 2739 2396 nende rege Bautätigkeit ist nach wie vor
1906 2395 2739 2430 äußerst intensiv; bis Jahresende werden rund
1906 2427 2739 2465 500 neue Wohnungen beziehbar sein, fast doppelt
1906 2463 2740 2499 so viel wie im vergangenen Jahr, das mit 255 er¬
1908 2495 2740 2534 stellten Wohnungen bereits eine Rekordziffer auf¬
1908 2530 2740 2568 wies. Von diesen 500 Wohnungen waren 164 am
1908 2564 2741 2602 1. Juli bereits bezugsbereit, d.h. 18,2 pro 1000
1909 2599 2740 2636 Einwohner, wodurch Altstetten in der Wohnungs¬
1909 2632 2740 2670 baustatistik aller schweizerischen Gemeinden an der
1909 2667 2740 2705 zweiten Stelle steht. Mit der sich ergebenden
1907 2703 2740 2739 Jahresquote von rund 45 neuen Wohnungen auf
1908 2736 2739 2773 je 1000 Einwohner dürfte Altstetten an die Spitze
1910 2770 2741 2807 zu stehen kommen. Da die neuen Wohnungen an¬
1908 2805 2742 2842 dauernd glatten Absatz finden, ist parallel zur
1910 2841 2741 2876 Vermehrung der Zahl der Wohnungen die Ein¬
1909 2872 2742 2910 wohnerzahl im Wachsen begriffen. Die Zahl
1907 2907 2742 2945 von 10000 Einwohnern ist annähernd erreicht
1911 2941 2741 2979 und wird bei Jahresende erheblich überschritten
1907 2976 2741 3013 sein. Altstetten, das anläßlich der Volkszählung
1908 3011 2741 3047 vom 1. Dezember 1930 erst die siebentgrößte Ge¬
1907 3044 2741 3081 meinde des Kantons war, hat nun Horgen, Wä¬
1908 3078 2741 3115 denswil und Uster überflügelt und rückt damit
1906 3113 2705 3141 an die vierte Stelle, unmittelbar nach Oerlikon.
1959 3161 2742 3197 Winterthur, 6. Okt.  Der Große Ge¬
1910 3195 2741 3231 meinderat hat gestern nach einer längern De¬
1910 3228 2741 3265 batte den Antrag des Stadtrates aus Ausrichtung
1911 3261 2742 3299 einer Herbstzulage an Arbeitslose in
1909 3296 2742 3334 einer ergänzten Kommissionsfassung angenom¬
1909 3332 2742 3369 men. Für die Durchführung der Aktion ist ein
1907 3366 2743 3403 Kredit von 70000 Fr. nötig. In einem luziden
1911 3400 2742 3437 Referat begründete Stadtpräsident Dr. Widmer
1913 3433 2742 3472 den behördlichen Antrag und appellierte an das
1908 3467 2742 3506 Gefühl der Zusammengehörigkeit. Wir müssen
1911 3503 2742 3540 mit aller Macht gegen das Mißtrauen und gegen
1909 3536 2743 3575 die Kopflosigkeit der Bevölkerung ankämpfen und
1912 3572 2743 3609 die Arbeitslosigkeit durch Bereitstellung von
1910 3606 2743 3643 Arbeit lindern. Bauamtmann Messer skizzierte
1909 3641 2744 3678 das Programm für die Notstandsarbeiten,
1908 3673 2743 3713 worunter die Vorbereitungsarbeiten für den
1910 3710 2743 3747 Stadthausumbau und die Museumrenovationen
1909 3743 2736 3781 sowie Arbeiten an verschiedenen öffentlichen Ge¬
1912 3778 2745 3815 bäuden, Straßenbahnarbeiten, Kanalisationen und
1907 3812 2743 3851 Weganlagen zu nennen sind. In der Diskussion
1910 3846 2744 3886 wurde die Notwendigkeit der Beschäftigung im
1908 3883 2743 3911 Baugewerbe betont, aber gegen das Eiltempo der
2761 428 3592 471 Bauten gesprochen und einer Senkung der Miet¬
2760 463 3594 505 preise das Wort geredet. Es wurden Wärme¬
2760 501 3594 538 stuben befürwortet und auch zugesagt. Von Dr. O.
2763 530 3594 572 Sulzer wurde die heutige Situation als ernster
2763 565 3594 606 bezeichnet denn die Krise von 1922/23. Die Ge¬
2763 599 3594 640 meinderäte verzichteten prinzipiell auf das
2761 632 3541 667 Sitzungsgeld zugunsten der Arbeitslosen.
3133 712 3234 734 Bern
2822 758 3597 799 Biel, 5. Okt.  Unter dem Vorsitz von Ing.
2766 791 3600 835 Müller (Aarberg) versammelten sich die frei¬
2763 827 3598 868 sinnigen Gewerbetreibenden des Kan¬
2765 861 3598 902 tons Bern am 4. Oktober zu einer Tagung in
2764 894 3603 938 Biel. Dieser dritte freisinnige Gewerbetag war
2763 930 3600 972 zahlreich besucht. Dr. Cagianut, Vizepräsident des
2762 965 3601 1005 Schweizerischen Gewerbeverbandes, sprach über
2763 1001 3602 1038 gewerbliche Probleme der Gegenwart. Großrat
2765 1030 3603 1073 Suri aus Biel gab einen fachkundigen Ueberblick
2766 1065 3603 1107 über die kommende Revision des bernischen
2767 1101 3604 1140 Warenhandelsgesetzes. Anschließend trat Herr
2767 1136 3603 1174 Nicolet, Präsident des Gewerbeverbandes Biel
2766 1168 3603 1209 für die Entschädigung der Arbeitnehmer während
2766 1203 3603 1244 des Militärdienstes ein, und Großrat Neuen¬
2766 1237 3605 1276 schwander appellierte an die freisinnigen Gewerb¬
2769 1273 3602 1310 ler zugunsten der Altersversicherung. Die
2769 1308 3605 1344 Diskussion gipfelte in einem Aufruf des Partei¬
2768 1342 3603 1378 präsidenten, Großrat Schürch, der dem Gedanken
2769 1375 3602 1411 Ausdruck gab, daß es sich bei den kommenden
2769 1409 3603 1445 Nationalratswahlen um einen Kampf
2771 1443 3603 1480 zwischen zwei Weltanschauungen, um einen
2770 1477 3605 1514 Kampf der bürgerlichen Parteien gegen den An¬
2771 1515 3171 1541 sturm von links, handle.
3119 1590 3253 1614 Luzern
2830 1634 3602 1675 Luzern, 5. Okt. ψ Der außerordentliche kan¬
2773 1671 3602 1714 tonale liberale Parteitag wird am 11. Ok¬
2772 1712 3605 1754 tober in Triengen abgehalten. Bei dieser
2773 1751 3601 1793 Tagung wird neben der Behandlung der Natio¬
2774 1791 3601 1833 nalratswahlen und der Besprechung der politi¬
2774 1831 3602 1872 schen Situation Stellung zur Alters- und
2773 1871 3603 1911 Hinterlassenenversicherung genom¬
2774 1910 3604 1952 men. Der Kanton Luzern soll am 6. Dezember
2775 1950 3605 1992 das Gesetz mit Wucht annehmen. Die Stimmung
2777 1988 3602 2031 im Volke dürfte dem Gesetz im allgemeinen ziem¬
2777 2029 3606 2071 lich günstig sein. In den industriellen Gemein¬
2777 2069 3606 2110 den sind wohl wenig Gegner des Gesetzes vor¬
2777 2108 3606 2150 handen, und auf der Landschaft dürfen das land¬
2775 2147 3605 2190 wirtschaftliche Personal und der Kleinbauer mit
2776 2187 3607 2230 seiner Familie von der Vorlage für die Tage
2778 2227 3607 2269 des Alters eine Hilfe erwarten, die in einfachen
2778 2267 3506 2300 ländlichen Verhältnissen ins Gewicht fällt.
2835 2321 3608 2356 An der konservativen Delegiertenver¬
2777 2355 3607 2396 sammlung für die Nationalratswahlen
2780 2395 3610 2437 ist von Nationalrat Walther der Name Gottes
2779 2435 3611 2477 in den Vordergrund gerückt worden. Es dürfte
2778 2474 3609 2516 endlich Zeit sein, mit diesem Unfug auszuhören.
2778 2514 3610 2556 Im „Luzerner Tagblatt" schreibt dazu ein Bür¬
2779 2554 3612 2596 ger treffend: „Zwelerlei hat uns an der Rede
2779 2596 3609 2635 des Herrn Nestors (der Konservativen Partei)
2779 2633 3613 2675 geschmerzt: Einmal, daß er im gleichen Atem¬
2779 2672 3612 2715 zuge, wo es sich für ihn nur darum handelte, die
2778 2712 3610 2755 politische Leidenschaft zum Ueberlaufen zu brin¬
2779 2751 3610 2795 gen, sich auf Gott berief und ungeachtet der
2777 2792 3613 2834 Lehren der Geschichte, namentlich auch derjenigen
2779 2832 3613 2874 Luzerns, nicht daran dachte, eine wie Gott kaum
2781 2869 3615 2913 wohlgefällige Sache die Volksverhetzung ist.
2779 2912 3610 2953 Zum andern, daß ihr Vater die Jubiläumsfeier
2782 2950 3611 2993 (Zentenarfeier) nun wohl endgültig begräbt. Es
2781 2990 3612 3033 geht nicht an, selbst nicht unter Politikern, daß
2781 3031 3616 3073 man sich heute Gemeinheit an den Kopf wirft
2780 3073 3614 3112 und morgen fraternisiert. Das verbietet auch
2778 3111 3614 3152 der Ruf der Luzerner bei den andern Eid¬
2780 3149 3614 3193 genossen, die sonst leicht auf den Gedanken kom¬
2779 3192 3616 3232 men könnten, den der Volksmund in dem be¬
2780 3229 3613 3272 kannten Sprichtwort vom Schlagen und Vertra¬
2783 3272 3059 3303 gen formuliert."
3094 3330 3294 3355 Baselstadt
2834 3377 3618 3412 Basel, 6. Okt. ag Der Regierungsrat des Kan¬
2784 3412 3618 3448 tons Baselstadt hat beschlossen, im Interesse der
2783 3446 3617 3484 vermehrten Verkehrssicherheit zur Erstellung
2783 3485 3618 3519 von besondern Fahrradwegen aus dem Ge¬
2784 3520 3615 3555 biete des Kantons Baselstadt überzugehen. Eine
2783 3552 3617 3592 Vorlage in diesem Sinne ist zuhanden des Großen
2784 3591 3263 3620 Rates ausgearbeitet worden.
3155 3660 3251 3684 Genf
2823 3709 3577 3748 Demission von Staatsrat Naef
2839 3745 3618 3798 Genf, 6. Okt. ag In seiner Dienstagsitzung
2782 3798 3616 3838 hat der Staatsrat die Demission Martin
2785 3833 3615 3878 Naefs als Staatsrat angenommen. Naef
2782 3879 3471 3902 Finr rbrgegedene. ern.
399 4028 772 4062 Kleine Chronik
222 4101 997 4135 Gesellschaftsjubiläum. Die Feier des 7-¬
167 4135 999 4174 jährigen Jubiläums der Naturforschenden
166 4175 999 4214 Gesellschaft Luzern war mit ihrer auf
166 4214 999 4253 Fürigen bei Stansstad abgehaltenen General¬
163 4254 997 4291 versammlung verbunden. Sie wurde mit einer
163 4292 997 4330 Ansprache des Präsidenten Prof. Dr. Theiler
164 4331 998 4370 eröffnet, der an die 1855 in engem Rahmen er¬
165 4370 998 4409 folgte Gründung der Gesellschaft erinnerte, die
166 4410 1000 4447 jetzt über 300 Mitglieder zählt und in den letzten
163 4448 998 4486 35 Jahren durch über 350 mit Vorträgen ver¬
165 4487 998 4526 bundene Sitzungen der Allgemeinheit natur¬
163 4527 998 4564 wissenschaftliche Kenntnisse vermittelte. Wenn ihr
165 4565 998 4603 in der Vergangenheit Männer angehörten, wie
164 4604 997 4642 der sie 20 Jahre lang präsidierende, allen natur¬
163 4643 997 4680 wissenschaftlichen Disziplinen Interesse entgegen¬
165 4681 998 4719 bringende Apotheker Otto Suidter-Langenstein,
165 4720 997 4758 sowie der heute noch in Fachkreisen geschätzte
166 4758 998 4797 Geologe Franz Josef Kaufmann, Professor an
165 4798 997 4835 der Luzener Kantonsschule, und der Physiker
165 4836 998 4874 Xaver Arnet, der Gründer und langjährige Lei¬
166 4875 998 4913 ter der Luzerner Meteorologischen Station, so
166 4914 998 4952 hatte sie seither das Glück, den richtigen Mann
168 4953 999 4990 für die Erforschung des Vierwaldstättersees in
165 4991 999 5029 Prof. Dr. Hans Bachmann zu finden. Unter sei¬
167 5029 999 5068 ner Leitung ist das von Dr. Fritz Schwyzer ge¬
167 5069 999 5107 stiftete Hydrobiologische Laboratorium in Kasta¬
169 5108 999 5146 nienbaum für die Schweiz zu einem auch von
168 5147 998 5184 Forschern des Auslandes als Arbeitsstätte be¬
169 5185 999 5222 suchten Zentrum der Gewässerforschung gewor¬
169 5223 1001 5261 den. Die Gesellschaft unterstützt und fördert auch
169 5262 997 5292 Urgeschichte und Naturschutz in jeder Weise. An
1037 3971 1874 4003 der Versammlung referierte Prof. Dr. Hans Bach¬
1039 4002 1872 4042 mann über den „Geologischen Ausblick vom Bür¬
1039 4043 1874 4081 genstock". Den Schluß der Tagung bildete ein
1037 4082 1874 4119 Spaziergang nach Obbürgen, wobei Prof. Bach¬
1039 4120 1874 4158 mann auf die Ueberreste eiszeitlicher Rand¬
1039 4159 1875 4197 moränen des Reuß- und Aaregletschers am Bür¬
1038 4198 1873 4237 genstock hinwies, und Prof. Dr. Schröter (Zürich)
1041 4237 1868 4276 Ursache und Zweck des herbstlichen Laubfalls
1038 4277 1874 4315 sowie die botanischen Merkmale der in dieser
1038 4316 1873 4345 Gegend häufigen Walnußbäume erörterte. M. H.
1094 4385 1873 4418 Die Zürcher Fahnenbücher. Ein kleiner
1037 4418 1871 4458 Nachtrag. In Nr. 1778 und 1801 der „N. Z. Z."
1038 4458 1873 4498 hat E. A. Geßler auf die Fahnenbücher aufmerk¬
1038 4499 1873 4540 sam gemacht und dabei eine kleine Geschichte der
1033 4540 1872 4579 eroberten Feldzeichen vorausgeschickt. Am 18.
1038 4580 1872 4618 März 1525 wurde, wie er schreibt, der Beschluß
1037 4619 1872 4658 gefaßt, die Fahnen aus der Wasserkirche zu ent¬
1035 4659 1868 4699 fernen. 1651 sollen sie zum ersten Male im Inven¬
1036 4699 1871 4738 tar des Zeughauses erwähnt werden. Ein Akten¬
1040 4739 1873 4778 stück aus den Ratschlägen (St. A. Zch.: B II 1080 b,
1034 4778 1870 4818 kol. 46) gibt wenigstens über den ersten Verbleib
1035 4818 1869 4858 sicheren Aufschluß. Am Montag nach St. Marga¬
1036 4858 1871 4898 rethentag Anno 1543, faßten beide Räte unter
1036 4898 1870 4938 Bürgermeister Hab folgenden Beschluß: Als die
1036 4938 1871 4978 Fenndli und Paner so vornacher in der Wasser¬
1037 4979 1870 5019 kilchen gehanget und an Stryten und Schlachten
1032 5019 1870 5059 eerlich erobert und gewunnen worden, jetz etliche
1036 5059 1870 5099 Jar hinder dem obersten Knecht in Kasten und
1038 5099 1871 5138 bösen Gehältern gelegen und also in Abgang ge¬
1036 5139 1870 5178 richt, habend myn Herren sich erkennt daß sölliche
1037 5179 1870 5218 Zeichen in der Statt Büchsenhus ordentlich nach¬
1037 5219 1870 5258 einanderen widerumb uffgehenckt und allda in
1035 5259 1869 5289 guten Ehren enthalten werden sollen, damit die
1911 3970 2745 4008 Jungen unserer lieben Altvorderen redlichen Ta¬
1910 4005 2744 4048 ten darby abmemen und sich dest fürer in unsern
1912 4046 2745 4088 Nöten zu allen Eeren und Tapferkeit schicken mö¬
1912 4086 2745 4128 gen." — Das „Hinter dem obersten Knecht gele¬
1912 4125 2744 4168 gen" heißt im Rathaus aufbewahrt. Dort hatte
1911 4165 2744 4208 der oberste Knecht oder Weibel, wie wir ihn heute
1912 4204 2745 4248 nennen würden, allerhand zu verwalten, unter
1909 4244 2745 4288 anderem auch Geld, Wertschriften, Silbergeschirr
1911 4286 2744 4328 und Bücher, die in schwebendem Rechtsstreit zur
1909 4325 2744 4358 mehreren Sicherheit mit Beschlag belegt wurden.
2579 4375 2709 4394 W. H. R.
1966 4409 2744 4448 „Die sizilianische Vesper" in Bern. H. E.
1913 4444 2743 4488 Auch in Bern dürfte es sich herausstellen, daß die
1909 4484 2744 4526 Neuentdeckung von Verdis „Sizilianischer
1910 4523 2745 4565 Vesper" sowohl eine prächtige Erweiterung der
1910 4563 2744 4604 Reihe von Verdis bekannten Meisteropern als
1912 4601 2745 4643 auch eine erwünschte und vom Publikum dankbar
1912 4639 2744 4682 hingenommene Ergänzung eines zügigen Theater¬
1911 4679 2744 4720 repertoires ist. Zu den Vorzügen der Partitur
1911 4718 2743 4759 gesellt sich derjenige des Textes, der in der ebenso
1911 4756 2744 4798 verständnisvollen wie das Verständnis fördern¬
1913 4795 2742 4837 den Uebersetzung Glan Bundis die ihm zu¬
1908 4833 2743 4876 kommende Würdigung erfährt, nicht nur von sei¬
1911 4871 2742 4915 ten des Musikers und des Sängers, sondern auch,
1908 4912 2741 4954 worauf es ja in erster Linie ankommt, von seiten
1908 4951 2743 4993 eines aufmerksamen Theaterpublikums. Der leb¬
1910 4990 2742 5032 hafte Beifall, mit dem die Erstaufführung in
1912 5030 2741 5070 Bern (2. Okt.) und das Erscheinen des Ueber¬
1910 5066 2743 5109 setzers an der Rampe begrüßt wurde, sprach dafür
1911 5105 2742 5148 deutlich genug. — Dr. Nef konnte in seiner Inter¬
1909 5145 2743 5187 pretation das Schwergewicht natürlich nicht auf
1911 5184 2741 5225 das südländische Temperament verlegen, das
1908 5221 2742 5264 dieses Werk auszeichnet. Doch er fand eine große
1910 5261 2742 5294 Wärme des Ausdrucks und den Schwung zu Stei¬
2785 3972 3620 4007 gerungen, für deren starke Wirkungen ihm ein an¬
2785 4007 3619 4046 sehnlicher und gut einstudierter Chor zur Ver¬
2786 4044 3620 4085 fügung stand. Auch das Ensemble gab sein Bestes;
2785 4084 3621 4124 es waren die bewährten Kräfte eines Marc-¬
2784 4123 3618 4162 André Hugues (Montfort), eines André von
2784 4163 3620 4201 Diehl (Procida) und Gerth Wießners (Elena), die
2784 4201 3622 4240 die Theaterfreunde durch eine besonders auf
2784 4241 3619 4280 klanglichen Wohltaut und Vergeistigung gerichtete
2783 4276 3620 4319 Interpretation erfreuten, während sich Erik Hall¬
2785 4319 3619 4357 ström (Arrigo) in zu starkem Maße der Dramatik
2784 4358 3618 4397 befliß und so in die Homogenität seiner Partner
2784 4397 3333 4427 ein fremdes Element hineintrug.
2841 4467 3617 4499 Musikalische Notizen. Als eine der nächsten
2785 4498 3620 4535 Novitäten gelangt an der Pariser Großen Oper
2782 4533 3617 4570 das Musikdrama „Maximilian" zur Uraufführung;
2782 4570 3616 4605 das an Anlehnung an Franz Werfels „Juarez
2783 4605 3616 4640 und Maximilian" verfaßte Libretto wurde von
2781 4638 3617 4675 Darius Milhaud in Musik gesetzt. — Die Direktion
2782 4675 3618 4710 der Wiener Staatsoper demontiert die in deut¬
2780 4709 3616 4745 schen Blättern aufgetauchten Meldungen über die
2784 4743 3615 4781 Neubesetzung des durch den Tod Franz Schalks
2782 4781 3618 4815 verwaisten Kapellmeisterpostens; im Interesse der
2781 4814 3615 4851 Sparmaßnahmen sei der Beschluß gefaßt worden,
2782 4852 3616 4885 vorläufig überhaupt keinen neuen Dirigenten an
2780 4883 3616 4921 Stelle Schalks zu berufen. — Den veränderten Ver¬
2783 4920 3617 4956 hältnissen Rechnung tragend, ist gleich anderm
2782 4954 3620 4990 großem Kunstinstituten auch, die Frankfurter
2804 4988 3613 5025 Museumsgesellschaft, dazu übergegangen, die
2783 5024 3615 5060 Abonmementsbedingungen für ihre Sinfonie¬
2782 5059 3614 5095 konzerte bis zu 30 Prozent zu ermäßigen. — Im
2784 5093 3618 5130 Rahmen des Ostsee-Jahres findet in Lübeck dem¬
2781 5130 3616 5164 nächst die „Nordisch-Deutsche Orgelwoche", statt,
2782 5163 3614 5199 auf der die namhaftesten Organisten Deutschlands
2783 5197 3615 5235 umd der nordischen Länder sich zu Vorträgen und
2780 5236 3160 5263 Konzerten versammeln.
