3877 5551
247 101 463 154 Dienstag
491 105 530 149 1.
552 106 673 156 April
701 108 832 149 1930
897 113 1016 160 Blatt
1034 114 1072 159 4

2763 112 3104 168 Mittagausgabe
3280 107 3343 163 N:
3361 109 3473 164 620

1526 121 1600 162 Der
1623 121 1763 173 Zürcher
1787 122 1931 174 Zeitung
1959 123 2046 163 151.
2055 122 2234 174 Jahrgang

226 177 973 560 Neue
1081 192 2268 553 Zürcher
2312 196 3517 553 Zeitung

2752 589 2937 617 Annoncen:

427 593 679 627 Abonnemente:

1464 600 1558 659 und
1578 590 1939 666 schweizerisches
1962 590 2267 664 Handelsblatt

924 595 936 613 1
1006 594 1031 613 3
1105 594 1126 618 6
1196 595 1228 616 12

894 620 960 641 Monat
970 620 1063 640 Monate
1069 619 1156 641 Monate
1167 619 1251 641 Monate

198 644 283 673 Zürich
291 644 329 667 bei
337 643 380 667 der
387 644 576 669 Administration
589 647 643 671 oder
650 648 740 676 Ablage
749 650 854 677 abgeholt
867 652 907 678 Fr.
918 654 963 674 2.60
1000 654 1046 675 6.80
1086 653 1140 674 12.50
1183 654 1245 676 25.—

237 675 308 701 Durch
319 674 356 696 die
364 675 494 702 Austräger
503 676 543 698 ins
552 678 619 703 Haus
628 679 730 705 gebracht
841 698 847 704 .
874 684 887 710 „
916 684 962 705 3.80
999 684 1044 705 8.60
1085 683 1141 705 16.20
1181 684 1240 706 31.—

200 705 310 734 Schweiz
320 704 448 732 Bestellung
463 706 521 729 beim
534 707 674 732 Postbureau
697 725 702 732 .
738 727 744 734 .
876 729 888 741 „
916 714 962 735 3.80
992 711 1049 732 9.—
1086 713 1143 735 16.50
1179 714 1236 736 32.—

234 733 279 757 Bei
290 735 373 762 Bezug
389 736 456 759 unter
471 736 638 763 Privatadresse
655 740 808 767 (Streifband)
876 759 888 771 „
917 744 963 765 4.—
987 743 1045 764 11.50
1083 743 1140 764 22.50
1181 743 1238 766 44.—

196 764 316 789 Ausland
324 766 431 789 (außgen.
436 767 496 789 Brit.
499 767 564 792 Reich
574 769 620 791 und
626 768 728 796 U.S.A.)
735 772 858 803 Bestellung

273 790 332 813 beim
339 790 489 819 Postbureau,
495 794 540 816 das
547 794 604 818 über
610 795 682 820 Preis
688 797 798 821 Auskunft
805 797 861 826 gibt.

234 814 279 837 Bei
291 817 372 844 Bezug
385 821 452 842 unter
460 820 628 846 Privatadresse
636 822 790 850 (Streifband)
809 841 814 847 .
828 840 834 847 .
848 839 856 848 .
879 825 892 854 „
916 825 962 847 6.50
986 825 1043 846 18.—
1082 825 1139 847 34.50
1174 825 1234 848 68.—

2476 634 2516 654 Die
2531 632 2661 657 einspaltige
2674 632 2809 659 Grundzeile
2890 632 3173 655 . . . . . . . . .
3173 632 3216 655 60
3227 632 3270 658 Rp.

2475 661 2550 684 Lokale
2563 661 2843 691 Geschäftsempfehlungen
2923 663 3182 687 . . . . . . . .
3182 663 3216 687 50
3228 662 3271 688 Rp.

2474 693 2588 720 Angelegenheiten
2601 693 2768 719 ausländischen
2781 692 2920 721 Urspungs
2929 692 3177 721 . . . . . . . .
3177 692 3216 721 75
3226 693 3263 719 Rp.

2475 725 2594 748 Reklamen
2605 728 2646 751 per
2658 724 2719 751 Zeile
3175 720 3212 749 Fr.
3226 722 3273 745 2.50

2738 764 3041 789 Annoncen-Abteilung:
3053 761 3202 789 Theaterstr.
3211 761 3230 783 8

2676 794 2804 822 Telephon
2822 796 2955 822 Hottingen
2967 793 3051 819 7100
3067 793 3181 818 Postscheck
3190 790 3299 815 VIII/1264

1656 677 1804 721 Täglich
1824 680 1853 712 3
1873 676 2075 722 Ausgaben

1500 731 1777 769 Telephon
1807 732 2082 771 Hottingen
2105 733 2224 767 71.00

1365 780 1513 807 Redaktion
1536 782 1669 807 Falkenstr.
1677 780 1707 803 11
1796 781 1931 804 Druckerei:
1948 782 2082 809 Goethest.
2088 782 2134 806 10
2141 777 2256 806 Postscheck
2264 777 2371 803 VIII/5144

1362 808 1522 834 Expedition
1537 807 1673 834 Falkenstr.
1673 807 1708 834 11
1797 807 2021 835 Administration
2021 807 2171 835 Theaterstr.
2171 807 2201 835 3
2223 820 2238 831 „
2280 804 2364 826 VIII/645

2499 830 2593 857 Filiale
2602 830 2750 855 (Annoncen
2757 830 2810 853 und
2817 829 3024 853 Abonnemente):
3033 826 3194 855 Bahnhofstr.
3202 825 3256 854 65,
3263 827 3323 852 Tel,
3330 827 3382 850 Uto
3392 822 3475 848 2443

1502 834 1790 864 Fürsorge-Abteilung
1810 833 1942 859 Goethestr.
1951 834 2001 861 10,
2001 834 2138 862 Postscheck
2138 835 2246 863 VIII/5602

281 931 530 994 Aegypten
559 937 656 988 und
689 941 910 1002 England

240 1010 284 1041 oh.
300 1011 434 1051 Mustafa
452 1015 558 1054 Nahas
575 1017 693 1057 Pascha,
713 1022 763 1054 der
780 1029 821 1053 an
837 1022 888 1053 der
904 1020 1002 1059 Spitze

188 1049 243 1081 der
268 1056 365 1082 neuen
387 1051 568 1093 ägyptischen
593 1058 714 1096 „Wafd"
739 1059 770 1091 in
793 1060 918 1091 London
942 1059 1002 1090 ein¬

188 1087 339 1137 getroffen
370 1090 412 1129 ist,
442 1090 493 1130 hat
522 1094 634 1128 bereits
664 1097 822 1136 inoffiziell
852 1096 899 1128 die
928 1097 1003 1128 Ver¬

189 1123 384 1165 handlungen
408 1130 463 1163 mit
484 1131 721 1173 Staatssekretär
745 1136 915 1174 Henderson
938 1135 1003 1173 auf¬

188 1170 374 1202 genommen.

244 1205 301 1239 Die
317 1208 479 1250 ägyptische
498 1213 636 1247 Kammer
652 1215 703 1256 hat
720 1217 784 1248 dem
799 1215 1001 1253 Ministerium

186 1243 317 1284 Mustafa
335 1248 442 1287 Nahas
460 1252 506 1283 die
521 1253 685 1291 Vollmacht
701 1255 810 1290 erteilt,
827 1255 880 1291 auf
894 1254 1000 1286 Grund

185 1283 237 1314 der
251 1285 309 1315 von
324 1285 494 1328 Henderson
508 1292 768 1329 vorgeschlagenen
783 1292 1002 1330 Bedingungen

185 1321 241 1352 mit
260 1322 308 1354 der
328 1325 482 1364 britischen
498 1328 669 1367 Regierung
687 1336 724 1367 zu
741 1330 923 1367 verhandeln
941 1332 1000 1363 und

184 1359 272 1393 einen
287 1362 352 1394 dem
369 1364 551 1405 ägyptischen
570 1367 748 1404 Parlament
766 1369 1001 1407 vorzulegenden

186 1397 429 1442 Freundschafts-
451 1406 512 1436 und
536 1405 802 1444 Bündnisvertrag
827 1406 881 1439 mit
905 1407 1002 1444 Groß¬

185 1436 361 1475 britannien
383 1442 610 1481 abzuschließen.
639 1443 698 1476 Die
721 1445 935 1483 Erklärungen,
957 1446 1002 1477 die

184 1476 291 1514 Nahas
312 1479 425 1519 Pascha
445 1481 492 1513 bei
511 1482 603 1520 dieser
622 1482 814 1521 Gelegenheit
835 1484 1001 1522 abgegeben

183 1515 245 1553 hat,
261 1522 373 1556 zeugen
391 1523 461 1551 vom
479 1520 671 1559 aufrichtigen
689 1521 798 1554 Willen
821 1522 1000 1560 Aegyptens,

187 1560 224 1590 zu
263 1553 360 1587 einem
400 1557 527 1595 Frieden
569 1559 624 1591 mit
661 1559 923 1598 Großbritannien
966 1568 1001 1598 zu

184 1591 324 1625 kommen.
358 1595 421 1627 Der
446 1596 534 1635 Wafd
560 1597 717 1635 betrachtet
745 1599 790 1631 die
818 1603 877 1630 von
903 1599 1000 1636 Groß¬

182 1628 360 1665 britannien
397 1634 656 1674 vorgeschlagenen
693 1636 912 1675 Bedingungen
951 1638 1000 1669 als

184 1666 250 1699 eine
294 1671 497 1708 annehmbare
536 1674 626 1713 Basis
668 1674 716 1712 für
757 1676 803 1707 die
845 1676 999 1714 Verhand¬

183 1705 309 1745 lungen;
357 1709 404 1740 die
441 1711 580 1744 Kammer
615 1713 666 1751 hat
701 1715 759 1745 das
793 1714 890 1752 vollste
925 1714 998 1746 Ver¬

183 1746 291 1778 trauen
335 1753 404 1785 zum
447 1749 658 1789 Ministerium.
711 1752 842 1791 Mustafa
894 1753 1000 1790 Nahas

183 1783 293 1821 Pascha
343 1786 404 1818 und
451 1788 528 1826 seine
577 1790 718 1828 Kollegen
766 1791 1001 1829 repräsentieren

186 1817 350 1862 tatsächlich
374 1825 429 1857 den
449 1825 557 1858 Willen
590 1829 642 1860 des
673 1829 797 1866 beinahe
829 1830 920 1867 völlig
952 1837 998 1868 ge¬

187 1860 286 1893 einten
312 1863 497 1903 ägyptischen
521 1866 641 1898 Volkes.
665 1867 740 1900 Was
762 1870 798 1907 sie
822 1869 877 1901 mit
900 1869 998 1906 Groß¬

185 1899 362 1933 britannien
379 1904 575 1936 vereinbaren
593 1907 721 1944 werden,
736 1909 791 1940 das
807 1908 885 1940 wird
900 1909 998 1947 gewiß

184 1939 255 1976 auch
269 1943 338 1972 vom
355 1942 538 1981 ägyptischen
552 1944 644 1976 Volke
659 1948 720 1978 und
736 1951 803 1978 vom
818 1947 997 1984 Parlament

184 1984 413 2016 angenommen.
441 1982 516 2020 Auch
544 1983 807 2021 Großbritannien
834 1986 886 2024 hat
913 1987 996 2026 heute

184 2016 251 2048 eine
272 2018 302 2057 so
324 2019 457 2059 günstige
478 2021 670 2061 Gelegenheit
689 2025 746 2056 wie
768 2026 837 2059 noch
862 2026 920 2063 nie,
943 2028 996 2058 den

181 2056 237 2095 seit
253 2055 375 2097 Jahren
393 2060 425 2091 in
439 2060 581 2099 Schwebe
599 2063 793 2102 befindlichen
811 2066 943 2103 Konflikt
959 2073 994 2104 zu

181 2096 366 2135 bereinigen.
387 2098 435 2136 In
456 2101 512 2132 den
534 2100 633 2140 letzten
655 2103 728 2142 zehn
748 2104 868 2142 Jahren
889 2105 938 2143 sah
961 2110 993 2136 es

181 2135 233 2173 sich
259 2137 338 2175 meist
363 2137 522 2177 Ministern
549 2141 725 2180 gegenüber,
762 2143 808 2175 die
844 2133 919 2181 nicht
944 2143 995 2175 im¬

181 2171 280 2213 stande
316 2179 430 2215 waren,
465 2178 513 2210 bei
549 2179 634 2218 ihren
667 2180 926 2221 Verhandlungen
962 2183 994 2214 in

181 2213 446 2251 Großbritannien
469 2218 538 2256 auch
556 2218 682 2258 wirklich
703 2221 749 2259 ihr
770 2221 891 2259 eigenes
911 2222 993 2254 Land

181 2259 219 2291 zu
243 2256 402 2287 vertreten.
444 2256 502 2288 Als
527 2258 599 2289 aber
622 2258 755 2298 Zaghlul
789 2260 830 2292 im
853 2261 993 2293 Sommer

183 2293 257 2324 1924
275 2294 344 2332 nach
365 2294 492 2327 London
512 2297 574 2328 kam
596 2298 740 2338 (Mustafa
758 2300 866 2338 Nahas
887 2301 993 2339 beglei¬

181 2333 241 2366 tete
260 2331 313 2371 ihn
332 2335 479 2373 damals),
506 2343 559 2367 um
588 2338 642 2369 mit
658 2337 856 2370 MacDonald
875 2347 912 2377 zu
931 2343 994 2370 ver¬

178 2373 332 2405 handeln,
332 2373 455 2406 waren
455 2373 519 2406 die
519 2373 710 2407 Engländer
710 2375 804 2408 noch
804 2375 911 2409 lange
911 2376 994 2411 nicht

181 2408 278 2445 bereit,
297 2409 346 2446 so
348 2409 447 2445 weit
447 2410 797 2450 entgegenzukommen
797 2414 869 2450 wie
881 2417 949 2452 sie
949 2417 994 2453 es

180 2448 275 2483 heute
275 2448 370 2483 sind.
370 2448 479 2484 Auch
479 2449 591 2485 rächte
591 2450 665 2485 sich
665 2450 805 2487 damals
805 2452 869 2488 die
881 2453 997 2490 falsche

184 2488 393 2529 Behandlung,
434 2492 480 2523 die
521 2493 570 2524 die
609 2493 783 2531 Engländer
826 2494 880 2533 seit
922 2496 995 2526 1918

177 2526 312 2566 Zaghlul
327 2524 439 2568 Pascha
458 2532 641 2570 angedeihen
657 2533 765 2571 ließen.
780 2533 918 2572 Dieselbe
935 2532 992 2565 Ge¬

179 2566 246 2604 fahr
269 2567 374 2605 drohte
396 2568 445 2606 sich
468 2571 611 2608 während
634 2572 685 2603 der
710 2573 894 2604 Amtsdauer
915 2572 993 2603 Lord

177 2603 292 2642 Lloyds
313 2606 365 2637 als
387 2600 628 2647 Hochkommissär
659 2610 691 2641 in
710 2612 863 2649 Aegypten
895 2610 994 2649 einzu¬

175 2641 284 2675 stellen.
305 2644 477 2677 Wiederum
494 2646 633 2684 handelte
654 2652 686 2680 es
705 2650 756 2687 sich
775 2656 826 2680 um
846 2649 911 2681 eine
931 2650 993 2681 völ¬

178 2679 222 2720 ig
261 2683 409 2722 verkehrte
445 2678 670 2725 psychologische
711 2687 913 2727 Behandlung
944 2689 994 2720 der

177 2720 364 2760 ägyptischen
384 2722 550 2755 Situation
570 2727 632 2757 und
653 2725 733 2764 ihrer
752 2727 879 2766 Führer.
898 2728 994 2766 Durch

177 2760 227 2793 die
246 2759 426 2801 Entlassung
446 2762 526 2795 Lord
543 2764 659 2803 Lloyds
680 2767 743 2798 und
764 2767 850 2805 durch
870 2766 917 2799 die
937 2767 995 2799 Art

177 2798 270 2838 dieser
294 2800 473 2840 Entlassung
498 2803 549 2840 hat
573 2804 636 2842 hier
660 2795 834 2845 Henderson
858 2807 911 2844 auf
936 2808 992 2839 das

175 2837 343 2877 glücklichste
366 2840 564 2880 eingegriffen
599 2845 659 2875 und
691 2845 816 2883 dadurch
848 2845 993 2883 vielleicht

175 2877 258 2915 mehr
280 2878 328 2917 für
352 2880 408 2911 den
439 2881 582 2920 Abschluß
615 2884 668 2916 des
701 2885 992 2923 anglo-ägyptischen

175 2917 345 2957 Vertrages
381 2921 471 2957 getan
503 2922 553 2953 als
589 2922 673 2961 durch
706 2923 785 2963 feine
817 2923 993 2964 Vorschläge

177 2956 269 2996 selbst.

236 2996 368 3035 Mustafa
386 2998 493 3037 Nahas
509 2999 621 3039 Pascha
640 3002 703 3034 und
721 3003 771 3035 der
789 3002 877 3040 Wafd
898 3003 993 3042 haben

175 3035 249 3067 über
273 3036 319 3069 die
341 3037 466 3071 Details
490 3039 569 3079 ihrer
590 3040 734 3081 Stellung
756 3050 824 3081 zum
845 3043 994 3081 Vertrage

176 3074 254 3113 nicht
276 3082 334 3107 nur
359 3077 501 3116 während
525 3080 576 3111 der
599 3080 848 3120 Wahlkampagne
872 3082 913 3113 im
935 3083 991 3114 De¬

175 3115 299 3153 zember,
318 3116 445 3155 sondern
466 3119 533 3156 auch
555 3119 588 3150 in
607 3120 692 3158 ihren
713 3122 920 3160 Erklärungen
938 3126 991 3153 vor

177 3155 243 3186 dem
263 3154 463 3192 Parlamente
485 3159 549 3191 und
568 3159 603 3190 in
625 3161 676 3192 der
698 3161 798 3200 Presse
821 3162 871 3192 ein
891 3161 992 3199 kluges

173 3193 412 3234 Stillschweigen
434 3197 578 3236 bewahrt.
619 3199 676 3231 Sie
698 3201 794 3240 haben
817 3201 866 3239 sich
890 3202 920 3239 so
944 3201 991 3240 für

175 3233 224 3266 die
242 3233 501 3275 Verhandlungen
522 3238 555 3269 in
573 3238 700 3271 London
719 3239 797 3279 nicht
819 3241 865 3272 die
886 3241 991 3279 Hände

175 3273 340 3311 gebunden.
356 3274 425 3307 Das
442 3276 623 3314 Parlament
639 3278 690 3316 hat
706 3280 772 3311 dem
787 3279 991 3318 Ministerium

173 3314 232 3346 das
255 3311 387 3346 Mandat
409 3315 518 3354 erteilt,
539 3316 587 3349 die
610 3318 868 3357 Verhandlungen
892 3319 991 3358 einzu¬

174 3351 276 3384 leiten.
305 3352 355 3391 In
376 3354 528 3393 Aegypten
550 3358 658 3389 wartet
688 3365 759 3390 man
779 3359 832 3397 auf
853 3359 888 3397 sie
909 3359 991 3397 schon

174 3390 232 3424 mit
252 3390 420 3430 Ungeduld.
440 3394 485 3426 Es
505 3395 538 3433 ist
557 3396 737 3435 begreiflich,
757 3398 814 3436 daß
835 3406 905 3430 man
923 3400 991 3431 dort

172 3430 231 3462 mit
251 3430 506 3472 Aufmerksamkeit
528 3435 643 3474 sowohl
663 3436 711 3469 die
733 3437 992 3477 innerpolitischen

171 3466 336 3510 Ereignisse
355 3471 389 3503 in
402 3472 665 3511 Großbritannien
680 3478 741 3509 und
759 3477 844 3516 ihren
862 3478 989 3516 Einfluß

172 3510 228 3549 auf
246 3510 301 3542 das
318 3510 457 3551 Schicksal
476 3514 526 3545 der
543 3514 827 3555 Labourregierung
845 3517 903 3548 wie
920 3518 988 3555 auch

175 3548 224 3581 die
239 3549 405 3590 Ereignisse
421 3551 453 3583 in
471 3552 590 3590 Indien
607 3555 746 3594 verfolgt.
762 3556 848 3589 Wird
866 3557 913 3589 die
930 3557 990 3594 Zu¬

170 3589 301 3635 spitzung
319 3591 374 3622 des
392 3591 560 3628 Konfliktes
579 3593 614 3625 in
631 3594 749 3631 Indien
769 3595 815 3627 die
833 3596 989 3634 britischen

171 3628 442 3670 imperialistischen
452 3631 600 3669 Parteien
613 3633 722 3672 stärken
739 3636 799 3667 und
815 3636 846 3674 so
861 3642 898 3674 zu
910 3634 991 3667 einer

171 3668 364 3709 Versteifung
404 3672 472 3710 auch
509 3672 544 3704 in
580 3673 631 3705 der
669 3674 855 3714 ägyptischen
894 3675 991 3714 Frage

174 3708 292 3749 führen,
317 3710 388 3742 oder
414 3711 492 3743 wird
514 3711 780 3751 Großbritannien
805 3717 912 3753 gerade
936 3715 991 3748 mit

172 3743 311 3787 Rücksicht
343 3750 398 3789 auf
429 3751 475 3783 die
496 3751 575 3791 Lage
609 3753 641 3785 in
670 3753 788 3793 Indien
823 3755 888 3793 froh
920 3755 991 3794 sein,

173 3788 353 3828 wenigstens
373 3791 481 3822 andere
500 3791 703 3832 orientalische
723 3794 843 3833 Fragen
863 3794 991 3826 bereini¬

173 3835 230 3866 gen
252 3835 289 3866 zu
313 3829 449 3862 können?
482 3831 561 3864 Man
582 3832 695 3870 rechnet
717 3834 750 3866 in
775 3835 926 3872 Aegypten
950 3835 992 3866 im

172 3867 371 3906 allgemeinen
392 3870 447 3902 mit
470 3871 520 3903 der
543 3871 712 3912 Sicherheit
735 3874 787 3908 des
811 3874 991 3914 Abschlusses

1046 906 1099 938 des
1117 906 1291 946 Vertrages.
1317 908 1363 940 So
1384 909 1491 941 erklärt
1508 913 1541 942 es
1559 912 1609 949 sich
1627 910 1706 949 auch,
1724 910 1782 948 daß
1802 910 1847 942 die

1044 945 1296 991 Aufmerksamkeit
1331 947 1381 985 sich
1418 948 1499 987 schon
1534 950 1596 993 jetzt
1633 950 1713 988 mehr
1749 950 1845 981 inner¬

1041 979 1212 1023 politischen
1231 985 1350 1024 Fragen
1371 988 1568 1024 zuzuwenden
1588 988 1718 1029 beginnt.

1100 1022 1167 1054 Das
1187 1023 1389 1061 Ministerium
1408 1025 1537 1064 Mustafa
1554 1028 1661 1064 Nahas
1681 1028 1731 1065 hat
1751 1026 1847 1064 einige

1040 1060 1338 1101 Gesetzesvorschläge
1359 1065 1591 1102 ausgearbeitet,
1614 1065 1660 1097 die
1684 1071 1748 1097 dem
1770 1066 1847 1102 Par¬

1042 1099 1156 1132 lament
1175 1102 1207 1132 in
1222 1102 1316 1139 naher
1333 1102 1465 1140 Zukunft
1482 1105 1635 1142 vorgelegt
1653 1105 1771 1135 werden
1791 1105 1845 1142 sol¬

1042 1138 1092 1169 len
1109 1141 1169 1172 und
1186 1139 1232 1172 die
1246 1141 1453 1179 Maßnahmen
1468 1149 1503 1179 zu
1519 1142 1769 1180 wirtschaftlichen
1785 1143 1847 1173 und

1041 1176 1175 1217 sozialen
1186 1178 1354 1218 Reformen
1375 1181 1556 1219 beinhalten.
1588 1182 1674 1220 Diese
1691 1176 1846 1219 Vorlagen

1040 1219 1110 1255 sind
1115 1218 1231 1250 bereits
1251 1218 1282 1250 in
1299 1220 1348 1250 der
1365 1219 1538 1257 Thronrede
1555 1220 1751 1258 angekündigt
1770 1224 1845 1251 wor¬

1041 1257 1097 1286 den
1119 1258 1180 1289 und
1202 1256 1233 1288 in
1258 1257 1322 1288 dem
1345 1258 1617 1297 verhältnismäßig
1643 1260 1744 1296 kurzen
1767 1259 1847 1297 Zeit¬

1041 1301 1129 1326 raum
1148 1299 1207 1327 von
1226 1296 1301 1334 sechs
1323 1296 1446 1333 Wochen
1467 1297 1593 1329 konnten
1612 1297 1723 1330 bereits
1746 1299 1780 1329 18
1798 1299 1847 1329 da¬

1040 1336 1101 1364 von
1124 1335 1187 1366 dem
1207 1335 1341 1367 Komitee
1362 1334 1543 1374 überwiesen
1566 1337 1693 1373 werden,
1714 1338 1770 1368 das
1793 1337 1847 1368 alle

1040 1371 1226 1411 wichtigeren
1244 1373 1352 1412 Gesetze
1372 1378 1427 1405 vor
1446 1374 1524 1412 ihrer
1544 1375 1711 1413 Uebergabe
1731 1382 1770 1406 an
1791 1376 1845 1407 das

1039 1410 1219 1446 Parlament
1266 1413 1335 1450 nach
1381 1413 1461 1451 ihrer
1507 1413 1849 1452 technisch-legislativen

1039 1448 1128 1481 Seite
1147 1451 1199 1489 hin
1220 1451 1311 1489 prüft.
1341 1450 1398 1483 Die
1422 1452 1490 1489 erste
1513 1453 1604 1490 dieser
1625 1453 1778 1491 Vorlagen
1800 1454 1845 1485 be¬

1040 1487 1122 1527 trifft
1144 1489 1190 1521 die
1210 1489 1427 1529 Liquidierung
1451 1491 1500 1522 der
1520 1491 1658 1523 Diktatur
1680 1492 1762 1529 durch
1783 1496 1846 1524 ver¬

1037 1527 1292 1566 fassungsmäßige
1307 1528 1510 1565 Garantien,
1521 1529 1547 1561 die
1563 1533 1616 1561 vor
1630 1531 1715 1562 allem
1731 1532 1776 1563 die
1790 1532 1844 1563 Er¬

1038 1566 1154 1605 hebung
1170 1568 1219 1599 der
1234 1568 1362 1606 Anklage
1377 1575 1469 1606 gegen
1483 1568 1619 1607 Minister
1634 1571 1782 1608 vorsehen,
1799 1570 1844 1603 die

1039 1605 1086 1636 die
1106 1605 1283 1645 Verfassung
1304 1607 1432 1644 brechen.
1460 1607 1530 1639 Von
1549 1608 1688 1646 größerer
1708 1609 1844 1647 Wichtig¬

1040 1643 1096 1675 keit
1109 1644 1170 1682 sind
1187 1645 1255 1676 aber
1273 1645 1320 1677 die
1332 1645 1629 1685 Gesetzesvorschläge
1645 1649 1697 1685 auf
1711 1649 1774 1680 dem
1789 1648 1847 1679 Ge¬

1037 1681 1115 1714 biete
1142 1685 1191 1715 der
1217 1684 1394 1723 Förderung
1424 1685 1473 1717 der
1499 1685 1750 1725 Landwirtschaft.
1785 1686 1844 1718 Die

1039 1720 1205 1761 Schaffung
1222 1723 1302 1754 einer
1320 1724 1575 1763 Agrarbank,
1592 1726 1637 1758 die
1653 1726 1845 1762 Einführung

1040 1760 1125 1794 eines
1161 1761 1289 1800 Gesetzes
1325 1770 1377 1801 zur
1415 1763 1589 1803 Errichtung
1622 1771 1712 1796 neuer
1738 1764 1847 1796 kleiner

1038 1799 1250 1838 Bauerngüter
1272 1803 1331 1834 und
1355 1802 1400 1834 die
1420 1802 1573 1841 Regelung
1598 1805 1646 1835 der
1666 1804 1764 1842 Frage
1786 1807 1846 1833 von

1035 1838 1224 1878 Vorschüssen
1240 1847 1279 1871 an
1297 1840 1343 1874 die
1358 1841 1569 1880 Bauernschaft
1584 1843 1645 1880 sind
1658 1842 1845 1880 vorgesehen.

1038 1878 1116 1915 Auch
1134 1880 1224 1917 sollen
1241 1880 1407 1917 öffentliche
1424 1880 1623 1920 Lagerhäuser
1642 1882 1689 1920 für
1707 1881 1846 1913 Getreide

1033 1917 1198 1956 geschaffen
1232 1921 1294 1950 und
1315 1919 1547 1958 Vorkehrungen
1581 1920 1629 1959 für
1662 1921 1709 1952 die
1739 1920 1846 1957 bessere

1034 1957 1184 1991 Qualität
1208 1959 1258 1990 der
1283 1958 1468 1990 Baumwolle
1493 1959 1539 1991 bei
1562 1961 1612 1991 der
1637 1959 1775 1997 Ausfuhr
1800 1965 1846 1996 ge¬

1037 1996 1148 2034 troffen
1173 1998 1299 2029 werden.
1331 1997 1395 2035 Zur
1421 1998 1544 2037 Hebung
1571 2000 1623 2030 des
1651 1997 1846 2036 allgemeinen

1036 2034 1326 2074 Wirtschaftslebens
1347 2038 1399 2069 des
1421 2037 1538 2070 Landes
1559 2039 1620 2076 sind
1640 2045 1714 2068 neue
1734 2037 1845 2074 Gesetze

1035 2073 1109 2105 über
1125 2075 1170 2107 die
1185 2075 1350 2114 Schaffung
1364 2077 1424 2113 von
1438 2077 1849 2113 Handelskammern

1037 2113 1088 2144 als
1105 2113 1230 2152 staatlich
1249 2116 1426 2147 anerkannte
1443 2116 1676 2152 Institutionen,
1692 2115 1759 2146 eine
1772 2120 1848 2145 neue

1035 2151 1185 2191 Ordnung
1206 2152 1254 2192 für
1273 2153 1320 2185 die
1339 2154 1565 2192 Effektenbörse,
1587 2155 1633 2186 die
1653 2153 1847 2191 Einführung

1036 2191 1090 2222 des
1111 2199 1205 2223 neuen
1223 2192 1385 2231 Zolltarifs
1416 2194 1476 2224 und
1507 2193 1556 2225 ein
1587 2193 1763 2225 Ausbau
1795 2193 1847 2223 des

1034 2230 1372 2269 Straßennetzes
1393 2232 1524 2270 geplant.
1552 2232 1623 2264 Von
1642 2231 1850 2268 Maßnahmen

1036 2269 1161 2307 sozialer
1183 2271 1282 2303 Natur
1302 2272 1363 2308 sind
1388 2271 1437 2301 ein
1456 2270 1549 2309 Gesetz
1572 2277 1639 2307 zum
1658 2270 1775 2307 Schutze
1799 2271 1849 2301 der

1033 2308 1156 2347 Kinder,
1171 2310 1216 2342 die
1232 2310 1411 2347 Einleitung
1428 2309 1509 2340 einer
1524 2310 1685 2340 modernen
1699 2308 1849 2340 Arbeiter¬

1034 2347 1324 2386 schutzgesetzgebung
1349 2349 1413 2380 und
1440 2347 1488 2379 die
1512 2346 1769 2386 Reorganisation
1795 2348 1849 2379 des

1035 2386 1224 2424 öffentlichen
1249 2387 1469 2425 Schulwesens,
1501 2389 1555 2418 vor
1583 2386 1669 2418 allem
1694 2386 1762 2418 auch
1799 2387 1848 2418 der

1033 2424 1283 2462 handwerklichen
1316 2426 1379 2456 und
1412 2425 1621 2463 gewerblichen
1653 2426 1848 2464 Ausbildung

1031 2464 1093 2495 und
1107 2462 1154 2496 die
1165 2463 1422 2502 Beschleunigung
1438 2465 1488 2496 der
1501 2464 1694 2503 Einführung
1710 2466 1759 2497 der
1773 2464 1849 2496 all¬

1035 2502 1258 2539 gemeinen
1282 2502 1563 2541 Schulpflicht
1590 2504 1620 2535 in
1646 2504 1777 2542 Aussicht
1801 2511 1849 2543 ge¬

1035 2546 1186 2572 nommen.
1213 2541 1289 2579 Auch
1307 2542 1359 2578 soll
1378 2541 1410 2573 in
1427 2543 1482 2574 den
1498 2542 1627 2580 nächsten
1643 2543 1766 2576 Wochen
1785 2544 1849 2575 dem

1035 2578 1216 2615 Parlament
1233 2580 1282 2612 ein
1299 2580 1395 2619 Gesetz
1414 2588 1480 2619 zum
1500 2581 1616 2621 Schutze
1636 2583 1687 2614 der
1705 2582 1848 2621 Urheber¬

1037 2617 1128 2651 rechte
1144 2618 1339 2651 unterbreitet
1356 2621 1484 2652 werden.
1510 2621 1598 2658 Dazu
1621 2622 1751 2653 kommen
1777 2621 1848 2659 noch

1037 2656 1137 2695 einige
1160 2658 1254 2696 große
1278 2659 1445 2697 öffentliche
1473 2660 1624 2696 Arbeiten,
1652 2660 1697 2692 die
1724 2659 1758 2692 in
1785 2662 1849 2692 dem

1035 2702 1133 2728 neuen
1152 2696 1271 2736 Budget
1291 2699 1467 2736 vorgesehen
1489 2699 1560 2736 sind,
1580 2700 1671 2738 sodaß
1693 2700 1749 2731 das
1769 2694 1856 2737 Pro¬

1035 2741 1153 2772 gramm
1176 2736 1228 2768 des
1252 2737 1462 2775 wafdistischen
1481 2737 1704 2775 Ministeriums
1725 2738 1775 2775 für
1795 2740 1850 2770 den

1036 2773 1147 2805 innern
1165 2775 1293 2807 Ausbau
1310 2777 1362 2808 des
1382 2776 1501 2809 Landes
1520 2776 1553 2809 in
1572 2779 1621 2810 der
1639 2777 1768 2816 nächsten
1787 2778 1848 2816 Zu¬

1037 2812 1120 2849 kunft
1138 2814 1201 2852 sehr
1221 2815 1394 2853 reichhaltig
1414 2815 1455 2852 ist.

1092 2852 1150 2885 Die
1174 2854 1542 2890 konstitutionell-liberale
1566 2856 1683 2894 Partei,
1705 2857 1755 2888 der
1778 2856 1848 2888 Mo¬

1030 2890 1165 2928 hammed
1178 2892 1324 2931 Mahmud
1341 2894 1497 2932 angehört,
1511 2896 1561 2928 der
1576 2896 1717 2934 während
1729 2896 1849 2927 ändert¬

1037 2930 1108 2966 halb
1128 2931 1247 2970 Jahren
1269 2933 1324 2964 das
1346 2933 1430 2965 Land
1450 2934 1620 2966 diktatorial
1642 2934 1776 2972 regierte,
1798 2936 1849 2973 hat

1034 2969 1085 3007 sich
1106 2977 1145 3002 an
1164 2972 1219 3002 den
1237 2971 1336 3007 letzten
1354 2972 1481 3010 Wahlen
1499 2973 1575 3009 nicht
1595 2974 1740 3012 beteiligt,
1757 2974 1849 3011 macht

1034 3009 1107 3040 aber
1124 3010 1188 3042 dem
1204 3010 1407 3047 Ministerium
1425 3012 1530 3050 scharfe
1547 3012 1733 3051 Opposition.
1751 3014 1796 3045 Es
1817 3014 1848 3050 ist

1035 3049 1322 3088 unwahrscheinlich,
1346 3051 1404 3087 daß
1427 3051 1473 3082 die
1496 3052 1612 3088 Partei,
1634 3055 1721 3084 wenn
1742 3053 1778 3091 sie
1799 3052 1848 3091 sich

1035 3094 1076 3118 an
1099 3089 1154 3120 den
1177 3089 1303 3127 Wahlen
1326 3090 1463 3128 beteiligt
1485 3091 1576 3129 hätte,
1598 3091 1662 3123 eine
1685 3092 1848 3130 irgendwie

1034 3126 1233 3165 beträchtliche
1252 3128 1519 3167 Stimmenanzahl
1539 3131 1593 3168 auf
1620 3131 1669 3169 sich
1699 3131 1849 3170 vereinigt

1032 3166 1123 3204 hätte.
1147 3167 1196 3199 So
1212 3167 1307 3205 findet
1321 3168 1384 3207 ihre
1396 3168 1575 3207 Opposition
1590 3171 1665 3208 ohne
1678 3172 1847 3208 parlamen¬

1034 3205 1155 3244 tarische
1175 3207 1360 3246 Vertretung
1383 3208 1468 3246 ihren
1491 3209 1638 3241 Ausdruck
1660 3217 1718 3242 nur
1741 3210 1774 3241 in
1798 3211 1848 3242 der

1034 3244 1134 3283 Presse
1151 3247 1220 3278 oder
1237 3246 1270 3278 in
1287 3247 1432 3279 Aktionen
1450 3247 1541 3286 hoher
1556 3249 1708 3286 Beamter,
1724 3249 1770 3281 die
1788 3249 1847 3281 die¬

1033 3284 1079 3329 ser
1099 3279 1207 3323 Partei
1227 3286 1408 3324 angehören,
1428 3286 1486 3318 wie
1507 3289 1560 3320 des
1580 3288 1775 3327 Präsidenten
1795 3289 1847 3320 des

1032 3317 1174 3361 Obersten
1191 3324 1428 3364 Gerichtshofes,
1446 3327 1496 3358 der
1515 3327 1634 3364 kürzlich
1657 3328 1848 3364 zurücktreten

1029 3362 1142 3400 mußte.
1166 3364 1210 3396 Es
1226 3364 1260 3403 ist
1275 3365 1458 3404 interessant,
1473 3366 1530 3405 daß
1546 3367 1594 3398 die
1608 3367 1846 3404 konstitutionell-

1035 3401 1161 3435 liberale
1167 3403 1284 3441 Partei,
1296 3404 1342 3436 die
1355 3404 1460 3436 immer
1472 3412 1506 3443 zu
1520 3405 1605 3445 einer
1605 3405 1847 3445 Verständigung

1030 3441 1088 3473 mit
1101 3441 1362 3481 Großbritannien
1374 3444 1441 3482 eher
1453 3444 1545 3476 bereit
1557 3448 1622 3477 war
1634 3446 1684 3477 als
1697 3446 1746 3477 der
1758 3446 1845 3484 Wafd

1029 3482 1094 3513 und
1115 3483 1203 3514 deren
1223 3482 1383 3521 Präsident
1402 3484 1595 3522 Mohammed
1617 3485 1765 3523 Mahmud
1787 3489 1847 3517 von

1028 3520 1200 3561 Henderson
1216 3522 1264 3554 die
1278 3522 1341 3562 jetzt
1353 3530 1407 3561 zur
1420 3523 1593 3563 Diskussion
1605 3525 1757 3564 stehenden
1770 3525 1848 3558 Vor¬

1033 3559 1145 3599 schläge
1165 3562 1342 3600 empfangen
1360 3563 1422 3601 hat,
1438 3563 1489 3601 sich
1508 3563 1571 3602 jetzt
1592 3569 1651 3597 aus
1671 3564 1848 3603 Opposition

1033 3606 1126 3637 gegen
1143 3602 1198 3633 den
1214 3600 1304 3639 Wafd
1319 3602 1450 3640 bemüht,
1466 3603 1521 3634 den
1537 3604 1726 3635 kommenden
1742 3604 1848 3642 anglo-

1031 3639 1217 3679 ägyptischen
1241 3640 1503 3679 Verhandlungen
1529 3642 1790 3680 Schwierigkeiten
1818 3644 1848 3675 in

1033 3679 1090 3709 den
1111 3679 1182 3717 Weg
1204 3687 1241 3718 zu
1262 3681 1356 3719 legen.
1388 3681 1496 3713 Klarer
1517 3683 1579 3714 und
1603 3681 1793 3721 aufrichtiger
1818 3683 1849 3720 ist

1031 3717 1079 3749 die
1098 3718 1240 3758 Stellung
1260 3720 1310 3752 der
1328 3719 1396 3758 fünf
1415 3721 1643 3758 Abgeordneten
1662 3723 1711 3753 der
1731 3722 1847 3758 „natio¬

1031 3756 1124 3789 nalen
1147 3756 1283 3797 Partei",
1304 3761 1357 3792 der
1379 3759 1574 3796 Watanisten.
1605 3761 1692 3799 Diese
1716 3761 1848 3798 extremi¬

1031 3796 1125 3835 stische
1141 3792 1259 3836 Partei,
1275 3798 1331 3836 die,
1348 3799 1406 3831 wie
1424 3800 1474 3831 der
1492 3800 1639 3839 Ausgang
1657 3802 1707 3833 der
1721 3800 1848 3838 Wahlen

1031 3836 1177 3876 bewiesen
1200 3837 1261 3876 hat,
1281 3838 1364 3869 kaum
1388 3839 1549 3877 Anhänger
1574 3839 1614 3871 im
1636 3840 1737 3872 Lande
1759 3840 1848 3879 zählt,

1029 3875 1102 3915 steht
1125 3877 1179 3916 auf
1198 3878 1263 3909 dem
1283 3877 1486 3917 Standpunkt,
1509 3879 1567 3917 daß
1590 3879 1848 3918 Verhandlungen

1886 909 1941 941 mit
1974 910 2233 950 Großbritannien
2269 910 2313 942 die
2349 911 2455 948 völlige
2499 912 2557 942 und
2593 911 2681 942 unbe¬

1886 949 2021 987 schränkte
2065 948 2365 989 Handlungsfreiheit
2410 951 2576 987 Aegyptens
2631 956 2681 988 zur

1884 987 2056 1028 Grundlage
2071 989 2166 1027 haben
2181 988 2288 1025 müssen
2303 988 2364 1019 und
2379 988 2430 1025 erst
2444 990 2522 1020 dann
2537 987 2681 1024 beginnen

1884 1026 1997 1065 dürfen,
2011 1031 2098 1059 wenn
2113 1025 2257 1065 sämtliche
2272 1025 2402 1064 britische
2417 1026 2555 1064 Truppen
2570 1027 2680 1064 Aegyp¬

1887 1067 1934 1095 ten
1949 1066 2090 1104 verlassen
2103 1066 2207 1103 haben.
2231 1063 2289 1096 Die
2305 1063 2370 1103 fünf
2385 1065 2607 1102 Abgeordneten
2625 1065 2681 1096 die¬

1887 1104 1930 1140 ser
1944 1104 2051 1142 Partei
2067 1107 2170 1135 waren
2187 1103 2234 1134 die
2251 1102 2394 1141 einzigen,
2413 1104 2459 1134 die
2476 1102 2523 1134 bei
2538 1104 2592 1134 den
2608 1104 2681 1135 Ver¬

1887 1143 2076 1181 handlungen
2095 1143 2147 1173 des
2165 1141 2376 1179 Parlamentes
2394 1141 2442 1179 sich
2460 1148 2550 1179 gegen
2567 1142 2612 1173 die
2629 1142 2681 1173 Er¬

1889 1181 1999 1220 teilung
2017 1183 2068 1214 der
2083 1180 2245 1217 Vollmacht
2262 1187 2301 1211 an
2320 1181 2376 1212 das
2394 1179 2595 1218 Ministerium
2613 1184 2682 1211 aus¬

1888 1220 2054 1258 gesprochen
2075 1219 2179 1257 haben,
2197 1219 2292 1251 wobei
2311 1218 2347 1255 sie
2368 1220 2437 1250 aber
2457 1220 2605 1254 betonten,
2627 1218 2682 1255 daß

1887 1258 1922 1295 sie
1942 1262 2003 1291 dem
2022 1256 2223 1295 Ministerium
2241 1256 2370 1294 Mustafa
2386 1258 2491 1295 Nahas
2509 1257 2618 1295 Pascha
2636 1258 2684 1288 als

1888 1296 2004 1334 solchem
2021 1297 2115 1329 volles
2131 1296 2300 1327 Vertrauen
2318 1296 2594 1334 entgegenbringen.
2609 1296 2686 1327 Man

1889 1335 1963 1366 kann
1980 1336 2068 1374 daher
2086 1334 2140 1367 mit
2157 1333 2244 1370 Recht
2259 1335 2354 1372 sagen,
2371 1335 2427 1371 daß
2443 1335 2497 1366 mit
2514 1335 2687 1372 Ausnahme

1886 1373 1975 1411 völlig
1991 1373 2227 1406 unbedeutender
2242 1372 2325 1404 Teile
2342 1374 2390 1406 der
2404 1373 2605 1411 Bevölkerung
2621 1373 2685 1411 hin¬

1886 1414 1929 1443 ter
1954 1413 2082 1451 Mustafa
2105 1412 2212 1449 Nahas
2237 1413 2292 1443 das
2316 1418 2405 1450 ganze
2432 1412 2590 1449 ägyptische
2615 1411 2690 1443 Volk

1885 1450 1953 1488 steht
1973 1452 2032 1483 und
2056 1450 2113 1488 daß
2137 1453 2170 1481 es
2191 1452 2250 1481 von
2273 1450 2336 1481 dem
2356 1450 2548 1488 aufrichtigen
2569 1449 2688 1487 Wunsch

1886 1489 1989 1526 beseelt
2026 1489 2068 1527 ist,
2103 1488 2161 1526 daß
2197 1489 2285 1519 unter
2320 1487 2473 1525 Wahrung
2510 1489 2558 1519 der
2595 1488 2690 1519 vollen

1892 1527 2080 1562 ägyptischen
2080 1527 2200 1559 innern
2231 1526 2482 1565 Unabhängigkeit
2510 1528 2558 1558 der
2585 1526 2689 1563 Friede

1892 1566 2020 1602 zwischen
2059 1566 2120 1605 ihm
2160 1567 2220 1597 und
2259 1564 2518 1602 Großbritannien
2557 1565 2689 1603 zustande

1892 1604 1997 1636 kommt.

2141 1685 2431 1748 Ausland

1916 1767 2164 1811 Vereidigung
2189 1769 2252 1803 des
2275 1768 2468 1804 Kabinetts
2488 1770 2659 1813 Brüning

1946 1824 2063 1861 Berlin,
2078 1825 2124 1856 31.
2137 1824 2235 1862 März,
2251 1833 2288 1860 ag
2306 1824 2433 1864 (Wolff.)
2448 1826 2508 1858 Der
2522 1826 2687 1863 Reichs¬

1889 1864 2115 1903 präsident
2140 1864 2232 1901 nahm
2256 1871 2305 1894 am
2328 1863 2457 1903 Montag
2484 1865 2529 1896 die
2554 1864 2688 1897 Vereidi¬

1891 1909 1969 1941 gung
1992 1904 2043 1934 der
2066 1902 2241 1941 Mitglieder
2264 1903 2312 1934 der
2339 1902 2601 1942 Reichsregierung
2626 1907 2688 1935 vor.

1890 1940 2016 1979 Hierauf
2039 1942 2133 1980 sprach
2159 1948 2190 1972 er
2225 1940 2313 1979 ihnen
2338 1941 2414 1979 seine
2438 1943 2530 1980 besten
2554 1942 2689 1980 Wünsche

1893 1983 1950 2011 aus
1974 1982 2035 2012 und
2057 1980 2185 2017 betonte,
2211 1980 2269 2017 daß
2295 1980 2342 2013 die
2364 1981 2616 2019 Sanierung
2642 1982 2690 2013 der

1892 2017 2159 2058 Finanzlage
2178 2020 2238 2050 und
2258 2018 2303 2051 die
2321 2018 2453 2058 Rettung
2472 2022 2520 2052 der
2542 2020 2688 2057 deutschen

1893 2057 2255 2096 Landwirtschaft,
2286 2057 2493 2097 insbesondere
2525 2060 2577 2091 des
2605 2059 2690 2090 land¬

1891 2095 2140 2138 wirtschaftlichen
2158 2096 2275 2134 Ostens,
2293 2095 2340 2128 die
2359 2097 2561 2135 dringendsten
2580 2097 2691 2129 Gebote

1893 2134 1941 2165 der
1957 2134 2024 2173 Zeit
2040 2135 2127 2173 seien.

1935 2189 2046 2225 Berlin,
2069 2192 2092 2219 1.
2113 2191 2206 2226 April,
2226 2199 2263 2227 ag
2284 2190 2691 2227 Reichsernährungsminister

1887 2229 2034 2264 Schiele
2054 2230 2101 2265 hat
2122 2231 2288 2265 gleichzeitig
2308 2231 2357 2261 mit
2380 2232 2481 2266 seinem
2502 2232 2624 2261 Mandat
2645 2233 2692 2261 als

1887 2269 2258 2304 Reichstagsabgeordneter
2279 2270 2344 2304 auch
2364 2273 2419 2301 das
2439 2271 2506 2301 Amt
2527 2273 2573 2301 als
2595 2271 2692 2305 Vor¬

1887 2308 2212 2344 standsmitglied
2230 2313 2277 2340 der
2295 2310 2693 2346 Deutschnationalen

1887 2347 2069 2384 Volkspariei
2088 2349 2375 2384 niedergelegt.

1898 2410 1988 2446 Eine
2010 2410 2231 2454 Niederlage
2254 2412 2315 2448 der
2338 2412 2672 2455 Labourregierung

1932 2464 2059 2500 London,
2073 2467 2114 2495 31.
2130 2466 2224 2501 März,
2239 2470 2270 2503 pt
2292 2467 2348 2497 Die
2363 2468 2627 2503 Labourregierung
2643 2467 2691 2502 hat

1883 2502 1971 2539 heute,
1999 2505 2055 2534 wie
2082 2505 2187 2534 bereits
2218 2506 2361 2541 gemeldet,
2391 2507 2430 2536 im
2462 2506 2692 2542 Unterhaus

1884 2542 1943 2572 eine
1971 2550 2042 2578 ganz
2072 2547 2258 2574 unerwartete
2280 2545 2448 2581 Niederlage
2468 2546 2589 2575 erlitten.
2626 2546 2692 2576 Von

1883 2581 2138 2618 Premierminister
2157 2585 2343 2614 MacDonald
2361 2588 2423 2614 war
2440 2586 2488 2614 der
2506 2586 2619 2619 Antrag
2634 2585 2692 2614 ein¬

1883 2621 2004 2656 gebracht
2024 2624 2149 2657 worden,
2177 2626 2233 2652 von
2252 2625 2300 2652 der
2320 2623 2504 2659 allgemeinen
2522 2624 2620 2659 Regel,
2647 2624 2692 2653 die

1885 2660 2185 2696 Unterhaussitzungen
2204 2669 2254 2691 um
2273 2663 2304 2691 11
2324 2662 2383 2698 Uhr
2403 2670 2436 2698 zu
2455 2663 2593 2698 schließen,
2613 2663 2693 2697 heute

1885 2699 2130 2735 ausnahmsweise
2170 2700 2332 2736 abzusehen.
2371 2702 2426 2731 Bei
2455 2703 2504 2732 der
2534 2702 2695 2737 Abstim¬

1883 2744 1995 2774 mung
2023 2739 2092 2768 über
2112 2739 2205 2775 diesen
2227 2741 2339 2775 Antrag
2360 2741 2500 2776 stimmten
2521 2742 2571 2770 183
2593 2742 2694 2771 Unter¬

1883 2776 2118 2813 hausmitglieder
2137 2786 2223 2814 gegen
2240 2780 2298 2809 und
2318 2780 2375 2815 179,
2402 2782 2538 2810 darunter
2565 2781 2630 2815 auch
2647 2780 2692 2810 die

1884 2815 2041 2851 Liberalen,
2074 2817 2120 2852 für
2140 2818 2186 2847 die
2208 2817 2381 2854 Regierung.
2419 2820 2476 2849 Als
2498 2820 2552 2849 das
2575 2820 2694 2854 Abstim¬

1885 2857 2126 2892 mungsergebnis
2157 2857 2274 2886 bekannt
2303 2859 2423 2893 gegeben
2445 2860 2551 2893 wurde,
2582 2859 2694 2893 brachen

1883 2895 1927 2923 die
1950 2895 2157 2930 konservativen
2180 2897 2394 2932 Abgeordneten
2425 2898 2455 2927 in
2483 2899 2693 2933 schadenfrohen

1883 2933 1987 2968 Beifall
2007 2937 2074 2970 aus,
2092 2937 2151 2965 und
2171 2936 2404 2972 verschiedentlich
2425 2937 2531 2966 ertönte
2551 2940 2599 2966 der
2620 2937 2692 2971 Ruf:

1885 2973 2123 3007 „Zurücktreten!"
2139 2975 2199 3004 Der
2213 2975 2400 3009 konservative
2418 2977 2525 3006 Neville
2542 2976 2695 3011 Chamber¬

1883 3012 1943 3042 lain
1966 3013 2130 3048 beantragte
2152 3014 2284 3049 sofortige
2307 3015 2474 3051 Vertagung
2496 3018 2544 3045 der
2566 3015 2693 3050 Sitzung,

1883 3052 1920 3080 da
1938 3052 1982 3081 die
2002 3052 2166 3088 Regierung
2187 3054 2342 3088 geschlagen
2361 3055 2399 3089 sei
2429 3056 2487 3084 und
2509 3055 2693 3085 MacDonald

1884 3090 1928 3119 die
1947 3091 2099 3121 Situation
2117 3093 2219 3127 prüfen
2239 3093 2311 3127 solle.
2336 3093 2394 3124 Der
2412 3094 2523 3129 Antrag
2542 3094 2695 3129 Chamber¬

1884 3129 1965 3159 lains
1984 3133 2083 3160 wurde
2103 3132 2193 3167 jedoch
2213 3132 2284 3167 nicht
2304 3139 2517 3168 angenommen.
2554 3133 2609 3164 Die
2630 3133 2695 3163 Nie¬

1884 3169 1997 3204 derlage
2011 3171 2062 3199 der
2077 3171 2240 3206 Regierung
2255 3173 2354 3201 wurde
2366 3173 2486 3207 dadurch
2501 3172 2624 3207 möglich,
2640 3173 2696 3206 daß

1883 3208 1928 3238 die
1969 3209 2279 3244 konservativen
2307 3211 2613 3247 Abgeordneten
2646 3212 2695 3246 auf

1881 3246 2028 3283 vorherige
2043 3249 2218 3285 Anweisung
2234 3250 2284 3285 hin
2300 3251 2530 3286 vollzählig
2545 3251 2694 3286 erschie¬

1884 3293 1973 3322 nen,
2001 3288 2137 3323 während
2159 3289 2204 3318 die
2224 3289 2392 3325 Mitglieder
2421 3292 2470 3320 der
2491 3290 2695 3325 Labourpartei

1885 3326 1956 3362 nicht
1970 3327 2021 3356 alle
2039 3334 2089 3362 zur
2104 3327 2194 3358 Stelle
2211 3331 2317 3358 waren.

1884 3390 2028 3433 Bericht
2050 3391 2138 3427 über
2161 3392 2218 3427 die
2240 3392 2415 3436 Unruhen
2440 3394 2480 3429 in
2503 3393 2697 3435 Palästina

1948 3448 2082 3486 London,
2108 3449 2133 3481 1.
2155 3449 2252 3488 April.
2273 3457 2310 3485 ag
2334 3449 2475 3489 (Havas.)
2499 3451 2559 3483 Der
2581 3449 2696 3487 Bericht

1889 3486 1939 3518 der
1961 3487 2256 3534 Kommission,
2285 3489 2333 3521 die
2362 3490 2412 3528 sich
2442 3490 2499 3522 mit
2519 3492 2568 3523 der
2589 3490 2693 3522 Unter¬

1891 3525 2016 3566 suchung
2042 3528 2092 3559 der
2116 3528 2259 3566 Unruhen
2280 3528 2312 3560 in
2333 3528 2490 3567 Palästina
2513 3537 2549 3568 zu
2572 3530 2697 3568 befassen

1891 3565 1953 3604 hat,
1972 3566 2004 3604 ist
2024 3573 2074 3598 am
2092 3566 2244 3606 Dienstag
2266 3568 2480 3608 veröffentlicht
2499 3570 2631 3600 worden.
2652 3569 2696 3600 Es

1891 3604 1960 3644 geht
1983 3610 2042 3638 aus
2064 3606 2171 3645 diesem
2194 3615 2222 3639 u.
2234 3615 2261 3639 a.
2285 3608 2401 3646 hervor,
2425 3609 2482 3646 daß
2507 3609 2552 3640 die
2575 3608 2697 3646 August-

1891 3644 2035 3683 Unruhen
2063 3649 2123 3677 von
2148 3647 2270 3685 Anfang
2297 3654 2338 3678 an
2374 3649 2425 3680 als
2461 3648 2696 3687 arabischer

1889 3681 2072 3723 Angriff
2102 3692 2194 3724 gegen
2216 3687 2262 3717 die
2286 3686 2391 3724 Juden
2416 3688 2554 3719 bewertet
2578 3688 2696 3719 werden

1891 3722 2009 3761 müssen.
2024 3724 2087 3755 Der
2103 3724 2227 3764 Angriff
2243 3729 2307 3756 war
2323 3725 2398 3765 nicht
2414 3731 2473 3758 von
2490 3727 2593 3765 langer
2608 3727 2695 3765 Hand

1892 3763 2071 3795 vorbereitet
2088 3765 2150 3796 und
2169 3765 2290 3796 bedeute
2309 3765 2376 3804 auch
2395 3766 2471 3803 nicht
2491 3765 2554 3797 eine
2572 3765 2697 3797 Revolte

1887 3805 1980 3840 gegen
2002 3801 2049 3834 die
2069 3802 2223 3841 britischen
2241 3804 2398 3843 Behörden
2418 3805 2452 3837 in
2472 3805 2638 3843 Palästina.
2660 3821 2694 3827 —

1892 3843 1954 3879 Im
1960 3841 2099 3880 Berichte
2114 3843 2192 3875 wird
2210 3844 2317 3881 darauf
2335 3844 2542 3883 hingewiesen,
2558 3845 2616 3882 daß
2634 3845 2697 3876 eine

1893 3880 2047 3919 Regelung
2072 3883 2121 3914 der
2141 3882 2343 3922 Verhältnisse
2367 3892 2406 3916 an
2430 3886 2478 3916 der
2501 3885 2697 3923 Klagemauer

2726 913 2784 941 von
2804 910 2975 948 Jerusalem
2993 910 3041 942 als
3060 909 3123 941 eine
3142 906 3323 947 wesentliche
3340 904 3524 942 Maßnahme

2725 956 2776 985 zur
2804 948 3094 987 Aufrechterhaltung
3121 949 3173 979 des
3199 947 3347 985 Friedens
3373 945 3405 975 in
3429 943 3523 980 Palä¬

2727 987 2799 1024 stina
2817 988 2977 1025 angesehen
2992 988 3108 1017 werden
3124 985 3203 1023 muß.
3218 985 3276 1017 Die
3292 983 3434 1019 Unruhen
3448 981 3524 1020 seien

2727 1033 2756 1056 u.
2767 1033 2793 1057 a.
2812 1026 2880 1063 auch
2899 1025 2982 1062 durch
3000 1024 3045 1056 die
3063 1026 3236 1063 Aufregung
3255 1025 3304 1055 der
3324 1022 3436 1054 Araber
3453 1020 3525 1051 über

2728 1062 2772 1095 die
2793 1064 3129 1102 Judeneinwanderung
3148 1061 3378 1100 hervorgerufen
3395 1060 3527 1090 worden.

2728 1118 2761 1124 —
2785 1103 2843 1134 Die
2864 1101 3280 1141 Untersuchungskommission
3302 1098 3454 1136 empfiehlt
3477 1098 3527 1128 der

2727 1140 2879 1179 britischen
2901 1141 3081 1182 Regierung,
3103 1140 3169 1171 eine
3187 1139 3262 1171 klare
3285 1137 3527 1172 Erklärung

2720 1179 2789 1210 über
2802 1180 2863 1217 ihre
2874 1173 3130 1217 zukünftige
3130 1173 3527 1217 Palästinapolitik

2728 1224 2763 1255 zu
2799 1218 2935 1255 erwägen
2969 1219 3030 1249 und
3064 1217 3112 1248 ein
3144 1212 3529 1251 Verwaltungsreglement

2729 1256 2968 1294 auszuarbeiten,
2992 1263 3041 1287 um
3064 1255 3127 1286 eine
3151 1257 3248 1286 derart
3274 1250 3528 1290 außerordentlich

2729 1295 2850 1331 starke
2870 1294 3225 1332 Elnwanderung,
3244 1294 3301 1325 wie
3325 1292 3356 1323 in
3378 1294 3432 1324 den
3452 1289 3529 1328 Jah¬

2731 1340 2782 1365 ren
2800 1334 2872 1365 1925
2890 1334 2950 1365 und
2970 1334 3049 1369 1926,
3064 1336 3099 1370 zu
3118 1332 3370 1364 vermeiden.

2935 1407 3003 1443 Die
3025 1407 3118 1449 Lage
3139 1406 3178 1441 in
3201 1406 3323 1448 China

2783 1462 2903 1500 Peking,
2924 1463 2971 1494 31.
2990 1462 3087 1500 März.
3110 1461 3187 1499 (Tel.
3205 1463 3234 1493 d.
3253 1460 3380 1499 „United
3400 1458 3527 1497 Preß".)

2729 1500 2786 1532 Die
2810 1501 3029 1539 Spaltung
3051 1500 3187 1539 zwischen
3211 1499 3260 1531 der
3281 1499 3529 1536 Regierung

2728 1541 2789 1571 und
2813 1540 2869 1571 den
2893 1539 3101 1576 Machthabern
3127 1538 3169 1571 im
3191 1539 3371 1573 Norden,
3397 1537 3442 1568 die
3466 1536 3527 1574 jetzt

2730 1577 2810 1615 schon
2834 1577 2879 1609 die
2901 1578 3116 1616 Unterstützung
3139 1578 3190 1609 des
3212 1577 3308 1608 linken
3330 1576 3456 1613 Flügels
3479 1576 3530 1606 der

2730 1616 3030 1654 Kuomintangpartei
3060 1617 3164 1653 haben,
3191 1616 3268 1647 wird
3299 1615 3402 1645 immer
3431 1613 3528 1650 tiefer.

2731 1656 2773 1686 Es
2802 1655 2835 1692 ist
2861 1654 2972 1686 bereits
2996 1654 3131 1693 zwischen
3158 1656 3212 1685 den
3235 1654 3412 1686 Vertretern
3438 1652 3530 1689 dieser

2729 1693 2968 1731 Parteirichtung
2993 1694 3045 1730 auf
3073 1695 3122 1724 der
3149 1692 3235 1724 einen
3262 1692 3349 1724 Seite
3376 1692 3437 1722 und
3466 1692 3529 1721 dem

2731 1731 2860 1770 General
2884 1732 2995 1770 Feng
3019 1732 3178 1770 Yu-hsiang
3203 1731 3291 1770 sowie
3319 1731 3382 1761 dem
3405 1729 3530 1766 Muster¬

2733 1774 2917 1807 gouverneur
2935 1769 3016 1808 Yen
3034 1769 3160 1807 Si-shan
3177 1770 3229 1808 auf
3247 1771 3296 1802 der
3313 1770 3427 1799 andern
3444 1763 3531 1799 Seite

2732 1808 2780 1840 ein
2805 1809 2934 1847 Vertrag
2963 1809 3168 1847 abgeschlossen
3191 1810 3323 1845 worden,
3351 1806 3470 1843 wonach
3497 1806 3532 1837 in

2731 1847 2888 1885 Peking
2912 1848 2977 1885 eine
3000 1846 3308 1886 provisorische
3332 1844 3533 1878 Kuomin¬

2733 1886 3112 1924 tang-Regierung
3149 1885 3280 1922 errichtet
3319 1886 3438 1915 werden
3470 1883 3533 1921 soll.

2731 1924 2792 1956 Der
2814 1925 2944 1962 Vertrag
2965 1925 3069 1963 bedarf
3088 1924 3158 1960 noch
3181 1925 3231 1957 der
3252 1923 3457 1961 Zustimmung
3480 1929 3535 1953 an¬

2733 1963 2815 1995 derer
2854 1963 3056 2001 militärischer
3095 1963 3208 2006 Führer
3239 1962 3436 1998 Nordchinas.
3475 1960 3533 1992 Die

2732 2001 2907 2040 Mitglieder
2926 2003 2978 2033 des
2998 2001 3091 2033 linken
3109 2000 3235 2040 Flügels
3251 2003 3301 2033 der
3318 1999 3535 2037 Kuomintang,

2733 2041 2778 2071 die
2793 2041 2889 2079 diesen
2901 2041 3031 2078 Vertrag
3046 2041 3101 2071 mit
3116 2041 3167 2071 ins
3179 2040 3276 2073 Leben
3291 2040 3414 2077 gerufen
3429 2038 3535 2075 haben,

2734 2079 2873 2115 erklären,
2891 2079 2949 2115 daß
2967 2079 3011 2111 die
3031 2078 3186 2117 chinesische
3203 2078 3376 2116 Regierung
3394 2073 3469 2113 nicht
3488 2077 3534 2108 die

2733 2118 2887 2149 nationale
2924 2110 3029 2155 Partei
3067 2118 3203 2155 darstelle.
3239 2111 3350 2156 Peking
3387 2116 3534 2154 hingegen

2733 2156 2813 2188 wäre
2835 2157 2890 2188 das
2907 2158 3008 2195 wahre
3028 2156 3173 2194 Zentrum
3192 2158 3241 2189 der
3264 2155 3479 2192 Kuomintang.

2790 2196 2851 2233 Auf
2888 2195 2998 2227 Grund
3033 2195 3124 2232 dieser
3162 2195 3333 2232 politischen
3370 2195 3536 2230 Trennung

2733 2232 2860 2270 scheinen
2875 2233 2944 2270 auch
2960 2233 3005 2266 die
3020 2233 3228 2271 militärischen
3246 2233 3447 2272 Handlungen
3464 2232 3534 2270 zwi¬

2733 2272 2810 2310 schen
2838 2273 2901 2304 dem
2925 2273 3046 2304 Norden
3073 2273 3133 2303 und
3158 2272 3266 2304 Süden
3291 2271 3534 2309 weiterzugehen.

2735 2311 2845 2349 Feng
2871 2311 2985 2348 meldet,
3006 2311 3062 2349 daß
3086 2311 3116 2343 er
3139 2311 3336 2349 Kaifeng,
3358 2311 3403 2342 die
3424 2311 3538 2348 Haupt¬

2734 2350 2807 2386 stadt
2834 2351 2884 2382 der
2907 2350 3042 2389 Provinz
3067 2350 3185 2388 Honan,
3210 2350 3328 2382 erobert
3352 2350 3434 2386 habe.
3469 2350 3536 2381 Aus

2734 2389 2784 2420 der
2804 2388 2938 2427 Provinz
2958 2390 3066 2426 Honan
3087 2388 3321 2426 zurückkehrende
3340 2388 3538 2423 Amerikaner,

2737 2427 2783 2459 die
2808 2429 2874 2460 dort
2897 2428 2945 2460 bei
2968 2430 3019 2460 der
3042 2428 3242 2466 Bekämpfung
3268 2430 3318 2460 der
3341 2428 3539 2466 Hungersnot

2732 2466 2808 2504 tätig
2824 2470 2937 2503 waren,
2954 2466 3107 2503 berichten,
3128 2466 3184 2504 daß
3203 2467 3286 2505 Feng
3302 2466 3534 2504 Vorkehrungen

2736 2506 2831 2543 treffe,
2851 2512 2903 2537 um
2922 2506 2968 2538 die
2986 2505 3081 2538 Stadt
3099 2505 3220 2544 Hankau
3239 2507 3290 2538 der
3309 2505 3480 2544 Regierung
3502 2512 3537 2543 zu

2732 2544 2895 2583 entreißen.

2813 2618 3041 2662 Konkurrenz
3063 2618 3225 2662 zwischen
3248 2619 3317 2654 den
3339 2617 3455 2661 Häfen

2855 2666 3077 2708 Antwerpen
3098 2667 3172 2701 und
3194 2667 3414 2702 Rotterdam

2780 2721 2901 2757 Brüssel,
2923 2723 2964 2752 31.
2989 2722 3082 2758 März.
3107 2722 3178 2756 (Tel.
3202 2723 3320 2757 unseres
3345 2720 3538 2756 W.M.-Korr.)

2730 2759 2796 2792 Seit
2810 2760 2922 2795 einigen
2937 2760 3035 2795 Tagen
3047 2760 3162 2795 herrscht
3175 2761 3206 2791 in
3219 2763 3268 2790 der
3281 2759 3431 2795 belgischen
3445 2760 3543 2794 Presse

2730 2798 2790 2828 eine
2809 2800 2916 2835 gewisse
2933 2799 3109 2834 Aufregung,
3125 2798 3192 2829 weil
3209 2800 3254 2829 die
3273 2798 3383 2828 Sociéte
3400 2797 3540 2826 Commer¬

2730 2838 2800 2866 ciale
2835 2839 2884 2866 des
2909 2839 3040 2866 Potasses
3063 2839 3202 2873 d’Alsace,
3235 2838 3279 2867 die
3313 2837 3393 2872 ihren
3417 2836 3476 2872 Sitz
3509 2837 3541 2865 in

2730 2875 2903 2911 Mülhausen
2917 2877 2980 2914 hat,
2980 2877 3037 2914 mit
3051 2877 3286 2907 Rotterdam
3300 2875 3382 2906 einen
3396 2875 3541 2905 Trans¬

2731 2917 2991 2951 portvertrag
3015 2915 3208 2951 abgeschlossen
3233 2916 3289 2948 hat.
3324 2914 3378 2945 Die
3401 2916 3542 2949 genannte

2731 2954 2903 2989 Gesellschaft
2923 2954 2970 2984 hat
2989 2955 3124 2989 Verträge
3145 2954 3196 2984 mit
3215 2955 3466 2987 Antwerpen.
3486 2952 3541 2982 Die

2731 2992 2899 3030 Bedeutung
2934 2993 3009 3028 ihrer
3042 2993 3224 3028 Beteiligung
3258 3000 3306 3022 am
3338 2992 3541 3026 Antwerpener

2731 3030 2843 3066 Transit
2868 3032 2930 3067 geht
2953 3035 3008 3062 aus
3030 3032 3178 3066 folgenden
3203 3031 3313 3067 Zahlen
3337 3031 3450 3065 hervor:
3477 3030 3543 3059 1928

2731 3070 2878 3104 passierten
2902 3071 2952 3099 615
2961 3072 3011 3099 000
3036 3070 3157 3100 Tonnen
3182 3072 3248 3100 oder
3274 3070 3335 3099 eine
3360 3069 3474 3104 Menge,
3498 3069 3542 3097 die

2732 3108 2855 3144 fünfmal
2871 3109 2914 3138 die
2929 3109 3142 3144 Fassungskraft
3157 3110 3204 3138 der
3220 3108 3374 3144 Magazine
3388 3107 3543 3142 ausmacht,

2732 3149 2784 3177 den
2805 3148 3009 3181 Antwerpener
3030 3148 3129 3182 Hafen.
3158 3147 3213 3178 Die
3234 3146 3464 3182 Kaligesellschaft
3482 3150 3544 3174 ver¬

2731 3187 2821 3220 mehrt
2842 3190 2899 3215 von
2923 3186 3002 3221 Jahr
3026 3193 3058 3221 zu
3083 3186 3161 3220 Jahr
3185 3187 3245 3221 ihre
3268 3185 3454 3221 Produktion.
3480 3184 3543 3219 Für

2731 3224 2775 3254 die
2797 3225 2979 3261 Abmachung
3013 3225 3064 3254 mit
3090 3225 3256 3255 Rotterdam
3292 3225 3323 3259 ist
3357 3224 3401 3259 ihr
3427 3223 3544 3257 Wunsch

2732 3263 2912 3299 maßgebend,
2936 3264 2976 3293 im
3002 3263 3080 3298 Falle
3105 3264 3184 3295 eines
3211 3263 3341 3294 Streikes
3368 3262 3438 3297 nicht
3466 3262 3543 3296 mehr

2732 3308 2787 3331 nur
2811 3306 2867 3331 von
2892 3303 2982 3332 einem
3006 3303 3097 3338 Hafen
3121 3302 3263 3339 abhängig
3290 3309 3323 3337 zu
3348 3301 3419 3336 sein;
3446 3302 3544 3336 zudem

2731 3340 2814 3375 seien,
2841 3340 2869 3375 so
2898 3341 2998 3375 äußert
3025 3341 3069 3371 die
3098 3341 3278 3376 Gesellschaft,
3309 3340 3544 3374 Erweiterungen

2732 3379 2807 3414 ihrer
2827 3379 2960 3414 Anlagen
2981 3380 3020 3409 im
3040 3380 3245 3413 Antwerpener
3264 3379 3357 3414 Hafen
3377 3378 3447 3413 nicht
3467 3379 3544 3408 mehr

2732 3418 2855 3453 möglich,
2872 3420 2930 3448 und
2949 3420 2997 3448 der
3013 3418 3191 3453 holländische
3209 3418 3489 3452 Transportvertrag
3507 3417 3545 3451 sei

2733 3456 2793 3486 eine
2824 3457 2885 3486 rein
2916 3457 3133 3492 kaufmännische
3165 3457 3394 3492 Angelegenheit.
3432 3456 3545 3486 Darum

2732 3495 2802 3528 habe
2821 3496 2886 3530 auch
2905 3496 2953 3530 der
2972 3495 3232 3532 französische
3250 3495 3390 3530 Staat,
3409 3496 3457 3524 der
3478 3495 3545 3530 zwei

2733 3534 2840 3564 Drittel
2876 3536 2924 3565 der
2960 3535 3058 3564 Aktien
3095 3534 3188 3571 besitzt,
3222 3536 3258 3564 da
3293 3534 3338 3563 die
3373 3533 3546 3567 Gesellschaft

2733 3573 2982 3603 Domänenminen
3004 3573 3165 3607 ausbeutet,
3203 3580 3254 3609 zur
3277 3571 3547 3607 Vertragsabschlie¬

2733 3611 2811 3648 ßung
2821 3612 2909 3646 nichts
2921 3619 2954 3648 zu
2965 3613 3047 3649 sagen
3056 3612 3166 3647 gehabt.
3194 3613 3369 3646 Antwerpen
3387 3612 3479 3640 werde
3498 3610 3547 3639 kei¬

2734 3654 2867 3686 neswegs
2886 3652 3010 3686 verkürzt
3027 3653 3149 3684 werden,
3165 3650 3287 3685 sondern
3305 3650 3350 3680 die
3370 3650 3547 3685 bestehenden

2733 3689 2871 3725 Verträge
2887 3690 3006 3720 würden
3024 3690 3123 3724 restlos
3142 3690 3208 3719 inne
3226 3690 3366 3724 gehalten.

2784 3729 2831 3764 In
2848 3728 3021 3763 Antwerpen
3040 3729 3099 3763 sagt
3119 3735 3186 3758 man
3206 3728 3304 3762 jedoch,
3324 3735 3390 3757 man
3411 3727 3481 3761 habe
3501 3728 3548 3757 der

2734 3767 2965 3803 Kaligesellschaft
2981 3767 3108 3803 jederzeit
3126 3767 3164 3796 im
3180 3767 3376 3801 Bedarfsfalle
3393 3766 3549 3801 Vergröße¬

2734 3812 2845 3842 rungen
2868 3807 2915 3836 der
2937 3807 3090 3841 besondern
3112 3806 3243 3841 Anlagen
3269 3806 3309 3835 im
3333 3805 3424 3840 Hafen
3449 3805 3549 3841 zugesi¬

2734 3844 2811 3879 chert,
2838 3847 2896 3874 und
2923 3846 2970 3874 der
2999 3845 3120 3879 Vertrag
3148 3844 3200 3874 mit
3227 3845 3404 3878 Rotterdam,
3433 3845 3480 3873 der
3510 3844 3549 3873 im

2733 3884 2878 3920 geheimen
2892 3888 2943 3913 vor
2959 3883 3028 3919 sechs
3047 3884 3187 3914 Monaten
3204 3883 3400 3919 abgeschlossen
3415 3884 3474 3912 und
3493 3882 3550 3917 jetzt

185 4016 205 4046 2
407 3987 752 4057 Feuilleton

527 4085 629 4090 —
709 4075 840 4102 Nachdruck
862 4075 979 4099 verboten

414 4131 467 4164 So
488 4133 529 4170 ist
549 4134 616 4166 das
636 4133 747 4167 Leben

343 4179 412 4213 Von
434 4183 539 4220 Ruth
560 4185 816 4223 Waldstetter

221 4234 309 4266 Beide
334 4237 421 4274 saßen
445 4241 624 4277 schweigend.
667 4243 727 4275 Der
750 4244 808 4275 Tee
832 4244 931 4280 kochte;
957 4244 990 4276 sie

169 4276 224 4311 goß
242 4274 291 4310 ihn
306 4283 347 4306 an
365 4282 425 4310 und
440 4281 513 4316 setzte
529 4283 577 4319 sich
594 4284 708 4315 wieder.
743 4285 854 4320 „Weißt
871 4288 918 4319 du,
935 4286 990 4318 daß

169 4317 203 4345 es
224 4314 307 4346 Liebe
339 4317 407 4353 ist?"
438 4321 512 4356 sagte
542 4330 582 4353 er.
620 4324 675 4355 Sie
695 4325 746 4360 sah
769 4325 819 4360 ihn
840 4332 888 4355 an.
925 4325 991 4355 Und

167 4355 296 4391 plötzlich,
315 4357 370 4387 wie
387 4354 556 4398 erwachend,
575 4370 647 4399 rang
667 4364 700 4400 sie
719 4365 763 4395 die
781 4365 892 4400 Hände.
911 4365 991 4400 „Leo,

168 4399 282 4426 warum
313 4397 434 4434 peinigst
465 4404 503 4431 du
531 4404 621 4438 mich?
662 4404 725 4442 Laß
754 4405 824 4440 mich
853 4406 899 4435 bei
931 4406 989 4435 dir!

166 4436 289 4467 Warum
306 4435 401 4467 denn?
420 4439 540 4472 Warum
557 4444 669 4474 denn?

220 4476 295 4507 Sein
316 4477 421 4513 Gesicht
441 4482 503 4510 war
521 4483 553 4517 so
573 4484 690 4516 leidvoll
709 4489 766 4516 von
786 4487 990 4521 vergrabenem

169 4517 313 4552 Kummer,
335 4516 370 4552 sie
392 4519 485 4554 durfte
507 4522 556 4558 ihn
578 4525 647 4560 nicht
669 4529 754 4556 reden
776 4527 897 4561 machen.
935 4527 989 4557 Sie

166 4561 266 4588 waren
286 4560 340 4588 den
361 4557 430 4592 Weg
448 4559 518 4591 aller
538 4563 752 4600 Möglichkeiten
773 4573 866 4602 genug
887 4573 990 4601 gegan¬

167 4605 232 4634 gen.
271 4597 325 4629 Sie
350 4597 462 4633 hauchte
484 4599 517 4630 in
540 4602 633 4634 einem
656 4606 813 4640 zitternden
837 4607 988 4641 Atemzug:

168 4637 240 4674 „Ich
263 4637 333 4668 kann
358 4638 543 4673 mitsterben."

220 4678 285 4708 Das
307 4678 516 4714 hingeflüsterte
538 4681 620 4713 Wort
641 4685 752 4720 erfüllte
775 4689 831 4717 das
852 4687 989 4722 Zimmer.

166 4718 213 4749 Es
233 4717 329 4749 endete
349 4718 429 4753 nicht,
448 4720 481 4749 es
501 4720 601 4754 dehnte
620 4723 667 4758 sich
686 4729 751 4761 aus,
771 4728 860 4763 nahm
879 4728 989 4757 Bedeu¬

166 4762 240 4793 tung
255 4765 302 4794 an,
319 4758 447 4788 blendete
464 4759 508 4789 die
525 4760 686 4799 Gedanken,
702 4769 801 4797 wurde
819 4768 921 4802 tödlich
937 4767 989 4803 hell

166 4799 223 4828 wie
252 4801 306 4829 das
336 4798 441 4833 Antlitz
471 4801 518 4829 der
547 4800 704 4837 Wahrheit.
742 4806 858 4841 Nadjas
888 4808 989 4843 Augen

165 4842 265 4869 waren
307 4839 380 4875 groß
421 4842 483 4870 und
523 4840 684 4875 erschrocken
727 4850 887 4882 geworden,
930 4851 990 4878 und

166 4879 302 4915 während
323 4879 357 4914 sie
377 4879 443 4914 nach
462 4883 523 4910 dem
542 4880 640 4911 Worte
659 4882 827 4921 hinhorchte,
847 4888 926 4923 hörte
946 4888 989 4922 sie,

167 4920 223 4955 daß
245 4920 277 4949 es
299 4919 347 4954 sich
369 4919 545 4954 widerlegte;
577 4921 711 4957 grausam
741 4926 927 4963 widersprach
957 4930 989 4958 es

167 4960 224 4997 sich.
262 4958 307 4989 Es
331 4960 504 4995 zerknirschte
527 4960 561 4996 sie
585 4964 643 4991 und
667 4966 787 5000 zerwarf
810 4966 844 5001 sie
867 4968 920 4998 mit
944 4968 990 5003 sich

166 5001 264 5037 selber.
304 4999 383 5029 Aber
407 5002 465 5030 wer
489 5000 565 5035 hatte
591 5003 623 5031 es
647 5004 721 5033 denn
745 5006 987 5042 ausgesprochen?

167 5040 247 5075 Nicht
265 5038 308 5076 sie.
327 5039 402 5069 Was
420 5042 510 5070 redete
529 5044 565 5070 da
585 5043 641 5071 aus
659 5042 848 5079 rätselvollen,
868 5048 988 5078 dunklen

166 5079 475 5118 Zusammenhängen?
496 5080 550 5111 Nie
569 5080 665 5116 hatten
685 5081 719 5118 sie
740 5083 802 5119 doch
821 5085 866 5115 ein
886 5086 988 5120 solches

167 5122 250 5154 Wort
271 5120 444 5156 zueinander
465 5120 566 5155 gesagt.
587 5137 621 5143 —
639 5122 706 5153 Und
726 5122 770 5153 die
790 5124 988 5161 Ueberlegung

166 5163 256 5199 kehrte
276 5160 376 5197 zurück.
397 5159 461 5190 Das
480 5163 578 5191 waren
597 5162 695 5193 Reden
714 5164 791 5194 einer
811 5164 988 5201 überreizten

167 5203 387 5239 Schwangeren.
422 5201 476 5231 Sie
494 5202 590 5237 wußte
607 5201 636 5236 ja
655 5209 702 5233 am
719 5204 818 5239 besten,
837 5205 892 5234 wie
910 5205 988 5235 krank

167 5244 203 5278 sie
222 5246 291 5279 war,
311 5242 366 5272 wie
386 5241 432 5277 ihr
449 5241 551 5277 Pflege
571 5242 630 5272 und
649 5242 855 5280 Behaglichkeit
873 5245 988 5281 fehlten,

1030 3967 1124 4003 Ruhe,
1157 3969 1260 3999 Sonne
1294 3972 1355 3999 und
1378 3968 1454 4005 Luft,
1478 3969 1555 4000 reine
1580 3969 1648 4005 Luft
1672 3973 1720 4000 der
1746 3970 1850 4000 Natur.

1028 4007 1108 4039 Aber
1138 4008 1212 4043 seine
1242 4009 1327 4040 Liebe
1356 4012 1420 4039 war
1450 4010 1529 4045 mehr
1556 4010 1608 4039 als
1639 4010 1719 4040 alles.
1757 4010 1849 4040 Seine

1028 4047 1210 4084 Lebensfülle
1230 4049 1330 4085 erhielt
1349 4049 1392 4085 sie.
1429 4049 1527 4084 Nichts
1543 4050 1641 4085 durfte
1658 4050 1694 4086 sie
1712 4053 1770 4080 von
1791 4050 1848 4086 ihm

1028 4091 1158 4118 trennen.

1080 4128 1135 4159 Sie
1153 4129 1200 4164 sah
1213 4129 1275 4165 auf.
1308 4129 1350 4160 Er
1364 4129 1457 4160 blickte
1474 4131 1642 4163 geradeaus.
1675 4130 1749 4160 Eine
1765 4131 1849 4160 merk¬

1028 4167 1158 4203 würdige
1181 4169 1269 4199 Stille
1298 4169 1346 4203 lag
1377 4169 1446 4199 über
1469 4169 1559 4205 seiner
1581 4177 1689 4205 ganzen
1710 4170 1848 4205 Haltung.

1028 4207 1069 4237 Er
1090 4210 1152 4239 war
1171 4209 1222 4239 mit
1242 4209 1289 4245 sich
1307 4209 1402 4239 allein.
1422 4209 1494 4240 Was
1513 4213 1605 4240 redete
1624 4218 1654 4240 er
1673 4211 1724 4240 mit
1744 4211 1848 4245 seinem

1027 4247 1155 4283 Herzen?
1172 4249 1290 4284 Endlich
1303 4249 1363 4279 kam
1378 4249 1438 4284 sein
1453 4249 1527 4280 Blick
1542 4250 1648 4285 zurück;
1663 4258 1692 4280 er
1707 4251 1847 4285 gewahrte

1028 4287 1071 4323 sie.
1113 4289 1205 4319 Seine
1237 4289 1340 4323 Augen
1375 4290 1495 4325 fragten,
1528 4290 1658 4326 prüften;
1692 4291 1760 4320 aber
1794 4290 1848 4321 Leo

1028 4327 1235 4364 Iwanowitsch
1258 4329 1379 4364 schwieg.
1419 4330 1485 4359 Und
1506 4337 1566 4360 nun
1590 4331 1780 4361 verwandelte
1805 4331 1850 4365 sich

1026 4368 1089 4402 sein
1109 4368 1184 4399 Blick
1203 4372 1264 4400 und
1283 4369 1359 4405 hatte
1378 4370 1442 4400 eine
1463 4370 1595 4405 Sprache,
1616 4371 1660 4400 die
1680 4370 1714 4406 sie
1734 4370 1849 4405 erschüt¬

1025 4410 1110 4438 terte:
1126 4409 1176 4439 ein
1194 4409 1398 4445 inbrünstiges,
1416 4410 1595 4445 unsagbares
1613 4410 1741 4441 Mitleid.
1759 4411 1848 4440 Dann

1027 4450 1175 4479 ermannte
1193 4457 1222 4480 er
1239 4449 1295 4485 sich.
1330 4450 1476 4485 „Komm,"
1495 4450 1570 4486 sagte
1588 4458 1617 4481 er
1635 4453 1693 4480 und
1710 4451 1784 4486 setzte
1803 4451 1850 4486 sich

1028 4495 1066 4518 an
1084 4491 1137 4519 den
1153 4489 1240 4525 Tisch.
1273 4490 1315 4520 Er
1332 4490 1421 4525 nahm
1436 4490 1524 4525 selber
1542 4493 1597 4521 das
1613 4493 1699 4526 teure,
1713 4491 1771 4520 das
1788 4494 1848 4521 ver¬

1028 4528 1128 4560 botene
1149 4529 1223 4560 Brot
1244 4533 1304 4560 und
1323 4530 1420 4565 schnitt
1439 4532 1472 4559 es
1491 4537 1539 4561 an.

1080 4569 1143 4600 Wie
1162 4570 1351 4605 merkwürdig
1371 4578 1399 4601 er
1421 4573 1514 4600 davon
1533 4571 1584 4607 aß!
1622 4570 1772 4605 Langsam,
1792 4571 1849 4600 bei¬

1028 4609 1102 4644 nahe
1125 4609 1246 4645 feierlich
1267 4610 1348 4646 brach
1370 4610 1429 4640 und
1452 4611 1545 4646 kostete
1569 4619 1598 4641 er
1620 4613 1661 4641 es.
1700 4610 1754 4641 Sie
1777 4611 1847 4646 legte

1029 4648 1089 4684 ihm
1111 4650 1154 4679 die
1176 4648 1262 4684 Hand
1282 4651 1332 4686 auf
1354 4653 1408 4680 den
1429 4650 1508 4680 Arm.
1548 4651 1647 4687 „Sieh,
1668 4658 1729 4681 nun
1749 4651 1848 4686 wärest

1028 4688 1066 4718 du
1088 4689 1189 4720 allein!
1227 4690 1270 4720 Er
1291 4690 1371 4720 nickte
1393 4690 1543 4726 bedächtig.
1582 4691 1623 4721 Er
1646 4691 1693 4727 sah
1715 4691 1847 4721 todmüde

1027 4730 1094 4758 aus.
1129 4730 1185 4761 Sie
1203 4732 1295 4765 wagte
1314 4730 1385 4765 nicht
1404 4731 1482 4766 mehr
1500 4737 1534 4765 zu
1552 4734 1647 4761 reden.

1079 4769 1135 4799 Am
1158 4770 1335 4805 Nachmittag
1357 4771 1433 4800 blieb
1457 4778 1485 4801 er
1507 4772 1600 4806 einige
1622 4772 1761 4802 Stunden
1783 4774 1848 4801 aus.

1027 4808 1069 4839 Er
1088 4809 1164 4846 hatte
1186 4810 1293 4840 allerlei
1313 4817 1347 4846 zu
1366 4811 1510 4846 besorgen.
1529 4812 1596 4842 Und
1614 4812 1645 4841 in
1664 4812 1756 4841 einem
1775 4812 1848 4847 Café

1026 4849 1127 4884 schrieb
1159 4858 1189 4880 er
1211 4850 1320 4886 Briefe,
1350 4858 1389 4880 an
1422 4851 1465 4880 die
1490 4851 1593 4881 Mama
1626 4852 1656 4881 in
1681 4852 1777 4887 Nizza,
1810 4859 1847 4881 an

1025 4889 1131 4924 Pawel
1160 4890 1351 4926 Petrowitsch,
1374 4891 1470 4926 seinen
1500 4891 1629 4926 einzigen
1660 4891 1777 4927 Freund
1810 4899 1849 4922 im

1027 4929 1095 4965 Exil
1117 4933 1173 4960 aus
1195 4933 1257 4960 dem
1278 4931 1356 4961 alten
1378 4931 1526 4966 Rußland,
1548 4935 1610 4961 und
1630 4933 1712 4962 einen
1734 4933 1849 4962 dritten.

1026 4969 1068 4999 Er
1085 4970 1168 5005 steckte
1186 4970 1219 5006 sie
1234 4971 1288 5001 alle
1307 4971 1338 5001 in
1354 4971 1429 5006 seine
1448 4971 1545 5003 innere
1562 4972 1724 5007 Rocktasche.
1760 4972 1847 5002 Dann

1027 5010 1095 5045 fuhr
1113 5018 1141 5040 er
1159 5011 1241 5046 durch
1257 5011 1301 5041 die
1320 5017 1416 5046 graue,
1434 5012 1656 5048 regentriefende
1675 5012 1765 5043 Stadt
1783 5012 1850 5045 nach

1027 5052 1091 5079 dem
1114 5050 1225 5081 Süden.
1265 5050 1312 5086 In
1342 5052 1435 5081 einem
1457 5050 1557 5087 Hause,
1589 5054 1645 5082 das
1675 5053 1728 5082 mit
1756 5052 1848 5087 seiner

1026 5088 1196 5125 Hinterseite
1219 5092 1271 5128 auf
1295 5091 1465 5126 Brachland,
1489 5091 1614 5128 dürftige
1638 5092 1848 5127 Pflanzgärten

1025 5130 1079 5159 mit
1097 5132 1263 5161 verdorrten
1280 5131 1429 5162 Strünken
1447 5135 1507 5162 und
1523 5133 1680 5169 winterlich
1695 5133 1846 5168 verlassene

1025 5169 1181 5206 Bauplätze
1202 5170 1259 5208 sah,
1281 5172 1395 5207 wohnte
1417 5172 1520 5206 Pawel
1541 5173 1734 5208 Petrowitsch.
1772 5173 1848 5204 Sein

1026 5207 1156 5242 Zimmer
1178 5211 1225 5245 lag
1249 5211 1319 5241 über
1340 5215 1394 5242 den
1416 5212 1605 5248 Bauplätzen;
1635 5215 1667 5243 es
1690 5216 1751 5243 war
1774 5220 1849 5243 arm¬

1024 5247 1103 5284 selig,
1119 5251 1190 5280 aber
1207 5251 1270 5286 hell.

1935 3970 1993 4001 Als
2013 3972 2069 4002 Leo
2088 3971 2294 4009 Iwanowitsch
2313 3975 2426 4010 eintrat,
2445 3976 2578 4011 beschrieb
2597 3975 2700 4009 Pawel

1886 4011 1955 4041 eben
1971 4013 2023 4042 mit
2037 4013 2131 4043 einem
2145 4015 2248 4044 derben
2264 4014 2367 4050 Pinsel
2381 4016 2580 4050 schwungvolle
2596 4015 2698 4046 Linien

1886 4051 1936 4087 auf
1960 4052 2019 4082 eine
2041 4053 2129 4083 bunte
2152 4053 2318 4084 Leinwand.
2357 4056 2448 4086 Seine
2470 4055 2699 4091 Pinselführung

1886 4090 1962 4126 hatte
1982 4095 2075 4122 etwas
2094 4093 2288 4130 Spaßhaftes;
2309 4102 2338 4124 er
2356 4096 2443 4131 schien
2464 4096 2510 4131 sich
2528 4096 2616 4130 selber
2636 4099 2700 4126 dar¬

1887 4130 1957 4162 über
1979 4138 2013 4167 zu
2037 4133 2201 4168 amüsieren.
2241 4135 2282 4164 Er
2304 4135 2384 4171 brach
2404 4137 2441 4165 ab
2466 4137 2524 4165 und
2547 4137 2615 4171 ging
2639 4140 2700 4165 dem

1886 4169 2018 4205 Freunde
2059 4176 2202 4209 entgegen,
2250 4175 2303 4210 auf
2343 4176 2434 4206 einem
2473 4176 2568 4212 steifen
2609 4176 2699 4206 Beine

1886 4211 2012 4246 hinkend.

1937 4251 1992 4282 Leo
2012 4251 2218 4289 Iwanowitsch
2236 4254 2285 4290 sah
2304 4255 2423 4290 fragend
2441 4257 2493 4291 auf
2512 4257 2567 4285 das
2587 4256 2667 4286 Bild.

1937 4292 2041 4326 Pawel
2061 4294 2159 4328 streckte
2181 4294 2227 4330 sich
2245 4295 2297 4330 auf
2318 4295 2410 4326 einem
2431 4296 2522 4332 Stuhl
2541 4298 2607 4331 aus,
2630 4296 2700 4331 ohne

1887 4331 1931 4361 die
1955 4332 2068 4367 Palette
2089 4336 2147 4363 aus
2170 4333 2217 4364 der
2240 4334 2324 4368 Hand
2348 4341 2381 4371 zu
2403 4336 2492 4370 legen.
2533 4337 2619 4370 „Gott
2641 4336 2700 4365 will

1886 4372 1943 4406 es,"
1965 4372 2040 4408 sagte
2061 4381 2098 4404 er.
2135 4375 2193 4409 „Er
2213 4375 2261 4410 hat
2282 4376 2337 4405 mir
2357 4379 2410 4406 den
2431 4377 2701 4411 hochvermögenden

1885 4410 2079 4445 Fabrikanten
2097 4415 2175 4445 einer
2194 4415 2360 4450 berühmten
2380 4416 2540 4452 Zahnpaste
2558 4417 2629 4447 über
2648 4417 2701 4446 den

1886 4451 1954 4486 Weg
1984 4453 2106 4488 gesandt,
2136 4461 2186 4484 um
2214 4455 2282 4490 mich
2310 4458 2361 4486 vor
2382 4460 2445 4486 dem
2466 4456 2646 4491 Hungertode
2667 4463 2700 4492 zu

1885 4491 2046 4528 bewahren.
2088 4494 2162 4524 Dies
2187 4495 2272 4525 kleine
2298 4495 2381 4526 Stück
2406 4497 2588 4531 Leinwand,"
2613 4514 2648 4519 —
2672 4505 2701 4527 er

1886 4532 1972 4567 zeigte
2003 4534 2055 4569 auf
2086 4535 2169 4564 einen
2192 4535 2349 4571 länglichen
2380 4537 2516 4573 hellroten
2540 4537 2622 4573 Fleck,
2654 4541 2701 4568 der

1887 4572 1947 4602 eine
1969 4573 2051 4603 Tube
2074 4575 2208 4610 darstellte
2230 4576 2261 4606 in
2284 4579 2331 4606 der
2353 4576 2438 4611 Hand
2457 4579 2540 4608 eines
2561 4578 2703 4614 strahlend

1887 4612 2043 4647 lächelnden
2068 4613 2174 4649 jungen
2199 4616 2356 4652 Mädchens
2380 4621 2436 4647 von
2461 4618 2580 4654 starkem,
2604 4618 2703 4654 gesun¬

1886 4654 1947 4682 dem
1983 4654 2078 4689 Gebiß
2111 4671 2145 4676 —
2183 4656 2229 4692 „ist
2264 4657 2451 4692 dreihundert
2487 4658 2587 4688 Dollar
2624 4661 2702 4689 wert.

1887 4692 2014 4728 Dollars,
2035 4695 2112 4725 mein
2132 4695 2245 4726 Lieber!
2284 4697 2342 4727 Der
2362 4698 2464 4729 Dollar
2485 4699 2515 4734 ist
2536 4700 2590 4728 das
2608 4699 2702 4734 einzig

1887 4732 2005 4768 Gewisse
2029 4734 2062 4764 in
2086 4736 2199 4770 unserm
2223 4736 2340 4767 Leben."

1938 4773 2028 4809 „Geht
2047 4777 2079 4805 es
2095 4776 2260 4810 anonym?"
2279 4778 2370 4813 fragte
2388 4779 2452 4810 Leo.

1937 4813 2040 4848 Pawel
2063 4815 2223 4851 betrachtete
2247 4817 2370 4852 lächelnd
2394 4822 2446 4849 den
2468 4819 2594 4854 Freund.
2635 4818 2703 4854 „Ja,

1886 4855 1923 4882 du
1951 4854 2002 4890 bist
2031 4855 2064 4885 in
2090 4855 2232 4887 Arkadien
2261 4858 2395 4892 geboren!
2432 4860 2581 4894 Anonym!
2619 4860 2701 4895 Ohne

1886 4893 1977 4924 meine
1995 4897 2067 4929 paar
2085 4896 2187 4927 Bilder
2204 4898 2234 4927 in
2253 4898 2301 4928 der
2319 4898 2503 4935 Ausstellung
2520 4902 2568 4931 der
2585 4901 2703 4934 ‚Neuen'

1886 4932 1963 4964 wäre
1983 4935 2023 4970 ich
2044 4936 2090 4965 ein
2110 4937 2294 4973 Anonymus,
2316 4942 2377 4970 und
2397 4940 2452 4970 das
2473 4940 2594 4976 Porträt
2616 4941 2702 4976 dieser

1887 4975 2052 5005 wertvollen
2074 4976 2154 5007 Tube
2176 4978 2252 5013 hätte
2274 4979 2311 5013 ich
2333 4981 2403 5014 nicht
2426 4987 2460 5016 zu
2481 4982 2575 5011 malen
2598 4982 2703 5011 bekom¬

1886 5019 1959 5044 men.
1994 5014 2068 5051 Jetzt
2086 5017 2153 5047 aber
2172 5018 2203 5054 ist
2221 5018 2334 5053 ,Pawel
2352 5020 2536 5056 Petrowitsch
2552 5021 2702 5052 Sukulow'

1887 5055 2071 5090 dreihundert
2096 5056 2198 5088 Dollar
2223 5062 2302 5090 wert.
2346 5059 2444 5096 Dieser
2469 5062 2619 5096 Sukulow,
2643 5064 2703 5091 ver¬

1887 5093 1962 5130 stehst
1982 5095 2029 5129 du,
2051 5097 2195 5132 verspürte
2217 5099 2297 5129 eines
2319 5099 2417 5136 Tages
2439 5102 2499 5132 eine
2521 5102 2702 5136 unbezwing¬

1887 5134 1950 5170 liche
1981 5136 2061 5172 Lust,
2084 5138 2127 5168 die
2158 5139 2393 5174 Morgentoilette
2423 5143 2504 5172 eines
2533 5142 2701 5177 Bohemien¬

1886 5177 1999 5210 paares,
2030 5177 2179 5213 gefälliges
2208 5179 2388 5217 ,Interieur',
2420 5182 2611 5217 darzustellen;
2642 5183 2700 5209 und

1886 5215 1954 5245 weil
1971 5219 2025 5246 das
2044 5219 2206 5249 undenkbar
2223 5223 2285 5250 war
2303 5221 2374 5256 ohne
2393 5223 2454 5253 eine
2472 5223 2551 5252 Tube
2569 5220 2697 5253 Blankol,

1886 5254 1936 5285 hat
1957 5263 1987 5287 er
2009 5257 2082 5293 diese
2102 5265 2175 5294 ganz
2198 5260 2337 5295 beiläufig
2359 5265 2420 5292 und
2441 5261 2621 5296 unauffällig,
2643 5260 2695 5288 wie

2738 3975 2775 4005 du
2794 3976 2878 4012 siehst,
2897 3979 2960 4006 dem
2979 3976 3119 4005 Malweib
3140 3976 3170 4004 in
3190 3977 3234 4005 die
3254 3974 3340 4009 Hand
3358 3975 3487 4009 gegeben.
3505 3975 3552 4005 So

2738 4016 2769 4052 ist
2787 4016 2881 4051 dieses
2899 4016 2979 4047 Werk
2998 4019 3045 4046 der
3065 4017 3153 4051 freien
3175 4016 3263 4051 Kunst
3282 4015 3482 4051 aufzufassen."

2789 4062 2896 4095 „Deine
2937 4061 3094 4095 Tanzbar,"
3136 4060 3210 4095 sagte
3252 4059 3459 4094 Iwanowitsch
3499 4060 3553 4089 mit

2736 4102 2850 4131 müdem
2870 4101 3035 4137 Gleichmut,
3055 4101 3115 4130 und
3133 4101 3207 4136 seine
3226 4101 3313 4136 ernste
3334 4101 3431 4130 Miene
3451 4103 3552 4135 verzog

2738 4141 2784 4177 sich
2804 4142 2883 4177 nicht.

2790 4186 2848 4216 Der
2871 4186 2969 4216 Maler
2991 4187 3058 4221 ging
3080 4187 3184 4216 wieder
3205 4193 3244 4216 an
3267 4186 3312 4215 die
3335 4185 3471 4220 Staffelei
3494 4187 3555 4214 und

2738 4225 2811 4262 setzte
2827 4226 3001 4262 Lichtreflexe
3019 4227 3049 4256 in
3066 4228 3120 4256 das
3136 4225 3214 4260 Haar
3232 4228 3283 4255 des
3300 4225 3465 4259 Mädchens.
3483 4225 3553 4259 „So,

2738 4267 2814 4297 mein
2838 4267 3018 4302 Schönchen,"
3041 4266 3116 4301 sagte
3138 4274 3167 4296 er
3188 4266 3349 4302 befriedigt.
3370 4266 3436 4295 Und
3456 4266 3553 4295 weiter

2738 4307 2879 4342 strichelnd
2897 4310 2987 4337 redete
3005 4314 3045 4336 er:
3065 4307 3176 4341 „Siehst
3193 4307 3231 4336 du
3248 4306 3317 4341 mich
3334 4307 3381 4335 als
3397 4305 3553 4341 Eintänzer

2740 4350 2806 4377 oder
2828 4347 2990 4383 Chauffeur
3014 4350 3080 4377 oder
3104 4347 3329 4381 Kohlenträger?
3371 4346 3436 4376 Wer
3459 4346 3553 4375 keinen

2739 4387 2967 4422 Granatsplitter
2991 4388 3022 4417 in
3046 4390 3093 4418 der
3118 4385 3213 4422 Hüfte
3227 4387 3285 4423 hat,
3309 4386 3360 4421 soll
3383 4386 3431 4421 sich
3453 4386 3553 4421 Extra¬

2738 4430 2885 4463 vaganzen
2902 4428 3022 4464 leisten."

2791 4477 2852 4511 „Es
2876 4477 2978 4507 kommt
3002 4477 3132 4513 offenbar
3156 4483 3211 4508 nur
3236 4478 3287 4513 auf
3310 4476 3354 4507 die
3379 4474 3551 4511 Einstellung

2740 4519 2802 4552 an,"
2819 4518 2894 4553 sagte
2910 4517 2966 4548 Leo
2981 4521 3032 4547 vor
3047 4517 3093 4553 sich
3109 4517 3168 4552 hin.

2791 4562 2863 4596 „Die
2883 4561 2948 4597 Zeit
2978 4562 3134 4597 gebietet's;
3165 4561 3208 4591 die
3237 4560 3337 4596 Zeiten
3366 4562 3477 4590 werden
3507 4559 3552 4594 sich

2740 4601 2873 4632 ändern."

2792 4647 2864 4681 „Die
2881 4646 2946 4682 Zeit
2961 4647 2994 4683 ist
3010 4649 3067 4676 aus
3085 4649 3137 4676 den
3154 4645 3262 4682 Fugen.
3279 4646 3333 4676 Wo
3349 4645 3423 4679 heißt
3440 4646 3472 4673 es
3489 4643 3550 4677 doch

2740 4686 2806 4721 so?"
2827 4686 2882 4717 Leo
2903 4687 2979 4722 hatte
3000 4687 3042 4717 die
3063 4686 3199 4720 Ellbogen
3220 4686 3269 4721 auf
3290 4686 3333 4715 die
3354 4685 3425 4714 Knie
3446 4683 3549 4718 gestützt

2741 4730 2801 4757 und
2818 4727 2892 4763 seine
2910 4728 2995 4763 große
3012 4727 3119 4762 Gestalt
3136 4729 3196 4757 war
3214 4726 3264 4761 tief
3282 4724 3549 4758 vornübergebeugt.

2792 4772 2850 4802 Der
2870 4772 2968 4802 Maler
2986 4772 3059 4807 warf
3078 4771 3158 4801 einen
3177 4770 3283 4805 kurzen,
3302 4768 3457 4805 prüfenden
3477 4767 3549 4798 Blick

2741 4813 2791 4848 auf
2814 4812 2871 4848 ihn.
2895 4812 2984 4846 „Dort
3007 4812 3036 4846 ist
3058 4812 3128 4841 alter
3149 4810 3325 4844 Bordeaux,"
3346 4809 3419 4843 sagte
3440 4816 3469 4838 er
3491 4810 3549 4837 und

2740 4855 2848 4883 deutete
2863 4853 2915 4882 mit
2931 4855 2991 4882 dem
3006 4851 3165 4886 Pinselstiel
3179 4851 3229 4884 auf
3241 4850 3325 4880 einen
3340 4848 3546 4882 Wandschrank.

2790 4897 2867 4927 Aber
2881 4897 2935 4927 Leo
2950 4896 3023 4926 blieb
3037 4896 3111 4931 sitzen
3126 4894 3182 4923 und
3197 4894 3356 4928 betrachtete
3371 4894 3424 4922 das
3439 4892 3545 4927 Muster

2740 4936 2820 4967 eines
2851 4939 3064 4970 ausgetretenen
3096 4934 3263 4964 Linoleums
3294 4932 3421 4967 zwischen
3452 4932 3545 4966 seinen

2740 4976 2849 5012 Füßen.
2885 4976 2987 5011 Pawel
3005 4975 3143 5010 humpelte
3164 4979 3225 5007 zum
3247 4972 3375 5006 Schrank,
3395 4971 3481 5001 bückte
3501 4971 3547 5004 sich

2740 5017 2868 5051 mühsam
2890 5018 2947 5044 und
2969 5014 3049 5049 stellte
3072 5013 3114 5043 die
3136 5012 3237 5047 Gläser
3258 5013 3317 5047 auf.
3355 5011 3433 5045 „Wie
3456 5011 3545 5047 geht's

2740 5056 2871 5090 Nadja?"
2888 5056 2977 5090 fragte
2995 5061 3030 5083 er.

2788 5100 2843 5130 Leo
2865 5099 2913 5133 sah
2936 5099 2987 5127 mit
3009 5097 3199 5131 abwesendem
3221 5096 3297 5126 Blick
3316 5097 3369 5131 auf
3390 5094 3445 5125 das
3469 5096 3546 5126 Glas

2737 5142 2788 5169 vor
2803 5140 2860 5174 ihm
2876 5141 2934 5167 und
2950 5138 3022 5173 sagte
3038 5137 3115 5171 leise:
3149 5136 3218 5170 „Sie
3234 5137 3330 5171 hustet.
3361 5136 3415 5166 Sie
3432 5137 3500 5170 muß
3516 5145 3545 5167 in

2737 5180 2788 5208 den
2814 5178 2924 5209 Süden.
2966 5177 3054 5209 Lydia
3080 5177 3277 5210 Gregorowna
3303 5176 3404 5205 nimmt
3430 5176 3464 5211 sie
3489 5178 3544 5211 auf.

2735 5218 2789 5248 Sie
2805 5217 2865 5247 will
2882 5217 2951 5251 nicht
2968 5217 3037 5252 ohne
3054 5216 3121 5252 mich
3136 5219 3205 5252 weg.
3220 5215 3276 5251 Ich
3291 5217 3359 5253 muß
3376 5217 3442 5253 fort.
3459 5217 3544 5247 Dann

2733 5259 2807 5287 wird
2827 5257 2859 5287 sie
2878 5257 3003 5293 fahren."
