4110 5551
434 609 711 676 Beilage

380 714 458 766 zu
496 698 627 756 Nr.
651 699 753 752 35

3484 639 3829 712 Samstag,

3338 729 3414 786 4.
3449 731 3756 799 Februar
3791 737 3990 794 1905

1049 572 1522 781 Neue
1617 575 2322 839 Zürcher
2417 584 3193 852 Zeitung.

508 891 684 942 Pariser
710 892 856 943 Brief.

787 949 933 987 Paris,
955 956 1002 983 31.
1022 954 1097 988 Jan.

301 997 344 1029 H.
375 998 513 1033 Combes
540 1000 579 1040 ist
600 1000 743 1041 gestürzt,
801 1000 873 1040 hieß
900 1005 935 1034 es
961 1005 1033 1044 noch
1075 1013 1134 1040 vor

228 1036 372 1078 einigen
380 1041 504 1082 Tagen,
558 1041 631 1075 aber
656 1043 711 1075 der
736 1040 947 1078 Combismus
989 1046 1054 1079 lebt
1098 1046 1132 1081 in

231 1080 300 1114 dem
324 1082 480 1117 Kabinett
502 1083 648 1119 Rouvier
673 1082 750 1123 fort,
783 1084 844 1119 das
867 1087 941 1127 nach
965 1088 1020 1122 der
1046 1087 1134 1122 Vor¬

230 1122 335 1164 schrift
360 1122 512 1156 Combes'
548 1123 653 1158 keinen
678 1123 881 1164 Dissidenten
924 1130 989 1163 und
1026 1131 1134 1167 keinen

229 1162 481 1207 Progressisten,
503 1164 608 1199 keinen
631 1168 685 1200 der
697 1166 943 1210 Republikaner,
976 1172 1025 1205 die
1050 1174 1135 1212 nicht

233 1205 320 1243 mehr
343 1214 414 1246 zum
432 1205 539 1239 Blocke
563 1209 710 1248 gehörten
740 1210 812 1243 oder
838 1212 889 1245 nie
913 1211 992 1251 dazu
1016 1216 1128 1255 gehört

232 1246 367 1287 hatten,
407 1248 571 1288 enthalten
607 1251 723 1287 durfte.
778 1253 846 1288 Der
874 1251 1045 1285 Wortlaut
1080 1257 1133 1290 der

233 1288 428 1331 Erklärung,
469 1290 528 1323 mit
553 1292 607 1324 der
632 1292 692 1325 das
732 1302 807 1327 neue
831 1295 1057 1333 Ministerium
1083 1305 1134 1329 am

233 1331 288 1364 27.
321 1330 455 1366 Januar
476 1338 534 1365 vor
560 1335 621 1367 das
645 1332 836 1369 Parlament
880 1342 958 1378 trat,
1004 1337 1134 1368 änderte

232 1369 337 1410 wenig
360 1380 402 1404 an
452 1371 548 1412 dieser
573 1372 778 1417 Ausfassung,
833 1378 907 1412 aber
947 1381 997 1414 die
1023 1378 1134 1419 Dinge

231 1412 368 1451 nahmen
394 1412 438 1445 im
463 1412 616 1454 Verlaufe
648 1418 701 1451 der
727 1418 1135 1458 Interpellationsdebatte

232 1455 298 1487 und
325 1455 417 1494 durch
441 1455 500 1488 das
517 1455 839 1499 Vertrauensvotum,
869 1464 981 1497 womit
1010 1461 1052 1500 sie
1077 1464 1133 1497 ab¬

231 1494 412 1536 geschlossen
439 1498 556 1538 wurde,
597 1505 796 1535 unvermutet
835 1504 903 1537 eine
927 1503 1042 1536 andere
1070 1501 1135 1534 Ge¬

232 1537 306 1576 stalt
331 1546 385 1571 an.
420 1540 565 1576 Rouvier
595 1543 680 1578 hatte
702 1545 761 1577 den
787 1543 922 1583 Wunsch
948 1544 1023 1582 nach
1049 1544 1135 1578 einer

231 1578 472 1616 „erweiterten"
512 1581 678 1622 Mehrheit
729 1586 941 1625 ausgedrückt,
997 1587 1064 1619 und
1102 1594 1135 1619 er

230 1626 300 1653 war
324 1631 522 1658 vernommen
550 1627 695 1665 worden;
726 1630 809 1661 denn
836 1625 1043 1665 Dissidenten
1068 1631 1133 1663 und

231 1663 474 1705 Progressisten
487 1663 629 1704 schlossen
656 1668 712 1705 sich
740 1668 804 1706 ihm
822 1677 874 1706 an,
903 1670 1055 1708 während
1086 1671 1136 1705 die

229 1703 371 1742 äußerste
423 1706 525 1746 Linke,
582 1708 777 1750 Sozialisten
819 1713 884 1744 und
935 1707 1130 1750 sozialistisch

231 1743 416 1785 Radikale,
445 1749 530 1783 einer
556 1750 610 1782 der
645 1747 852 1787 Stützpfeiler
878 1751 934 1783 des
958 1754 1133 1788 Kabinetts

231 1787 380 1827 Combes,
413 1790 468 1829 sich
492 1786 634 1829 grollend
663 1789 732 1830 fern
757 1794 884 1832 hielten.
940 1795 1017 1829 Das
1042 1796 1130 1833 hatte

229 1825 292 1863 sein
306 1828 462 1864 Aufreten
487 1839 580 1871 gegen
606 1833 655 1866 die
670 1833 854 1873 Angeberei,
883 1835 932 1868 die
958 1844 990 1868 er
1017 1839 1134 1873 tadelte

232 1868 295 1901 und
322 1869 551 1911 brandmarkte,
604 1875 653 1909 die
694 1873 878 1914 Angeberei,
932 1878 1025 1911 deren
1067 1878 1131 1911 Be¬

231 1912 411 1955 rechtigung
460 1920 522 1947 von
546 1917 601 1949 der
627 1916 744 1954 Partei
770 1918 901 1953 Jaurès
923 1922 1131 1957 proklamiert

231 1950 321 1990 wird,
378 1956 479 1994 ferner
504 1956 554 1989 die
582 1961 835 1995 unumwundene
861 1959 1043 2002 Erklärung
1080 1965 1131 1998 be¬

232 1993 333 2033 wirkt,
385 1998 448 2035 daß
487 2007 518 2030 er
542 2007 628 2040 zwar
668 2001 717 2033 die
758 1999 1037 2042 Entstaatlichung
1079 2006 1131 2040 der

230 2032 362 2073 Kirchen
386 2045 443 2076 zur
466 2041 641 2080 geeigneten
664 2042 796 2076 Stunde
820 2040 980 2079 anstreben
1012 2048 1124 2085 werde,

225 2075 315 2110 aber
325 2079 381 2118 sich
403 2081 591 2121 entschieden
605 2092 698 2124 gegen
713 2084 938 2126 Maßnahmen
952 2092 1123 2128 verwahre,

230 2120 374 2159 wodurch
424 2119 473 2152 die
521 2122 827 2164 Gewissensfreiheit
888 2126 1127 2168 beeinträchtigt

229 2161 302 2193 oder
326 2161 376 2193 ein
397 2160 654 2206 Religionskrieg
678 2169 976 2208 heraufbeschworen
1007 2173 1129 2205 werden

227 2200 364 2235 könnte.
408 2204 490 2238 Eine
539 2206 631 2245 solche
656 2209 781 2248 Politik
818 2210 1032 2251 widerspricht
1070 2214 1128 2247 den

226 2239 394 2280 Absichten
444 2247 509 2277 und
530 2250 590 2280 den
616 2244 806 2287 Weisungen
833 2251 930 2288 derer,
982 2255 1033 2287 die
1073 2253 1130 2292 sich

228 2288 322 2318 unter
348 2287 401 2319 der
428 2288 585 2331 Führung
609 2291 750 2326 Jaurès'
780 2291 832 2330 für
859 2292 908 2325 die
927 2292 1050 2331 Herren
1075 2297 1128 2328 der

227 2327 310 2367 Lage
325 2327 469 2364 gehalten
495 2330 604 2368 hatten
619 2333 683 2365 und
710 2336 744 2364 es
771 2344 809 2374 zu
833 2332 955 2365 bleiben
973 2333 1123 2374 meinten,

228 2368 303 2401 weil
328 2370 388 2400 das
413 2378 490 2402 neue
513 2369 667 2405 Kabinett
707 2373 796 2415 sogar
833 2375 924 2408 einen
951 2375 1127 2410 Radikalen

229 2409 317 2448 mehr
337 2411 425 2449 zählt
449 2411 502 2444 als
527 2414 589 2445 das
614 2416 705 2455 letzte.

302 2453 381 2487 Seit
407 2455 459 2488 der
483 2453 715 2498 Gruppierung
754 2459 808 2492 der
833 2469 932 2493 neuen
958 2459 1125 2498 Mehrheit

226 2499 264 2528 zu
307 2494 373 2526 dem
399 2493 713 2531 Vertrauensvotum
764 2507 836 2535 vom
864 2503 968 2543 letzten
993 2502 1128 2544 Freitag

229 2535 364 2574 scheinen
387 2537 436 2570 die
462 2540 637 2580 verstockten
659 2540 837 2577 Combisten
861 2546 919 2579 den
947 2544 1033 2583 Kopf
1059 2555 1127 2581 ver¬

228 2574 319 2608 loren
341 2586 380 2617 zu
403 2579 513 2619 haben,
570 2581 602 2622 so
628 2582 705 2615 wild
731 2587 838 2619 wüten
878 2584 919 2622 sie
957 2595 1053 2627 gegen
1078 2586 1128 2619 die

231 2616 378 2656 früheren
402 2618 572 2659 Blocards,
605 2623 758 2658 Radikale
786 2627 850 2658 und
873 2626 1118 2666 Republikaner,

225 2656 275 2689 die
303 2660 353 2695 für
377 2661 437 2693 das
465 2661 618 2696 Kabinett
641 2663 786 2697 Rouvier
817 2667 985 2707 stimmten,
1032 2671 1125 2710 sowie

229 2708 320 2740 gegen
346 2701 396 2735 die
422 2700 587 2742 Minister,
619 2706 668 2740 die
690 2706 745 2748 sich
774 2708 857 2747 nicht
884 2705 1065 2747 blindlings
1082 2721 1123 2744 an

228 2741 287 2773 das
312 2740 507 2781 Programm
531 2745 695 2784 Combes',
740 2760 783 2783 an
824 2752 874 2785 die
916 2751 1126 2793 Reihenfolge

227 2785 281 2818 der
306 2782 477 2821 Reformen
519 2790 584 2821 und
626 2791 698 2827 auch
723 2801 765 2824 an
791 2793 841 2825 die
866 2792 935 2832 kurz
961 2792 1127 2832 bemessene

228 2826 369 2863 Spanne
381 2826 457 2866 Zeit
480 2831 596 2870 halten,
632 2831 737 2869 welche
761 2840 834 2865 man
861 2834 955 2874 ihnen
969 2836 1063 2873 dafür
1088 2844 1126 2875 zu

227 2862 404 2905 bewilligen
432 2872 554 2909 geruht.
586 2875 672 2915 Doch
683 2872 781 2912 sollen
809 2876 894 2913 schon
918 2876 997 2914 diese
1016 2876 1127 2916 Woche

226 2905 375 2946 Versuche
399 2915 535 2951 gemacht
560 2915 693 2951 werden,
747 2914 797 2948 die
822 2914 1008 2952 radikalsten
1032 2922 1126 2952 unter

226 2950 284 2983 den
310 2948 486 2987 Ministern
513 2955 564 2994 für
604 2955 655 2988 die
681 2956 1001 2998 Anschauungsweise
1042 2960 1127 2999 ihrer

228 2986 488 3029 Parteigenossen
510 3004 548 3035 zu
567 2998 740 3036 gewinnen,
775 2997 868 3036 ihnen
886 2999 1120 3042 beizubringen,

224 3030 287 3068 daß
313 3030 362 3070 sie,
406 3033 455 3067 die
481 3035 523 3067 im
549 3038 704 3072 Kabinett
727 3038 776 3072 die
804 3039 1128 3079 Stimmenmehrheit

226 3072 334 3112 haben,
367 3075 425 3108 den
449 3075 620 3117 Ausschlag
664 3080 758 3120 geben
797 3084 927 3122 können,
968 3093 1062 3119 wenn
1086 3085 1125 3121 sie

225 3122 289 3147 nur
314 3116 393 3151 recht
416 3117 541 3156 wollen,
592 3120 656 3152 und
682 3121 743 3156 daß
771 3128 805 3156 es
830 3123 864 3155 in
902 3119 984 3158 ihrer
1011 3127 1125 3165 Macht

224 3152 313 3195 liegt,
342 3157 498 3197 Rouvier,
536 3163 588 3194 der
614 3171 664 3195 am
688 3165 798 3198 Ruder
826 3165 948 3199 bleiben
976 3167 1057 3205 will,
1092 3168 1124 3200 in

224 3199 283 3232 den
323 3198 571 3234 Radikalismus
609 3204 915 3248 hineinzuzwängen,
962 3210 1124 3248 Chaumié

223 3238 289 3270 und
315 3240 463 3280 Delcassé
487 3253 541 3281 zur
570 3244 746 3286 Ohnmacht
769 3256 808 3287 zu
831 3251 1043 3281 verdammen.

294 3283 349 3316 Ob
365 3283 432 3316 dies
447 3284 589 3324 gelingen
616 3289 705 3326 wird,
739 3288 776 3326 ist
802 3289 903 3329 jedoch
926 3289 994 3324 eine
1009 3293 1123 3325 andere

221 3319 338 3362 Frage.
367 3322 512 3357 Rouvier
539 3327 621 3366 weiß
646 3329 678 3364 so
702 3332 760 3368 gut
787 3331 847 3364 wie
872 3333 951 3369 seine
978 3333 1116 3374 Gegner,

222 3362 285 3399 daß
311 3366 359 3397 die
397 3365 587 3407 ansehnliche
612 3367 787 3408 Mehrheit,
844 3373 894 3406 die
936 3374 1034 3408 wider
1062 3377 1125 3408 Er¬

222 3409 345 3439 warten
371 3408 472 3447 seinen
500 3407 824 3451 Regierungsantritt
848 3415 1008 3455 begrüßte,
1041 3416 1124 3455 nicht

221 3446 334 3480 immer
357 3449 633 3489 zusammenstehen
662 3454 752 3493 wird,
784 3456 857 3488 aber
884 3466 916 3488 er
934 3458 1016 3497 weiß
1033 3462 1117 3498 auch,

221 3487 285 3528 daß
309 3499 342 3522 er
367 3491 452 3525 einer
476 3494 658 3535 geringeren
674 3495 819 3535 Mehreit
848 3498 936 3539 sicher
952 3498 999 3539 ist,
1032 3511 1122 3536 wenn

218 3538 253 3561 er
279 3532 381 3568 seinen
409 3532 655 3576 Verheißungen
677 3539 787 3578 gemäß
828 3540 944 3580 regiert
971 3545 1036 3577 und
1063 3544 1119 3578 mit

221 3568 325 3611 kluger
352 3573 450 3609 Wahl
475 3579 524 3612 die
550 3577 721 3615 Reformen
750 3585 784 3615 in
797 3579 969 3622 Vorschlag
995 3581 1116 3621 bringt.

220 3614 285 3649 Die
302 3613 498 3654 Sozialisten
523 3616 609 3658 selbst
636 3621 704 3659 sind
731 3621 795 3658 ihm
821 3624 912 3657 dabei
939 3625 1114 3664 behülflich,

219 3652 323 3688 indem
350 3659 391 3699 sie
418 3659 464 3692 bei
505 3661 587 3701 jeder
614 3662 828 3705 Gelegenheit,
883 3668 935 3702 als
977 3673 1063 3704 wäre
1088 3675 1121 3703 es

217 3696 451 3737 ausschließlich
501 3702 568 3742 ihre
593 3706 704 3746 Sache,
762 3706 818 3742 auf
859 3707 909 3741 die
951 3707 1121 3750 schleunige

218 3735 428 3779 Einführung
453 3745 505 3778 der
541 3743 930 3789 Wohlfahrtsmaßregeln
972 3749 1116 3792 dringen,

217 3780 312 3820 durch
335 3781 384 3815 die
409 3786 469 3817 das
497 3785 562 3818 Los
604 3786 657 3819 der
680 3787 767 3821 alten
804 3793 869 3824 und
898 3791 1028 3825 kranken
1056 3794 1118 3825 Ar¬

218 3820 316 3855 beiter
340 3824 511 3863 erleichtert
553 3830 667 3863 würde.
725 3830 773 3865 In
815 3837 869 3868 der
892 3833 1043 3866 Kammer
1083 3835 1120 3874 ist

217 3863 312 3899 ihnen
361 3866 539 3908 allerdings
579 3873 628 3907 die
653 3870 831 3911 Trennung
882 3876 936 3909 der
986 3876 1119 3913 Kirchen

214 3910 287 3936 vom
316 3908 439 3942 Staate
463 3911 665 3951 Hauptsache,
713 3916 786 3947 aber
814 3914 957 3951 draußen
999 3915 1119 3956 müssen

213 3944 256 3983 sie
281 3948 400 3980 anders
426 3953 572 3991 sprechen,
627 3961 719 3987 wenn
745 3953 786 3991 sie
835 3956 924 3995 ihren
961 3958 1118 3998 Wählern

215 3989 387 4027 gegenüber
413 3990 560 4024 Liebkind
586 3993 706 4027 bleiben
733 3996 860 4036 wollen,
914 4003 985 4031 was
1036 3998 1117 4033 beim

217 4027 328 4064 Nahen
354 4030 440 4063 einer
463 4042 562 4065 neuen
587 4037 774 4079 Legislatur
798 4037 881 4078 nicht
905 4048 945 4079 zu
972 4047 1117 4084 vernach¬

214 4068 346 4111 lässigen
371 4072 419 4111 ist.
473 4075 533 4108 Bei
561 4076 614 4108 der
635 4076 841 4119 Aufzählung
887 4078 987 4119 seines
1030 4084 1117 4121 Pro¬

213 4118 383 4152 grammes,
438 4116 495 4153 auf
517 4116 584 4149 dem
611 4118 693 4152 keine
732 4122 784 4153 der
812 4130 875 4157 von
898 4122 1037 4157 Combes
1068 4129 1116 4167 oft

1184 884 1367 920 erwähnten
1390 885 1572 920 Nummern
1596 887 1688 930 fehlt,
1729 888 1831 928 stellte
1868 890 2017 925 Rouvier
2039 889 2090 923 die

1183 924 1631 969 Wohlfahrtseinrichtungen
1655 938 1769 972 voran,
1816 931 1884 964 und
1910 934 2013 968 damit
2041 932 2090 966 be¬

1182 969 1292 1004 reitete
1318 978 1351 1002 er
1375 970 1510 1007 Jaurès
1559 973 1624 1006 und
1649 972 1771 1006 andern
1806 973 1899 1007 einen
1925 969 2085 1010 Verdruß,

1182 1010 1237 1043 der
1263 1010 1351 1051 umso
1374 1013 1466 1051 tiefer
1493 1015 1577 1056 geht,
1608 1013 1662 1047 als
1686 1012 1837 1052 Sembat,
1881 1014 1937 1048 der
1960 1016 2090 1049 revolu¬

1183 1047 1309 1082 tionäre
1334 1052 1508 1094 Sozialist,
1560 1054 1666 1094 hierin
1705 1056 1764 1090 mit
1811 1055 1883 1089 dem
1918 1056 2091 1097 Minister¬

1181 1094 1382 1132 präsidenten
1432 1095 1684 1136 übereinstimmt
1734 1097 1801 1131 und
1826 1097 1977 1137 Aussicht
2017 1106 2091 1133 vor¬

1184 1136 1305 1173 handen
1332 1137 1380 1177 ist,
1437 1138 1502 1176 daß
1526 1147 1560 1171 er
1600 1139 1667 1172 und
1711 1140 1791 1179 seine
1827 1141 2086 1183 unabhängigen,

1183 1178 1243 1211 das
1292 1175 1330 1216 ist
1355 1180 1489 1217 Jaurès
1537 1179 1620 1218 nicht
1658 1178 1873 1220 Gefolgschaft
1923 1183 2089 1223 leistenden

1183 1216 1546 1258 Gesinnungsgenossen
1594 1220 1644 1254 die
1695 1222 1861 1264 Mehrheit
1919 1224 2092 1264 verstärken

1183 1260 1319 1294 werden.
1365 1260 1418 1292 Es
1445 1261 1482 1302 ist
1507 1263 1686 1301 überhaupt
1717 1264 1798 1303 nicht
1821 1265 1969 1304 denkbar,
2000 1267 2091 1305 welch

1183 1300 1330 1340 triftigen
1357 1300 1478 1333 Grund
1504 1304 1553 1337 die
1579 1306 1776 1346 Sozialisten
1810 1307 1865 1340 der
1894 1305 1983 1340 einen
2015 1309 2088 1341 oder

1183 1344 1304 1375 andern
1330 1341 1516 1383 Observanz
1544 1347 1664 1387 hätten,
1712 1348 1767 1388 sich
1793 1359 1890 1392 gegen
1918 1352 1976 1386 den
2001 1351 2091 1390 Plan

1184 1384 1350 1418 Rouviers
1375 1384 1598 1425 aufzulehnen.
1651 1389 1706 1422 Ob
1732 1389 1782 1423 die
1818 1393 2000 1434 Trennung
2037 1392 2090 1424 der

1184 1423 1316 1462 Kirchen
1339 1433 1412 1459 vom
1440 1429 1576 1468 Staate,
1630 1428 1682 1468 für
1707 1431 1756 1464 die
1783 1433 1857 1471 noch
1897 1433 1963 1466 kein
2002 1433 2086 1472 wohl

1185 1467 1401 1506 durchdachter
1451 1471 1608 1511 Entwurf
1629 1473 1776 1513 vorliegt,
1832 1479 1935 1509 etwas
1976 1475 2084 1515 früher

1186 1511 1258 1542 oder
1283 1509 1387 1550 später
1414 1509 1556 1550 eintritt,
1604 1514 1695 1552 sollte
1720 1514 1814 1556 ihnen
1841 1514 1954 1555 füglich
1978 1515 2087 1557 gleich¬

1183 1549 1288 1590 gültig
1319 1552 1392 1592 sein,
1446 1554 1529 1592 nicht
1554 1554 1627 1587 aber
1676 1558 1726 1591 die
1754 1556 1964 1597 Anbahnung
2002 1559 2085 1592 einer

1185 1591 1327 1630 Reform,
1373 1594 1423 1627 die
1450 1595 1566 1628 Leiden
1595 1598 1660 1630 und
1682 1597 1802 1631 Armut
1847 1599 1932 1638 ihrer
1959 1600 2087 1640 Schütz¬

1184 1634 1269 1674 linge
1294 1634 1424 1670 lindert.
1456 1636 1560 1669 Wenn
1589 1639 1628 1673 sie
1655 1639 1711 1679 sich
1737 1639 1786 1677 ihr
1813 1640 1953 1678 ernstlich
1971 1643 2085 1674 wider¬

1185 1676 1297 1715 setzten,
1323 1682 1428 1713 wären
1459 1680 1498 1714 sie
1518 1679 1566 1712 bei
1584 1684 1642 1715 den
1655 1681 1783 1721 Massen
1802 1684 2081 1725 kompromittiert,

1183 1719 1247 1749 und
1274 1715 1390 1751 darauf
1441 1725 1564 1755 werden
1612 1722 1654 1762 sie
1697 1728 1730 1756 es
1779 1724 1863 1764 nicht
1904 1726 2083 1759 ankommen

1181 1759 1286 1800 lassen,
1315 1762 1419 1802 zumal
1450 1766 1484 1793 es
1511 1764 1582 1802 doch
1606 1762 1709 1802 nichts
1734 1766 1840 1804 nützen
1858 1767 1975 1805 würde,
2014 1765 2087 1798 weil

1183 1802 1224 1837 sie
1249 1802 1282 1835 in
1314 1807 1365 1838 der
1411 1804 1660 1842 entscheidenden
1699 1808 1831 1841 Stunde
1882 1809 1995 1842 wieder
2036 1809 2085 1843 die

1183 1844 1348 1886 Mehrheit
1372 1853 1446 1880 vom
1475 1846 1530 1879 27.
1563 1847 1696 1883 Januar
1723 1858 1816 1890 gegen
1844 1849 1900 1890 sich
1926 1851 2047 1888 hätten.

1190 1964 1254 2012 Der
1297 1966 1548 2016 Schulausweis
1585 1969 1636 2011 bei
1673 1971 1730 2011 der
1768 1971 2087 2022 Rekrutenprüfung.

1239 2028 1255 2044 *
1275 2029 1321 2063 In
1338 2030 1386 2056 der
1398 2028 1587 2062 Verordnung
1599 2031 1667 2059 über
1686 2032 1727 2059 die
1738 2031 1915 2066 Aushebung
1928 2034 1976 2062 der
1991 2034 2086 2065 Wehr¬

1181 2063 1342 2098 pflichtigen,
1362 2068 1407 2096 die
1425 2068 1474 2095 der
1495 2067 1660 2096 Bundesrat
1681 2077 1729 2097 am
1753 2073 1779 2098 1.
1800 2069 1870 2097 Mai
1885 2074 1958 2098 1903
1977 2079 2032 2099 neu
2051 2079 2090 2099 er¬

1182 2102 1267 2134 lassen
1288 2105 1343 2138 hat,
1370 2104 1403 2131 ist
1426 2104 1456 2132 in
1476 2108 1493 2140 §
1514 2110 1531 2134 7
1566 2106 1595 2133 in
1623 2105 1716 2139 Ziffer
1745 2106 1804 2134 drei
1836 2111 1887 2136 des
1920 2111 2090 2142 Abschnittes

1179 2142 1245 2169 über
1266 2138 1309 2167 die
1328 2140 1522 2173 pädagogische
1544 2142 1681 2174 Prüfung
1703 2143 1840 2177 verlangt,
1860 2145 1917 2177 daß
1935 2147 2009 2181 jeder
2032 2147 2085 2174 Re¬

1180 2177 1240 2205 krut
1259 2181 1308 2208 der
1325 2182 1540 2214 pädagogischen
1552 2180 1742 2213 Kommission
1753 2183 1805 2211 mit
1819 2189 1881 2211 dem
1902 2184 2091 2217 ausgefüllten

1180 2213 1404 2246 Dienstbüchlein
1424 2218 1491 2250 auch
1522 2221 1600 2248 einen
1634 2220 1778 2250 amtlichen
1799 2221 1990 2250 Ausweis
2026 2224 2092 2250 über

1181 2253 1223 2280 die
1240 2256 1330 2288 zuletzt
1352 2256 1469 2287 besuchte
1488 2255 1655 2290 Schule,
1683 2260 1710 2285 d.
1731 2259 1756 2285 h.
1775 2258 1818 2286 die
1839 2261 1955 2292 Schule,
1988 2259 2033 2286 die
2059 2267 2090 2287 er

1181 2293 1220 2319 im
1239 2291 1327 2323 letzten
1349 2292 1427 2324 Jahr
1460 2294 1547 2325 seiner
1576 2294 1799 2327 obligatorischen
1831 2298 2014 2331 Schulpflicht
2049 2301 2091 2327 be¬

1182 2330 1250 2360 sucht
1270 2330 1325 2362 hat,
1345 2331 1529 2362 vorzuweisen
1549 2332 1624 2362 habe.
1664 2333 1720 2361 Die
1742 2333 1969 2367 obligatorischen
1984 2335 2088 2367 Schul¬

1180 2371 1442 2404 abgangszeugnisse
1462 2370 1567 2398 können
1591 2369 1640 2398 als
1659 2371 1874 2404 Ausweis,
1909 2372 1960 2400 wie
1992 2379 2021 2399 er
2054 2378 2089 2403 da

1181 2404 1317 2437 gefordert
1336 2407 1417 2439 wird,
1434 2407 1541 2436 dienen.

1237 2443 1281 2470 Es
1301 2445 1395 2475 scheint
1419 2449 1491 2477 nun,
1524 2445 1581 2475 daß
1611 2447 1655 2475 die
1676 2445 1871 2480 Beibringung
1904 2448 1986 2477 dieser
2008 2451 2084 2478 Aus¬

1181 2481 1257 2512 weise
1275 2483 1313 2509 da
1331 2488 1391 2509 und
1413 2484 1476 2512 dort
1495 2486 1559 2514 noch
1582 2484 1820 2519 Schwierigkeiten
1842 2489 1968 2517 bereitet:
1990 2489 2089 2521 wenig¬

1185 2520 1257 2551 stens
1276 2524 1372 2546 wurde
1392 2521 1433 2548 bei
1455 2521 1503 2547 der
1522 2521 1726 2556 Rekrutierung
1745 2524 1784 2550 im
1805 2524 1896 2555 letzten
1912 2523 2010 2555 Herbst
2028 2526 2085 2557 fest¬

1180 2558 1289 2591 gestellt,
1312 2558 1364 2589 daß
1384 2559 1457 2590 nicht
1469 2559 1577 2586 überall
1588 2557 1671 2591 dieser
1682 2560 1847 2594 Forderung
1870 2562 1900 2589 in
1918 2563 2089 2594 genügender

1181 2592 1268 2623 Weise
1287 2594 1444 2626 nachgelebt
1474 2601 1572 2622 wurde
1590 2600 1648 2624 und
1683 2596 1738 2627 daß
1755 2600 1785 2626 in
1818 2600 1958 2633 einzelnen
1976 2599 2082 2627 Rekru¬

1179 2631 1406 2664 tierungskreisen
1415 2632 1458 2659 die
1468 2632 1544 2664 Zahl
1567 2637 1613 2662 der
1636 2633 1954 2668 Stellungspflichligen,
1973 2637 2015 2664 die
2038 2638 2084 2670 sich

1180 2671 1246 2700 ohne
1286 2668 1373 2697 diesen
1396 2669 1616 2700 Schulausweis
1657 2672 1812 2707 einfanden,
1847 2675 1893 2702 bis
1914 2678 1949 2701 46
1967 2678 2025 2700 und
2049 2677 2084 2700 48

1180 2707 1299 2740 Prozent
1316 2709 1362 2736 der
1382 2707 1686 2742 Gesamtrekrutenzahl
1707 2714 1754 2738 des
1774 2710 1957 2743 betreffenden
1972 2715 2082 2745 Kreises

1179 2745 1346 2776 ausmachte.
1385 2746 1444 2774 Die
1478 2745 1652 2778 angestellten
1672 2746 1858 2781 Erhebungen
1879 2749 1939 2780 sind
1971 2753 2085 2781 tabella¬

1178 2781 1241 2812 risch
1258 2784 1518 2816 zusammengestellt
1550 2784 1608 2808 und
1640 2786 1692 2812 den
1712 2785 1763 2812 mit
1800 2789 1848 2814 der
1881 2787 2083 2820 Rekrutierung

1178 2824 1235 2844 und
1249 2820 1326 2849 ihren
1336 2822 1520 2850 Vorarbeiten
1531 2822 1720 2855 beschäftigten
1733 2825 1872 2857 Organen
1880 2833 1930 2859 zur
1942 2828 2080 2854 Kenntnis

1180 2858 1303 2890 gebracht
1318 2863 1443 2886 worden.
1464 2860 1510 2888 Es
1528 2863 1601 2889 wird
1622 2861 1664 2887 die
1678 2858 1853 2892 Erwartung
1863 2864 2086 2898 ausgesprochen,

1181 2897 1235 2926 daß
1255 2894 1351 2926 fortan
1371 2900 1423 2924 mit
1452 2898 1536 2925 allem
1557 2895 1712 2924 Nachdruck
1729 2896 1815 2928 dafür
1850 2901 1958 2933 gesorgt
1992 2908 2087 2934 werde,

1178 2932 1233 2963 daß
1266 2937 1315 2964 der
1329 2933 1499 2966 Forderung
1535 2939 1582 2963 der
1614 2935 1810 2970 Beibringung
1844 2939 1895 2965 des
1927 2938 2087 2969 Schulaus¬

1180 2967 1272 2998 weises
1292 2972 1402 3000 überall
1419 2971 1509 3004 Folge
1528 2975 1642 3005 gegeben
1663 2979 1760 3000 werde.
1801 2972 1903 3005 Dieses
1922 2976 1984 3009 Ziel
2013 2974 2095 3011 wird

1180 3009 1278 3041 freilich
1297 3007 1366 3038 nicht
1398 3010 1487 3036 damit
1505 3009 1621 3041 erreicht,
1656 3009 1720 3041 daß,
1752 3012 1804 3041 wie
1836 3013 1867 3037 es
1889 3013 1918 3040 in
1951 3013 2087 3047 einzelnen

1180 3048 1325 3075 Kantonen
1345 3047 1523 3075 Vorkommen
1549 3047 1608 3078 soll,
1628 3051 1677 3083 für
1699 3049 1820 3080 fehlende
1841 3052 1985 3086 Ausweise
2005 3052 2087 3085 große

1179 3085 1302 3113 Strafen
1319 3084 1474 3116 angedroht
1505 3090 1565 3112 und
1585 3089 1663 3114 dann
1697 3086 1767 3116 nicht
1788 3087 1930 3120 vollzogen
1962 3091 2089 3119 werden;

1177 3123 1220 3150 ein
1240 3120 1371 3150 kleineres
1392 3123 1552 3155 Strafmaß
1573 3124 1626 3151 mit
1649 3125 1842 3158 konsequenter
1864 3126 2085 3160 Durchführung

1178 3162 1250 3188 wäre
1267 3159 1328 3186 weit
1371 3161 1541 3191 wirksamer.
1581 3161 1718 3193 Fehlende
1751 3163 1982 3195 Schulausweise
2013 3166 2080 3197 sind,

1177 3203 1254 3223 wenn
1272 3195 1350 3228 nötig
1367 3201 1572 3233 zwangsweise,
1595 3199 1786 3233 einzufordern
1803 3204 1862 3227 und
1892 3202 2084 3235 nachträglich,

1175 3237 1239 3263 auch
1259 3242 1339 3262 wenn
1361 3237 1405 3263 die
1418 3237 1624 3271 Rekrutierung
1637 3238 1834 3270 abgeschlossen
1855 3237 1897 3270 ist,
1920 3244 1979 3267 dem
1999 3242 2084 3273 päda¬

1174 3272 1311 3304 gogischen
1330 3272 1536 3306 Oberexperten
1553 3275 1740 3307 einzuliefern,
1761 3279 1807 3305 der
1828 3276 1865 3306 sie
1900 3276 1942 3304 bei
1963 3282 2011 3306 der
2044 3282 2084 3305 ta¬

1176 3309 1346 3341 bellarischen
1365 3309 1661 3345 Zusammenstellung
1681 3314 1745 3346 noch
1768 3313 1983 3347 berücksichtigen
2006 3315 2084 3349 wird,

1175 3348 1263 3379 sofern
1282 3347 1317 3379 sie
1334 3349 1481 3383 rechtzeitig
1500 3350 1652 3382 eintreffen.

1210 3386 1273 3415 Wir
1291 3388 1373 3416 geben
1394 3391 1452 3415 aus
1473 3391 1520 3413 der
1544 3386 1659 3415 Tabelle
1679 3389 1851 3421 nachstehend
1874 3393 1961 3425 einige
1972 3394 2084 3427 Zahlen

1171 3430 1229 3451 und
1247 3424 1347 3452 wollen
1357 3431 1415 3451 nur
1426 3426 1573 3456 bemerken,
1586 3426 1642 3458 daß
1664 3433 1720 3453 von
1728 3431 1778 3452 den
1793 3431 1830 3455 78
1840 3424 2076 3459 Rekrutierungs¬

1172 3462 1276 3494 kreisen,
1297 3462 1326 3490 in
1345 3460 1440 3490 welche
1471 3462 1513 3490 die
1535 3460 1659 3495 Schweiz
1671 3466 1808 3499 eingeteilt
1825 3466 1868 3498 ist,
1894 3469 1926 3496 17
1941 3469 2081 3498 keinen

1173 3499 1374 3528 Rekruten
1395 3502 1493 3532 ohne
1516 3501 1733 3533 Schulausweiß
1749 3511 1782 3536 zu
1805 3506 1970 3537 verzeichnen
1982 3504 2078 3534 haben.

1172 3538 1216 3565 Es
1236 3537 1296 3566 sind
1310 3539 1362 3566 das
1382 3539 1429 3566 der
1450 3540 1477 3566 7.
1498 3540 1584 3567 Kreis
1603 3548 1659 3569 von
1669 3542 1746 3569 Bern
1762 3541 2085 3577 (Münsingen-Biglen-

1175 3576 1262 3604 Worb
1279 3576 1334 3609 etc.),
1375 3578 1429 3604 das
1450 3585 1534 3611 ganze
1554 3578 1656 3606 Gebiet
1673 3587 1728 3609 von
1761 3578 1848 3612 Bern,
1888 3582 1942 3608 das
1962 3588 2010 3614 zur
2031 3585 2081 3611 IV.

1174 3613 1307 3644 Division
1323 3614 1418 3647 gehört
1450 3616 1522 3648 (vier
1542 3614 1659 3649 Kreise),
1694 3614 1753 3647 Uri,
1773 3617 1900 3652 Glarus,
1933 3616 2081 3650 Appenzell

1174 3648 1287 3681 A.-Rh.,
1309 3652 1402 3682 Kreise
1415 3655 1442 3684 4,
1466 3656 1483 3679 5
1494 3657 1552 3681 und
1575 3657 1592 3680 6
1610 3662 1667 3683 von
1689 3654 1740 3681 St.
1753 3655 1869 3690 Gallen,
1889 3657 1916 3683 d.
1932 3657 1958 3688 h.
1966 3656 2081 3685 Gaster¬

1171 3686 1247 3720 land,
1270 3688 1420 3720 Wallensee
1443 3691 1489 3719 bis
1509 3689 1615 3723 Ragaz,
1636 3691 1770 3722 Rheintal
1791 3698 1849 3720 und
1870 3691 2081 3731 Toggenburg;

1173 3726 1249 3753 dann
1267 3729 1320 3753 das
1341 3726 1530 3758 bündnerische
1549 3728 1791 3761 Vorderrheintal,
1827 3731 1870 3759 die
1890 3733 2081 3764 aargauischen

1169 3762 1264 3795 Kreise
1283 3766 1301 3791 6
1319 3769 1378 3790 und
1398 3768 1425 3799 7,
1458 3766 1486 3794 d.
1509 3768 1536 3797 h.
1557 3764 1685 3799 Fricktal,
1717 3768 1859 3803 Bötzberg,
1891 3773 1987 3798 untere
2007 3771 2082 3798 Aare

1169 3805 1227 3827 und
1258 3802 1358 3837 Rhein,
1392 3803 1440 3830 der
1459 3804 1576 3833 Kanton
1605 3803 1744 3838 Thurgau
1781 3805 1852 3839 (drei
1884 3806 2000 3840 Kreise).
2038 3808 2081 3836 Es

1168 3840 1259 3870 scheint
1283 3841 1343 3871 also
1361 3842 1433 3870 nicht
1454 3844 1609 3875 außerhalb
1630 3846 1680 3871 des
1701 3845 2028 3881 Möglichkeitsbereiches
2048 3854 2081 3881 zu

1168 3873 1263 3907 liegen,
1284 3872 1352 3904 diese
1371 3876 1516 3908 Ausweise
1539 3876 1742 3911 beizubringen.

1225 3910 1287 3943 Für
1325 3910 1367 3938 die
1387 3913 1439 3940 VI.
1460 3912 1594 3944 Division
1621 3914 1683 3945 sind
1724 3915 1767 3943 die
1788 3915 1901 3950 Zahlen
1933 3916 2080 3951 folgende:

1167 3949 1282 3978 Kanton
1299 3947 1505 3981 Schaffhausen
1534 3954 1588 3977 311
1605 3953 1754 3987 Rekruten,
1792 3956 1915 3987 fehlende
1934 3955 2079 3988 Ausweise

1174 3988 1207 4012 14
1220 3995 1253 4012 =
1265 3986 1312 4016 4,5
1331 3986 1473 4021 Prozent;
1492 3989 1608 4017 Kanton
1617 3989 1728 4022 Zürich,
1748 3993 1833 4022 Kreis
1844 3993 1861 4016 2
1881 3993 2007 4026 (Bezirke
2021 3993 2080 4020 An¬

1167 4022 1306 4056 delfingen
1326 4026 1384 4053 und
1405 4023 1597 4055 Winterthur)
1632 4030 1685 4054 681
1706 4029 1852 4061 Rekruten,
1890 4033 1925 4057 10
1959 4032 2081 4065 fehlende

1169 4058 1314 4091 Ausweise
1323 4057 1361 4096 =
1361 4057 1415 4096 1,5
1448 4062 1589 4098 Prozent;
1621 4065 1707 4094 Kreis
1729 4068 1776 4098 3/5
1807 4067 1934 4100 (Bezirke
1967 4068 2077 4101 Bülach

1167 4099 1329 4135 Dielsdorf,
1358 4102 1504 4134 Affoltern
1525 4106 1585 4133 und
1604 4104 1708 4138 Zürich
1726 4106 1820 4140 Land)
1851 4110 1916 4140 625,
1952 4108 1997 4139 48,
2032 4105 2077 4136 7,7

1167 4134 1307 4170 Prozent;
1339 4141 1426 4169 Kreis
1445 4144 1463 4167 4
1492 4142 1613 4176 (Bezirke
1645 4144 1731 4179 Uster,
1764 4142 1921 4177 Pfäffikon,
1954 4145 2078 4179 Hinwil)

2142 896 2207 927 475,
2228 898 2274 928 11,
2302 899 2350 928 2,3
2369 896 2509 931 Prozent;
2538 897 2626 926 Kreis
2638 901 2655 925 6
2687 898 2796 933 (Bezirk
2813 899 2917 933 Zürich
2944 900 3050 936 Stadt)

2144 936 2226 967 1007,
2247 936 2293 968 51,
2306 937 2351 966 5,1
2363 934 2502 969 Prozent;
2520 935 2606 964 Kreis
2626 938 2643 962 7
2654 937 2780 971 (Bezirke
2790 936 2911 972 Meilen,
2922 930 3048 974 Horgen)

2142 974 2205 1002 489,
2226 975 2271 1003 27,
2293 975 2338 1005 5,5
2358 973 2487 1006 Prozent.

2178 1008 2244 1037 Viel
2264 1009 2357 1043 Mühe
2375 1012 2428 1044 gab
2448 1018 2515 1039 man
2536 1012 2585 1044 sich
2604 1012 2644 1040 im
2663 1014 2777 1042 Kanton
2789 1014 2875 1048 Bern,
2894 1015 2938 1043 die
2951 1017 3047 1048 größte

2140 1045 2323 1080 Prozentzahl
2361 1047 2435 1080 weist
2472 1048 2520 1077 der
2538 1049 2624 1078 Kreis
2662 1055 2679 1078 8
2698 1052 2747 1079 der
2784 1054 2824 1082 II.
2844 1053 2978 1084 Division
2997 1050 3049 1083 auf

2139 1083 2297 1116 (Münster,
2316 1085 2467 1117 Delsberg,
2487 1086 2605 1117 Laufen)
2625 1089 2676 1117 mit
2695 1092 2759 1121 228,
2783 1092 2828 1124 17,
2848 1094 2893 1125 5,9
2915 1092 3047 1126 Prozent,

2141 1121 2220 1148 Bern
2240 1121 2333 1150 Stadt
2352 1123 2400 1155 hat
2429 1125 2493 1155 489,
2513 1126 2559 1156 14,
2591 1127 2637 1156 2,9
2658 1126 2778 1160 Prozent
2795 1135 2830 1161 zu
2859 1130 3046 1165 verzeichnen;

2140 1157 2196 1186 das
2206 1158 2357 1187 Oberland
2368 1160 2442 1191 weist
2453 1163 2497 1192 1,8
2508 1162 2567 1189 und
2576 1165 2621 1195 3,2
2632 1162 2751 1197 Prozent
2769 1165 2892 1197 fehlende
2902 1168 3048 1201 Ausweise

2140 1196 2201 1228 auf.
2241 1196 2298 1225 Die
2318 1197 2382 1229 fünf
2401 1197 2492 1227 Kreise
2522 1206 2579 1227 von
2599 1199 2700 1234 Luzern
2733 1203 2869 1237 verzeigen
2900 1207 2957 1239 7,6,
2989 1211 3045 1241 5,9,

2141 1236 2187 1266 10,
2208 1236 2272 1267 13,5
2292 1236 2350 1262 und
2369 1237 2388 1261 7
2407 1235 2535 1269 Prozent,
2576 1236 2693 1271 Schwyz
2726 1240 2757 1266 in
2784 1241 2838 1268 den
2868 1242 2970 1271 innern
2988 1245 3043 1272 Be¬

2140 1271 2227 1305 zirken
2258 1274 2321 1303 12,2
2341 1273 2468 1307 Prozent,
2502 1274 2604 1306 äußere
2637 1275 2744 1309 Bezirke
2776 1281 2793 1303 4
2815 1278 2943 1313 Prozent,
2983 1281 3045 1309 Ob¬

2141 1310 2251 1338 walden
2273 1312 2317 1344 5,7
2338 1311 2466 1344 Prozent,
2493 1313 2664 1341 Nidwalden
2698 1317 2733 1340 15
2753 1314 2884 1351 Prozent,
2916 1317 2982 1351 Zug
3002 1322 3047 1349 3,2

2140 1346 2270 1381 Prozent,
2300 1347 2438 1382 Freiburg
2458 1351 2503 1381 4,2
2537 1353 2596 1378 und
2632 1353 2675 1384 1,3
2708 1352 2839 1386 Prozent.
2879 1355 3046 1388 Solothurn

2140 1387 2188 1417 3,6
2217 1385 2347 1420 Prozent,
2377 1387 2535 1418 Baselstadt
2570 1391 2633 1421 10,6
2653 1390 2782 1424 Prozent,
2817 1392 2970 1422 Baselland
3004 1398 3048 1428 3,4

2143 1423 2272 1456 Prozent,
2307 1424 2507 1456 Innerrhoden
2540 1429 2586 1459 1,8
2619 1425 2748 1461 Prozent,
2788 1428 2840 1458 St.
2863 1430 2969 1459 Gallen
2999 1432 3048 1460 der

2140 1460 2223 1489 Kreis
2243 1462 2295 1489 mit
2315 1466 2362 1490 der
2381 1462 2474 1491 Stadt
2492 1466 2557 1494 874,
2572 1467 2618 1494 65,
2639 1467 2683 1498 7,4
2694 1466 2824 1500 Prozent,
2845 1468 3044 1497 Graubünden

2141 1500 2187 1527 der
2211 1500 2296 1527 Kreis
2329 1501 2382 1528 mit
2401 1501 2481 1531 Chur
2512 1504 2576 1534 178,
2597 1504 2641 1535 23,
2665 1506 2697 1529 13
2718 1504 2857 1539 Prozent;
2890 1506 3044 1539 Prätigau-

2139 1535 2373 1570 Unterrheinthal,
2394 1539 2498 1567 Davos
2521 1542 2566 1571 1,3
2587 1540 2725 1574 Prozent;
2745 1541 2931 1576 Landwasser,
2955 1544 3048 1573 Ober¬

2138 1574 2280 1608 halbstein,
2334 1576 2467 1608 Engadin
2524 1581 2584 1604 und
2641 1578 2780 1610 Puschlav
2832 1583 2894 1612 332,
2938 1585 2962 1614 1,
3002 1586 3049 1613 0.4

2138 1612 2268 1646 Prozent.
2313 1613 2368 1645 Im
2389 1614 2501 1642 Kanton
2542 1615 2659 1649 Aargau
2696 1617 2785 1650 zeigen
2825 1619 2866 1646 die
2885 1620 2978 1651 Kreise
2996 1621 3049 1648 mit

2139 1651 2283 1683 fehlenden
2303 1652 2466 1684 Ausweisen
2486 1654 2701 1688 Prozentzahlen
2741 1657 2792 1684 wie
2814 1660 2857 1688 3.9
2873 1666 2881 1690 ;
2900 1661 2967 1692 35;
2988 1662 3047 1695 1,7;

2141 1692 2204 1722 1,5;
2224 1693 2280 1721 8,6.
2320 1691 2390 1719 Nun
2415 1693 2479 1720 aber
2499 1693 2625 1720 kommen
2645 1694 2696 1722 wir
2716 1694 2745 1721 in
2766 1694 2808 1722 die
2824 1695 2972 1728 Gegenden
2984 1698 3047 1725 wel¬

2138 1727 2206 1758 scher
2215 1728 2323 1762 Zunge,
2344 1730 2379 1756 da
2392 1729 2494 1758 kommt
2513 1737 2583 1758 man
2593 1733 2649 1759 aus
2668 1734 2719 1759 den
2734 1733 2919 1767 zweistelligen
2932 1734 3042 1767 Zahlen

2137 1766 2206 1796 nicht
2226 1767 2338 1796 heraus.
2378 1766 2492 1796 Tessin:
2526 1768 2619 1796 Sotto
2652 1769 2753 1797 Cenere
2787 1773 2849 1802 280,
2885 1775 2947 1803 128,
2982 1775 3045 1805 45,7

2138 1803 2276 1837 Prozent;
2298 1804 2401 1836 Sopra
2422 1805 2525 1834 Cenere
2546 1811 2605 1833 und
2620 1806 2783 1840 Maggiatal
2805 1811 2869 1841 307,
2892 1813 2954 1842 127,
2978 1814 3042 1843 41,4

2140 1840 2280 1873 Prozent;
2301 1841 2447 1870 Leventina
2467 1844 2519 1871 mit
2538 1845 2708 1876 Hauptstadt
2729 1849 2786 1874 und
2806 1851 2869 1875 was
2888 1849 2953 1879 noch
2974 1850 3043 1882 dazu

2138 1880 2231 1912 gehört
2251 1882 2315 1912 294,
2339 1883 2401 1912 138,
2421 1884 2484 1912 46,9
2505 1882 2634 1914 Prozent.
2673 1883 2795 1912 Waadt:
2818 1886 2855 1913 La
2869 1886 2950 1919 Côte,
2965 1885 3045 1919 Jura

2137 1918 2183 1945 bis
2202 1917 2284 1946 Orbe
2303 1920 2367 1950 731,
2388 1922 2431 1950 88,
2455 1921 2490 1946 12
2503 1920 2644 1953 Prozent;
2662 1921 2760 1953 Jorat,
2776 1922 2932 1955 Echallens,
2947 1923 3042 1956 Broye

2138 1957 2201 1986 728,
2223 1958 2269 1987 80,
2292 1958 2325 1982 11
2346 1957 2484 1990 Prozent;
2505 1957 2545 1985 La
2567 1958 2651 1991 Vaux
2669 1960 2722 1987 mit
2732 1960 2885 1995 Lausanne,
2910 1962 3037 1989 Ormont

2138 1991 2221 2025 Pays
2255 1994 2316 2022 d'en
2345 1995 2412 2026 haut
2445 1998 2508 2028 992,
2543 1997 2607 2029 230,
2641 1999 2703 2029 23,2
2738 1997 2867 2031 Prozent.
2919 1999 3026 2027 Wallis

2138 2030 2321 2060 Unterwallis
2350 2035 2411 2064 16,7
2445 2032 2586 2066 Prozent:
2624 2033 2869 2069 Sion-Martigny
2903 2040 2967 2069 231,
3000 2042 3046 2066 47:

2139 2070 2202 2099 20,3
2222 2070 2363 2103 Prozent;
2384 2070 2492 2098 Siders
2511 2072 2570 2098 und
2590 2071 2705 2103 südliche
2725 2073 2900 2102 Seitentäler
2913 2078 2979 2108 211,
2999 2080 3045 2110 79,

2139 2108 2202 2137 37.4
2236 2107 2376 2141 Prozent;
2408 2107 2586 2136 Oberwallis
2624 2112 2686 2142 262,
2722 2112 2784 2143 127,
2820 2115 2882 2145 48,4
2916 2113 3045 2148 Prozent.

2139 2143 2309 2179 Neuenburg
2337 2146 2450 2179 verzeigt
2471 2148 2533 2180 11,9
2555 2146 2614 2174 und
2648 2150 2681 2173 15
2701 2148 2841 2182 Prozent;
2871 2150 2948 2178 Genf
2982 2154 3045 2186 46,2

2139 2182 2268 2215 Prozent.

2195 2219 2297 2250 Gewiß
2317 2221 2376 2248 sind
2397 2220 2464 2248 viele
2484 2222 2532 2249 der
2551 2221 2660 2254 Zahlen
2681 2223 2755 2254 leicht
2776 2224 2925 2257 erklärlich.
2953 2225 3043 2254 Näm¬

2140 2256 2189 2285 lich
2208 2257 2245 2289 so,
2266 2258 2323 2289 daß
2342 2258 2372 2285 in
2391 2259 2441 2285 den
2461 2259 2596 2291 größeren
2610 2259 2735 2288 Städten
2754 2261 2809 2288 mit
2828 2262 2900 2290 einer
2919 2265 2976 2290 aus
2995 2265 3043 2292 der

2137 2301 2239 2328 ganzen
2273 2295 2397 2329 Schweiz
2428 2296 2766 2330 zusammengewürfelten
2787 2299 2980 2334 Bevölkerung
3014 2305 3043 2330 es

2139 2333 2193 2360 viel
2214 2333 2339 2364 schwerer
2359 2334 2428 2366 hält,
2449 2341 2505 2362 von
2526 2336 2578 2362 den
2599 2335 2700 2368 jungen
2721 2336 2830 2371 Leuten,
2850 2338 2891 2365 die
2912 2338 2941 2370 ja
2962 2343 3042 2367 unter

2139 2371 2226 2399 keiner
2245 2371 2368 2403 Aufsicht
2398 2372 2474 2399 mehr
2494 2373 2591 2406 stehen,
2624 2373 2666 2401 die
2686 2373 2880 2408 Beibringung
2900 2377 2949 2404 des
2965 2377 3044 2406 Aus¬

2138 2409 2233 2436 weises
2252 2409 2356 2441 strenge
2383 2417 2416 2443 zu
2448 2410 2571 2439 fordern.
2610 2411 2660 2440 Da
2680 2412 2750 2440 wird
2763 2415 2795 2439 es
2828 2414 2929 2442 immer
2961 2415 3043 2448 solche

2140 2447 2231 2480 geben,
2250 2447 2293 2474 die
2314 2448 2362 2477 sich
2382 2449 2483 2475 darum
2504 2449 2592 2478 nichts
2608 2449 2756 2477 kümmern.
2795 2450 2871 2480 Aber
2890 2453 2938 2480 der
2958 2453 2986 2481 in
3001 2455 3042 2481 die

2138 2483 2237 2514 Augen
2251 2484 2368 2514 fallende
2379 2485 2548 2518 Unterschied
2568 2486 2690 2520 zwischen
2702 2488 2806 2516 deutsch
2820 2495 2878 2517 und
2893 2491 2985 2521 welsch
3007 2492 3039 2522 ist

2136 2528 2169 2555 zu
2190 2522 2266 2554 stark,
2293 2524 2342 2551 als
2361 2523 2415 2554 daß
2435 2530 2503 2551 man
2521 2524 2592 2552 nicht
2623 2525 2674 2555 auf
2705 2525 2756 2553 den
2778 2526 2925 2555 Gedanken
2955 2528 3038 2563 käme,

2136 2563 2165 2587 es
2187 2560 2270 2590 rühre
2289 2560 2356 2591 diese
2376 2560 2502 2592 Tatsache
2535 2563 2628 2589 davon
2648 2563 2700 2596 her,
2736 2563 2791 2593 daß
2827 2565 2908 2595 solche
2928 2566 3039 2597 Sachen

2135 2603 2190 2624 von
2208 2599 2261 2624 den
2281 2597 2429 2625 Romanen
2456 2599 2520 2630 doch
2541 2602 2629 2627 etwas
2647 2608 2679 2633 zu
2699 2600 2872 2633 gleichgültig
2893 2603 3038 2632 behandelt

2134 2635 2250 2663 werden.
2289 2635 2345 2663 Die
2366 2635 2509 2667 Behörden
2543 2640 2650 2665 werden
2682 2638 2710 2669 ja
2731 2639 2879 2673 versuchen,
2914 2640 3037 2673 Abhülfe

2132 2679 2164 2704 zu
2186 2672 2306 2704 schaffen,
2340 2673 2404 2700 aber
2442 2674 2531 2702 damit
2571 2674 2604 2703 ist
2642 2676 2710 2706 nicht
2742 2676 2814 2703 alles
2851 2681 2942 2710 getan.
2980 2679 3037 2708 Die

2132 2710 2268 2742 einzelnen
2288 2711 2395 2738 müssen
2413 2710 2523 2739 wollen.
2582 2712 2644 2739 Und
2663 2715 2740 2740 dann
2759 2714 2832 2742 wird
2851 2722 2919 2743 man
2940 2718 3038 2745 ander¬

2132 2747 2223 2774 wärts
2242 2749 2308 2776 eben
2328 2748 2394 2780 auch
2412 2749 2455 2776 die
2474 2749 2609 2777 Antwort
2627 2751 2759 2781 erhalten,
2779 2754 2812 2778 es
2831 2752 2948 2780 könnten
2968 2754 3039 2782 keine

2134 2783 2363 2816 Schulausweise
2393 2787 2544 2819 abgegeben
2564 2788 2679 2821 werden,
2712 2795 2799 2816 wenn
2826 2791 2875 2817 der
2894 2791 2999 2820 Rekrut
3019 2793 3039 2823 s.

2136 2821 2172 2853 Z.
2191 2823 2234 2849 die
2268 2823 2471 2856 obligatorische
2491 2824 2598 2852 Schule
2619 2824 2685 2856 nicht
2718 2826 2763 2853 bis
2784 2832 2817 2858 zu
2836 2827 2916 2854 Ende
2948 2830 3039 2859 absol¬

2135 2859 2204 2886 viert
2225 2860 2300 2887 habe.
2339 2861 2414 2892 Auch
2433 2862 2469 2889 da
2490 2865 2598 2889 werden
2618 2861 2659 2890 die
2679 2863 2828 2895 Behörden
2848 2864 2943 2893 fortan
2955 2868 3040 2900 wach¬

2136 2895 2194 2929 sam
2217 2896 2271 2929 sein
2291 2897 2408 2930 müssen.

2393 2972 2788 3032 Kantone.

2496 3046 2655 3086 Zürich.

2192 3087 2239 3112 ch.
2274 3084 2331 3113 Am
2352 3086 2538 3118 Donnerstag
2559 3086 2628 3117 fand
2646 3087 2676 3115 in
2694 3088 2798 3120 Zürich
2819 3089 2876 3117 eine
2896 3090 3039 3119 kanto¬

2136 3122 2228 3150 nale
2246 3122 2803 3157 HebammenversammIung
2818 3127 2889 3159 statt,
2905 3128 2946 3155 die
2960 3128 3039 3156 einen

2136 3167 2191 3188 von
2223 3160 2274 3187 den
2307 3160 2482 3191 Vorständen
2516 3162 2566 3189 des
2595 3161 2832 3195 Schweizerischen
2852 3166 3038 3198 Hebammen¬

2136 3199 2243 3226 vereins
2263 3199 2321 3226 und
2341 3200 2388 3226 der
2407 3198 2527 3227 Sektion
2547 3199 2649 3231 Zürich
2683 3201 2872 3230 vereinbarten
2900 3203 3038 3237 Entwurf

2137 3235 2185 3265 für
2216 3236 2273 3264 eine
2304 3243 2372 3266 neue
2403 3237 2662 3267 zürcherische
2682 3238 2962 3274 Taxordnung
2982 3243 3038 3270 ein¬

2136 3273 2257 3306 stimmig
2277 3274 2451 3307 gutgeheißen
2472 3274 2528 3306 hat.
2550 3275 2608 3302 Bis
2619 3275 2672 3308 jetzt
2684 3277 2794 3306 bestand
2810 3279 2866 3306 eine
2881 3280 3037 3308 Minimal¬

2135 3314 2193 3345 taxe
2214 3319 2269 3339 von
2291 3313 2325 3343 15
2345 3313 2402 3344 Fr.,
2423 3312 2464 3339 die
2483 3313 2601 3346 zugleich
2621 3314 2669 3341 als
2689 3315 2857 3349 Armentaxe
2877 3318 2947 3349 galt.
2970 3318 3035 3346 Aus

2134 3349 2186 3377 den
2205 3349 2442 3383 Verhandlungen
2462 3351 2509 3378 der
2529 3350 2750 3385 Versammlung
2772 3353 2814 3388 ist
2814 3353 2857 3388 zu
2877 3355 3033 3389 erwähnen,

2135 3388 2189 3419 daß
2210 3388 2249 3414 im
2282 3387 2395 3415 Kanton
2417 3387 2492 3416 Bern
2524 3389 2568 3416 die
2601 3389 2774 3420 Hebammen
2806 3391 2945 3425 berechtigt
2966 3393 3035 3427 sind,

2133 3426 2246 3451 20—50
2265 3424 2314 3458 Fr.
2336 3426 2383 3453 für
2400 3426 2440 3453 die
2461 3425 2579 3458 Leitung
2597 3427 2671 3455 einer
2689 3428 2804 3456 Geburt
2824 3430 2882 3457 und
2898 3433 2972 3456 1—3
2985 3433 3034 3463 Fr.

2134 3461 2181 3492 für
2213 3464 2313 3491 andere
2343 3463 2572 3496 Hilfeleistungen
2593 3471 2626 3497 zu
2646 3466 2816 3499 verlangen;
2847 3467 2887 3495 im
2920 3468 3035 3497 Kanton

2133 3499 2291 3532 Baselstadt
2325 3501 2425 3534 bezahlt
2457 3502 2499 3530 die
2519 3502 2745 3532 Armenbehörde
2768 3506 2801 3529 18
2823 3505 2872 3538 Fr.
2893 3508 2952 3533 und
2974 3513 3033 3535 ver¬

2133 3538 2235 3570 langen
2254 3538 2296 3566 die
2314 3540 2485 3573 Hebammen
2504 3542 2618 3566 20—50
2637 3541 2686 3575 Fr.
2721 3544 2779 3569 und
2813 3543 2888 3573 mehr
2921 3544 2970 3576 für
2989 3545 3033 3572 die

2133 3574 2251 3609 Leitung
2271 3577 2345 3605 einer
2365 3577 2495 3610 Geburt;
2533 3577 2572 3605 im
2592 3579 2706 3607 Kanton
2727 3579 2781 3608 St.
2801 3579 2907 3609 Gallen
2928 3586 3036 3610 werden

2133 3615 2244 3640 12—20
2264 3614 2314 3648 Fr.
2336 3614 2383 3644 für
2403 3615 2443 3642 die
2463 3614 2580 3647 Leitung
2605 3616 2677 3645 einer
2695 3616 2809 3645 Geburt
2842 3619 2900 3646 und
2921 3621 2957 3646 50
2976 3619 3034 3652 Rp.

2131 3651 2176 3679 bis
2197 3655 2214 3678 3
2235 3652 2285 3684 Fr.
2318 3653 2366 3685 für
2397 3659 2493 3681 andere
2526 3653 2758 3686 Hilfeleistungen
2791 3657 2928 3690 verlangt.
2978 3657 3035 3686 Die

2129 3689 2319 3722 zürcherischen
2338 3690 2507 3722 Hebammen
2529 3691 2679 3723 verlangen
2699 3700 2760 3720 nun
2780 3694 2846 3725 nach
2877 3695 2935 3722 drei
2955 3695 3034 3727 Rich¬

2131 3730 2234 3760 tungen
2264 3727 2312 3758 hin
2344 3729 2386 3755 die
2414 3728 2546 3760 Revision
2567 3731 2615 3756 der
2633 3729 2845 3765 Taxordnung:
2880 3732 3034 3766 Erhöhung

2129 3764 2177 3792 der
2216 3764 2306 3798 Taxe,
2352 3765 2534 3800 Einführung
2572 3767 2623 3794 des
2660 3769 2947 3803 Forderungsrechtes
2986 3773 3035 3799 der

2128 3801 2282 3836 Hebamme
2314 3804 2371 3831 und
2397 3803 2563 3837 Anpassung
2582 3806 2632 3832 des
2650 3807 2803 3838 Honorars
2823 3815 2861 3835 an
2881 3810 2935 3835 das
2956 3808 3033 3840 Maß

2128 3839 2176 3868 der
2204 3841 2377 3873 geforderten
2405 3841 2636 3875 Dienstleistung.
2673 3844 2731 3872 Sie
2751 3844 2901 3878 verlangen
2920 3848 3033 3873 20—25

2132 3876 2258 3910 Franken
2292 3878 2340 3910 für
2371 3879 2413 3906 die
2433 3879 2549 3914 Leitung
2582 3887 2640 3908 von
2659 3881 2805 3910 Geburten
2838 3883 2879 3911 bei
2900 3883 3033 3912 Minder¬

2129 3915 2304 3948 bemittelten,
2326 3916 2437 3949 30—50
2450 3916 2501 3949 Fr.
2522 3918 2564 3945 bei
2585 3918 2823 3951 Bessersituierten
2843 3926 2909 3949 oder
2927 3921 2978 3953 für
2991 3922 3033 3950 die

2127 3952 2242 3986 Leitung
2276 3953 2400 3986 schwerer
2432 3959 2490 3982 und
2511 3955 2738 3988 langdauernder
2758 3957 2913 3991 Geburten,
2948 3959 3030 3990 sowie

2127 3992 2208 4018 1—5
2222 3990 2271 4022 Fr.
2292 3990 2340 4022 für
2360 3992 2457 4020 andere
2477 3993 2719 4028 Hülfeleistungen
2738 3994 2763 4028 je
2783 3996 2848 4028 nach
2869 3998 2950 4024 deren
2965 3995 3028 4030 Art,

2126 4029 2177 4056 den
2203 4028 2404 4060 ökonomischen
2424 4029 2633 4063 Verhältnissen
2666 4032 2724 4060 und
2757 4033 2884 4066 darnach,
2919 4034 2954 4061 ob
2975 4034 3033 4066 ihre

2125 4065 2202 4098 Hilfe
2235 4073 2285 4099 zur
2317 4066 2423 4099 Tages-
2453 4073 2517 4096 oder
2549 4075 2600 4101 zur
2619 4068 2755 4103 Nachtzeit
2787 4072 2918 4104 verlangt
2949 4071 3032 4100 wird.

2125 4102 2183 4131 Sie
2201 4103 2361 4136 begründen
2380 4104 2448 4133 diese
2467 4106 2669 4140 Forderungen
2688 4108 2742 4135 mit
2761 4109 2824 4136 dem
2833 4108 2964 4140 Hinweis
2977 4110 3030 4137 auf

2124 4141 2166 4169 die
2199 4141 2481 4174 Verantwortlichkeit
2515 4146 2575 4172 und
2607 4144 2650 4173 die
2682 4145 2958 4179 Beschwerlichkeiten
2977 4148 3028 4175 des

3100 902 3396 940 Hebammenberufes,
3430 908 3481 935 auf
3499 909 3543 937 die
3574 911 3744 946 gesteigerten
3763 912 4000 948 Anforderungen

3099 948 3138 969 an
3157 942 3200 970 die
3218 942 3378 977 Kenntnisse
3396 946 3445 973 der
3463 945 3616 978 Hebamme
3644 954 3701 978 und
3729 950 3772 979 die
3793 951 3841 984 seit
3860 952 3923 981 dem
3942 952 3998 981 Be¬

3098 978 3186 1011 stehen
3205 980 3253 1009 der
3272 980 3378 1015 jetzigen
3398 982 3593 1017 Taxordnung
3613 986 3785 1020 eingetretene
3800 989 3997 1024 Verteuerung

3097 1017 3145 1045 der
3164 1017 3396 1053 Lebenshaltung.
3437 1020 3498 1049 Der
3530 1022 3696 1057 einstimmig
3727 1026 3894 1060 genehmigte
3924 1027 3994 1056 Ent¬

3097 1056 3174 1084 wurf
3193 1056 3243 1090 für
3260 1056 3303 1085 die
3321 1063 3391 1086 neue
3418 1058 3611 1094 Taxordnung
3643 1061 3695 1094 soll
3725 1063 3778 1091 mit
3809 1063 3884 1092 einer
3914 1064 3997 1093 moti¬

3096 1092 3200 1122 vierten
3219 1094 3344 1129 Eingabe
3377 1096 3427 1124 der
3458 1097 3634 1131 zuständigen
3662 1099 3787 1133 Behörde
3821 1102 3997 1131 unterbreitet

3095 1134 3213 1161 werden.

3150 1169 3208 1198 Ein
3240 1171 3362 1201 weiterer
3394 1172 3531 1206 Beschluß
3563 1174 3611 1202 der
3640 1174 3860 1210 Versammlung
3892 1176 3997 1209 betrifft

3094 1206 3150 1235 das
3168 1208 3511 1246 Schröpfpatent;
3529 1214 3561 1240 es
3580 1213 3677 1241 wurde
3690 1212 3861 1244 Beschwerde
3874 1214 3998 1243 darüber

3094 1245 3213 1280 geführt,
3244 1247 3300 1278 daß
3332 1248 3420 1280 dieses
3438 1248 3544 1280 Patent
3575 1250 3630 1278 alle
3659 1250 3725 1284 zwei
3742 1250 3833 1283 Jahre
3851 1251 3905 1280 mit
3922 1252 3997 1281 einer

3096 1282 3364 1318 Gebührenzahlung
3382 1291 3509 1315 erneuert
3528 1289 3638 1316 werden
3657 1288 3753 1322 müsse,
3773 1289 3832 1317 und
3852 1292 3883 1317 es
3897 1292 3994 1318 wurde

3096 1319 3259 1353 beschlossen,
3278 1322 3322 1349 ein
3342 1323 3446 1355 Gesuch
3467 1332 3517 1352 um
3536 1325 3716 1360 Beseitigung
3735 1326 3819 1357 dieser
3832 1326 3993 1358 Gebühren¬

3097 1357 3273 1389 steuerpflicht
3291 1359 3333 1387 bei
3352 1362 3404 1388 den
3433 1361 3609 1397 zuständigen
3629 1363 3775 1397 Behörden
3804 1363 3993 1399 einzureichen

3098 1394 3159 1423 Der
3179 1395 3392 1430 Schweizerische
3410 1399 3673 1431 Hebammenverein
3691 1401 3775 1434 strebt
3794 1401 3902 1434 sodann
3917 1402 3993 1435 schon

3098 1431 3144 1463 seit
3163 1432 3273 1465 Jahren
3291 1434 3334 1463 die
3353 1435 3759 1473 Vereinheitlichung
3790 1441 3859 1468 der
3890 1440 3993 1472 Heb¬

3097 1471 3432 1506 ammenbildung
3451 1481 3496 1505 an,
3517 1476 3575 1503 und
3595 1479 3626 1503 es
3644 1476 3731 1509 haben
3751 1477 3915 1510 bekanntlich
3926 1477 3990 1510 auch

3098 1507 3139 1535 die
3159 1508 3251 1541 Aerzte
3272 1509 3338 1537 über
3356 1510 3400 1537 die
3419 1511 3587 1546 betreffende,
3609 1513 3647 1541 im
3666 1514 3814 1542 Dezember
3836 1519 3906 1542 1901
3928 1518 3990 1544 dem

3099 1545 3276 1574 Bundesrate
3294 1548 3444 1581 zugestellte
3455 1549 3580 1580 Petition
3602 1550 3695 1582 seither
3715 1552 3801 1580 öfters
3820 1553 3989 1585 verhandelt.

3097 1583 3163 1612 Den
3177 1584 3348 1615 Hebammen
3362 1586 3395 1617 ist
3401 1593 3461 1613 nun
3480 1586 3509 1614 in
3522 1587 3606 1617 dieser
3619 1587 3828 1622 Angelegenheit
3840 1591 3991 1623 mitgeteilt

3098 1623 3218 1656 worden,
3251 1623 3306 1653 daß
3339 1631 3395 1652 von
3429 1624 3584 1656 sämtlichen
3608 1625 3919 1660 Kantonsregierungen
3939 1628 3989 1656 Er¬

3097 1660 3237 1693 hebungen
3257 1661 3323 1689 über
3342 1663 3394 1689 den
3414 1663 3632 1695 gegenwärtigen
3642 1663 3740 1692 Stand
3753 1665 3799 1691 der
3808 1665 3991 1697 Hebammen¬

3097 1699 3279 1731 ausbildung,
3301 1699 3350 1727 wie
3372 1700 3436 1732 auch
3457 1700 3524 1728 über
3542 1703 3642 1728 andere
3662 1703 3716 1729 das
3733 1702 3993 1735 Hebammenwesen

3097 1735 3261 1768 berührende
3280 1735 3389 1766 Punkte
3408 1738 3527 1770 gemacht
3546 1740 3670 1773 würden,
3700 1739 3729 1771 so
3749 1739 3804 1771 daß
3824 1739 3855 1768 in
3875 1740 3993 1772 nächster

3096 1772 3157 1805 Zeit
3189 1774 3245 1801 eine
3276 1774 3429 1808 Konferenz
3462 1782 3517 1804 von
3550 1776 3706 1805 Vertretern
3738 1777 3786 1805 der
3824 1777 3991 1807 kantonalen

3097 1810 3402 1840 Sanitätsdirektionen
3421 1812 3464 1840 die
3483 1813 3583 1841 Mittel
3612 1815 3669 1842 und
3690 1814 3770 1848 Wege
3792 1815 3840 1845 für
3859 1816 3916 1843 eine
3936 1816 3992 1843 ein¬

3097 1848 3239 1879 heitlichere
3258 1849 3427 1883 Gestaltung
3447 1851 3494 1878 der
3525 1851 3873 1885 Hebammenausbildung
3894 1853 3924 1880 in
3945 1853 3993 1882 der

3096 1885 3218 1919 Schweiz
3238 1888 3347 1915 beraten
3368 1891 3464 1916 werde.

3457 1927 3643 1969 Aargau.

3151 1967 3222 1999 Herr
3255 1969 3294 1995 alt
3314 1968 3487 1999 Oberrichter
3514 1970 3571 1997 Dr.
3603 1969 3728 2004 Samuel
3760 1972 3871 2004 Frey,
3903 1971 3992 2002 dessen

3095 2004 3157 2032 Tod
3178 2006 3230 2033 wir
3249 2005 3348 2033 bereits
3369 2006 3431 2039 kurz
3449 2007 3580 2039 gemeldet
3612 2007 3707 2041 haben,
3739 2015 3800 2036 war
3829 2008 3870 2036 im
3895 2008 3989 2041 Jahre

3097 2045 3169 2069 1820
3188 2043 3312 2076 geboren.
3351 2043 3395 2072 Er
3416 2045 3530 2076 begann,
3550 2045 3678 2073 nachdem
3698 2053 3727 2073 er
3747 2046 3787 2073 im
3806 2045 3899 2078 Jahre
3919 2048 3993 2072 1843

3095 2080 3143 2107 als
3162 2081 3350 2113 aargauischer
3369 2081 3580 2112 Rechtsanwalt
3599 2083 3744 2114 patentiert
3762 2087 3883 2116 worden,
3905 2083 3994 2113 sofort

3094 2118 3151 2145 eine
3171 2119 3315 2152 glänzende
3335 2118 3491 2150 Laufbahn.
3512 2120 3610 2150 Schon
3632 2120 3671 2148 im
3691 2120 3781 2153 Jahre
3804 2123 3876 2148 1846
3897 2124 3994 2149 wurde

3094 2163 3124 2183 er
3143 2158 3190 2184 als
3209 2156 3360 2188 Präsident
3385 2157 3416 2184 in
3442 2158 3495 2185 das
3516 2158 3727 2192 Bezirksgericht
3757 2159 3846 2187 Kulm
3879 2159 3993 2189 berufen

3094 2196 3152 2221 und
3173 2194 3211 2221 im
3232 2194 3321 2226 Jahre
3342 2198 3415 2222 1852
3445 2195 3530 2228 folgte
3565 2196 3606 2223 die
3631 2195 3717 2229 Wahl
3736 2197 3784 2224 ins
3804 2196 3991 2230 Obergericht.

3095 2232 3138 2259 Er
3156 2232 3263 2265 gehörte
3280 2232 3364 2263 dieser
3384 2233 3505 2262 obersten
3525 2234 3701 2264 richterlichen
3721 2234 3848 2266 Behörde
3869 2236 3914 2262 bis
3927 2241 3991 2268 zum

3094 2269 3184 2302 Jahre
3206 2273 3276 2297 1899
3296 2278 3349 2303 an;
3369 2278 3425 2298 von
3447 2273 3631 2298 1866—1885
3645 2279 3704 2300 war
3715 2280 3744 2300 er
3755 2272 3991 2304 ununterbrochen

3095 2307 3251 2338 Präsident.
3289 2308 3350 2340 Auf
3378 2310 3430 2336 den
3450 2311 3476 2337 1.
3496 2309 3614 2341 Januar
3636 2312 3706 2337 1900
3735 2311 3820 2339 nahm
3841 2311 3914 2343 Herr
3934 2310 3991 2339 Dr.

3094 2346 3175 2378 Frey,
3194 2347 3242 2373 der
3261 2347 3400 2377 nunmehr
3431 2346 3462 2373 in
3493 2347 3593 2378 seinem
3623 2349 3669 2376 80.
3689 2347 3872 2380 Lebensjahre
3904 2348 3991 2381 stand,

3095 2383 3183 2413 seinen
3203 2384 3337 2416 Abschied,
3371 2391 3422 2411 um
3452 2384 3501 2415 sich
3521 2385 3550 2412 in
3570 2385 3622 2412 den
3650 2386 3880 2417 wohlverdienten
3899 2385 3994 2417 Ruhe¬

3094 2422 3173 2451 stand
3191 2422 3413 2454 zurückzuziehen.
3433 2421 3481 2450 An
3501 2424 3549 2450 der
3569 2422 3676 2453 Politik
3695 2424 3768 2454 hatte
3788 2423 3836 2454 sich
3850 2423 3907 2451 Dr.
3917 2423 3992 2457 Frey

3092 2465 3147 2486 nur
3166 2460 3214 2487 als
3234 2458 3369 2490 Mitglied
3388 2462 3437 2487 der
3457 2459 3705 2493 Verfassungsräte
3738 2468 3794 2488 von
3829 2463 3900 2488 1852
3931 2461 3990 2488 und

3094 2498 3214 2530 1884/85
3235 2496 3370 2531 beteiligt;
3399 2505 3428 2525 er
3447 2498 3519 2530 hatte
3538 2498 3617 2526 dabei
3647 2498 3807 2529 besonderen
3827 2498 3923 2526 Anteil
3952 2505 3991 2527 an

3091 2535 3141 2561 den
3174 2537 3225 2562 das
3246 2534 3433 2563 Rechtswesen
3464 2535 3644 2568 betreffenden
3676 2536 3915 2568 Verhandlungen
3947 2543 3991 2569 ge¬

3089 2578 3228 2600 nommen.
3267 2572 3358 2606 Lange
3383 2572 3474 2605 Jahre
3509 2574 3639 2604 hindurch
3672 2581 3733 2602 war
3752 2581 3781 2601 er
3801 2573 3909 2605 Präfes
3942 2574 3993 2602 der

3090 2609 3332 2642 obergerichtlichen
3353 2610 3542 2640 Kommission
3564 2611 3612 2641 für
3632 2610 3674 2639 die
3693 2611 3830 2645 Prüfung
3851 2617 3909 2639 und
3930 2610 3991 2643 Pa¬

3087 2646 3241 2679 tentierung
3272 2649 3320 2674 der
3352 2648 3545 2681 aargauischen
3579 2648 3710 2677 Anwälte
3741 2651 3800 2676 und
3833 2650 3931 2677 konnte
3959 2648 3991 2677 in

3089 2684 3173 2715 dieser
3192 2685 3284 2712 Stelle
3304 2684 3419 2716 Proben
3440 2686 3527 2715 seines
3558 2686 3746 2715 Lebrtalentes
3777 2686 3901 2720 ablegen,
3934 2687 3989 2714 das

3088 2721 3135 2750 ihn
3166 2723 3323 2755 zusammen
3343 2723 3396 2750 mit
3416 2723 3514 2754 seinem
3540 2723 3705 2757 juristischen
3726 2724 3832 2756 Wissen
3851 2724 3916 2754 nach
3936 2725 3990 2752 den

3090 2758 3319 2792 Versicherungen
3339 2760 3425 2791 seiner
3443 2761 3641 2791 akademischen
3661 2762 3759 2791 Lehrer
3777 2764 3849 2795 dazu
3868 2762 3991 2795 befähigt

3093 2796 3174 2830 hätte,
3193 2796 3235 2824 die
3269 2797 3446 2829 akademische
3476 2798 3627 2828 Laufbahn
3656 2800 3865 2832 einzuschlagen.
3902 2799 3990 2827 Ueber

3091 2833 3148 2861 Dr.
3168 2834 3258 2867 Freys
3279 2834 3416 2868 Tätigkeit
3430 2836 3477 2863 als
3498 2836 3674 2865 Oberrichter
3694 2837 3803 2869 schreibt
3815 2839 3870 2865 das
3883 2836 3989 2870 „Aarg.

3092 2871 3232 2904 Tagbl.":
3272 2872 3379 2905 „Seine
3407 2873 3699 2908 Urteilseröffnungen
3728 2878 3843 2902 wurden
3862 2882 3918 2902 von
3939 2875 3990 2902 den

3091 2909 3218 2937 Richtern
3250 2910 3307 2937 und
3340 2910 3492 2938 Anwälten
3522 2911 3565 2940 oft
3591 2912 3638 2939 als
3670 2912 3740 2944 feine
3771 2917 3830 2940 und
3850 2911 3990 2944 praktische

3091 2946 3432 2982 Pandektenvorlesungen
3450 2948 3567 2983 erklärt;
3587 2948 3694 2982 Gajus,
3706 2950 3819 2981 Ulpian,
3834 2950 3987 2984 Papinian,

3091 2984 3208 3013 Paulus
3228 2989 3285 3012 und
3306 2986 3358 3013 wie
3378 2987 3420 3013 die
3440 2987 3604 3018 berühmten
3615 2986 3762 3018 römischen
3783 2987 3914 3019 Juristen
3934 2987 3988 3015 alle

3090 3021 3191 3055 heißen,
3212 3029 3305 3050 waren
3335 3023 3377 3050 die
3398 3023 3551 3051 Vorbilder
3570 3024 3684 3055 unseres
3704 3025 3898 3059 Präsidenten,
3929 3025 3988 3053 und

3088 3059 3145 3086 eine
3163 3060 3330 3093 zweimalige
3350 3061 3430 3092 Reise
3462 3062 3526 3091 nach
3565 3062 3675 3093 Italien
3709 3062 3810 3095 verlieh
3843 3063 3900 3093 ihm
3933 3063 3987 3090 das

3088 3097 3188 3130 völlige
3207 3097 3394 3128 Verständnis
3423 3098 3471 3125 für
3503 3101 3558 3126 das
3589 3100 3645 3127 alte
3676 3099 3803 3129 römische
3823 3099 3921 3134 Recht;
3949 3106 3987 3129 an

3086 3135 3170 3167 Hand
3190 3136 3238 3162 der
3257 3136 3395 3166 deutschen
3421 3136 3701 3168 Rechtswissenschaft
3732 3137 3857 3167 verstand
3887 3145 3916 3165 er
3946 3140 3985 3171 es,

3088 3172 3130 3199 die
3151 3171 3383 3202 fundamentalen
3403 3173 3566 3206 Rechtssätze
3601 3176 3648 3202 des
3668 3175 3926 3207 Pandektenrechtes
3947 3175 3987 3204 im

3089 3215 3237 3238 modernen
3259 3210 3436 3243 Rechtsleben
3457 3211 3677 3245 fruchtbringend
3698 3212 3909 3246 anzuwenden."

3461 3302 3608 3350 Sport.

3142 3357 3468 3390 Radfahrsport.
3508 3360 3645 3390 Sonntag
3666 3361 3714 3392 für
3738 3360 3876 3393 Sonntag
3907 3360 3988 3388 bietet

3085 3394 3139 3422 das
3158 3395 3328 3424 Vélodrome
3348 3396 3462 3430 d'Hiver
3480 3396 3532 3424 den
3555 3397 3689 3428 Parisern
3722 3398 3893 3426 Radrennen
3926 3398 3985 3426 und

3084 3433 3171 3464 macht
3189 3433 3243 3465 fast
3262 3433 3327 3466 stets
3345 3434 3391 3461 ein
3424 3433 3515 3462 volles
3542 3435 3637 3468 Haus,
3677 3435 3756 3467 selbst
3793 3443 3875 3463 wenn
3913 3436 3986 3464 keine

3084 3470 3243 3503 Leistungen
3263 3472 3309 3499 der
3328 3471 3495 3504 Extraklasse
3514 3480 3547 3505 zu
3580 3473 3747 3500 bewundern
3776 3473 3846 3505 stnd.
3886 3473 3984 3501 Merk¬

3084 3508 3192 3542 würdig
3211 3509 3244 3541 ist
3264 3515 3327 3541 nur,
3347 3510 3403 3541 daß
3414 3509 3537 3542 stetsfort
3552 3510 3603 3537 mit
3613 3512 3673 3538 dem
3685 3511 3796 3538 Namen
3807 3511 3981 3544 Jacquelins

3083 3546 3213 3574 Reklame
3238 3547 3356 3580 gemacht
3387 3547 3467 3580 wird,
3508 3548 3618 3579 obschon
3646 3548 3810 3581 gewöhnlich
3841 3549 3904 3581 statt
3934 3551 3984 3576 des

3084 3584 3268 3618 prophezeiten
3286 3586 3380 3616 réveil
3400 3586 3440 3612 du
3460 3586 3522 3613 lion
3542 3586 3586 3612 ein
3606 3585 3748 3619 klägliches
3778 3586 3919 3620 Versagen
3950 3592 3983 3621 zu

3082 3622 3249 3655 registrieren
3269 3622 3362 3650 bleibt.
3402 3622 3522 3651 Seinem
3554 3623 3649 3654 Match
3683 3631 3763 3657 gegen
3795 3625 3847 3652 den
3878 3625 3984 3657 jungen

3083 3660 3212 3691 Poulain
3232 3661 3347 3688 wurden
3367 3668 3415 3688 am
3435 3661 3524 3694 letzten
3545 3661 3683 3696 Sonntag
3703 3663 3784 3695 sogar
3813 3662 3877 3692 fünf
3897 3662 3985 3691 Läufe

3083 3698 3312 3731 untergeschoben,
3334 3698 3465 3728 während
3485 3699 3526 3726 bei
3547 3699 3662 3731 besseren
3689 3699 3790 3728 Leuten
3822 3700 3895 3731 sonst
3926 3699 3985 3729 drei

3083 3735 3131 3763 für
3149 3737 3289 3769 genügend
3314 3737 3414 3770 gelten.
3453 3736 3606 3770 Jacquelin
3639 3737 3686 3769 hat
3717 3738 3782 3770 zwei
3813 3738 3907 3766 davon
3940 3745 3984 3771 ge¬

3082 3780 3208 3808 wonnen,
3229 3776 3280 3801 den
3299 3775 3378 3802 einen
3407 3774 3488 3806 durch
3521 3775 3681 3806 abgefeimte
3713 3775 3809 3803 Taktik
3840 3776 3912 3809 (nur
3942 3775 3985 3804 im

3082 3810 3220 3840 Ersinnen
3240 3818 3323 3840 neuer
3342 3813 3401 3839 und
3420 3812 3461 3840 im
3479 3813 3647 3845 Ausführen
3667 3813 3739 3841 alter
3761 3813 3855 3846 Kniffe
3887 3814 3922 3846 ist
3953 3820 3985 3842 er

3081 3848 3146 3879 noch
3166 3849 3350 3883 Champion),
3383 3851 3435 3877 den
3467 3855 3573 3878 andern
3606 3851 3687 3881 durch
3719 3851 3905 3885 augenfällige
3925 3851 3980 3879 Be¬

3081 3885 3236 3920 hinderung
3256 3889 3305 3914 des
3326 3887 3464 3921 Gegners,
3484 3890 3531 3916 der
3551 3888 3600 3919 sich
3619 3888 3768 3919 aufrichten
3794 3889 3898 3922 mußte,
3931 3895 3983 3916 um

3081 3923 3150 3954 nicht
3169 3931 3202 3958 zu
3222 3924 3334 3958 stürzen.
3373 3925 3424 3953 Da
3443 3925 3485 3952 die
3505 3925 3563 3953 drei
3582 3931 3686 3954 andern
3705 3925 3792 3955 Läufe
3802 3933 3839 3954 an
3851 3926 3981 3957 Poulain

3080 3961 3172 3996 fielen,
3192 3962 3238 3995 hat
3257 3962 3339 3994 dieser
3359 3962 3401 3990 die
3431 3962 3630 3994 Meisterschaft
3658 3970 3713 3991 von
3745 3963 3905 3996 Frankreich
3937 3971 3980 3998 ge¬

3082 4006 3208 4034 wonnen,
3230 4000 3277 4031 für
3296 3999 3338 4028 die
3359 4000 3461 4032 freilich
3480 3999 3556 4030 schon
3576 4001 3634 4028 eine
3652 4008 3733 4035 ganze
3753 4001 3838 4032 Reihe
3854 4002 3980 4030 früherer

3080 4036 3196 4065 Rennen
3215 4037 3383 4070 mitzählten.
3422 4037 3477 4065 Ein
3500 4037 3641 4071 „Rekord"
3663 4039 3698 4071 sei
3717 4039 3781 4069 noch
3798 4039 3979 4072 aufgeführt:

3080 4075 3128 4102 der
3148 4074 3216 4108 letzte
3238 4078 3309 4102 1000
3329 4075 3508 4104 Meter-Lauf
3534 4077 3631 4103 wurde
3663 4077 3692 4104 in
3725 4078 3806 4104 6:48
3840 4076 3980 4110 gefahren.

3080 4112 3131 4140 Da
3151 4111 3201 4145 für
3218 4113 3261 4140 die
3279 4113 3369 4147 letzten
3388 4116 3444 4139 400
3473 4112 3569 4141 Meter
3602 4113 3738 4146 höchstens
3766 4117 3803 4140 30
3823 4114 3978 4143 Sekunden

3078 4157 3110 4183 zu
3130 4151 3239 4183 rechnen
3259 4150 3326 4185 sind,
3345 4151 3477 4183 entfallen
3497 4151 3557 4184 also
3576 4151 3629 4184 auf
3646 4152 3687 4180 die
3714 4152 3799 4185 ersten
3829 4155 3886 4179 600
3905 4156 3976 4182 etwa

515 4254 829 4318 Feuilleton.

429 4396 575 4431 Zürcher
596 4399 906 4434 Neujahrsblätter.

646 4460 683 4488 V.

265 4511 311 4545 In
352 4512 403 4542 den
437 4512 749 4552 Mitteilungen
789 4519 856 4547 der
900 4519 1118 4555 Antiqua¬

189 4548 360 4589 rischen
383 4550 660 4587 Gesellschaft
699 4556 814 4590 gelangt
854 4558 897 4586 die
917 4557 1018 4588 Arbeit
1052 4559 1119 4588 über

209 4586 264 4614 das
305 4588 903 4627 Dominikanerinnenkloster
943 4594 1027 4629 Töß
1057 4604 1119 4631 zum

208 4623 358 4657 Abschluß.
399 4626 486 4659 Hatte
517 4629 565 4656 als
587 4631 672 4663 ersten
693 4629 761 4659 Teil
780 4631 837 4664 Hr.
859 4633 988 4666 Heinrich
1009 4634 1118 4669 Sulzer

210 4661 239 4689 in
267 4663 341 4697 Eigg
363 4663 406 4691 die
427 4664 576 4699 Geschichte
616 4668 702 4696 dieses
742 4668 874 4699 Klosters
916 4671 1043 4707 gegeben,
1089 4673 1117 4705 so

207 4696 328 4729 schildert
371 4701 409 4728 inm
449 4702 560 4736 zweiten
600 4703 663 4733 Teil
685 4705 770 4738 Prof.
790 4707 828 4740 J.
849 4707 891 4737 R.
913 4707 1030 4742 Rahn
1072 4710 1116 4739 die

206 4733 370 4766 Bauten
391 4740 442 4766 des
457 4741 585 4774 Klosters
601 4745 658 4771 und
671 4743 762 4777 dessen
775 4743 1116 4780 Wandgemälde.

206 4771 264 4799 Die
284 4773 493 4811 Abbildungen,
538 4779 582 4807 die
622 4779 699 4813 schon
728 4783 791 4810 dem
831 4784 917 4811 ersten
940 4782 1004 4813 Teil
1026 4786 1118 4819 beige¬

205 4808 290 4841 geben
313 4817 414 4842 waren,
440 4814 566 4846 erhalten
587 4823 647 4844 nun
667 4818 733 4850 hier,
760 4820 842 4851 durch
865 4820 1012 4853 zahlreiche
1033 4829 1111 4857 neue,

204 4846 248 4873 die
269 4845 316 4878 sich
338 4847 461 4879 sämtlich
495 4851 547 4883 auf
567 4852 611 4880 die
630 4854 858 4889 Wandgemälde
878 4858 1011 4893 beziehen,
1056 4868 1116 4889 ver¬

206 4884 306 4919 mehrt,
329 4886 385 4915 ihre
406 4884 617 4921 fachmännische
637 4890 841 4929 Beleuchtung.
874 4897 919 4924 Es
955 4904 1016 4926 war
1038 4898 1115 4927 keine

205 4920 297 4952 leichte
316 4921 452 4956 Aufgabe,
496 4925 538 4952 die
573 4927 634 4954 dem
657 4928 786 4961 Forscher
820 4931 879 4964 hier
899 4933 1012 4967 gestellt
1034 4942 1112 4965 war:

206 4961 395 4986 1851—1853
418 4960 478 4993 sind
497 4962 542 4989 die
561 4961 743 4995 klösterlichen
763 4966 896 5002 Anlagen
926 4970 1113 5005 abgebrochen

204 5001 328 5031 worden,
373 4998 400 5029 so
421 4998 477 5030 daß
506 5005 562 5027 nur
582 5001 647 5033 noch
666 5002 711 5029 die
732 5002 1042 5040 Umfassungsmauern
1064 5011 1114 5042 der

205 5034 301 5069 Kirche
323 5037 380 5064 und
404 5036 455 5065 des
494 5037 598 5072 großen
618 5038 831 5072 Refektoriums
863 5043 946 5078 übrig
968 5045 1110 5078 geblieben

202 5071 276 5104 sind.
315 5074 423 5107 Hätten
464 5077 517 5104 wir
556 5074 625 5108 nicht
645 5077 689 5104 die
708 5076 902 5114 Aufnahmen,
947 5083 1043 5115 welche
1065 5085 1110 5113 die

202 5108 316 5139 Brüder
334 5113 449 5147 Ludwig
470 5114 528 5142 und
547 5113 627 5143 Emil
648 5113 816 5150 Schultheß,
851 5119 918 5151 zwei
937 5118 1111 5154 zürcherische

201 5147 489 5184 Altertumsfreunde,
533 5152 563 5180 in
596 5153 643 5181 der
675 5154 787 5187 zweiten
809 5154 909 5188 Hälfte
929 5156 979 5185 der
1001 5160 1110 5187 1830er

199 5184 292 5217 Jahre
312 5188 434 5220 gemacht
455 5189 551 5223 haben,
596 5191 649 5219 wir
682 5190 796 5220 würden
837 5199 894 5220 von
913 5192 966 5221 den
989 5194 1108 5224 Bauten

199 5225 269 5253 recht
291 5226 381 5259 wenig
403 5225 481 5260 mehr
501 5228 609 5262 wissen.
646 5228 708 5257 Und
729 5230 793 5257 was
813 5230 857 5258 die
878 5230 1105 5267 Wandgemälde

200 5259 239 5287 im
252 5260 423 5298 Kreuzgang
444 5264 562 5300 betrifft,
586 5266 637 5295 den
659 5266 868 5299 bedeutendsten
881 5267 1025 5305 Schmuck,
1052 5270 1106 5299 den

197 5296 253 5325 das
275 5298 389 5333 Kloster
429 5301 610 5337 aufzuweisen
650 5304 733 5337 hatte,
779 5304 806 5340 so
847 5306 907 5339 sind
947 5308 1001 5336 wir
1041 5308 1107 5341 auch

196 5332 254 5366 hier
274 5337 327 5370 auf
346 5337 578 5375 Nachbildungen
598 5343 774 5377 angewiesen,
819 5343 862 5372 die
902 5343 956 5373 mit
976 5346 1025 5375 der
1047 5345 1106 5375 Ge¬

195 5373 336 5407 nauigkeit
358 5376 419 5403 und
432 5375 581 5407 Stiltreue
600 5380 727 5415 heutiger
746 5381 900 5416 derartiger
919 5380 1106 5417 Aufnahmen

187 5407 306 5443 herzlich
346 5412 438 5449 wenig
459 5416 568 5450 gemein
588 5415 691 5450 haben.
731 5417 797 5447 Und
816 5419 881 5454 doch
902 5419 955 5448 wie
977 5421 1105 5451 dankbar

1168 4222 1236 4254 muß
1257 4230 1325 4252 man
1347 4224 1412 4256 auch
1435 4225 1535 4259 diesem
1555 4225 1629 4258 Joh.
1652 4227 1769 4257 Conrad
1791 4227 1985 4259 Werdmüller
2007 4230 2073 4265 sein,

1167 4261 1215 4286 der
1250 4263 1321 4287 1888
1354 4263 1406 4291 als
1447 4268 1498 4294 erst
1520 4264 1794 4300 Neunzehnjähriger
1833 4267 1903 4300 diese
1943 4267 2078 4297 Arbeiten

1167 4299 1385 4328 unternommen
1406 4300 1468 4333 hat.
1509 4302 1628 4335 Freilich
1670 4303 1712 4331 die
1745 4305 1872 4339 wenigen
1893 4305 1986 4337 Köpfe
2019 4309 2076 4335 aus

1166 4334 1255 4366 diesen
1275 4336 1406 4371 Fresken,
1432 4339 1476 4368 die
1498 4340 1528 4368 in
1539 4340 1779 4375 Originalpausen
1801 4343 1910 4377 August
1922 4345 2072 4379 Corrodis,

1166 4369 1212 4398 der
1232 4371 1281 4400 als
1303 4373 1400 4406 Tößer
1420 4375 1628 4409 Pfarrerssohn
1660 4381 1699 4407 im
1723 4379 1834 4413 Kloster
1856 4382 1926 4409 seine
1946 4382 2077 4416 Jugend¬

1165 4408 1242 4441 jahre
1265 4412 1432 4448 verbrachte,
1460 4416 1602 4450 vorliegen
1636 4417 1686 4451 (sie
1707 4418 1765 4446 sind
1788 4418 1827 4446 im
1849 4417 1922 4453 Text
1942 4423 2076 4453 reprodu¬

1165 4447 1247 4479 ziert)
1288 4447 1375 4480 lassen
1414 4451 1573 4485 anderseits
1611 4453 1728 4488 doppelt
1748 4454 1898 4490 bedauern,
1941 4457 1998 4491 daß
2028 4458 2076 4491 sich

1166 4483 1237 4511 keine
1257 4484 1384 4515 geübtere
1406 4487 1492 4518 Hand
1534 4491 1582 4517 als
1621 4491 1664 4519 die
1686 4492 1898 4522 Werdmüllers
1939 4501 1978 4523 an
2007 4495 2076 4529 diese

1165 4519 1293 4555 Aufgabe
1332 4524 1456 4556 gemacht
1495 4525 1558 4557 hat.
1598 4527 1664 4556 Aus
1705 4530 1766 4558 dem
1800 4530 1918 4565 Anfang
1953 4533 2004 4560 des
2028 4536 2073 4563 16.

1166 4559 1384 4591 Jahrhunderts
1419 4562 1557 4591 stammen
1597 4565 1666 4598 diese
1687 4567 1857 4603 Malereien,
1903 4570 1944 4597 die
1987 4571 2014 4598 in
2037 4573 2073 4596 79

1167 4596 1284 4625 Bildern
1318 4598 1373 4626 das
1394 4598 1461 4626 Alte
1483 4602 1541 4628 und
1581 4601 1660 4631 Neue
1681 4602 1842 4635 Testament
1861 4620 1899 4627 —
1932 4614 1988 4636 von
2022 4609 2071 4637 der

1166 4635 1388 4669 Weltschöpfung
1427 4636 1474 4665 bis
1496 4645 1543 4671 zur
1562 4638 1770 4675 Auferstehung
1791 4657 1828 4664 —
1849 4644 2072 4680 durcherzählen.

1167 4673 1221 4702 Ein
1261 4673 1407 4706 sonderlich
1448 4673 1631 4704 bedeutender
1651 4678 1753 4707 Maler
1792 4679 1842 4712 hat
1883 4682 1918 4714 sie
1938 4683 2010 4714 nicht
2031 4691 2074 4717 ge¬

1167 4710 1295 4746 schaffen;
1314 4711 1356 4739 die
1377 4711 1564 4743 Renaissance
1597 4713 1674 4744 hatte
1695 4714 1742 4747 ihn
1763 4717 1829 4748 noch
1850 4719 1923 4750 nicht
1942 4719 2073 4755 berührt;

1166 4748 1326 4782 Analogien
1368 4749 1422 4777 mit
1442 4749 1557 4778 Werken
1598 4751 1646 4779 der
1665 4751 1896 4786 Bodenseeschule
1935 4755 2021 4789 lassen
2042 4763 2073 4785 es

1165 4786 1281 4821 möglich
1301 4787 1456 4821 erscheinen,
1500 4787 1559 4819 daß
1598 4788 1647 4816 der
1666 4789 1765 4818 Maler
1797 4792 1944 4822 (vielleicht
1976 4802 2073 4823 waren

1165 4828 1229 4856 auch
1250 4825 1371 4856 mehrere
1392 4825 1492 4858 Hände
1511 4825 1555 4853 bei
1574 4825 1636 4854 dem
1660 4826 1754 4854 Werke
1776 4827 1865 4862 tätig)
1898 4831 1951 4857 mit
1986 4832 2072 4864 dieser

1164 4862 1402 4898 zusammenhing.
1443 4863 1530 4896 Prof.
1549 4863 1635 4896 Rahn
1677 4863 1818 4897 beschreibt
1851 4865 1895 4893 die
1928 4867 2070 4901 einzelnen

1165 4899 1265 4928 Bilder
1285 4908 1393 4935 genau;
1411 4901 1455 4929 die
1475 4901 1588 4934 meisten
1609 4902 1694 4936 lassen
1714 4902 1761 4934 sich
1775 4902 1841 4934 noch
1864 4903 1942 4936 sicher
1955 4906 2070 4942 deuten;

1164 4937 1208 4969 ihr
1227 4937 1401 4970 Sachinhalt
1421 4940 1451 4966 ist
1474 4940 1559 4971 somit
1579 4947 1611 4974 zu
1632 4940 1856 4974 rekonstruieren,
1890 4940 1933 4973 ihr
1954 4941 2071 4975 künstle¬

1161 4975 1254 5007 rischer
1274 4976 1352 5005 Wert
1372 4977 1496 5011 dagegen
1516 4984 1571 5006 nur
1592 4978 1768 5010 annähernd.

1219 5012 1340 5045 Baulich
1362 5014 1504 5043 bedeutete
1524 5016 1578 5044 das
1602 5016 1715 5045 Kloster
1734 5016 1837 5051 wenig.
1878 5015 1934 5045 Ein
1954 5016 2061 5051 starker,

1161 5049 1321 5084 origineller
1342 5051 1504 5085 Kunstgeist
1545 5053 1596 5084 hat
1635 5053 1703 5082 über
1722 5053 1786 5086 Töß
1819 5054 1891 5086 nicht
1923 5056 2066 5088 gewaltet.

1161 5086 1230 5115 Das
1251 5088 1400 5121 Maßwerk
1441 5091 1471 5118 in
1511 5090 1563 5119 den
1584 5091 1716 5125 gotischen
1736 5092 1871 5126 Fenstern
1892 5093 1941 5120 des
1965 5093 2068 5127 Kreuz¬

1158 5130 1267 5159 ganges
1309 5140 1344 5146 —
1383 5128 1429 5155 die
1457 5127 1626 5160 betreffende
1646 5128 1730 5160 Tafel
1749 5130 1784 5163 ist
1803 5132 1844 5159 im
1866 5130 1979 5165 frühern
2000 5131 2067 5165 Heft

1158 5162 1303 5194 enthalten
1322 5178 1359 5185 —
1380 5164 1442 5198 sagt
1463 5167 1492 5194 in
1512 5166 1596 5199 dieser
1615 5166 1738 5201 Hinsicht
1757 5175 1859 5203 genug.

1214 5199 1293 5228 Man
1313 5201 1377 5234 darf
1398 5203 1460 5231 dem
1482 5203 1618 5238 kundigen
1630 5205 1759 5238 Forscher
1779 5206 1929 5240 aufrichtig
1950 5207 2062 5242 danken,

1157 5235 1213 5269 daß
1253 5245 1282 5265 er
1303 5238 1352 5272 auf
1373 5239 1482 5269 Grund
1501 5244 1553 5270 des
1575 5242 1691 5275 spröden
1711 5243 1878 5274 Materials
1900 5245 1947 5275 für
1968 5246 2067 5275 unsere

1156 5273 1302 5303 Kenntnis
1320 5280 1440 5310 gerettet
1459 5277 1518 5312 hat,
1543 5282 1607 5307 was
1628 5287 1663 5315 zu
1683 5284 1773 5309 retten
1795 5288 1870 5312 war.
1908 5282 1965 5311 Bei
2002 5285 2066 5312 dem

1155 5311 1283 5345 heutigen
1304 5313 1420 5342 Betrieb
1442 5316 1491 5344 der
1511 5316 1859 5353 Altertumswissenschaft
1900 5319 1963 5352 darf
1997 5329 2065 5350 man

1155 5348 1224 5379 ohne
1244 5348 1525 5387 Selbstüberhebung
1544 5353 1636 5389 sagen,
1682 5356 1736 5386 daß
1771 5356 1816 5384 ein
1837 5356 1982 5386 Denkmal
2013 5359 2064 5387 wie

1153 5385 1240 5415 dieses
1260 5387 1655 5424 Dominikanerinnenkloster
1694 5392 1766 5426 nicht
1806 5396 1886 5426 mehr
1920 5394 2065 5430 sozusagen

1153 5430 1219 5453 vom
1239 5423 1391 5455 Erdboden
1422 5427 1624 5462 verschwinden
1644 5428 1752 5464 könnte,
1797 5432 1870 5465 ohne
1890 5431 1949 5465 daß
1983 5433 2064 5464 durch

2127 4232 2269 4265 genaueste
2291 4230 2472 4266 Aufnahmen
2493 4233 2551 4261 und
2573 4234 2801 4269 Nachbildungen
2838 4236 2885 4264 der
2906 4235 3029 4268 Bestand

2126 4268 2173 4302 für
2192 4270 2250 4298 alle
2268 4270 2394 4302 Zukunft
2415 4270 2554 4306 festgelegt
2576 4272 2680 4302 würde.
2724 4271 2786 4301 Und
2818 4273 2907 4307 dessen
2927 4274 3030 4307 dürfen

2126 4308 2180 4335 wir
2198 4310 2257 4335 uns
2279 4315 2334 4336 von
2354 4309 2458 4342 Herzen
2480 4309 2590 4341 freuen.

2183 4383 2240 4416 Die
2271 4383 2436 4416 Zürcher
2478 4386 2872 4420 Kunstgesellschaft
2915 4388 3029 4417 widmet

2126 4420 2170 4453 ihr
2189 4420 2410 4453 Neujahrsblatt
2449 4422 2511 4451 dem
2553 4424 2689 4458 tüchtigen
2721 4425 2882 4454 Konrad
2903 4425 3027 4456 Grob.

2124 4457 2182 4486 Ein
2222 4459 2368 4488 bekannter
2407 4459 2553 4493 trefflicher
2575 4461 2676 4490 Maler
2716 4461 2749 4494 ist
2788 4461 2843 4494 sein
2874 4462 3023 4498 Verfasser,

2126 4494 2174 4524 W.
2194 4495 2228 4526 L.
2246 4496 2445 4529 Lehmann
2465 4497 2495 4525 in
2515 4497 2665 4532 München,
2709 4499 2772 4526 dem
2813 4501 2867 4528 wir
2896 4502 2961 4532 auch
2983 4501 3027 4530 die

2124 4532 2214 4567 schöne
2253 4533 2451 4568 Würdigunug
2472 4534 2560 4565 Adolf
2580 4535 2704 4565 Stäblis
2749 4538 2918 4568 verdanken.
2959 4538 3026 4566 Aus

2124 4579 2245 4605 genauer
2283 4572 2459 4603 persönlicher
2499 4572 2696 4607 Bekannschaft
2720 4574 2823 4603 Grobs
2866 4576 2971 4607 heraus
2993 4576 3027 4608 ist

2122 4610 2165 4637 die
2185 4608 2286 4638 Arbeit
2307 4610 2480 4646 geschrieben,
2523 4611 2590 4642 auch
2630 4614 2686 4640 aus
2707 4619 2830 4641 warmer
2849 4613 3027 4647 Sympathie

2123 4645 2170 4678 für
2208 4648 2260 4675 den
2299 4648 2443 4679 Künstler.
2484 4649 2552 4678 Von
2593 4649 2701 4678 blinder
2741 4649 2960 4685 Bewunderung
2994 4653 3026 4685 ist

2123 4684 2258 4716 natürlich
2280 4684 2351 4714 keine
2364 4686 2456 4720 Rede;
2476 4687 2546 4721 dazu
2569 4687 2601 4719 ist
2614 4687 2756 4718 Lehmann
2777 4688 2821 4717 ein
2841 4696 2874 4723 zu
2895 4688 3027 4722 kritischer

2123 4721 2208 4755 Kopf,
2252 4729 2333 4751 wenn
2372 4731 2400 4752 er
2419 4722 2484 4755 auch
2506 4729 2605 4757 gerade
2626 4725 2667 4753 bei
2687 4725 2787 4759 diesem
2809 4724 2907 4759 Anlaß
2930 4730 3023 4755 etwas

2122 4759 2295 4793 auffallende
2317 4759 2461 4793 Ansichten
2482 4761 2550 4790 über
2589 4762 2632 4790 die
2651 4762 2742 4791 Kritik
2783 4763 2895 4795 äußert.
2940 4764 3024 4794 Grob

2122 4804 2182 4825 war
2201 4797 2260 4830 sehr
2280 4798 2441 4832 unglücklich
2473 4799 2604 4832 darüber,
2641 4801 2698 4832 daß
2718 4801 2786 4833 seine
2811 4801 2961 4834 „Schlacht
2981 4802 3024 4831 bei

2121 4833 2291 4869 Sempach",
2336 4837 2380 4864 die
2404 4838 2477 4862 1879
2497 4836 2548 4868 auf
2581 4838 2634 4865 den
2664 4838 2881 4871 schweizerischen
2903 4838 3024 4868 Turnus

2120 4870 2189 4903 kam,
2236 4872 2330 4901 keinen
2362 4873 2492 4908 Anklang
2527 4873 2613 4909 fand;
2653 4878 2710 4904 und
2733 4875 2874 4907 Lehmann
2915 4877 3024 4909 schreibt

2119 4912 2269 4942 geradezu:
2308 4911 2380 4942 Daß
2402 4911 2486 4939 Grob
2519 4912 2601 4943 durch
2621 4912 2876 4947 Zeitungskritiken
2897 4915 2941 4942 die
2961 4915 3024 4948 Lust

2118 4952 2155 4973 an
2179 4949 2227 4974 der
2247 4948 2506 4979 Historienmalerei
2548 4957 2713 4982 genommen
2743 4956 2846 4984 wurde,
2891 4951 2925 4984 ist
2963 4955 3023 4980 ent¬

2118 4982 2233 5015 schieden
2254 4991 2284 5017 zu
2305 4984 2463 5018 beklagen."
2505 4986 2566 5020 (S.
2588 4988 2652 5018 37.)
2691 4987 2752 5019 Auf
2774 4987 2818 5017 S.
2838 4991 2872 5014 21
2915 4988 3021 5021 erfährt

2118 5027 2185 5048 man
2209 5020 2320 5056 freilich,
2366 5022 2421 5054 daß
2463 5024 2532 5054 nicht
2554 5030 2616 5056 nur,
2662 5025 2893 5059 „unverständige
2915 5027 3021 5059 Kunst¬

2116 5056 2222 5086 krititer
2233 5059 2288 5086 das
2309 5059 2447 5086 Gemälde
2469 5060 2673 5094 schonungslos
2693 5062 2934 5097 herunterrissen",
2959 5063 3020 5096 son¬

2115 5095 2182 5123 dern
2194 5095 2250 5128 daß
2261 5098 2292 5124 es
2304 5095 2381 5129 selbst
2396 5096 2457 5130 „bei
2468 5097 2519 5126 den
2532 5098 2644 5130 meisten
2659 5098 2745 5132 seiner
2754 5100 2877 5132 (Grobs)
2887 5100 3020 5134 Freunde

2114 5138 2170 5160 nur
2191 5133 2235 5160 ein
2275 5132 2458 5165 bedenkliches
2479 5134 2634 5166 Schütteln
2674 5137 2726 5164 des
2747 5138 2858 5169 Kopfes
2878 5138 3018 5172 erregte".

2115 5170 2177 5199 Der
2196 5170 2337 5205 Verfasser
2370 5172 2512 5201 motiviert
2543 5173 2613 5206 diese
2634 5173 2881 5209 Stellungnahme
2902 5183 2934 5209 zu
2957 5179 3020 5205 dem

2114 5208 2199 5237 Bilde
2239 5209 2293 5237 mit
2332 5210 2393 5237 dem
2416 5208 2585 5241 Befremden
2616 5211 2743 5246 darüber,
2786 5213 2843 5245 daß
2865 5212 2949 5242 Grob
2970 5213 3021 5247 auf

2114 5246 2220 5275 einmal
2260 5253 2326 5276 vom
2351 5247 2507 5280 Genrefach
2548 5255 2597 5283 zur
2636 5249 2898 5283 Historienmalerei
2940 5250 3020 5282 über¬

2114 5291 2255 5318 gegangen
2276 5283 2324 5317 sei.
2365 5285 2435 5314 Das
2474 5285 2539 5315 will
2559 5289 2619 5314 uns
2652 5287 2724 5320 nicht
2743 5289 2817 5318 recht
2835 5289 3022 5325 einleuchten;

2115 5322 2153 5350 im
2175 5321 2264 5355 selben
2283 5322 2376 5356 Jahre
2397 5325 2479 5358 1879,
2522 5323 2572 5352 als
2611 5324 2656 5354 die
2695 5325 3018 5360 „Sempacherschlacht"

2112 5357 2156 5389 die
2196 5360 2414 5395 schweizerischen
2433 5361 2658 5396 Ausstellungen
2698 5365 2923 5393 durchwanderte
2960 5365 3018 5393 und

2113 5395 2205 5425 keinen
2226 5396 2336 5431 Käufer
2369 5397 2444 5433 fand,
2488 5398 2523 5432 ist
2562 5401 2611 5427 der
2651 5399 2825 5436 „Pestalozzi
2844 5400 2875 5430 in
2897 5400 3018 5429 Stans"

2112 5434 2284 5471 entstanden,
2330 5435 2358 5467 d.
2381 5436 2411 5469 h.
2432 5435 2500 5470 auch
2521 5437 2566 5466 ein
2586 5436 2665 5470 Bild,
2709 5439 2767 5467 das
2785 5439 2846 5467 eine
2870 5438 3020 5471 historlsche

3080 4237 3173 4272 Szene
3192 4238 3339 4272 darstellte,
3365 4238 3466 4271 freilich
3488 4238 3560 4267 keine
3581 4239 3752 4274 kriegerische,
3778 4241 3895 4273 sondern
3918 4241 3979 4268 eine

3078 4275 3227 4310 friedliche;
3246 4279 3302 4304 und
3324 4276 3412 4309 dieses
3431 4276 3505 4305 Bild
3525 4277 3559 4309 ist
3578 4278 3628 4305 ins
3648 4277 3758 4306 Basler
3777 4278 3913 4311 Museum
3932 4284 3978 4311 ge¬

3079 4314 3170 4346 langt.
3210 4314 3279 4341 War
3302 4314 3367 4349 das,
3404 4317 3467 4343 was
3497 4317 3545 4344 der
3566 4315 3716 4350 „Schlacht
3739 4324 3792 4344 von
3815 4315 3977 4348 Sempach"

3078 4351 3120 4378 die
3140 4350 3230 4381 Gunst
3252 4351 3428 4387 verschernte,
3473 4355 3546 4382 nicht
3586 4353 3615 4381 in
3654 4354 3736 4387 erster
3756 4354 3833 4383 Linie
3854 4358 3900 4382 der
3921 4359 3977 4382 von

3078 4388 3215 4419 Lehmann
3256 4390 3331 4420 selbst
3373 4390 3403 4423 so
3442 4390 3559 4422 deutlich
3599 4392 3712 4426 gerügte
3740 4392 3859 4427 Mangel
3899 4391 3975 4423 ihres

3077 4426 3230 4455 Kolorits?
3251 4428 3330 4461 „Der
3350 4426 3458 4462 farbige
3477 4427 3615 4456 Eindruck
3634 4433 3684 4457 des
3704 4429 3807 4458 Bildes
3836 4430 3870 4462 ist
3890 4429 3977 4457 leider

3076 4462 3132 4491 kein
3153 4464 3317 4497 glücklicher.
3357 4465 3427 4494 Das
3450 4465 3545 4500 Ganze
3588 4466 3666 4495 wirkt
3696 4469 3787 4495 etwas
3808 4466 3893 4501 bunt;
3913 4466 3975 4493 Rot

3075 4506 3133 4529 und
3155 4502 3235 4530 Blau
3254 4502 3389 4536 herrschen
3412 4509 3470 4537 vor,
3508 4511 3589 4537 wozu
3620 4506 3674 4532 das
3695 4504 3767 4532 Gelb
3792 4504 3838 4532 der
3859 4505 3973 4536 Haupt¬

3077 4537 3154 4572 figur
3174 4541 3244 4572 nicht
3264 4540 3331 4572 recht
3355 4540 3493 4573 stimmt."
3533 4541 3617 4570 Grob
3638 4541 3704 4573 habe
3744 4541 3804 4569 dies
3826 4541 3904 4576 selbst
3927 4548 3975 4575 ge¬

3076 4576 3157 4611 fühlt,
3182 4578 3228 4611 sich
3249 4578 3314 4606 aber
3334 4579 3422 4610 dahin
3445 4579 3595 4612 geäußert:
3634 4587 3661 4608 er
3700 4579 3768 4612 habe
3797 4579 3842 4609 die
3883 4579 3975 4608 Sem¬

3074 4614 3168 4645 packer
3190 4615 3320 4647 Schlacht
3360 4617 3432 4648 nicht
3470 4619 3583 4650 gemalt,
3626 4622 3675 4645 um
3714 4617 3773 4645 eine
3813 4617 3972 4651 malerische

3074 4652 3209 4686 Wirkung
3229 4661 3262 4687 zu
3280 4653 3401 4686 erzielen,
3447 4653 3562 4686 sondern
3602 4661 3631 4682 er
3651 4654 3719 4686 habe
3742 4662 3793 4683 vor
3813 4655 3899 4684 allem
3922 4657 3973 4682 den

3074 4689 3287 4723 entscheidenden
3320 4690 3458 4719 Moment
3499 4692 3596 4720 malen
3635 4693 3749 4722 wollen.
3791 4693 3861 4727 Gut,
3905 4691 3972 4720 aber

3076 4735 3155 4756 wenn
3176 4736 3204 4756 er
3222 4728 3310 4762 diesen
3330 4729 3469 4756 Moment
3504 4729 3608 4762 schlecht
3629 4731 3692 4758 oder
3712 4730 3774 4761 doch
3795 4730 3865 4762 nicht
3884 4729 3972 4764 glück¬

3075 4765 3124 4795 lich
3144 4766 3249 4800 gemalt
3268 4765 3326 4800 hat,
3371 4766 3399 4798 so
3420 4766 3491 4793 kann
3522 4767 3608 4799 diesen
3631 4767 3731 4799 Fehler
3753 4767 3817 4798 auch
3839 4768 3881 4796 die
3901 4766 3971 4799 beste

3073 4803 3269 4836 Komposition
3308 4804 3379 4836 nicht
3418 4808 3472 4831 aus
3507 4805 3554 4831 der
3575 4804 3649 4832 Welt
3670 4804 3795 4837 schaffen.
3837 4805 3902 4833 Wir
3924 4804 3972 4837 für

3073 4840 3167 4873 unsere
3188 4840 3294 4874 Person
3335 4839 3424 4871 haben
3465 4843 3520 4868 aus
3562 4841 3612 4868 den
3634 4841 3866 4875 Kompositionen
3888 4843 3974 4876 histo¬

3072 4877 3170 4910 rischen
3191 4876 3370 4910 Charakters,
3417 4879 3509 4910 welche
3549 4883 3630 4906 unter
3669 4883 3721 4907 den
3756 4878 3873 4915 Skizzen
3916 4881 3973 4909 und

3073 4914 3336 4948 Handzeichnungen
3359 4913 3462 4942 Grobs
3483 4916 3512 4944 in
3532 4915 3580 4943 der
3603 4916 3789 4952 Ausstellung
3818 4921 3866 4947 der
3886 4917 3974 4947 Gott¬

3071 4951 3140 4984 fried
3159 4951 3408 4985 Keller-Stiftung
3447 4959 3479 4986 zu
3520 4952 3598 4986 sehen
3620 4961 3722 4989 waren,
3765 4958 3818 4983 den
3839 4955 3975 4984 Eindruck

3070 4989 3138 5019 nicht
3158 4996 3318 5023 gewonnen,
3363 4989 3420 5022 daß
3460 4990 3517 5023 hier
3557 4992 3601 5019 ein
3640 4993 3755 5026 wirklich
3789 4992 3972 5022 bedeutender

3070 5026 3301 5058 Historienmaler
3322 5028 3405 5060 durch
3443 5028 3487 5057 die
3507 5029 3589 5062 falsch
3608 5031 3796 5064 unterrichtete
3818 5031 3970 5065 öffentliche

3068 5063 3214 5099 Meinung
3248 5066 3443 5101 vergewaltigt
3482 5070 3549 5096 oder
3581 5068 3658 5099 lahm
3680 5070 3766 5103 gelegt
3789 5073 3902 5097 worden
3923 5068 3967 5099 sei.

3070 5101 3224 5136 Uebrigens
3245 5103 3294 5135 hat
3314 5105 3363 5136 sich
3385 5103 3467 5133 Grob
3497 5105 3564 5138 auch
3585 5106 3649 5138 nach
3669 5108 3773 5134 andern
3794 5105 3899 5134 Seiten
3921 5106 3970 5137 hin

3068 5139 3245 5174 gelegentlich
3284 5142 3314 5168 in
3356 5142 3443 5175 seiner
3463 5141 3620 5177 Begabung
3641 5144 3738 5177 geirrt.
3768 5142 3818 5171 So
3839 5143 3921 5176 besaß
3941 5151 3970 5173 er

3068 5177 3155 5207 neben
3194 5180 3246 5206 den
3265 5180 3320 5211 echt
3354 5179 3572 5213 schweizerischen
3596 5179 3717 5213 Stoffen
3741 5181 3816 5214 „eine
3838 5181 3971 5210 Vorliebe

3069 5213 3117 5247 für
3155 5216 3245 5244 antike
3286 5215 3473 5250 Vorwürfe";
3525 5218 3573 5245 der
3613 5217 3692 5253 lange
3731 5217 3901 5250 Aufenthalt
3940 5219 3970 5247 in

3068 5252 3191 5286 Italien,
3216 5253 3280 5285 auch
3292 5253 3430 5287 Einflüsse
3445 5254 3574 5283 Böcklins
3594 5254 3716 5284 erklären
3738 5256 3787 5286 sie:
3808 5264 3859 5291 „zu
3879 5257 3970 5286 einem

3068 5290 3243 5323 erfreulichen
3262 5290 3409 5323 Resultate
3428 5291 3461 5324 ist
3481 5299 3512 5321 er
3531 5293 3599 5321 aber
3618 5292 3699 5322 dabei
3728 5295 3775 5325 nie
3794 5295 3968 5328 gekommen.

3068 5328 3112 5356 Es
3132 5328 3234 5362 zwingt
3253 5327 3283 5362 ja
3303 5329 3452 5362 unstreitig
3492 5330 3580 5365 große
3601 5331 3727 5365 Achtung
3746 5330 3791 5365 ab,
3836 5332 3887 5360 wie
3921 5331 3970 5364 sich

3067 5365 3116 5393 der
3137 5365 3352 5401 Siebzigjährge
3393 5367 3458 5400 noch
3499 5375 3537 5396 an
3577 5369 3659 5401 solche
3691 5370 3799 5402 schwere
3819 5369 3968 5404 Aufgaben

3068 5405 3166 5437 wagte,
3209 5403 3252 5431 die
3290 5404 3335 5433 bei
3374 5404 3450 5433 allen
3490 5405 3658 5438 Schwächen
3690 5407 3754 5440 doch
3789 5407 3890 5436 immer
3911 5406 3967 5440 sein

3067 5440 3171 5476 großes
3190 5441 3311 5471 Können
3332 5443 3392 5472 und
3431 5441 3562 5477 ehrliches
3583 5443 3697 5475 Wollen
3726 5443 3858 5476 beweisen
3879 5458 3916 5466 —
3937 5447 3969 5473 es
