3802 5551
119 125 215 186 Nr.
253 130 387 194 143.
461 132 659 202 Erstes
693 135 899 197 Blatt.

2747 151 3067 219 Mittwoch,
3103 155 3201 216 23.
3237 156 3379 218 Mai
3419 158 3577 220 1883.

1496 138 1901 221 Dreiundsechzigster
1920 138 2178 221 Jahrgang.

112 253 945 685 Neue
1016 249 3594 796 Zürcher-Zeitung

240 797 754 840 Abonnementspreise.

1805 812 1905 872 und

647 850 659 869 3
668 849 764 870 Monate.
789 849 802 870 6
812 849 906 871 Monate

84 866 182 894 Zürich
193 869 265 895 (wenn
276 869 310 892 die
323 871 417 900 Zeitung
431 872 526 898 abgeholt
538 873 604 899 wird)
641 874 679 902 Fr.
692 876 755 898 5.50
781 875 821 903 Fr.
835 878 905 898 10.—

84 894 200 924 Schweiz
215 896 340 922 (Bestellung
353 898 407 920 beim
419 899 555 924 Postbureau)
568 916 574 922 .
602 915 610 922 .
652 917 662 927 „
688 900 752 927 6.70
793 918 803 928 „
834 904 905 925 12.50

115 921 150 945 do.
176 924 256 947 (directe
271 923 387 952 Bestellung
400 926 433 947 bei
445 926 479 947 der
489 927 612 952 Expedition

170 951 215 972 und
228 950 297 978 Bezug
311 953 372 973 unter
385 952 547 979 Privatadresse)
567 969 574 976 .
601 969 608 976 .
650 970 660 980 „
688 955 750 977 7.50
791 971 802 982 „
832 958 903 979 14.—

85 973 265 1002 Deutschland
287 976 414 1002 (Bestellung
435 980 488 1001 beim
506 980 609 1006 Postamt)
636 980 679 1004 Mk.
689 983 748 1004 7.—

85 1000 368 1032 Oesterreich-Ungarn
380 1005 445 1031 (Best.
455 1007 476 1030 b.
485 1006 588 1033 Postamt)
603 1007 631 1033 fl.
631 1007 682 1033 dW.
682 1007 750 1033 5.20

86 1028 249 1055 Frankreich,
259 1031 367 1055 Italien
380 1034 427 1054 und
439 1033 508 1060 übrige
519 1034 612 1056 Staaten

169 1058 206 1079 des
219 1059 460 1084 Weltpostvereins
475 1061 555 1086 (directe
570 1061 611 1083 Be¬

165 1085 255 1123 stellung
267 1087 298 1108 bei
311 1087 346 1108 der
360 1085 493 1114 Expedition)
533 1103 539 1110 .
565 1104 572 1110 .
599 1104 607 1111 .
634 1088 671 1116 Fr.
680 1090 750 1112 11.50
776 1089 815 1117 Fr.
828 1093 900 1113 22.—

1056 896 1840 1121 schweizerisches
1908 902 2656 1114 Handelsblatt.

2982 821 3444 860 Insertionsgebühr.

3148 865 3285 895 Annoncen:

2807 888 2853 916 Für
2865 889 2899 913 die
2912 890 3003 920 Schweiz
3014 893 3042 914 20
3054 891 3100 918 Rp.,
3115 891 3157 919 für
3157 891 3210 919 das
3210 891 3315 919 Ausland
3327 897 3356 918 25
3367 896 3407 924 Rp.
3421 898 3471 919 oder
3482 900 3510 919 20
3520 896 3615 923 Pfennig

3077 924 3112 945 per
3127 919 3264 950 sechsspaltige
3276 923 3340 949 Zeile.

2951 944 3072 972 Reclamen
3085 951 3111 968 rc.
3126 948 3194 971 (unter
3208 950 3250 970 dem
3264 949 3465 976 Redaktionsstrich):

3013 974 3042 997 50.
3051 972 3084 1001 Rp
3101 972 3145 1001 per
3150 971 3285 1003 vierspaltige
3291 976 3401 1004 Petitzeile

2846 996 2943 1023 Inserate
2959 999 3002 1019 und
3014 999 3124 1020 Reclamen
3143 999 3186 1025 sind
3198 1001 3343 1027 ausschließlich
3357 1003 3485 1030 einzusenden
3498 1005 3527 1027 an
3541 1004 3573 1027 die

2818 1022 2920 1052 Schweiz.
2933 1026 3154 1052 Annoncenbureaux
3165 1032 3206 1049 von
3218 1027 3283 1056 Orell
3288 1019 3369 1061 Füßli
3380 1031 3399 1052 &
3412 1031 3459 1057 Cie.
3473 1030 3504 1053 in
3504 1030 3589 1053 Zürich

2993 1052 3062 1079 Basel,
3072 1051 3146 1082 Bern,
3152 1048 3273 1083 Lausanne,
3283 1048 3351 1080 Genf,
3358 1058 3387 1083 rc.
3389 1060 3421 1080 rc.

3007 1080 3078 1107 Preis
3090 1081 3130 1102 der
3143 1081 3254 1108 einzelnen
3267 1084 3410 1110 Nummern:

2882 1104 2979 1130 Einfache
2993 1106 3018 1128 10
3030 1107 3077 1134 Rp.
3091 1108 3133 1129 mit
3145 1107 3231 1138 Beilage
3244 1111 3270 1132 15
3284 1110 3331 1136 Rp.,
3344 1111 3436 1135 doppelte
3449 1111 3477 1132 20
3487 1110 3530 1137 Rp.

143 1148 350 1202 Täglich,
377 1151 471 1191 mit
497 1152 805 1206 Ausnahme
833 1156 915 1195 des
943 1155 1222 1210 Sonntags,
1249 1159 1547 1210 zweimalige
1574 1158 1827 1212 Ausgabe.

2039 1161 2261 1211 Bureau
2289 1165 2373 1204 der
2400 1165 2703 1215 Redaktion:
2733 1168 3062 1222 Brunngasse
3087 1170 3189 1221 Nr.
3217 1177 3246 1212 2
3275 1172 3333 1214 in
3360 1171 3552 1226 Zürich.

167 1321 431 1370 Volksinitiative
460 1333 551 1373 gegen
578 1324 637 1364 den
664 1323 870 1376 Impfzwang.

159 1415 189 1446 □
213 1407 416 1447 Impfzwang!
453 1407 508 1439 Ein
531 1406 650 1447 herrlich
672 1408 815 1448 erdachtes
836 1408 940 1441 Wort!

85 1449 160 1483 Wer
183 1452 214 1483 in
237 1452 349 1491 unserer
371 1451 598 1491 demokratischen
612 1452 751 1492 Republik
767 1453 847 1493 sollte
869 1453 942 1493 nicht

85 1494 167 1534 schon
191 1497 296 1536 darauf
318 1496 426 1537 lebhaft
439 1496 575 1537 reagiren,
590 1503 671 1529 wenn
684 1507 714 1530 er
726 1498 778 1530 das
790 1497 942 1537 Wörtchen

91 1540 244 1582 „Zwang"
271 1550 328 1573 nur
351 1541 445 1582 hört?
490 1541 561 1573 Wer
584 1541 663 1575 denkt
686 1542 766 1575 dabei
790 1543 865 1582 nicht
888 1552 942 1574 un¬

86 1585 238 1618 mittelbar
262 1595 299 1617 an
323 1585 460 1625 Geßler's
481 1586 544 1626 Hut
568 1586 628 1618 und
651 1587 693 1620 die
717 1587 844 1628 muthige
865 1587 942 1628 That

86 1631 203 1670 unserer
226 1631 337 1671 Ahnen,
361 1631 459 1670 welche
482 1631 523 1663 die
546 1631 651 1664 Ketten
674 1632 846 1673 gebrochen?
877 1633 942 1664 Und

86 1674 163 1714 doch.
201 1675 349 1708 Wandern
372 1676 428 1708 wir
451 1676 574 1716 landauf
597 1676 705 1709 landab
729 1676 813 1716 durch
837 1677 943 1710 Städte

86 1720 150 1752 und
173 1720 281 1760 Dörfer
303 1721 361 1752 und
383 1721 485 1761 fragen
508 1721 563 1752 wir
586 1720 623 1752 da
647 1723 712 1754 oder
728 1722 803 1759 dort,
829 1728 884 1754 wer
905 1721 942 1762 je,

86 1764 200 1803 seitdem
224 1775 272 1797 am
298 1768 348 1798 13.
371 1766 454 1804 Juni
480 1767 562 1797 1880
598 1768 680 1807 unser
703 1767 778 1799 Volk
801 1767 833 1799 in
854 1767 942 1806 seiner

87 1809 238 1851 Mehrheit
262 1811 350 1849 diesen
378 1811 527 1851 „Zwang"
555 1809 629 1851 sich
653 1811 777 1851 selbst
801 1812 941 1852 auferlegt

84 1854 149 1893 hat,
174 1856 277 1888 Etwas
310 1855 406 1887 davon
441 1856 592 1895 verspürte,
631 1865 668 1889 an
690 1856 740 1896 sich
764 1856 831 1888 oder
853 1857 943 1895 seinen

85 1899 241 1932 Kindern?
287 1900 343 1933 Die
364 1900 502 1933 Antwort
525 1900 625 1940 müßte
647 1911 716 1933 man
740 1905 799 1933 uns
822 1900 943 1942 schuldig

83 1943 206 1977 bleiben.
231 1944 326 1977 Wenn
349 1945 492 1986 irgendwo
520 1945 668 1985 „amtliche
678 1947 846 1987 Impfung"
874 1950 943 1978 aus¬

85 1988 256 2030 geschrieben
279 1996 349 2027 war,
375 2000 446 2022 man
468 1989 577 2029 brachte
601 1990 645 2023 die
667 1991 789 2023 Kleinen
813 1991 861 2032 her
884 1991 943 2023 in's

84 2034 284 2075 Wirthshaus
306 2035 371 2067 oder
393 2035 455 2067 in's
468 2035 639 2076 Schulhaus
662 2036 727 2068 oder
749 2045 820 2068 man
836 2035 943 2075 brachte

85 2080 124 2118 sie
148 2080 215 2120 auch
239 2079 321 2119 nicht.
367 2080 443 2112 Kein
476 2080 563 2120 Hahn
598 2080 692 2121 krähte
728 2080 843 2120 danach,
876 2081 942 2120 noch

85 2125 210 2165 weniger
233 2125 291 2157 eine
314 2124 686 2166 Gesundheitskommission.
712 2126 770 2158 Am
795 2126 873 2159 Ende
895 2126 943 2158 des

83 2169 201 2211 Jahres
224 2169 328 2209 machte
350 2179 420 2202 man
445 2170 530 2208 dann,
564 2170 617 2208 auf
641 2170 700 2203 dem
723 2170 943 2203 Obmannamte

86 2214 132 2246 die
155 2214 234 2255 Zahl
269 2214 455 2254 sämmtlicher
488 2215 529 2247 im
552 2214 673 2247 Kanton
707 2215 942 2256 durchgeführten

85 2259 275 2300 Impfungen
287 2259 510 2300 überschlagend,
528 2259 570 2291 die
582 2259 745 2301 mißliebige
758 2260 939 2301 Entdeckung,

84 2304 146 2344 daß
169 2305 216 2336 der
240 2305 405 2345 Impflinge
428 2310 485 2337 von
508 2304 590 2344 Jahr
613 2314 648 2344 zu
659 2306 741 2346 Jahr
764 2305 867 2338 immer
888 2313 942 2338 we¬

86 2349 170 2391 niger
193 2349 319 2382 wurden.
365 2349 448 2382 Oder
481 2359 550 2381 man
584 2350 682 2382 wurde
716 2350 781 2382 dort
818 2360 870 2391 gar
892 2360 943 2382 um

85 2394 242 2434 Impfstoff
265 2393 410 2434 bestürmt,
435 2394 499 2427 weil
522 2394 564 2427 die
586 2394 705 2428 Mütter
740 2395 801 2436 ihre
836 2395 943 2427 Kinder

85 2448 140 2478 zur
164 2438 388 2480 Stoffabnahme
412 2441 490 2481 (trotz
514 2439 740 2481 Verordnung!)
765 2439 841 2480 nicht
863 2440 941 2480 mehr

85 2483 279 2524 herbrachten.

156 2529 239 2569 Nicht
262 2529 318 2561 viel
340 2528 425 2569 besser
449 2529 516 2570 ging
540 2533 569 2561 es
591 2528 624 2561 in
637 2528 682 2562 der
693 2528 873 2569 Volksschule
884 2529 940 2570 her.

86 2574 148 2606 Am
171 2574 249 2606 einen
272 2574 346 2606 Orte
379 2573 511 2612 brachten
535 2574 576 2606 die
599 2583 656 2606 neu
688 2576 942 2615 aufgenommenen

86 2619 199 2651 Kinder
228 2618 401 2659 regelmäßig
435 2619 495 2660 ihre
517 2618 717 2659 Impfscheine,
753 2629 801 2651 am
836 2619 943 2651 andern

87 2663 140 2704 sah
162 2673 230 2696 man
254 2663 336 2704 durch
359 2664 402 2696 die
414 2664 521 2704 Finger
544 2664 603 2695 und
627 2664 684 2703 ließ
706 2664 750 2696 die
773 2664 942 2704 ängstlichen

87 2708 196 2741 Seelen
219 2709 375 2750 gewähren.
424 2709 493 2741 Von
527 2708 602 2740 einer
641 2709 767 2749 strengen
801 2709 943 2741 Kontrole

81 2751 165 2790 aber,
189 2758 247 2785 von
269 2754 362 2786 einem
379 2754 495 2794 Zwang
517 2762 603 2794 gegen
619 2754 756 2793 Renitenz
778 2760 843 2785 war
864 2754 942 2794 wohl

83 2797 224 2838 nirgends
247 2797 289 2829 die
310 2797 394 2830 Rede.
430 2798 487 2836 Ja,
510 2798 538 2837 so
562 2798 610 2836 lax
634 2803 694 2830 war
718 2798 765 2831 bis
787 2798 875 2839 dahin
897 2799 941 2830 die

81 2841 292 2883 Handhabung
316 2842 362 2874 der
386 2843 438 2882 auf
462 2842 512 2874 den
536 2842 698 2883 damaligen
722 2843 940 2883 Volksbeschluß

84 2887 231 2928 gestützten
256 2887 480 2928 Impfordnung
506 2905 540 2909 —
570 2886 643 2919 dank
665 2888 724 2919 dem
741 2887 871 2929 Wühlen
893 2888 941 2920 der

84 2932 295 2972 Impfgegner!
324 2950 357 2955 —
386 2932 444 2971 daß
467 2931 545 2972 selbst
557 2932 601 2964 ein
614 2938 736 2965 warmer
749 2933 939 2972 Impffreund

85 2976 214 3016 ernstlich
237 2976 288 3017 sich
299 2985 332 3016 zu
344 2978 446 3017 fragen
469 2976 624 3016 veranlaßt
647 2977 723 3018 sehen
746 2979 820 3009 kann
834 2988 840 3009 :
864 2979 940 3010 wäre

84 3026 116 3054 es
139 3021 214 3061 nicht
248 3031 295 3053 am
329 3021 407 3054 Ende
442 3021 504 3062 doch
539 3021 634 3062 besser,
665 3022 723 3055 eine
745 3022 940 3063 Verordnung

86 3066 270 3108 aufzuheben,
295 3066 336 3099 die
358 3066 389 3106 ja
412 3066 477 3106 doch
510 3065 584 3106 nicht
620 3066 748 3108 gehalten
782 3067 867 3105 wird,
897 3067 940 3100 die

87 3111 221 3153 allmälig
244 3121 295 3151 zur
317 3111 421 3151 bloßen
457 3111 546 3149 Farce
568 3120 602 3151 zu
627 3111 737 3144 werden
771 3112 868 3152 droht,
903 3111 939 3144 ob

87 3157 198 3197 welcher
220 3156 271 3197 sich
294 3157 347 3189 Alt
369 3156 429 3189 und
452 3157 539 3198 Jung
563 3157 683 3198 ergötzt?
719 3157 796 3198 Doch
815 3156 936 3195 Geduld,

86 3201 173 3235 lieber
197 3201 330 3241 Freund!
366 3202 414 3234 So
437 3201 559 3241 schlimm
583 3201 653 3242 steht
676 3202 718 3234 die
741 3201 834 3242 Sache
856 3202 939 3242 nicht.

83 3247 144 3281 Die
165 3246 366 3287 Abstimmung
396 3254 464 3279 vom
487 3249 538 3279 30.
562 3246 638 3285 Juli
662 3249 746 3279 1882
780 3246 853 3279 über
886 3247 940 3280 das

84 3292 287 3334 eidgenössische
293 3292 542 3333 Epidemiengesetz,
556 3290 670 3331 welches
685 3292 738 3324 den
749 3291 939 3333 Impfzwang

82 3336 173 3371 neben
196 3338 302 3370 andern
326 3336 529 3377 vorsorglichen
552 3336 787 3378 Bestimmungen
799 3346 851 3376 zur
866 3337 939 3370 Ver¬

83 3383 200 3424 hütung
212 3389 269 3415 von
281 3382 444 3420 Epidemien
468 3380 605 3422 ebenfalls
622 3382 739 3423 enthielt
754 3382 815 3414 und
828 3381 940 3422 welches

81 3437 135 3460 um
146 3426 374 3467 nebensächlicher
386 3426 534 3467 Zuthaten
544 3426 642 3459 willen
651 3427 718 3466 auch
727 3433 792 3459 vom
801 3427 940 3467 Zürcher¬

82 3473 162 3506 volke
185 3473 341 3513 verworfen
363 3472 469 3510 wurde,
493 3471 543 3513 hat
558 3472 600 3504 die
614 3470 771 3513 Gemüther
795 3472 937 3505 verwirrt.

82 3519 166 3551 Man
190 3517 263 3557 weiß
286 3517 359 3558 nicht
381 3517 462 3558 mehr
473 3516 554 3556 recht,
570 3523 628 3549 wer
644 3517 728 3557 Koch,
753 3524 812 3549 wer
824 3517 939 3550 Kellner

82 3564 128 3603 ist.
153 3562 237 3597 Oben
261 3562 318 3595 und
341 3564 431 3595 unten
453 3562 571 3603 herrscht
592 3562 778 3603 gemüthliche
801 3562 939 3602 Anarchie

80 3607 144 3640 und
168 3612 197 3641 es
220 3608 254 3646 ist
277 3607 395 3648 deßhalb
420 3607 529 3648 nöthig,
566 3606 624 3647 daß
658 3608 740 3647 unser
762 3607 839 3641 Volk
872 3606 938 3647 noch

81 3653 194 3686 einmal
217 3653 278 3685 klar
300 3653 358 3685 und
380 3652 499 3692 deutlich
533 3652 626 3691 seinen
648 3651 759 3686 Willen
793 3652 937 3694 kundgibt.

82 3699 177 3732 Dann
200 3698 274 3735 wird
296 3698 343 3730 der
366 3698 447 3738 Eifer
469 3697 519 3739 sich
541 3697 623 3738 legen
651 3716 683 3720 —
711 3698 760 3730 der
775 3697 825 3730 der
836 3698 939 3739 Impf¬

79 3742 201 3784 freunde
223 3743 276 3775 wie
297 3743 345 3776 der
365 3743 559 3784 Impfgegner
582 3760 624 3765 —
650 3743 707 3775 und
740 3744 819 3775 dann
848 3742 938 3783 haben

80 3787 153 3829 auch
176 3787 218 3820 die
241 3788 390 3828 Behörden
415 3789 467 3820 den
489 3788 625 3828 nöthigen
641 3787 784 3826 Rückhalt,
810 3797 860 3820 um
884 3788 938 3820 mit

83 3833 191 3875 einiger
215 3832 333 3874 Energie
355 3834 415 3865 und
439 3833 502 3872 doch
525 3833 580 3865 mit
602 3832 762 3874 Schonung
784 3833 834 3865 der
856 3832 937 3873 durch

81 3880 136 3911 den
161 3877 324 3911 erbitterten
347 3878 459 3918 Kampf
481 3877 613 3920 ängstlich
639 3880 763 3919 erregten
779 3877 938 3918 Gemüther

81 3925 144 3957 dem
178 3922 394 3963 Volksbeschluß
430 3924 560 3965 Geltung
593 3932 629 3963 zu
652 3923 825 3964 verschaffen.
871 3923 937 3957 Das

985 1282 1044 1321 also
1067 1282 1133 1320 darf
1154 1287 1215 1315 uns
1236 1283 1309 1323 nicht
1325 1283 1470 1325 abhalten,
1495 1294 1625 1326 gegen
1646 1285 1690 1319 die
1713 1286 1831 1326 Initia¬

985 1327 1043 1359 tive
1064 1336 1100 1366 zu
1122 1326 1259 1366 stimmen.

1050 1368 1147 1401 Allein
1171 1369 1208 1401 ob
1231 1370 1285 1401 wir
1307 1370 1408 1403 andere
1420 1365 1538 1404 Gründe
1562 1371 1646 1412 dafür
1661 1372 1762 1413 haben,
1776 1377 1833 1405 uns

986 1412 1038 1445 den
1061 1415 1146 1445 9718
1171 1414 1342 1452 Initianten
1365 1409 1592 1455 anzuschließen?
1629 1416 1680 1450 Ob
1703 1417 1750 1457 seit
1775 1418 1833 1450 drei

987 1457 1112 1497 Jahren,
1147 1460 1196 1491 als
1230 1459 1400 1499 sämmtliche
1430 1460 1526 1500 Aerzte
1548 1461 1597 1492 des
1620 1462 1767 1500 Kantons,
1793 1462 1833 1494 die

987 1502 1166 1543 Professoren
1191 1503 1237 1535 der
1259 1504 1461 1544 medizinischen
1494 1506 1630 1544 Fakultät
1665 1511 1767 1543 voran,
1803 1507 1834 1539 in

985 1547 1120 1588 kräftiger
1141 1547 1299 1587 Ansprache
1322 1559 1359 1580 an
1383 1549 1443 1589 ihre
1453 1548 1623 1590 Mitbürger
1645 1551 1681 1591 sie
1704 1553 1835 1584 warnten

986 1596 1039 1623 vor
1061 1591 1122 1623 dem
1145 1592 1275 1632 schweren
1299 1593 1413 1634 Unheil,
1437 1593 1489 1626 das
1513 1594 1571 1626 eine
1582 1595 1764 1636 Beseitigung
1790 1596 1835 1628 der

987 1636 1252 1678 Zwangsimpfung
1275 1638 1325 1677 für
1348 1639 1450 1677 unsern
1461 1639 1582 1671 Kanton
1605 1639 1834 1680 unwiderruflich

987 1680 1182 1721 herbeiführen
1206 1682 1304 1721 müßte
1331 1701 1365 1705 —
1394 1682 1429 1715 ob
1451 1684 1561 1723 seitdem
1578 1683 1621 1716 die
1631 1685 1833 1725 Verhältnisse,

988 1725 1033 1757 die
1054 1726 1256 1767 Erfahrungen
1281 1728 1381 1759 andere
1405 1728 1548 1768 geworden
1571 1728 1652 1769 sind?
1689 1729 1835 1770 Dieselben

987 1770 1127 1807 Männer,
1150 1772 1246 1811 welche
1277 1772 1338 1811 dieß
1372 1772 1437 1812 doch
1458 1774 1534 1813 wohl
1558 1782 1607 1805 am
1629 1772 1718 1814 besten
1739 1774 1835 1815 wissen

987 1816 1097 1855 sollten,
1122 1816 1204 1857 sagen
1228 1821 1305 1849 uns:
1330 1817 1413 1849 nein!
1442 1818 1506 1850 Und
1529 1817 1594 1850 die
1617 1818 1835 1851 Neuenbur¬

987 1870 1072 1900 ger,
1097 1861 1159 1901 kurz
1184 1866 1237 1893 vor
1259 1862 1307 1893 der
1328 1861 1529 1903 Abstimmung
1552 1868 1610 1894 von
1633 1863 1708 1896 einer
1719 1863 1835 1904 Pocken¬

987 1905 1119 1943 epidemie
1141 1906 1330 1946 heimgesucht,
1364 1906 1460 1946 welche
1495 1907 1573 1948 mehr
1597 1908 1643 1940 als
1664 1908 1834 1947 Hunderten

988 1950 1042 1982 das
1064 1949 1151 1983 Leben
1175 1951 1234 1983 und
1256 1951 1308 1983 den
1332 1951 1428 1984 Staat
1459 1951 1587 1991 schweres
1616 1952 1689 1985 Geld
1723 1953 1836 1994 gekostet

987 1995 1048 2036 hat,
1072 1996 1153 2035 sagen
1177 2000 1235 2028 uns
1257 1996 1396 2036 ebenfalls
1419 1996 1504 2029 nein!
1545 1997 1594 2035 Ja
1615 1997 1659 2037 sie,
1684 1997 1728 2030 die
1751 1997 1835 2037 durch

988 2040 1077 2080 eigene
1101 2040 1301 2081 Erfahrungen
1324 2045 1379 2073 aus
1404 2041 1527 2082 jüngster
1549 2041 1617 2080 Zeit
1645 2041 1834 2084 Gewitzigten,

987 2084 1077 2124 haben
1101 2086 1200 2125 gerade
1222 2095 1270 2117 um
1295 2086 1341 2117 der
1364 2086 1629 2127 Zwangsimpfung
1662 2088 1758 2120 willen
1784 2088 1835 2120 das

987 2129 1226 2172 Epidemiengesetz
1249 2139 1462 2171 angenommen.
1508 2131 1615 2164 Sollen
1636 2133 1689 2172 erst
1712 2132 1836 2172 ähnliche

989 2174 1193 2216 Erfahrungen
1215 2175 1282 2214 auch
1305 2180 1363 2207 uns
1386 2175 1450 2216 klug
1473 2175 1608 2215 machen?

1054 2216 1119 2248 Und
1153 2216 1219 2257 doch
1251 2216 1339 2250 bleibt
1371 2218 1448 2257 wohl
1474 2217 1532 2249 kein
1555 2217 1673 2251 anderer
1695 2218 1835 2260 Ausweg!

988 2262 1045 2294 Die
1066 2260 1234 2302 Impffrage
1256 2262 1292 2301 ist
1312 2262 1393 2303 heute
1426 2271 1475 2301 zur
1505 2262 1768 2304 Vertrauensfrage
1792 2273 1836 2304 ge¬

988 2306 1110 2338 worden.
1145 2305 1207 2346 Auf
1231 2306 1288 2338 eine
1311 2306 1554 2347 wissenschaftliche
1577 2307 1779 2348 Begründung
1792 2309 1837 2340 der

987 2350 1229 2392 Zweckmäßigkeit
1251 2351 1299 2383 der
1321 2351 1551 2392 obligatorischen
1564 2352 1716 2393 Impfung
1737 2361 1838 2385 neuer¬

988 2396 1072 2437 dings
1107 2395 1286 2436 einzutreten,
1322 2396 1393 2435 dazu
1428 2397 1460 2436 ist
1483 2396 1553 2428 keine
1577 2396 1643 2435 Zeit
1676 2397 1755 2435 mehr
1779 2397 1838 2429 und

988 2440 1087 2481 gerade
1110 2443 1195 2473 unter
1219 2441 1269 2473 den
1293 2441 1459 2479 Männern,
1483 2441 1580 2480 welche
1603 2441 1655 2475 das
1679 2452 1726 2474 am
1747 2441 1839 2482 besten

988 2486 1118 2522 könnten,
1152 2485 1223 2525 auch
1255 2485 1327 2517 keine
1349 2485 1416 2525 Lust
1438 2486 1611 2527 vorhanden.
1656 2488 1700 2520 Es
1723 2487 1756 2527 ist
1781 2487 1839 2519 dies

987 2535 1041 2562 vor
1063 2529 1123 2562 drei
1145 2530 1260 2571 Jahren
1284 2530 1407 2571 reichlich
1431 2531 1578 2572 geschehen.
1624 2531 1715 2572 Heute
1742 2532 1838 2572 stellen

987 2576 1024 2615 sie
1046 2575 1097 2607 den
1121 2574 1262 2615 Entscheid
1286 2575 1345 2607 dem
1368 2576 1456 2609 Volke
1490 2575 1612 2616 anheim,
1643 2576 1679 2609 ob
1703 2581 1732 2609 es
1753 2577 1840 2617 ihnen

987 2621 1042 2653 das
1064 2620 1231 2652 Vertrauen
1264 2619 1378 2660 schenkt,
1415 2619 1482 2652 über
1517 2621 1575 2653 eine
1598 2622 1625 2660 so
1648 2620 1840 2662 hochwichtige

987 2664 1171 2705 medizinische
1197 2665 1291 2705 Frage
1314 2665 1358 2697 ein
1381 2665 1512 2706 richtiges
1542 2665 1656 2706 Urtheil
1679 2676 1715 2707 zu
1736 2666 1838 2707 haben,

988 2709 1042 2742 das
1057 2710 1223 2743 Vertrauen
1244 2710 1373 2751 zugleich,
1398 2710 1454 2750 daß
1476 2711 1512 2750 sie
1535 2714 1564 2743 es
1580 2712 1632 2751 gut
1654 2711 1715 2743 und
1736 2710 1840 2751 redlich

985 2755 1041 2787 mit
1062 2754 1123 2795 ihm
1144 2754 1263 2787 meinen.

1054 2801 1165 2844 Schützt
1181 2801 1255 2842 Euch
1279 2801 1361 2841 durch
1386 2801 1430 2834 die
1440 2802 1589 2843 Impfung
1615 2802 1706 2836 Eurer
1729 2803 1839 2836 Kinder

986 2857 1069 2888 gegen
1104 2846 1146 2880 die
1178 2846 1379 2888 verheerendste
1414 2847 1485 2879 aller
1519 2846 1662 2889 Seuchen;
1699 2848 1772 2880 denn
1805 2849 1840 2889 sie

986 2892 1073 2925 allein
1107 2896 1232 2932 vermag,
1267 2891 1335 2932 nach
1375 2891 1638 2932 vieltausendfacher
1660 2893 1838 2934 Erfahrung,

986 2936 1060 2976 Euch
1084 2936 1169 2976 diesen
1194 2936 1293 2978 Schutz
1315 2946 1349 2977 zu
1383 2937 1538 2977 gewähren.
1586 2937 1632 2969 So
1655 2944 1774 2971 warnen
1799 2937 1840 2970 die

984 2983 1091 3022 Aerzte.
1139 2981 1196 3015 Die
1220 2982 1366 3023 Impfung
1389 2982 1424 3021 ist
1446 2982 1490 3014 ein
1527 2982 1646 3022 Unsinn,
1669 2983 1707 3023 sie
1728 2983 1762 3022 ist
1783 2982 1840 3015 eine

983 3026 1238 3068 Blutvergiftung.
1264 3027 1311 3059 So
1324 3028 1408 3067 sagen
1431 3027 1470 3059 die
1494 3027 1610 3059 Andern
1632 3028 1691 3060 und
1715 3027 1840 3069 glauben

984 3072 1039 3104 das
1071 3070 1202 3112 bewiesen
1235 3081 1268 3112 zu
1297 3071 1410 3112 haben,
1445 3077 1525 3104 wenn
1558 3072 1595 3112 sie
1627 3075 1712 3105 unter
1747 3073 1840 3105 vielen

985 3116 1150 3156 Tausenden
1197 3121 1252 3148 von
1299 3116 1482 3158 Impfungen
1520 3116 1562 3158 hie
1597 3116 1654 3149 und
1690 3117 1726 3150 da
1760 3117 1841 3150 einen

985 3161 1178 3202 Unglücksfall
1214 3162 1354 3199 entdecken,
1392 3162 1444 3194 den
1476 3162 1511 3202 sie
1533 3161 1604 3202 ohne
1627 3161 1712 3204 lange
1733 3163 1839 3195 Unter¬

985 3206 1106 3247 suchung
1127 3207 1217 3247 sofort
1238 3207 1285 3238 der
1307 3207 1456 3247 Impfung
1489 3216 1539 3246 zur
1562 3206 1626 3246 Last
1648 3207 1736 3248 legen.
1760 3207 1839 3240 Was

984 3252 1131 3284 kümmern
1151 3253 1189 3293 sie
1222 3252 1264 3283 die
1296 3252 1390 3291 Opfer
1413 3252 1476 3288 alle,
1502 3251 1544 3283 die
1567 3251 1729 3293 alljährlich
1751 3255 1838 3285 unter

984 3297 1037 3328 den
1058 3295 1192 3334 Völkern,
1218 3296 1312 3336 welche
1323 3296 1364 3328 die
1375 3295 1530 3337 Wohlthat
1541 3296 1590 3328 der
1606 3295 1839 3338 obligatorischen

983 3341 1133 3382 Impfung
1164 3340 1215 3373 bis
1247 3341 1327 3381 heute
1360 3341 1427 3381 noch
1459 3341 1533 3380 nicht
1567 3341 1677 3380 kennen,
1714 3352 1751 3375 an
1788 3342 1839 3374 den

985 3386 1086 3426 Pocken
1120 3394 1154 3425 zu
1188 3386 1307 3419 Grunde
1339 3386 1435 3427 gehen,
1468 3386 1614 3418 erblinden
1632 3387 1697 3420 oder
1720 3397 1753 3428 zu
1778 3390 1839 3420 ent¬

984 3431 1091 3470 stellten
1131 3430 1283 3469 Krüppeln
1328 3431 1454 3463 werden!
1514 3431 1592 3464 Was
1637 3431 1680 3465 die
1726 3442 1839 3465 enorme

983 3476 1169 3517 Schädigung
1195 3476 1265 3508 aller
1278 3475 1534 3517 wirthschaftlichen
1545 3477 1717 3519 Interessen,
1741 3477 1839 3517 welche

983 3521 1042 3562 jede
1074 3520 1184 3560 schwere
1223 3521 1364 3560 Epidemie
1400 3522 1459 3554 dem
1475 3531 1581 3562 ganzen
1606 3521 1697 3555 Lande
1720 3523 1837 3564 zufügt!

1051 3566 1097 3599 So
1122 3566 1212 3607 stehen
1235 3566 1275 3598 die
1310 3566 1458 3599 Stimmen
1480 3567 1530 3607 für
1552 3566 1612 3599 und
1635 3568 1729 3600 wider.
1782 3567 1838 3601 Die

983 3611 1073 3652 Wahl
1097 3611 1175 3651 sollte
1200 3611 1272 3650 nicht
1296 3610 1391 3651 schwer
1416 3612 1512 3651 fallen.
1557 3612 1655 3645 Allein
1689 3612 1837 3654 verhehlen

982 3657 1039 3689 wir
1061 3661 1120 3689 uns
1143 3656 1226 3695 nicht,
1248 3656 1304 3695 daß
1316 3656 1416 3698 ruhige
1432 3656 1625 3698 Ueberlegung
1639 3657 1713 3698 nicht
1734 3658 1838 3691 immer

983 3701 1035 3733 den
1057 3701 1131 3742 Sieg
1153 3701 1328 3742 davonträgt
1339 3702 1398 3733 und
1411 3702 1525 3741 säumen
1547 3702 1604 3735 wir
1627 3702 1730 3735 darum
1751 3702 1836 3743 nicht,

983 3746 1065 3786 durch
1100 3746 1146 3779 ein
1179 3745 1345 3787 energisches
1378 3745 1505 3781 Nein!
1546 3747 1606 3780 dem
1629 3747 1838 3790 gefährlichsten

982 3791 1175 3830 Experimente
1200 3794 1464 3832 entgegenzutreten,
1490 3792 1603 3832 welches
1625 3792 1649 3832 je
1672 3793 1836 3834 Afterweis¬

980 3836 1039 3877 heit
1074 3836 1134 3868 und
1171 3836 1377 3878 Verblendung
1401 3838 1525 3877 unserem
1547 3837 1637 3870 Volke
1658 3838 1837 3879 zugemuthet

980 3881 1041 3922 hat.

2143 1301 2459 1361 Kantone.

2257 1386 2343 1422 Uri.

1946 1429 2007 1461 Der
2030 1428 2250 1471 Gemeinderath
2272 1437 2329 1464 von
2353 1432 2474 1473 Altdorf
2505 1434 2557 1474 hat
2580 1434 2610 1466 in
2634 1434 2722 1468 einem

1879 1473 2026 1514 gründlich
2050 1474 2108 1506 und
2132 1476 2302 1516 vortrefflich
2321 1477 2489 1517 abgefaßten
2501 1478 2663 1518 Memorial
2685 1489 2725 1512 an

1880 1517 1921 1550 die
1945 1517 2093 1551 Direktion
2116 1519 2164 1551 der
2188 1519 2410 1562 Gotthardbahn
2433 1522 2489 1555 alle
2501 1522 2727 1563 Gesichtspunkte

1880 1562 2169 1603 auseinandergesetzt,
2206 1565 2300 1605 welche
2334 1567 2383 1606 für
2417 1567 2460 1598 die
2490 1567 2657 1609 Verlegung
2679 1570 2727 1601 der

1879 1607 2156 1646 Zentralwerkstätte
2179 1609 2226 1641 der
2251 1609 2474 1652 Gotthardbahn
2507 1612 2575 1651 nach
2609 1613 2728 1653 Altdorf

1880 1651 2014 1691 sprechen.
2062 1652 2141 1684 Man
2163 1653 2265 1693 möchte
2288 1655 2402 1694 neidisch
2437 1657 2488 1695 auf
2511 1657 2555 1688 die
2577 1657 2726 1698 Altdorfer

1880 1696 2000 1733 werden,
2033 1702 2115 1728 wenn
2150 1707 2219 1730 man
2254 1698 2337 1739 dieses
2361 1700 2523 1733 Memorial
2546 1701 2632 1733 liest:
2668 1702 2728 1735 eine

1879 1740 2037 1781 Wohnung
2061 1742 2110 1781 für
2133 1742 2194 1775 eine
2215 1743 2289 1783 nicht
2302 1753 2338 1783 zu
2348 1745 2498 1785 zahlreiche
2510 1745 2636 1784 Familie
2646 1746 2728 1787 kostet

1884 1787 1945 1817 150
1970 1786 2032 1824 Fr.,
2058 1786 2100 1818 die
2121 1786 2215 1826 Milch
2241 1790 2278 1819 15
2296 1789 2354 1827 Rp.
2379 1789 2425 1821 der
2448 1789 2533 1828 Liter,
2560 1791 2726 1831 Rindfleisch

1882 1832 1943 1861 140
1951 1848 1986 1852 —
1994 1831 2054 1862 150
2077 1830 2136 1869 Rp.
2160 1832 2213 1864 das
2234 1832 2313 1869 Kilo,
2338 1835 2476 1866 tannenes
2494 1835 2661 1877 Brennholz
2686 1838 2725 1868 12

1879 1874 1925 1907 bis
1951 1876 1992 1906 13
2014 1875 2078 1913 Fr.,
2112 1874 2247 1916 buchenes
2270 1879 2399 1910 20—21
2424 1880 2476 1918 Fr.
2512 1880 2566 1911 das
2601 1880 2725 1920 Klafter.

1880 1919 1944 1951 Und
1969 1919 2098 1952 vollends
2120 1920 2163 1953 die
2185 1921 2328 1954 Steuern!
2366 1922 2455 1961 Jeder
2477 1924 2635 1964 männliche
2657 1925 2727 1958 Ein¬

1880 1963 1996 2004 wohner
2016 1969 2073 1996 von
2098 1967 2139 1996 20
2162 1966 2278 2007 Jahren
2300 1967 2378 2007 zahlt
2402 1970 2444 2000 50
2467 1969 2524 2007 Rp.
2550 1969 2726 2010 Kopfsteuer,

1880 2014 1944 2040 vom
1969 2008 2083 2041 Erwerb
2106 2010 2214 2049 sodann
2236 2011 2344 2043 werden
2369 2014 2408 2043 25
2432 2013 2489 2051 Rp.
2514 2018 2572 2046 von
2599 2016 2660 2047 100
2674 2016 2726 2054 Fr.

1880 2052 1999 2093 bezahlt,
2033 2052 2077 2085 bei
2108 2053 2294 2096 Abrechnung
2327 2056 2402 2089 eines
2432 2058 2728 2098 Existenzminimums

1881 2103 1936 2130 von
1963 2099 2024 2129 600
2049 2097 2121 2140 Fr.;
2146 2098 2188 2131 die
2211 2100 2459 2141 Vermögensteuer
2482 2102 2595 2144 beträgt
2623 2103 2657 2140 ½
2674 2110 2727 2143 pro

1881 2142 1981 2175 Mille.
2027 2143 2070 2175 Es
2092 2142 2142 2184 hat
2165 2144 2227 2184 doch
2252 2145 2317 2184 auch
2341 2146 2396 2184 sein
2416 2145 2518 2183 Gutes,
2555 2153 2636 2180 wenn
2658 2158 2728 2181 man

1881 2186 1955 2226 nicht
1978 2186 2090 2219 überall
2113 2188 2141 2227 so
2165 2188 2225 2221 dem
2249 2190 2416 2230 Fortschritt
2438 2191 2566 2232 huldigt,
2599 2193 2650 2225 wie
2673 2194 2728 2226 wir

1881 2231 2015 2271 Zürcher.
2063 2232 2118 2264 Ein
2143 2232 2203 2274 sehr
2235 2234 2409 2276 gewichtiges
2443 2236 2577 2277 Zeugniß
2610 2237 2643 2277 ist
2667 2239 2729 2271 dem

1881 2276 2044 2308 Memorial
2067 2275 2227 2319 beigefügt:
2251 2279 2326 2318 Herr
2337 2279 2376 2311 N.
2389 2280 2568 2321 Riggenbach
2590 2282 2620 2314 in
2636 2282 2729 2316 Olten

1881 2321 1986 2353 erklärt
2018 2320 2068 2360 sich
2103 2322 2162 2362 sehr
2186 2323 2349 2363 entschieden
2384 2325 2433 2364 für
2456 2325 2585 2364 Altdorf.
2631 2328 2673 2360 Er
2694 2328 2729 2368 ist

1883 2365 2091 2403 einverstanden
2114 2365 2216 2404 damit,
2252 2368 2306 2408 daß
2329 2369 2387 2401 eine
2410 2370 2526 2402 kleinere
2550 2371 2729 2410 Reparatur¬

1881 2410 2032 2449 werkstätte
2056 2410 2086 2442 in
2098 2411 2272 2452 Bellinzona
2296 2414 2424 2455 angelegt
2447 2415 2546 2453 werde,
2560 2415 2602 2448 die
2614 2416 2730 2456 Haupt¬

1882 2455 2035 2495 werkstätte
2058 2454 2123 2488 aber
2147 2458 2233 2497 müsse
2257 2457 2382 2497 diesseits
2403 2459 2452 2492 der
2474 2460 2570 2499 Alpen
2593 2461 2647 2500 sein
2670 2462 2729 2494 und

1882 2502 1967 2532 unter
1991 2499 2041 2532 den
2063 2500 2122 2540 hier
2145 2500 2178 2533 in
2192 2502 2326 2542 Betracht
2349 2504 2525 2536 kommenden
2538 2505 2633 2538 Orten
2645 2507 2731 2539 könne

1882 2544 1970 2577 neben
1994 2544 2111 2585 Altdorf
2134 2554 2191 2578 nur
2215 2546 2279 2587 noch
2302 2552 2359 2580 von
2382 2548 2501 2589 Erstfeld
2525 2549 2568 2582 die
2579 2550 2653 2583 Rede
2663 2552 2729 2592 sein,

1883 2595 1926 2621 wo
1952 2588 2018 2621 aber
2041 2588 2089 2621 der
2111 2591 2225 2632 nöthige
2248 2592 2325 2633 Platz
2357 2593 2428 2634 fehlt
2458 2593 2516 2626 und
2540 2594 2613 2628 keine
2635 2595 2731 2635 dispo¬

1882 2633 1981 2666 niblen
1993 2633 2185 2676 Wohnungen
2208 2636 2372 2677 vorhanden
2393 2638 2463 2678 sind.
2487 2639 2607 2678 Zudem,
2620 2640 2732 2682 schließt

1884 2679 1938 2718 Hr.
1952 2678 2141 2730 Riggenbach,
2170 2681 2283 2718 „würde
2306 2686 2334 2714 es
2358 2682 2427 2722 mich
2439 2684 2498 2724 sehr
2520 2685 2625 2724 freuen,
2651 2691 2733 2719 wenn

1882 2723 2002 2765 Altdorf
2023 2723 2122 2756 wieder
2147 2726 2206 2757 eine
2221 2726 2448 2769 Entschädigung
2472 2728 2584 2769 erhielte
2606 2731 2656 2769 für
2679 2732 2732 2763 den

1876 2767 1992 2808 großen
2022 2768 2149 2809 Verlust,
2185 2770 2236 2802 den
2267 2775 2297 2803 es
2325 2771 2409 2811 durch
2443 2772 2494 2805 den
2528 2774 2647 2807 Betrieb
2681 2776 2729 2808 der

1883 2812 2107 2853 Gotthardbahn
2129 2814 2271 2847 erleidet."

2226 2857 2386 2894 Waadt.

1948 2902 2007 2934 Am
2028 2902 2119 2943 letzten
2135 2902 2273 2945 Sonntag
2286 2907 2384 2946 tagten
2392 2906 2423 2938 in
2437 2906 2488 2939 den
2500 2906 2624 2947 Kreisen,
2637 2909 2733 2949 welche

1883 2956 1929 2979 am
1954 2949 2007 2978 27.
2041 2946 2113 2979 Mai
2147 2948 2347 2990 Ersatzwahlen
2383 2950 2414 2984 in
2450 2952 2500 2984 den
2522 2952 2732 2995 Nationalrath

1882 3001 1916 3031 zu
1938 2991 2035 3032 treffen
2055 2991 2155 3033 haben,
2179 2993 2436 3036 Versammlungen
2459 2996 2549 3029 beider
2572 2997 2733 3039 politischen

1883 3036 2026 3077 Parteien,
2063 3046 2112 3069 um
2139 3036 2199 3078 ihre
2232 3039 2414 3073 Kandidaten
2437 3042 2626 3081 aufzustellen.
2673 3044 2732 3082 Im

1883 3080 2031 3121 westlichen
2055 3081 2218 3122 Wahlkreis
2239 3084 2369 3122 portiren
2391 3085 2433 3117 die
2457 3086 2612 3119 Radikalen
2635 3086 2732 3128 Groß¬

1882 3126 1947 3167 rath
1972 3126 2079 3167 Thélin
2102 3126 2132 3158 in
2156 3127 2196 3160 La
2220 3128 2343 3168 Sarraz,
2367 3130 2425 3162 und
2449 3130 2491 3163 die
2508 3132 2734 3172 Konservativen

1883 3171 2034 3211 Großrath
2046 3171 2078 3203 de
2091 3170 2220 3213 Gingins
2235 3172 2266 3205 in
2289 3173 2327 3206 La
2344 3174 2470 3215 Sarraz.
2516 3176 2589 3209 Eine
2611 3177 2735 3211 radikale

1882 3216 2103 3257 Versammlung
2124 3225 2160 3255 zu
2195 3217 2311 3258 Chillon
2332 3218 2385 3259 hat
2407 3221 2456 3252 als
2479 3220 2661 3255 Kandidaten
2684 3224 2734 3263 für

1881 3260 1933 3293 den
1955 3259 2084 3301 östlichen
2116 3261 2203 3294 Kreis
2237 3261 2548 3306 Großrathspräsident
2587 3266 2733 3308 Paschoud

1881 3305 1912 3338 in
1934 3306 2081 3345 Lausanne
2103 3305 2160 3338 und
2175 3307 2417 3348 Chausson-Loup,
2442 3310 2538 3342 Notar
2561 3311 2593 3343 in
2616 3312 2733 3353 Rennaz

1882 3350 2056 3391 aufgestellt,
2097 3349 2211 3391 welchen
2247 3352 2289 3385 die
2325 3353 2548 3394 Konservativen
2583 3355 2734 3399 Großrath

1881 3395 2010 3428 Meuron
2053 3395 2086 3427 in
2129 3395 2275 3436 Lausanne
2317 3398 2378 3430 und
2427 3399 2534 3440 Major
2583 3402 2667 3434 Roud
2701 3403 2733 3435 in

1881 3440 2050 3473 Villeneuve
2074 3441 2328 3482 gegenüberstellen.

1944 3485 2004 3523 Im
2016 3484 2175 3525 nördlichen
2190 3486 2350 3527 Wahlkreis
2362 3487 2486 3530 schlagen
2501 3489 2544 3522 die
2576 3490 2730 3525 Radikalen

1882 3537 1953 3562 vor:
1979 3529 2156 3572 Staatsrath
2164 3531 2313 3571 Viquerat,
2328 3531 2602 3575 Gerichtspräsident
2614 3535 2731 3578 Déglon

1881 3575 1913 3607 in
1924 3574 2060 3607 Moudon
2084 3575 2142 3607 und
2167 3575 2312 3617 Großrath
2337 3578 2438 3611 Donat
2451 3579 2552 3619 Golaz.

1953 3637 1989 3642 —
2016 3619 2104 3652 Ueber
2126 3619 2168 3653 die
2191 3622 2292 3661 Flucht
2314 3622 2362 3655 des
2379 3623 2565 3664 Einnehmers
2577 3630 2633 3657 von
2644 3625 2731 3659 Oron

1884 3663 1942 3696 und
1967 3664 2048 3697 deren
2072 3665 2187 3706 Ursache
2210 3666 2336 3707 berichtet
2359 3667 2401 3700 die
2427 3667 2563 3709 „Gazette
2579 3670 2610 3702 de
2625 3669 2725 3712 Laus."

1886 3709 2013 3750 folgende
2034 3710 2173 3744 Details:
2220 3711 2276 3744 Am
2301 3714 2351 3745 30.
2377 3713 2464 3752 April
2486 3714 2591 3754 fanden
2613 3715 2663 3756 sich
2698 3716 2730 3748 in

1881 3754 1928 3787 der
1950 3754 2035 3796 Kasse
2057 3754 2106 3787 der
2138 3755 2332 3797 Einnehmerei
2370 3760 2489 3796 32,318
2512 3760 2565 3798 Fr.
2590 3760 2649 3792 und
2684 3760 2727 3794 die

1880 3799 2126 3839 Finanzdirektion
2151 3801 2284 3841 wünschte
2308 3801 2378 3834 über
2411 3803 2490 3836 einen
2526 3804 2611 3846 Theil
2645 3805 2728 3846 dieses

1881 3843 1987 3877 Geldes
2009 3854 2041 3884 zu
2066 3845 2208 3887 verfügen.
2232 3846 2287 3879 Sie
2305 3847 2485 3890 ermächtigte
2507 3849 2550 3882 die
2562 3850 2728 3884 Kantonal¬

1881 3889 1951 3921 bank
1976 3888 2057 3929 durch
2081 3890 2138 3922 eine
2161 3891 2340 3933 Anweisung,
2376 3892 2450 3926 beim
2473 3894 2642 3936 Einnehmer
2665 3901 2723 3929 von

1880 3934 1966 3967 Oron
1991 3936 2107 3972 20,000
2131 3935 2184 3974 Fr.
2208 3946 2242 3976 zu
2266 3937 2388 3978 erheben.
2413 3938 2491 3978 Doch
2502 3939 2609 3973 Mellet
2620 3942 2727 3983 zögerte

2768 1294 2821 1327 mit
2843 1294 2890 1326 der
2913 1295 3099 1336 Auszahlung
3132 1295 3215 1336 dieser
3237 1297 3365 1330 Summe
3397 1299 3456 1330 und
3490 1299 3620 1339 Finanz¬

2769 1338 2885 1372 direktor
2909 1340 3005 1377 Brun,
3030 1339 3153 1381 deßhalb
3163 1340 3344 1383 beunruhigt,
3370 1342 3457 1384 begab
3480 1343 3530 1383 sich
3545 1344 3611 1382 nach

2768 1383 2863 1420 Oron,
2888 1393 2938 1415 um
2963 1385 3019 1417 eine
3041 1385 3226 1426 Kassenvisite
3246 1396 3282 1426 zu
3298 1387 3417 1426 machen.
3466 1388 3543 1426 Doch
3566 1389 3614 1420 als

2770 1437 2797 1459 er
2821 1437 2867 1460 am
2891 1429 3008 1469 Freitag
3031 1429 3160 1470 Morgen
3183 1431 3214 1462 in
3235 1431 3322 1464 Oron
3344 1432 3469 1471 erschien,
3492 1438 3556 1464 war
3569 1434 3617 1464 der

2770 1473 2938 1513 Einnehmer
2961 1473 3169 1512 verschwunden
3192 1476 3249 1507 und
3273 1476 3329 1514 sein
3345 1476 3442 1517 Sohn,
3467 1476 3614 1509 Vertreter

2770 1517 2816 1548 des
2839 1517 2950 1557 Kreises
2973 1518 3058 1550 Oron
3080 1518 3120 1550 im
3135 1517 3250 1558 Großen
3263 1520 3367 1560 Rathe,
3392 1528 3454 1553 war
3478 1520 3615 1561 ebenfalls

2771 1561 2920 1601 abwesend.
2968 1562 3013 1600 In
3037 1562 3083 1594 der
3106 1563 3190 1606 Kasse
3221 1565 3324 1604 fanden
3359 1565 3407 1605 sich
3434 1567 3518 1597 1700
3543 1567 3616 1605 Fr.!

2771 1606 2832 1639 Der
2854 1606 2941 1646 Sohn
2964 1607 3077 1645 Mellet,
3101 1607 3150 1639 der
3172 1608 3238 1648 nach
3255 1610 3302 1641 der
3326 1610 3418 1650 letzten
3434 1609 3617 1651 Großraths¬

2770 1651 2868 1691 sitzung
2890 1650 2965 1690 nicht
2987 1652 3053 1690 nach
3075 1652 3170 1691 Hause
3191 1654 3393 1695 zurückgekehrt
3414 1661 3485 1691 war,
3520 1655 3616 1687 wurde

2771 1695 2917 1736 verhaftet,
2950 1701 3014 1728 vom
3038 1696 3131 1729 Vater
3164 1698 3330 1739 hingegegen
3365 1698 3414 1739 hat
3449 1708 3517 1730 man
3552 1699 3620 1738 noch

2770 1740 2841 1772 keine
2862 1740 2960 1779 Spur,
2983 1740 3046 1780 doch
3069 1740 3174 1781 glaubt
3194 1752 3273 1780 man,
3310 1742 3368 1782 daß
3400 1753 3430 1775 er
3463 1743 3514 1784 sich
3549 1743 3618 1783 nach

2770 1785 2850 1817 Bern
2872 1784 2990 1825 begeben
3011 1784 3090 1826 habe.

2837 1829 2913 1868 Nach
2949 1829 2995 1862 der
3029 1830 3197 1870 „Estafette"
3235 1831 3286 1871 hat
3321 1832 3374 1864 das
3406 1832 3543 1873 Ereigniß
3577 1833 3620 1865 im

2771 1873 2870 1912 Bezirk
2903 1874 2990 1906 Oron
3023 1874 3165 1907 Niemand
3199 1875 3368 1916 überrascht.
3413 1876 3482 1909 Seit
3515 1877 3617 1918 langer

2772 1918 2837 1957 Zeit
2860 1919 2973 1959 erfüllte
3002 1918 3049 1951 der
3072 1919 3243 1960 Einnehmer
3278 1921 3347 1959 seine
3372 1921 3509 1962 Pflichten
3545 1921 3619 1962 nicht

2772 1963 2858 2003 mehr,
2883 1973 2913 1995 er
2937 1963 2986 2003 saß
3006 1963 3151 2004 beständig
3185 1965 3225 1997 im
3246 1964 3457 2006 Wirthshause,
3493 1966 3538 1998 die
3559 1966 3618 1999 Be¬

2772 2008 2893 2048 sorgung
2917 2008 3003 2046 seines
3025 2009 3129 2041 Amtes
3159 2009 3257 2047 seinem
3293 2010 3394 2051 Sohne
3426 2010 3613 2051 überlassend.

2772 2052 2876 2085 Mellet
2899 2058 2962 2085 war
2995 2053 3080 2092 zuerst
3103 2052 3225 2091 Weibel,
3259 2054 3337 2086 dann
3372 2055 3619 2095 Bezirksgerichts¬

2772 2097 2913 2137 präsident
2937 2098 2995 2129 und
3016 2097 3129 2137 Syndic
3152 2105 3208 2130 von
3220 2099 3315 2131 Oron.
3361 2099 3427 2132 Seit
3451 2100 3510 2132 dem
3524 2100 3620 2141 Jahre

2776 2143 2857 2173 1866
2882 2141 3021 2174 bekleidete
3044 2152 3073 2174 er
3096 2142 3151 2174 das
3172 2143 3242 2175 Amt
3266 2144 3341 2176 eines
3367 2144 3564 2184 Einnehmers.

3034 2239 3351 2296 Ausland.

2841 2317 3103 2359 Deutschland.
3143 2319 3325 2357 Berlin,
3348 2323 3401 2353 20.
3437 2321 3518 2354 Mai.
3553 2323 3621 2361 *

2775 2363 2992 2404 (Orig.-Korr.)
3015 2363 3195 2404 Hinsichtlich
3219 2365 3264 2397 der
3276 2366 3470 2406 Anwesenheit
3482 2366 3530 2399 des
3543 2367 3618 2406 Hrn.

2774 2408 2972 2449 Waddington
2993 2408 3052 2449 hier
3075 2409 3165 2449 stehen
3181 2409 3231 2450 sich
3253 2409 3322 2450 noch
3337 2410 3438 2443 immer
3460 2411 3501 2443 die
3526 2411 3621 2444 beiden

2774 2453 2920 2493 Ansichten
2943 2452 3104 2494 gegenüber,
3130 2459 3187 2486 von
3210 2454 3327 2494 welchen
3348 2455 3392 2487 die
3414 2456 3473 2487 eine
3494 2456 3556 2489 dem
3564 2456 3623 2489 Be¬

2775 2497 2834 2537 such
2869 2498 2927 2530 eine
2961 2496 3097 2538 politische
3120 2499 3290 2539 Bedeutung
3312 2498 3422 2540 beilegt,
3456 2500 3497 2532 die
3521 2501 3623 2533 andere

2775 2543 2858 2582 nicht.
2883 2542 2940 2576 Die
2951 2543 3051 2583 letztere
3074 2542 3148 2574 wird
3160 2543 3336 2584 anscheinend
3360 2545 3519 2585 unterstützt
3539 2545 3622 2585 durch

2776 2587 2854 2620 einen
2876 2586 3017 2628 angeblich
3040 2587 3182 2627 offiziösen
3203 2588 3288 2628 Brief
3314 2593 3371 2621 aus
3392 2589 3496 2622 Berlin
3521 2590 3553 2622 in
3574 2590 3623 2622 der

2780 2632 2964 2672 „Kölnischen
2985 2632 3151 2673 Zeitung",
3186 2632 3233 2665 der
3266 2633 3421 2674 allerdings
3456 2635 3484 2674 so
3517 2635 3625 2676 Hagen¬

2776 2677 2877 2717 buchen
2911 2675 2981 2717 grob
3014 2683 3084 2714 war,
3120 2676 3176 2717 daß
3211 2687 3239 2710 er
3271 2687 3330 2710 nur
3365 2679 3395 2710 in
3420 2678 3468 2711 der
3494 2679 3622 2717 „Nordd.

2776 2722 2855 2762 Allg.
2879 2722 2967 2762 Ztg."
3004 2721 3078 2761 nicht
3100 2722 3274 2763 aufgefallen
3308 2724 3385 2755 wäre
3411 2723 3471 2756 und
3494 2724 3542 2756 der
3564 2725 3624 2765 sehr

2775 2766 2874 2807 schnell
2895 2767 2928 2798 in
2951 2765 3114 2806 Frankreich
3138 2767 3286 2799 verbreitet
3319 2768 3433 2800 worden
3461 2769 3518 2807 sein
3541 2769 3621 2808 muß.

2841 2810 2977 2852 Indessen
3000 2810 3071 2843 wird
3094 2810 3162 2851 auch
3186 2811 3268 2851 dieser
3291 2811 3385 2852 Brief,
3419 2813 3507 2845 weder
3540 2813 3623 2853 durch

2777 2855 2817 2887 die
2852 2855 3003 2896 Thatsache
3035 2855 3122 2895 seiner
3157 2856 3290 2896 Existenz,
3329 2857 3396 2896 noch
3433 2857 3517 2897 durch
3552 2859 3623 2898 seine

2777 2900 2980 2938 Deduktionen,
3004 2900 3046 2932 die
3070 2900 3171 2933 andere
3182 2898 3294 2940 Ansicht
3317 2902 3392 2941 nicht
3413 2901 3553 2942 bekehren,
3575 2903 3622 2935 be¬

2778 2944 2937 2986 ziehentlich
2952 2945 2990 2977 ad
3012 2945 3179 2978 absurdum
3202 2946 3313 2986 führen.
3351 2947 3438 2980 Denn
3462 2952 3491 2980 es
3513 2948 3624 2980 werden

2778 2990 2828 3030 sich
2862 2990 2955 3030 wenig
2978 2989 3059 3022 Leute
3092 2989 3196 3029 finden,
3234 2990 3332 3030 welche
3369 2991 3418 3031 sich
3452 2991 3625 3034 überzeugen

2777 3035 2873 3075 lassen,
2908 3034 2966 3074 daß
2999 3038 3027 3067 es
3051 3033 3171 3074 wirklich
3202 3035 3294 3067 reiner
3316 3036 3420 3076 Zufall
3449 3037 3493 3076 sei,
3542 3043 3624 3070 wenn

2778 3080 2829 3119 auf
2851 3079 2901 3112 den
2925 3080 2989 3120 Tag
3011 3079 3070 3111 eine
3090 3079 3227 3112 Berliner
3249 3080 3309 3113 und
3335 3081 3394 3113 eine
3416 3081 3533 3122 Pariser
3557 3082 3625 3122 Zei¬

2779 3127 2851 3165 tung
2884 3124 2954 3157 über
2987 3123 3027 3156 die
3061 3123 3269 3165 Tripelallianz
3305 3125 3363 3157 und
3398 3125 3449 3158 den
3483 3126 3626 3167 Anschluß

2779 3168 2959 3208 Frankreichs
2992 3168 3049 3201 und
3073 3169 3152 3201 einen
3175 3171 3240 3211 Tag
3263 3164 3354 3209 später
3379 3170 3435 3203 eine
3459 3171 3624 3212 italienische

2779 3213 2848 3246 über
2863 3213 2985 3253 dasselbe
2997 3213 3104 3253 Thema
3115 3214 3227 3254 spricht.
3251 3215 3308 3248 Die
3330 3215 3447 3255 hiesigen
3462 3216 3624 3257 Zeitungen

2777 3258 2867 3300 haben
2889 3258 2941 3299 sich
2962 3257 3165 3299 hauptsächlich
3187 3259 3242 3292 mit
3264 3259 3312 3292 der
3336 3260 3429 3300 Frage
3452 3260 3621 3303 beschäftigt,

2779 3303 2813 3336 ob
2837 3303 2880 3336 die
2901 3302 3064 3342 betreffende
3079 3303 3236 3345 Anregung
3257 3304 3371 3345 offiziös
3393 3305 3427 3345 sei
3449 3305 3514 3338 oder
3538 3306 3621 3347 nicht,

2779 3349 2836 3381 eine
2868 3349 3036 3389 sogenannte
3059 3349 3258 3390 Doktorfrage,
3295 3349 3331 3381 da
3366 3349 3407 3382 die
3428 3349 3520 3389 Sache
3552 3360 3625 3392 ganz

2778 3393 2957 3434 gleichgültig
2980 3393 3021 3433 ist.
3046 3392 3202 3434 Uebrigens
3226 3394 3257 3433 ist
3280 3394 3339 3427 eine
3358 3394 3494 3428 Antwort
3516 3395 3624 3438 darauf

2778 3438 2845 3478 auch
2867 3447 2939 3479 ganz
2951 3437 3029 3478 sicher
3052 3437 3125 3478 nicht
3143 3447 3176 3478 zu
3189 3442 3337 3472 erwarten.
3361 3437 3447 3472 C'est
3461 3441 3482 3472 à
3492 3441 3623 3483 prendre

2777 3494 2816 3515 ou
2839 3484 2858 3516 à
2880 3483 2998 3525 laisser,
3031 3482 3067 3515 ob
3102 3486 3132 3515 es
3166 3484 3276 3524 offiziös
3307 3484 3340 3524 ist
3362 3483 3426 3516 oder
3450 3484 3544 3524 nicht:
3579 3486 3623 3519 die

2777 3528 2937 3568 Franzosen
2960 3528 3064 3560 können
3084 3528 3132 3566 Ja
3161 3529 3226 3561 oder
3246 3528 3322 3561 Nein
3344 3529 3435 3570 sagen.
3483 3529 3539 3563 Sie
3562 3531 3622 3571 sind

2777 3573 2844 3613 auch
2866 3582 2919 3614 gar
2943 3572 3014 3612 nicht
3037 3572 3208 3613 eingeladen,
3234 3573 3349 3613 sondern
3374 3583 3442 3606 man
3464 3574 3514 3614 hat
3538 3575 3622 3616 ihnen

2777 3618 2834 3650 eine
2867 3616 3095 3658 unmaßgebliche
3119 3618 3301 3660 Bemerkung
3335 3619 3466 3660 gemacht,
3502 3620 3546 3653 die
3582 3638 3618 3643 —

2776 3663 2828 3703 frei
2851 3662 2918 3702 nach
2943 3662 3048 3702 Goethe
3075 3680 3109 3685 —
3137 3663 3276 3704 ungefähr
3300 3664 3328 3703 so
3350 3664 3451 3696 lauten
3473 3666 3588 3697 würde:

2881 3706 2936 3736 Ein
2953 3705 3030 3738 Land,
3048 3705 3097 3735 das
3114 3706 3161 3740 auf
3178 3706 3306 3741 Revanche
3322 3707 3449 3741 spekulirt,

2880 3742 2926 3776 Ist
2944 3742 2991 3771 wie
3008 3742 3048 3772 ein
3067 3741 3145 3776 Thier
3161 3743 3206 3773 auf
3224 3742 3314 3772 dürrer
3330 3742 3415 3778 Heide,

2880 3778 2944 3807 Das
2961 3786 3020 3807 man
3039 3778 3076 3807 im
3092 3777 3177 3811 Kreise
3194 3778 3264 3812 führt

2880 3814 2939 3843 Und
2957 3814 3031 3849 rings
3049 3813 3139 3848 umher
3157 3814 3187 3847 ist
3204 3814 3285 3847 schöne
3304 3814 3385 3849 grüne
3402 3814 3494 3845 Weide.

2840 3851 2922 3891 Nicht
2934 3851 3030 3892 gerade
3047 3851 3258 3891 wörtlich,
3284 3851 3351 3884 aber
3371 3853 3398 3892 so
3410 3853 3493 3893 lange
3504 3852 3551 3884 der
3563 3852 3619 3885 Ge¬

2775 3896 2858 3929 danke
2881 3897 2928 3928 der
2953 3895 3095 3935 Revanche
3125 3895 3309 3937 unbesiegbar
3342 3896 3439 3934 bleibt,
3475 3896 3617 3937 verzichtet

2774 3941 2938 3981 Frankreich
2962 3941 3012 3981 auf
3034 3941 3092 3973 eine
3114 3940 3318 3982 Weltstellung
3346 3942 3405 3974 und
3425 3941 3615 3980 Weltpolitik.

348 4038 522 4089 Feuilleton
552 4038 669 4084 1883.

196 4135 269 4171 Zur
287 4133 460 4170 Geschichte
479 4135 536 4164 des
555 4135 830 4170 Nachtwächters.

443 4179 580 4215 (Schluß.)

137 4217 183 4247 So
200 4216 292 4252 fristete
308 4224 364 4246 nun
382 4216 426 4246 der
444 4216 629 4251 Nachtwächter
646 4225 676 4253 zu
688 4216 772 4247 Stadt
788 4216 845 4246 und
865 4215 936 4247 Land

86 4271 117 4277 —
136 4257 204 4287 denn
220 4257 282 4291 auch
298 4257 344 4291 auf
360 4256 408 4286 den
425 4256 543 4290 Dörfern
560 4256 625 4289 fand
643 4258 691 4287 mit
708 4257 752 4287 der
765 4256 936 4293 Einführung

84 4297 127 4326 der
144 4297 291 4333 Schlaguhr
308 4297 351 4326 der
360 4296 530 4332 Stundenruf
548 4297 672 4334 Eingang
691 4312 721 4317 —
742 4296 817 4331 durch
827 4296 935 4331 mehrere

88 4336 276 4373 Jahrhunderte
294 4337 411 4373 hindurch
442 4337 493 4371 sein
519 4337 556 4371 oft
582 4339 667 4374 wenig
693 4337 934 4371 beneidenswerthes

91 4378 191 4414 Dasein.
226 4378 263 4413 Je
280 4378 350 4412 mehr
367 4379 420 4412 sein
438 4377 612 4414 ursprünglich
631 4378 783 4412 wahrhafter
796 4377 935 4412 Charakter

96 4418 160 4449 zurück
178 4420 235 4448 trat
253 4418 309 4448 und
327 4419 371 4454 sich
392 4418 555 4452 verdunkelte,
582 4417 605 4452 je
634 4417 845 4453 alterthümlicher
870 4418 934 4452 seine

97 4456 257 4495 Ausstattung
275 4459 361 4489 wurde
379 4474 412 4480 —
433 4459 557 4494 höchstens
575 4458 613 4488 die
632 4458 735 4489 Laterne
758 4466 815 4488 war
833 4458 875 4487 als
893 4458 933 4487 ein

96 4499 219 4530 modernes
229 4499 397 4534 Instrument
416 4509 467 4530 neu
485 4499 703 4536 hinzugekommen
723 4514 755 4519 —
775 4499 797 4534 je
810 4498 880 4533 mehr
891 4498 933 4528 der

91 4540 260 4576 wohlhabende
278 4539 380 4576 Bürger
397 4541 453 4571 und
471 4541 624 4572 Landmann
646 4540 689 4575 sich
706 4540 750 4570 der
767 4539 934 4575 persönlichen

89 4579 256 4617 Wachepflicht
273 4583 357 4617 entzog
376 4596 411 4601 —
429 4582 495 4617 desto
512 4597 548 4602 —
565 4581 645 4614 sollen
663 4581 711 4611 wir
723 4581 796 4617 sagen
806 4579 934 4615 poetischer

89 4620 145 4652 oder
162 4623 240 4657 sollen
257 4622 306 4652 wir
322 4622 396 4657 sagen
414 4622 581 4657 unpoetischer
607 4622 695 4652 wurde
721 4622 772 4656 sein
790 4622 854 4652 Amt
880 4620 933 4650 und

91 4661 153 4695 seine
170 4663 277 4699 Person.
311 4662 456 4697 Unpoetisch
473 4664 553 4699 gewiß
571 4664 599 4693 in
619 4663 710 4698 solchen
729 4663 876 4699 Gegenden,
894 4671 933 4693 wo

87 4701 202 4734 dummer
220 4702 454 4739 Bürgerhochmuth
481 4703 525 4738 ihn
549 4712 579 4739 zu
606 4704 655 4734 den
681 4705 699 4740 s.
717 4704 752 4740 Z.
777 4704 934 4739 unehrlichen

84 4742 174 4775 Leuten
192 4745 338 4781 degradirte,
356 4743 459 4777 welches
471 4743 561 4778 freilich
571 4744 633 4779 bloß
640 4746 687 4780 auf
695 4745 837 4781 diejenigen
846 4744 935 4780 Nacht¬

81 4782 184 4817 wächter
201 4785 288 4821 Bezug
305 4784 376 4819 hatte,
394 4783 433 4813 die
451 4783 498 4812 wie
515 4783 554 4813 die
571 4784 729 4821 Bettelvögte
753 4785 861 4821 zugleich
877 4793 934 4821 zum

81 4822 260 4861 Diebsfangen
277 4824 405 4861 gebraucht
423 4823 546 4859 wurden;
563 4824 601 4853 die
613 4825 732 4861 richtigen
742 4826 933 4863 Nachtwächter,

82 4863 167 4899 welche
184 4866 232 4895 mit
250 4866 334 4902 Lanze,
352 4865 428 4900 Horn
446 4863 500 4893 und
516 4863 614 4898 Leuchte
633 4866 763 4900 vigilirten
780 4866 837 4895 und
855 4866 935 4901 offen¬

81 4903 130 4933 bar
148 4905 211 4935 keine
229 4906 310 4936 Diebe
327 4907 421 4941 fangen
438 4905 548 4940 durften,
567 4904 655 4940 galten
671 4907 714 4935 als
733 4906 833 4942 ehrlich.
867 4907 933 4937 Was

76 4944 140 4975 aber
158 4947 251 4980 unsern
268 4947 364 4983 Helden
388 4956 425 4977 an
442 4945 583 4982 praktischer
599 4944 812 4983 Lebensführung
831 4947 933 4984 abging,

78 4985 129 5014 das
147 4988 233 5017 wurde
250 4988 299 5018 mit
324 4989 368 5018 der
383 4988 443 5024 Zeit
470 4985 574 5022 reichlich
602 4986 767 5022 ausgewogen
793 4987 869 5023 durch
895 4987 934 5017 die

78 5024 249 5064 Ausbildung
278 5028 332 5059 und
349 5027 532 5063 Bereicherung
558 5025 625 5060 ihrer
652 5025 867 5062 Ruf-Funktion;
901 5027 934 5062 sie

76 5067 173 5096 traten,
181 5068 228 5098 mit
245 5069 293 5098 den
311 5069 488 5105 Nachtigallen
510 5069 539 5098 in
557 5066 720 5102 Konkurrenz
745 5066 800 5096 und
828 5067 933 5096 wurden

78 5106 129 5136 mit
146 5107 222 5143 ihnen
239 5109 279 5139 die
295 5110 393 5146 Träger
424 5109 478 5140 und
504 5108 628 5140 Ausüber
655 5108 697 5137 des
724 5107 933 5143 Nachtgesanges.

78 5146 175 5182 Woher
192 5149 241 5179 das
259 5150 336 5179 kam?
372 5150 425 5180 Die
443 5149 504 5180 liebe
521 5148 601 5185 Noth,
627 5148 671 5178 der
687 5148 794 5184 Hunger
813 5147 878 5176 trieb
895 5146 933 5177 die

74 5196 171 5218 armen
188 5189 329 5222 frierenden
345 5190 418 5221 Leute
436 5191 506 5226 dazu,
524 5189 638 5220 daneben
656 5190 722 5224 wohl
740 5188 800 5223 auch
820 5187 858 5217 die
866 5187 933 5223 Für¬

75 5229 150 5264 sorge
166 5230 369 5265 wohldenkender
387 5231 563 5266 Magistraten
580 5229 636 5260 und
645 5229 804 5265 Pfarrherrn
822 5228 867 5263 für
883 5228 931 5257 das

73 5268 215 5302 öffentliche
232 5270 327 5306 Wohl;
344 5271 413 5300 denn
430 5274 489 5300 was
505 5270 596 5300 konnte
613 5270 663 5300 den
680 5269 860 5305 Einwohnern
875 5268 931 5299 und

72 5309 315 5346 Einwohnerinnen
332 5311 400 5341 einer
412 5310 496 5341 Stadt
508 5311 584 5346 besser
594 5319 654 5347 zum
663 5310 752 5347 Segen
770 5309 825 5340 und
834 5309 930 5345 Nutzen

983 4023 1112 4059 gereichen,
1139 4025 1181 4054 als
1200 4033 1273 4054 wenn
1293 4024 1335 4054 der
1353 4024 1535 4057 Nachtwächter
1561 4035 1615 4056 von
1639 4027 1698 4063 Zeit
1726 4036 1756 4064 zu
1775 4028 1834 4064 Zeit

982 4063 1066 4099 schöne
1081 4065 1225 4099 moralische
1238 4065 1313 4098 Verse
1331 4066 1385 4095 und
1397 4065 1515 4101 Sprüche
1533 4067 1603 4102 sang,
1620 4075 1663 4102 zur
1673 4069 1756 4103 Buße,
1775 4077 1834 4105 zum

981 4104 1246 4140 Sündenbekenntniß
1263 4106 1436 4140 aufmunterte
1460 4107 1515 4136 und
1536 4107 1574 4136 die
1593 4107 1760 4144 Geheimnisse
1789 4109 1834 4139 des

980 4145 1156 4179 Katechismus
1173 4146 1313 4181 repetirte?
1349 4147 1421 4182 Doch
1440 4147 1492 4182 gibt
1509 4150 1537 4178 es
1554 4150 1630 4178 unter
1648 4150 1728 4184 diesen
1743 4150 1834 4185 Nacht¬

981 4186 1169 4221 wächterrufen,
1189 4188 1339 4223 namentlich
1357 4190 1410 4217 aus
1422 4188 1513 4219 älterer
1524 4188 1590 4224 Zeit,
1609 4189 1689 4226 einige
1707 4191 1768 4224 recht
1787 4198 1834 4220 an¬

980 4227 1100 4263 muthige,
1119 4235 1139 4262 z.
1156 4228 1194 4258 B.
1218 4227 1263 4257 den
1282 4227 1549 4263 Schaffhauserspruch
1578 4229 1622 4264 für
1648 4230 1687 4260 die
1704 4231 1760 4261 Alt-
1778 4230 1833 4261 und

979 4267 1222 4303 Neujahrs-Nacht:

1169 4329 1282 4359 Dieweil
1299 4329 1337 4359 die
1355 4329 1435 4364 Nacht
1452 4330 1597 4365 vorhanden
1615 4330 1653 4368 ist,

1138 4368 1226 4404 Behüt
1243 4372 1296 4398 uns
1314 4365 1381 4399 Gott
1398 4377 1430 4404 zu
1448 4369 1523 4403 dieser
1538 4370 1618 4406 Frist,

1138 4408 1196 4439 Vor
1213 4409 1294 4444 Feuer
1312 4409 1365 4438 und
1383 4417 1432 4438 vor
1450 4409 1634 4446 Wassersnoth,

1138 4448 1194 4480 Vor
1212 4449 1334 4484 Pestilenz
1351 4448 1406 4478 und
1424 4449 1548 4484 schnellem
1566 4449 1641 4485 Tod;

1138 4489 1241 4524 Verzeih
1258 4492 1311 4518 uns
1323 4489 1389 4519 Gott
1401 4489 1447 4518 all'
1458 4490 1533 4524 unsre
1541 4489 1634 4524 Sünd,

1139 4529 1191 4561 Die
1210 4530 1259 4559 wir
1270 4530 1325 4559 dies
1338 4529 1410 4564 Jahr
1428 4529 1554 4566 begangen
1573 4530 1649 4566 händ.

1138 4569 1191 4601 Die
1209 4570 1320 4606 göttliche
1338 4569 1436 4605 Macht,

1138 4611 1190 4642 Die
1209 4613 1241 4641 ob
1257 4614 1311 4641 uns
1328 4611 1406 4645 wacht
1424 4626 1457 4631 —

1139 4651 1208 4682 Gott
1224 4651 1267 4688 geb
1285 4654 1340 4681 uns
1357 4651 1427 4681 allen
1444 4651 1496 4681 eine
1514 4653 1570 4688 gute
1583 4651 1670 4688 Nacht.

1033 4701 1098 4731 Eine
1125 4700 1253 4736 zahlreiche
1270 4699 1461 4733 Knabenschaar
1496 4699 1587 4736 pflegte
1622 4699 1668 4731 den
1696 4702 1832 4738 singenden

979 4741 1161 4777 Nachtwächter
1178 4749 1211 4777 zu
1229 4740 1348 4777 begleiten
1366 4739 1422 4770 und
1440 4740 1606 4771 unmittelbar
1623 4742 1681 4776 nach
1694 4743 1749 4773 dem
1760 4743 1833 4773 Aus¬

978 4783 1053 4819 klang
1070 4782 1115 4812 des
1133 4782 1216 4818 letzten
1228 4782 1317 4812 Tones
1334 4782 1453 4817 unisono
1469 4789 1500 4817 zu
1517 4782 1611 4814 rufen:
1637 4783 1716 4820 miró,
1742 4784 1831 4820 miró;

978 4824 1079 4858 welches
1096 4823 1124 4857 so
1142 4824 1191 4853 viel
1210 4823 1331 4853 bedeutete
1348 4823 1410 4852 als:
1433 4823 1498 4858 „mir
1515 4822 1582 4858 auch,
1601 4823 1652 4854 mir
1665 4824 1748 4860 auch."
1769 4824 1832 4854 Aus

978 4865 1026 4895 den
1043 4864 1164 4901 Fenstern
1190 4864 1235 4894 der
1252 4863 1350 4899 Häuser
1375 4863 1437 4893 aber
1462 4863 1529 4897 warf
1553 4871 1618 4893 man
1643 4863 1699 4895 dem
1717 4864 1832 4900 Wächter

978 4906 1027 4936 das
1046 4906 1073 4936 in
1090 4904 1249 4941 brennendes
1266 4904 1363 4940 Papier
1386 4903 1558 4940 eingewickelte
1576 4903 1832 4942 Neujahrstrinkgeld

977 4947 1024 4982 auf
1042 4946 1079 4977 die
1096 4945 1199 4982 Straße
1217 4946 1344 4981 herunter.

1033 5002 1100 5032 Weit
1118 5002 1249 5032 verbreitet
1265 5010 1322 5032 war
1339 5001 1437 5033 sodann
1455 5002 1496 5032 ein
1513 5001 1579 5038 Lied,
1602 5001 1650 5032 das
1669 5003 1697 5033 in
1716 5002 1762 5033 den
1782 5003 1832 5034 Be¬

977 5043 1040 5077 reich
1065 5042 1109 5073 der
1134 5042 1359 5078 mittelalterlichen
1386 5043 1573 5079 Zahlenmystik
1601 5043 1687 5079 gehört
1714 5044 1766 5074 und
1795 5044 1833 5074 die

977 5083 1165 5119 ausgerufenen
1182 5083 1311 5114 Stunden
1328 5084 1445 5119 christlich
1461 5083 1550 5120 deutet,
1567 5091 1589 5120 z.
1606 5084 1658 5114 B.:

1171 5140 1247 5176 Zehn
1264 5139 1362 5170 Gebote
1379 5140 1466 5175 schärft
1483 5140 1550 5170 Gott
1567 5140 1619 5177 ein,

1172 5181 1238 5215 Laßt
1255 5183 1310 5210 uns
1327 5180 1380 5216 ihm
1398 5181 1529 5217 gehorsam
1547 5181 1609 5216 sein.

1173 5221 1223 5255 Elf
1239 5221 1341 5256 Apostel
1359 5220 1455 5251 blieben
1472 5224 1538 5258 treu,

1171 5261 1249 5296 Gieb,
1267 5261 1318 5295 daß
1334 5270 1382 5297 gar
1400 5261 1454 5291 kein
1470 5261 1559 5297 Abfall
1576 5262 1620 5297 sei.

1032 5313 1123 5349 Dieses
1140 5314 1194 5345 und
1213 5315 1304 5345 andere
1320 5315 1407 5345 Lieder
1434 5315 1475 5350 hat
1493 5315 1595 5352 kürzlich
1613 5316 1719 5353 Ludwig
1736 5317 1831 5348 Tobler

1880 4031 1908 4061 in
1925 4031 1968 4061 der
1987 4031 2153 4069 Sammlung
2179 4033 2370 4070 schweizerischer
2390 4035 2547 4066 Volkslieder
2573 4037 2726 4072 zusammen¬

1879 4072 1982 4107 gestellt.
2016 4072 2058 4107 In
2072 4071 2303 4108 Norddeutschland
2319 4074 2413 4110 sangen
2431 4076 2470 4105 die
2482 4076 2664 4111 Nachtwächter
2676 4079 2727 4108 ein¬

1878 4112 1942 4148 zelne
1961 4112 2096 4147 Strophen
2115 4116 2166 4143 aus
2184 4114 2231 4143 den
2249 4114 2347 4144 Abend-
2375 4114 2428 4144 und
2446 4116 2656 4152 Morgenliedern
2683 4118 2726 4148 des

1879 4151 2033 4186 öffentlichen
2051 4151 2249 4190 Gesangbuches,
2267 4161 2287 4189 z.
2305 4154 2357 4184 B.:

1985 4201 2031 4236 Ich
2049 4201 2126 4235 schlief
2144 4201 2197 4231 und
2216 4202 2287 4236 wußt
2305 4203 2378 4237 nicht,
2395 4204 2442 4233 wie
2460 4204 2511 4234 mir
2528 4214 2593 4240 wär,

1985 4241 2029 4271 So
2047 4241 2126 4276 schlich
2144 4240 2187 4272 der
2204 4243 2292 4277 Teufel
2310 4251 2355 4272 um
2374 4244 2435 4278 mich
2454 4244 2504 4280 her,

1877 4290 1951 4320 oder:
1988 4289 2041 4325 Ihr
2069 4289 2256 4328 Höllengeister,
2284 4292 2360 4325 packet
2388 4293 2480 4330 Euch!,
2507 4294 2609 4330 welches
2627 4295 2670 4329 für
2687 4297 2725 4327 die

1877 4330 1980 4365 meisten
1999 4330 2178 4364 Nachtwächter
2199 4331 2240 4361 ein
2258 4332 2436 4369 Lieblingslied
2456 4342 2518 4364 war.

1929 4383 2033 4418 Endlich
2051 4391 2127 4419 gegen
2147 4384 2220 4415 Ende
2237 4387 2281 4416 des
2306 4386 2348 4416 18.
2366 4387 2563 4423 Jahrhunderts
2589 4392 2641 4420 trat
2667 4392 2725 4426 auch

1876 4425 1925 4454 das
1951 4424 2207 4460 Nachtwächterthum
2234 4426 2263 4456 in
2288 4426 2326 4456 die
2352 4428 2446 4463 groben
2474 4429 2657 4467 Strömungen
2684 4433 2726 4463 der

1875 4465 1940 4502 Zeit,
1959 4465 2054 4496 vorerst
2072 4465 2100 4495 in
2113 4465 2151 4496 die
2160 4466 2245 4497 beiden
2254 4469 2484 4505 entgegengesetzten
2492 4471 2567 4506 Pole,
2586 4472 2623 4502 die
2635 4472 2725 4504 Senti¬

1875 4506 2020 4536 mentalität
2042 4505 2098 4535 und
2116 4505 2162 4536 den
2180 4507 2292 4543 Humor.
2325 4509 2419 4545 Zwar,
2439 4511 2471 4541 ob
2489 4512 2526 4541 die
2544 4513 2726 4550 Nachtwächter

1875 4547 1950 4583 selber
1970 4546 2013 4576 der
2033 4546 2334 4586 Empfindungsseligkeit
2361 4550 2405 4580 des
2431 4552 2628 4588 Jahrhunderts
2655 4555 2725 4591 ihren

1875 4587 1936 4623 Zoll
1953 4587 2091 4622 abzahlten,
2111 4589 2176 4623 weiß
2194 4590 2229 4625 ich
2246 4590 2310 4624 nicht
2326 4599 2357 4627 zu
2376 4591 2459 4628 sagen,
2477 4593 2547 4628 sicher
2565 4595 2604 4630 ist,
2622 4594 2671 4631 daß
2687 4596 2725 4632 ihr

1876 4628 1932 4663 Ruf
1949 4628 2114 4664 zartgesinnte
2131 4628 2228 4660 Seelen
2255 4631 2303 4661 mit
2324 4632 2423 4667 weicher
2440 4633 2578 4670 Wehmuth
2596 4635 2724 4672 berührte;

1876 4668 1903 4703 so
1920 4668 1975 4704 sagt
1992 4676 2018 4698 u.
2035 4677 2060 4698 a.
2079 4668 2184 4700 Lavater
2211 4671 2247 4700 im
2273 4672 2399 4707 geheimen
2424 4674 2570 4710 Tagebuch:
2606 4677 2656 4706 Um
2673 4678 2724 4707 drei

1876 4708 1929 4744 Uhr
1947 4708 1995 4738 des
2005 4708 2134 4746 Morgens
2153 4712 2269 4745 erwachte
2286 4713 2320 4747 ich
2337 4713 2393 4742 und
2401 4714 2471 4749 hörte
2480 4715 2526 4745 den
2535 4716 2722 4752 Nachtwächter.

1876 4749 1924 4785 Ich
1941 4749 2003 4785 höre
2019 4749 2064 4785 ihn
2082 4751 2202 4787 niemals,
2222 4752 2284 4788 ohne
2302 4753 2354 4783 eine
2373 4755 2470 4790 gewisse
2482 4756 2539 4790 süße
2549 4757 2721 4792 Melancholie,

1876 4791 1914 4821 die
1930 4791 1980 4820 mit
1998 4791 2065 4820 einer
2083 4791 2166 4823 feinen
2184 4794 2362 4830 Empfindung
2390 4795 2431 4825 der
2448 4795 2609 4833 Flüchtigkeit
2626 4799 2719 4828 meines

1876 4830 1971 4861 Lebens
1989 4831 2043 4860 und
2072 4831 2120 4861 mit
2146 4831 2255 4864 dunkeln
2279 4834 2475 4871 Vorstellungen
2501 4844 2553 4866 von
2580 4837 2720 4872 wachenden

1876 4871 1984 4908 Weisen,
2014 4871 2156 4907 seufzenden
2180 4873 2315 4910 Kranken,
2351 4875 2533 4910 Gebärenden,
2562 4877 2720 4908 Sterbenden

1876 4920 1905 4943 u.
1921 4912 1939 4947 s.
1957 4920 1993 4942 w.
2011 4912 2155 4944 verbunden
2173 4915 2213 4950 ist.
2248 4915 2304 4946 Der
2312 4915 2415 4951 Humor
2432 4916 2476 4946 der
2492 4916 2548 4952 Zeit
2566 4917 2664 4948 erweist
2676 4918 2719 4952 sich

1876 4952 2096 4988 nachtwächterlich
2113 4954 2142 4984 in
2160 4955 2207 4985 den
2220 4955 2305 4985 beiden
2314 4956 2411 4991 Fabeln
2429 4956 2479 4986 von
2497 4956 2649 4986 Gellert
2666 4958 2718 4987 und

1877 4993 2085 5027 Claudius:
2112 4994 2169 5026 dort
2197 4996 2296 5026 werden
2321 4996 2365 5031 sich
2391 4997 2449 5031 zwei
2477 4996 2590 5029 Wächter
2615 4997 2718 5034 deßhalb

1876 5034 2049 5070 spinnefeind,
2077 5036 2134 5065 weil
2163 5036 2206 5067 der
2223 5036 2287 5071 Eine
2307 5036 2483 5071 „bewahrt
2500 5036 2549 5066 das
2567 5037 2648 5073 Feuer
2665 5039 2719 5069 und

1876 5075 1924 5105 das
1940 5075 2032 5111 Licht",
2050 5075 2094 5106 der
2111 5075 2211 5107 Andere
2231 5076 2431 5111 „verwahrt
2448 5076 2496 5106 das
2508 5077 2590 5113 Feuer
2607 5078 2660 5109 und
2671 5079 2719 5110 das

1875 5115 1953 5150 Licht"
1974 5116 2058 5152 singt;
2086 5116 2124 5146 bei
2141 5116 2272 5147 Claudius
2290 5116 2364 5152 kriegt
2383 5116 2422 5146 ein
2440 5117 2622 5153 Nachtwächter
2648 5120 2719 5150 einen

1877 5156 2070 5192 obrigkeitlichen
2080 5156 2179 5193 Rüffel,
2196 5157 2252 5187 weil
2261 5165 2288 5186 er
2295 5165 2323 5192 zu
2334 5157 2420 5192 singen
2430 5157 2508 5194 pflegt
2527 5159 2605 5192 „das
2622 5159 2720 5192 Klock

1877 5197 1920 5232 hat
1936 5195 2011 5232 Zehn
2027 5197 2173 5233 geschlagen,
2192 5197 2309 5232 während
2325 5200 2354 5226 es
2372 5198 2431 5233 nach
2449 5199 2493 5228 des
2505 5199 2720 5237 Bürgermeisters

1876 5236 2027 5270 wohlweiser
2045 5237 2144 5271 Ansicht
2162 5237 2247 5272 heißen
2264 5237 2343 5272 muß:
2361 5237 2421 5267 der
2438 5238 2540 5269 Klock.
2565 5240 2722 5275 Schlimmer

1875 5276 1946 5312 spielt
1953 5276 2000 5306 der
2006 5277 2108 5313 Humor
2116 5276 2171 5307 dem
2176 5277 2356 5312 Nachtwächter
2362 5278 2399 5307 im
2405 5278 2576 5314 Puppenspiel
2584 5288 2635 5311 von
2640 5281 2722 5319 Faust

1875 5317 1939 5352 mit;
1957 5317 1991 5347 da
2010 5317 2037 5353 ist
2055 5319 2084 5347 es
2102 5316 2226 5353 Kasperle,
2243 5317 2293 5353 der,
2311 5318 2426 5354 nachdem
2447 5328 2474 5350 er
2492 5323 2542 5350 aus
2560 5321 2614 5352 Dr.
2625 5322 2722 5361 Fausts

2774 4038 2865 4073 Dienst
2882 4039 3049 4073 ausgetreten,
3069 4038 3109 4067 ein
3127 4037 3199 4073 böses
3218 4038 3291 4068 Weib
3313 4038 3442 4073 geheiratet
3459 4038 3510 4067 und
3529 4038 3618 4073 Nacht¬

2775 4078 2876 4113 wächter
2893 4078 3024 4114 geworden
3043 4078 3082 4109 ist.
3117 4077 3162 4112 In
3186 4078 3234 4107 den
3250 4078 3437 4114 Schlußszenen,
3466 4079 3494 4107 in
3510 4079 3616 4114 welchen

2773 4118 2853 4154 Faust
2870 4119 2897 4148 in
2929 4117 3105 4153 fürchterlicher
3123 4118 3206 4153 Angst
3233 4119 3286 4148 dem
3313 4119 3439 4149 nahenden
3467 4119 3536 4148 Tode
3564 4122 3618 4149 ent¬

2773 4158 2915 4194 gegensieht,
2934 4158 2964 4194 ist
2982 4166 3037 4188 nun
3054 4157 3173 4193 Kasperle
3196 4159 3239 4188 als
3256 4158 3307 4191 sein
3324 4157 3470 4193 Gegenbild,
3498 4158 3536 4188 die
3563 4159 3617 4193 Ge¬

2773 4199 2832 4231 stalt
2848 4199 2918 4228 eines
2936 4207 2994 4234 zum
3011 4198 3195 4234 Nachtwächter
3211 4199 3390 4233 versimpelten,
3415 4198 3474 4228 aber
3493 4199 3518 4229 in
3537 4199 3617 4234 seiner

2773 4239 2900 4272 Simpelei
2919 4239 3063 4275 glücklichen
3081 4238 3135 4268 und
3163 4240 3190 4268 in
3216 4239 3305 4271 seinem
3322 4237 3401 4268 Glück
3425 4239 3534 4275 witzigen
3562 4241 3617 4272 und

2772 4279 2917 4315 unflätigen
2933 4279 3069 4313 Menschen
3086 4278 3232 4313 dargestellt.
3265 4278 3325 4307 Mit
3341 4278 3453 4311 Mantel,
3471 4278 3545 4309 Stab
3562 4284 3618 4311 und

2772 4319 2875 4350 Laterne
2892 4320 2949 4349 tritt
2966 4328 2993 4349 er
3009 4322 3059 4349 aus
3078 4319 3119 4348 der
3137 4318 3223 4354 Hütte,
3248 4320 3299 4346 aus
3322 4318 3419 4350 welcher
3446 4318 3484 4349 die
3510 4320 3617 4355 keifende

2773 4359 2890 4390 Stimme
2907 4361 2988 4395 seines
3006 4359 3104 4390 Weibes
3122 4358 3247 4393 erschallt;
3264 4365 3291 4387 er
3309 4358 3391 4394 singt:

2967 4413 3055 4444 Guten
3073 4412 3195 4447 Morgen,
3213 4409 3287 4440 liebes
3306 4410 3402 4446 Lieserl,

2966 4453 3014 4487 Ach
3031 4452 3079 4485 leih
3096 4451 3149 4480 mir
3165 4451 3221 4480 dein
3239 4450 3339 4481 Latern.

2967 4494 2990 4522 's
3007 4492 3051 4527 isch
3069 4491 3093 4526 ja
3111 4491 3138 4524 so
3157 4491 3242 4526 finster

2964 4533 3019 4563 Und
3037 4532 3122 4566 scheint
3141 4532 3180 4561 nit
3198 4531 3225 4561 ai
3242 4531 3338 4562 Stern.

2823 4584 2862 4619 Ja
2880 4584 2914 4618 so,
2933 4583 2966 4616 ich
2984 4581 3029 4616 hab
3048 4583 3104 4610 was
3121 4580 3217 4612 anders
3235 4589 3263 4617 zu
3281 4582 3378 4618 singen,

2891 4628 2958 4663 Hört
2976 4627 3014 4659 ihr
3030 4626 3115 4661 Herrn
3135 4626 3190 4656 und
3207 4626 3262 4660 laßt
3279 4626 3336 4662 euch
3353 4628 3433 4664 sagen,

2891 4668 2950 4698 Der
2967 4666 3037 4698 Klock
3055 4666 3097 4701 hat
3114 4667 3194 4696 neuni
3211 4667 3356 4703 geschlagen,

2891 4707 2968 4737 Neun
2987 4707 3017 4740 ist
3032 4706 3076 4736 der
3092 4705 3177 4736 Klock!
3197 4707 3272 4737 Neun
3292 4707 3322 4740 ist
3341 4708 3384 4737 der
3399 4707 3483 4738 Klock!

2889 4747 3011 4782 Bewahrt
3028 4746 3077 4776 das
3093 4746 3175 4783 Feuer
3193 4747 3246 4777 und
3263 4747 3312 4777 das
3329 4747 3402 4784 Licht,

2888 4787 2954 4822 Daß
2962 4787 3004 4817 der
3012 4786 3096 4817 Stadt
3104 4787 3157 4817 kein
3167 4787 3264 4822 Schade
3273 4787 3384 4824 geschicht
3392 4797 3417 4818 u.
3426 4789 3445 4823 s.
3455 4798 3489 4820 w.

2819 4836 2887 4867 Aber
2911 4836 2970 4871 auch
2997 4836 3038 4866 der
3067 4835 3307 4872 Aufklärungsgeist
3334 4837 3491 4875 bemächtigte
3516 4840 3562 4876 sich
3580 4857 3616 4861 —

2766 4878 2812 4908 wie
2829 4880 2858 4906 es
2875 4877 2963 4912 scheint
2979 4885 3045 4912 zwar
3062 4878 3121 4910 noch
3142 4877 3205 4911 nicht
3217 4877 3259 4907 des
3269 4877 3542 4917 Nachtwächteramtes,
3561 4882 3617 4916 son¬

2766 4918 2826 4947 dern
2845 4918 2887 4947 der
2903 4917 2991 4952 Poesie
3014 4917 3057 4947 der
3084 4917 3273 4952 Nachtwächter.
3311 4919 3351 4949 Es
3380 4919 3409 4953 ist
3432 4921 3473 4950 ein
3500 4922 3617 4956 charakte¬

2766 4958 2881 4994 ristischer
2897 4958 2958 4994 Zug
2977 4958 3068 4993 unsers
3085 4957 3234 4995 Zeitalters,
3253 4958 3351 4992 schreibt
3371 4960 3412 4990 ein
3430 4961 3571 4997 Einsender
3586 4965 3618 4994 in

2766 4999 2818 5029 eine
2836 4998 2957 5029 Berliner
2974 4998 3179 5035 Monatsschrift,
3197 4999 3244 5030 den
3254 4999 3326 5035 Geist
3337 5001 3392 5030 und
3402 5001 3439 5032 die
3448 5002 3620 5042 Handlungs¬

2766 5039 2836 5073 weise
2861 5038 2929 5073 jedes
2952 5039 3072 5069 Standes
3097 5039 3277 5076 aufzusuchen;
3315 5041 3447 5074 besonders
3484 5044 3544 5075 aber
3570 5046 3622 5076 das

2766 5079 2930 5116 Fehlerhafte,
2942 5079 3106 5116 Unschickliche
3116 5084 3172 5111 und
3182 5081 3326 5118 Lächerliche
3335 5081 3460 5116 desselbm
3470 5084 3517 5115 den
3525 5085 3620 5123 Augen

2766 5121 2810 5151 des
2826 5120 2985 5156 Publikums
3004 5136 3032 5141 —
3054 5120 3113 5151 bald
3141 5121 3171 5152 in
3195 5122 3273 5158 Ernst
3303 5123 3361 5153 bald
3387 5125 3415 5155 in
3432 5124 3535 5161 Satire,
3561 5126 3621 5157 bald

2767 5162 2796 5191 in
2813 5161 2891 5192 Reim
2907 5161 2968 5192 bald
2985 5162 3015 5192 in
3024 5162 3117 5199 Prosa,
3136 5162 3197 5193 bald
3215 5163 3244 5193 in
3252 5163 3398 5195 Gemälden
3408 5180 3441 5185 —
3451 5166 3622 5202 darzustellen.

2768 5202 2820 5233 Die
2839 5202 2917 5238 Reihe
2935 5202 2979 5239 hat
2996 5203 3097 5239 kürzlich
3126 5204 3188 5239 auch
3213 5204 3252 5234 die
3279 5205 3462 5241 Nachtwächter
3490 5208 3623 5243 getroffen.

2769 5242 2899 5279 Während
2917 5252 2990 5281 man,
3008 5244 3073 5280 heißt
3090 5247 3118 5274 es
3136 5245 3174 5275 im
3186 5245 3308 5280 Verlaufe
3317 5245 3359 5276 der
3368 5246 3553 5284 Abhandlung,
3571 5248 3621 5279 das

2772 5284 2981 5322 Straßensingen
2998 5289 3041 5316 der
3052 5285 3277 5321 Kurrendeschüler
3294 5286 3354 5318 oder
3363 5287 3408 5317 der
3417 5287 3561 5324 Singchöre
3572 5290 3623 5321 mit

2772 5326 2848 5362 Recht
2864 5326 3029 5363 abzuschaffen
3048 5326 3093 5363 sich
3110 5326 3232 5363 anschickt,
3257 5326 3301 5362 hat
3326 5330 3355 5357 es
3376 5328 3424 5358 mit
3439 5328 3497 5359 dem
3512 5329 3627 5366 Singen
