3839 5551
222 106 1255 175 Nr. 350 Zweites Abendblatt.
1574 117 2433 192 Der Zürcher Zeitung 128. Jahrgang.
2691 139 3780 205 Mittwoch, 18. Dezember 1907.
230 253 3742 713 Neue Zürcher Zeitung
283 712 1181 764 Abonnementspreise. 3 Monate 6 Monate 12 Monate
213 758 1151 791 Zürich wenn die Zeitung abgeholt wird . Fr. 5.50 10.— 20—
254 789 1157 817 do. ins Haus gebracht . . . . .  „ 6.30 12.—  24.—
212 813 1164 845 Schweiz Bestellung beim Postbureau . .  „ 6.50 12.50 25.—
267 842 1158 871 do. mit Bezug unter Privatadresse . „ 8.— 15.— 80.—
212 869 878 896 Deutschland Bestellung beim Postamt . Mk. 6.—
213 893 888 922 Oesterreich do. . Kr. 11.37
214 922 1157 948 Italien do. . Fr. 8.10 15.50 30.85
215 949 1155 974 Rußland do. . Rbl. 3.06 6.12 12.24
215 973 1156 1007 Uebrige Staaten des Weltpostvereins . Fr. 12.50 24.— 48.—
408 1008 980 1036 Redaktionsbureau: Goethestraße 10.
1321 811 2644 952 und schweizerisches Handelsblatt.
3138 787 3498 821 Insertionspreise:
3014 828 3614 868 Per einspaltige Petitzeile oder deren Raum 25 Rp.,
3015 861 3614 892 für Anzeigen ausländischen Ursprungs 40 Rp.,
3140 895 3481 920 Reklamen Fr. 1.— per Zeile.
3116 935 3515 960 Alleinige Inseraten-Annahme:
3167 970 3459 1001 Rudolf Mosse
2872 992 3746 1041 Annoncen-Expedition für alle schweizerischen und ausländischen Zeitungen
3076 1034 3529 1065 5 Theaterstr. Zürich Goethestr. 10
201 1081 1054 1128 Aus den Verhandlungen der Bundesversammlung.
489 1156 787 1184 (Privattelegramm.)
533 1212 754 1243 Nationalrat.
702 1266 1028 1298 W. Bern, 18. Dez.
263 1313 933 1338 Den Vorsitz führt der Präsident Speiser.
265 1346 1062 1386 Die Tagesordnung verzeichnet als erstes Traktandum
205 1388 1064 1425 die Vorlage betr. die Ratifikation der internationalen
205 1426 1067 1461 Uebereinkommen vom 26. September 1906 über das
205 1468 1069 1508 Verbot der industriellen Nachtarbeit der Frauen
207 1501 1062 1552 und über das Verbot der Verwendung von weißem
205 1553 1069 1590 (gelbem) Phosphor in der Zündholzindustrie. Der
207 1590 1067 1630 Referent Heinrich Scherrer gibt in seiner Einleitung
205 1627 1067 1671 eine summarisch gehaltene Darstellung der Bestrebungen
205 1668 1063 1711 auf dem Gebiete des internationalen Arbeiterschutzes,
206 1708 1059 1751 dabei namentlich auch des Verdienstes gedenkend, das
207 1748 1065 1793 die internationale Vereinigung für gesetzlichen Arbeiter¬
207 1788 1065 1834 schutz sich in der Vorbereitung des Bodens durch private
205 1829 1069 1874 Aktion erworben hat. Der einstige Gedanke der Schaf¬
206 1868 1065 1915 fung einer internationalen Fabrikgesetzgebung mußte
205 1907 1068 1955 bald aufgegeben werden. Man kam zu der Erkenntnis,
206 1948 1064 1996 daß es angezeigt sei, sich auf einzelne Uebereinkommen
206 1989 1065 2037 zu beschränken, in denen bestimmte Einzelpunkte geregelt
205 2029 1068 2079 würden und auf denen bereits eine gewisse Ueberein¬
208 2070 1067 2119 stimmung unter den Gesetzgebungen der Staaten bestehe.
205 2112 1066 2159 Es galt zunächst, die Minimalforderungen auf dem Ge¬
205 2151 1061 2199 biete der internationalen Arbeiterschutzgesetzgebung zu
203 2191 1065 2239 verwirklichen. Auf diesem Fundament sollten dann die
205 2233 1065 2279 einzelnen Staaten das erste und zweite Stockwerk auf¬
202 2272 1067 2321 bauen können. In diesem Sinne wurden im Schoße
204 2314 1066 2362 der internationalen Vereinigung und unter Mitwirkung
205 2354 1062 2402 hervorragender Staatsmänner die ersten Grundlagen
204 2394 1062 2441 aufgestellt für ein Uebereinkommen zum Schutze der
203 2436 1060 2481 Frauenarbeit und des Verbotes der Verwendung des
202 2474 889 2523 gelben Phosphors in der Zündholzindustrie.
260 2514 1059 2544 Der Bundesrat ist dann von der internationalen Ver¬
199 2553 1063 2604 einigung ersucht worden, auf Grund dieser Vorarbeiten
201 2596 1059 2644 eine internationale Konferenz einzuberufen. Im Jahre
202 2636 1059 2684 1905 tagte die Expertenkonferenz, ein Jahr später fan¬
205 2676 1062 2724 den sich die diplomatischen Vertreter zusammen, um die
204 2714 1059 2766 von jener geschaffenen Grundzüge in Verträge umzu¬
203 2756 1061 2804 arbeiten. Nachdem er den Inhalt der beiden Ueberein¬
202 2796 1059 2845 kommen skizziert, weist der Referent darauf hin, daß sie
201 2829 1061 2886 allerdings speziell unserm Lande nicht etwas neues
202 2877 1055 2925 bringen. Ihre Satzungen sind bei uns bereits verwirk¬
200 2916 1058 2964 licht. Die Bedeutung dieser Uebereinkommen ist aber
201 2953 1061 3004 auch nicht in erster Linie in ihrem materiellen Resultat
201 2993 1056 3045 zu suchen; sie liegt vielmehr, wie Bundesrat Deucher in
203 3033 1056 3088 seiner Schlußrede an der Konferenz betonte, darin, daß
199 3078 1058 3129 das Eis gebrochen worden ist, daß ein Anfang auf dem
199 3119 1061 3169 Gebiete des internationalen Arbeiterschutzes erzielt wer¬
198 3157 1060 3210 den konnte. Not und Zwang der Verhältnisse, bemerkt
198 3201 1054 3251 der Referent weiter, werden unsere stärksten Hilfskräfte
200 3241 1059 3291 in der weitern Entwicklung des internationalen Arbeiter¬
197 3280 1056 3334 schutzes sein. Als eines der besonders erstrebenswerten
197 3322 1057 3375 Ziele nennt er dies, auf dem Boden des nationalen
197 3355 1054 3418 Arbeiterschutzes einen kräftigen Schritt vorwärts zu tun,
196 3405 1056 3456 um jenen Standpunkt unter den Staaten wieder zu ge¬
195 3442 1061 3496 winnen, den wir ehedem als fortgeschrittenster Staat
192 3481 1055 3538 auf diesem Gebiete der Sozialpolitik eingenommen haben.
196 3526 1054 3577 Im einstimmigen Auftrage der Kommission drückt
193 3559 1055 3619 Scherrer dem Bundesrat, den Beamten des Industrie¬
193 3603 1054 3660 departements und in erster Linie Bundesrat Deucher
191 3643 1055 3703 seinen warmen Dank aus, daß sie mit solcher Energie
187 3683 1053 3743 und mit solchem Zielbewußtsein ohne zu weichen und zu
191 3729 1053 3784 wanken und ohne sich durch die frühern Mißerfolge ent¬
191 3766 1051 3825 mutigen zu lassen, sich der Frage stets wieder ange¬
191 3810 1058 3859 nommen haben. Das Referat in französischer Sprache
189 3848 410 3889 hält Georg.
241 3888 1053 3941 Bundesrat Deucher gibt der hohen Befriedigung
187 3927 1051 3986 des Bundesrates darüber Ausdruck, daß die Grundlage
189 3973 1049 4027 für einen weitern Ausbau des internationalen und
188 4012 1051 4068 damit auch des nationalen Arbeiterschutzes geschaffen
188 4053 1050 4107 worden ist. Das Gefühl der Freude und der Genug¬
188 4094 1049 4147 tuung ist noch größer, wenn man auf die resultatlosen
188 4132 1044 4189 Bemühungen früherer Jahre zurückblickt. Nun ist zu
188 4171 1044 4231 sagen, daß wir es bei allen Bemühungen vielleicht doch
183 4214 1048 4270 noch nicht so weit gebracht hätten, wenn uns nicht weit¬
186 4256 1044 4311 blickende und hochstehende Männer — es seien nur die
183 4300 1044 4350 Namen Berlepsch, Millerand und alt Bundesrat Frey
185 4337 1045 4390 genannt — mit ihrer privaten Tätigkeit zur Seite ge¬
184 4379 1047 4433 standen wären. Ein weiterer Bundesgenosse entstand
183 4420 1044 4474 uns in den unabweislichen Bedürfnissen der Zeit. Des
184 4455 1045 4517 Ausbaues des nationalen Arbeiterschutzes gedenkend,
183 4504 1045 4555 konstatiert der Redner, daß bei den Vertretern der Ar¬
182 4545 1044 4596 beitgeber wie bei denen der Arbeiter in der Experten¬
181 4579 1044 4639 kommission die feste Ueberzeugung von der Notwendig¬
180 4625 1041 4680 keit einer Einigung in der Ausgestaltung des Fabrik¬
180 4667 1038 4720 gesetzes vorhanden ist. Der gute Wille auf beiden Seiten
180 4706 1040 4757 läßt uns hoffen, daß wir zu einem erfreulichen Ziele
180 4756 437 4784 kommen werden.
226 4780 1042 4833 Ohne Widerspruch beschließt der Rat Eintreten auf
178 4826 1042 4880 den Beschlussesentwurf. Die Ratifikation beider Ueber¬
178 4871 647 4906 einkommen erfolgt einstimmig.
234 4910 1040 4962 Ueber die Vorlage betreffend Ueberweisung von
174 4949 1038 5006 Rechtsfällen an das Bundesgericht referierten
172 4991 1037 5046 kurz David und Rutty. Sie beautragen Zustimmung
173 5035 1038 5084 zu dem vom Ständerat bereits genehmigten Entwurf.
172 5079 435 5111 Keine Diskussion.
227 5114 1037 5167 Vom Budget für 1908 kommt zu erneuter
169 5152 1038 5209 Beratung der Posten Beitrag an das Arbeiter¬
169 5201 1034 5247 sekretariat. Der Bundesrat hat sich bekanntlich
170 5241 1033 5288 über die Frage der Erhöhung der Subvention von
170 5278 1030 5323 25,000 auf 30,000 Fr. schriftlich vernehmen lassen.
1116 1068 1971 1119 Schobinger referiert. Die Kommission ist mit den
1117 1111 1968 1158 Voraussetzungen, die der Bundesrat an die Erhöhung
1120 1151 1972 1197 knüpft, einverstanden. Der Referent gibt dem Rat
1117 1195 1972 1236 Kenntnis von einem Schreiben des schweizerischen
1117 1232 1970 1277 Baumeisterverbandes, der sich gegen die Gewährung
1119 1268 1973 1317 der weitern 5000 Fr. ausspricht. Mächler wendet
1117 1310 1973 1358 sich gegen die falsche Interpretation der Bedeutung
1120 1348 1969 1399 seiner Motion betreffend Errichtung eines speziellen
1118 1396 1973 1436 sozialstatistischen Amtes. Die Bestrebung richtet sich
1120 1432 1972 1478 keineswegs gegen das Arbeitersekretariat. Ein solches
1117 1471 1972 1520 sozialstatistisches Amt hätte einen viel weitern Auf¬
1118 1513 1972 1559 gabenkreis als das Arbeitersekretariat. Das letztere
1116 1554 1971 1599 kann bei der Erfüllung seiner Aufgaben stets als
1120 1591 1972 1640 wirksame Ergänzung des geplanten Amtes betrachtet
1119 1634 1972 1679 werden. Ein großer Apparat ist nicht geplant. Das
1118 1671 1971 1720 Amt zahlt auf die Unterstützung des Arbeitersekretaria¬
1118 1714 1973 1761 tes. Ador beantragt Nichteintreten auf den Antrag
1117 1755 1972 1802 betreffend Erhöhung des Beitrages mit dem Auftrage
1118 1796 1972 1843 an den Bundesrat einen detaillierten Bericht zu er¬
1117 1837 1972 1884 statten. Der Redner ist kein grundsätzlicher Gegner des
1115 1874 1970 1926 Arbeitersekretariates; allein so wie es jetzt sich betätigt,
1118 1919 1971 1966 möchte er es nicht weiter unterstützen. Mit den Be¬
1115 1957 1970 2007 dingungen, die der Bundesrat an die Beitragerhöhung
1117 2001 1971 2047 knüpft, haben wir keine große Garantie für richtige
1117 2037 1971 2089 Verwendung des Geldes. Vor acht Tagen hat übrigens
1117 2079 1970 2129 der Bundesrat erklärt, in so kurzer Zeit könne er die
1118 2120 1968 2169 Angelegenheit nicht hinlänglich prüfen. Nun erstattet
1117 2158 1968 2209 er doch Bericht und der Kommissionsrefereut ist glück¬
1118 2204 1968 2249 lich, die Uebereinstimmung zwischen Bundesrat und
1116 2242 1966 2291 Kommission konstatieren zu können. Die Freude Brüst¬
1115 2285 1969 2331 leins, daß die Kreatur des Rates sich zu ihrem
1114 2324 1966 2372 Schöpfer bekennt und seine Auffassung akzeptiert, muß
1116 2368 1963 2412 groß sein. Warten wir einen gründlichen Bericht ab,
1116 2406 1966 2454 ehe wir Beschluß fassen über die Erhöhung. Der
1118 2446 1963 2494 Bundesrat wird die Frage parallel mit der Motion
1113 2489 1965 2533 Mächler zu prüfen haben. Es ist nur gute Tradition
1115 2527 1965 2573 des Rates, wenn er es ablehnt, sich gewissermaßen
1115 2570 1965 2613 das Messer an die Kehle setzen zu lassen, und verlangt
1112 2609 1963 2654 über jede Frage gründlich orientiert und aufgeklärt zu
1115 2650 1176 2682 sein.
1165 2695 1967 2738 Heinrich Scherrer antwortet dem Vorredner:
1114 2729 1965 2778 Dieser scheint die Aufgabe des Arbeitersekretariates
1116 2769 1967 2818 nicht zu kennen, resp. zu verkennen, daß der Arbeiter¬
1113 2811 1968 2859 sekretär die ihm zugedachten Arbeiten gar nicht über¬
1113 2853 1966 2899 nehmen könnte. Damit die Finanzkommission einen
1115 2892 1964 2939 klaren Einblick in die Tätigkeit des Arbeitersekretariates
1114 2931 1966 2982 bekomme, hat der Sprechende die in Aussicht gestellten
1114 2974 1965 3024 Kopierbücher kommen lassen. Es wäre grundfalsch,
1114 3019 1964 3062 wollte jemand behaupten, es werde in Zürich nicht
1110 3056 1964 3104 sehr fleißig gearbeitet. Vielleicht, daß Greulich etwas
1111 3095 1966 3144 zu sehr bald da, bald dort nascht, aber so viel ist
1112 3135 1962 3185 gewiß, daß er ein rastloser Arbeiter ist. Der Redner
1110 3178 1964 3226 zählt einen Katalog von Arbeiten auf und zitiert das
1114 3218 1964 3266 Urteil eines deutschen Sozialpolitikers über Greulichs
1110 3258 1966 3308 Tätigkeit. Was Ador dem Arbeitersekretariat an Ar¬
1113 3296 1963 3351 beiten zuwenden möchte, kann es nicht akzeptieren.
1110 3343 1962 3391 Wie soll es z. B. Differenzen zwischen Arbeitgebern
1113 3384 1962 3430 und Arbeitern aus der Welt schaffen können? Wenn auf
1111 3425 1965 3470 andere Sekretariate und ihren Wirkungskreis hinge¬
1112 3463 1963 3511 wiesen wird, so ist zu sagen, daß z. B. das Bauern¬
1108 3505 1964 3552 sekretariat ausschließlich im Dienste der Interessen der
1105 3543 1963 3594 Landwirtschaft tätig ist. Bundesrat Deucher erklärt,
1105 3585 1964 3633 der Bundesrat habe aus der ihm vorher nicht bekann¬
1106 3630 1961 3673 ten Eingabe des Vorstandes des Arbeiterbundes die
1110 3666 1963 3716 Ueberzeugung geschöpft, daß sie ein Körnchen Wahrheit
1108 3709 1958 3756 enthalte. Die Versammlung hat verlangt, daß schon
1106 3751 1958 3794 heute Bericht erstattet werde. Nun knüpft ja der Bun¬
1108 3786 1953 3838 desrat Bedingungen an die weitern 5000 Fr. Er wird
1102 3828 1952 3881 auch bei Herrn Sigg in Genf sich umsehen und zwar nicht
1104 3868 1951 3923 nur hinsichtlich seiner Tätigkeit beim „Peuple‟, sondern
1102 3913 1958 3962 auch in der Richtung, ob nicht das Bundesgeld für
1101 3955 1952 4001 internationale statt für nationale Zwecke teilweise Ver¬
1102 3990 1953 4045 wendung findet. Die Verhältnisse in Genf sind es,
1102 4031 1958 4087 die speziell untersucht werden müssen. Unter den ge¬
1102 4075 1955 4124 machten Vorbehalten sollte der Rat die Erhöhung des
1101 4118 1525 4161 Bundesbeitrages bewilligen.
1154 4150 1955 4183 Mit großer Mehrheit wird der Antrag, die Sub¬
1097 4167 1953 4243 vention von 25,000 auf 30,000 Fr. zu erhöhen, an¬
1097 4239 1326 4270 genommen.
1159 4279 1950 4326 Da der französische Text des neuen Militär¬
1099 4322 1953 4365 budgets noch nicht vorliegt, wird die Beratung einst¬
1095 4355 1950 4408 weilen verschoben. Der Rat setzt die Behandlung des
1099 4399 1949 4447 Budgets der Bundesbahnen für 1908 fort.
1099 4441 1952 4487 Zschokke weist darauf hin, daß unverkennbar der
1097 4483 1949 4529 maßgebende Grund für den sofortigen Ausbau des
1097 4518 1952 4573 zweiten Tunnels nicht die technische Situation des ersten
1097 4562 1953 4613 Tunnels ist, sondern der Wunsch, die jetzigen Unter¬
1092 4606 1946 4653 nehmung zum Bau verhalten zu können. Ein Recht
1093 4642 1950 4695 von den Bundesbahnen zu verlangen, sie sollten zu¬
1096 4684 1947 4736 warten mit dem Bau, hat natürlich die Unternehmung
1095 4726 1950 4775 nicht. Dagegen dürfen hier wohl eine Reihe von Be¬
1092 4768 1946 4815 trachtungen mehr menschlicher Natur in Betracht kommen,
1090 4806 1947 4857 in einem Rate, wo doch Fragen dieser Art in Berück¬
1091 4845 1948 4898 sichtigung gezogen werden müsen. Es sei zunächst daran
1091 4888 1950 4937 erinnert, daß die Unternehmung ihre Verpflichtungen
1087 4928 1942 4978 1893 eingegangen ist, daß der Bau aber erst 5 Jahre
1086 4969 1941 5020 später beginnen konnte und längere Zeit in Anspruch
1089 5009 1944 5061 nahm als vorgesehen war. Während dieser Zeit hat
1090 5052 1949 5102 der Vertrag in einer Weise eine Aenderung erlitten,
1089 5091 1947 5143 dass an Stelle des einen Kontrahenten, der Jura-Simplon¬
1087 5137 1944 5179 bahn, die Bundesbahnen getreten sind. Man hat nun
1086 5175 1943 5219 an manchen Orten großes Aufheben gemacht über die
1086 5214 1940 5260 Unterstützung, welche der Unternehmung bei der
1084 5254 1947 5301 nachträglichen Ordnung des Verhältnisses zuteil ge¬
1081 5293 1943 5333 worden sei. Ueber diese Unterstützung sind aber zum
2022 1082 2877 1128 Teil unrichtige Mitteilungen gemacht worden. Es ist zu
2026 1123 2878 1169 betonen, daß für einen Teil der Aufbesserung der Ver¬
2021 1162 2880 1211 tragssumme die Unternehmung größere als die ursprüng¬
2025 1206 2877 1249 lich stipulierten Verpflichtungen ausgeführt hat. Von
2023 1245 2880 1288 effektiven Aufbesserungen kann denn bloß bis zu 1,700,000
2023 1280 2879 1330 Fr. die Rede sein. Auf diesen Betrag reduzieren sich die
2024 1320 2879 1371 angegebenen 4 Millionen. Für den Bau des zweiten
2027 1364 2880 1411 Tunnels ist die Summe von 15 auf 19,5 Millionen er¬
2024 1402 2882 1454 höht worden. Aber die Sachlage hat sich inzwischen
2022 1446 2878 1492 derart geändert, daß die Unternehmung in diesem Plus
2026 1485 2880 1532 kein genügendes Aequivalent erblicken kann. Der Redner
2023 1527 2878 1574 ist nicht in der Lage, die Tatsachen zahlenmäßig nach¬
2021 1566 2880 1614 zuweisen; auch die Bundesbahnen dürften über die
2020 1605 2877 1655 Kostenfrage keine ganz genauen Aufschlüsse geben können.
2024 1648 2880 1695 Geändert hat sich aber auch die Situation für die Unter¬
2024 1688 2877 1735 nehmung in bezug auf ihre führenden Männer. Brandt
2022 1725 2878 1777 ist tot, Brandau ein alter Mann geworden. Oberst
2022 1768 2879 1819 Locher, der an die Stelle beider trat, ist heute 68 Jahre
2024 1811 2880 1858 alt. Ihm ist es vornehmlich zu verdanken, daß das
2023 1846 2879 1898 Werk trotz den größten Schwierigkeiten zu unsrer aller
2023 1889 2879 1938 Freude, zur Freude des ganzen Volkes durchgeführt
2023 1931 2876 1977 werden konnte. Nun ist auch er ein alter Mann ge¬
2022 1970 2875 2019 worden. Wenn der Bericht des Bundesrates betont, die
2023 2009 2873 2060 Behörden legten Wert darauf, daß die Firma den
2020 2051 2874 2102 zweiten Tunnel ausbaue, weil ihre technische Erfahrung
2021 2092 2874 2143 dem Werke zugute komme, darf man doch fragen, ob
2023 2128 2874 2183 die technische Befähigung bei einem Manne noch zu
2025 2172 2877 2222 finden ist, der das genannte Alter erreicht und dem die
2019 2216 2877 2261 Sorge um seine Existenz zugesetzt hat. In welcher Si¬
2019 2249 2876 2304 tuation befindet sich die Unternehmung heute? Die
2018 2293 2876 2344 Hauptangestellten sind 1906 entlassen worden und in
2021 2339 2876 2382 allen Richtungen der Windrose zerstreut. Einzig Oberst
2019 2373 2873 2425 Locher steht als Techniker noch da. Wird er noch mit
2020 2412 2873 2468 der Ruhe und der Energie, die die Bundesbahnen von
2019 2457 2872 2508 ihm verlangen, einem Werke sich widmen können, dessen
2017 2496 2872 2550 Schwierigkeiten unterschätzt worden sind? Das alles sind
2017 2539 2871 2591 Betrachtungen, die den Bundesrat und uns veranlassen
2017 2578 2872 2631 können, trotz dem Bestehen eines geschriebenen Vertrages
2019 2626 2592 2658 gewisse Rücksichten eintreten zu lassen.
2070 2661 2870 2708 Vergessen wir nicht, daß beim Werke des Simplons
2020 2698 2872 2749 alle sich geirrt haben, die Geologen, die Techinker und
2019 2741 2875 2789 wir alle. Wir haben uns getäuscht in der national¬
2021 2783 2868 2832 ökonomischen Bedeutung des Werkes. Heute wissen wir,
2018 2823 2869 2873 daß der Nutzen desselben erst in der Zukunft liegt.
2018 2862 2873 2914 Wenn man unter solchen Verhältnissen nur den einen
2019 2905 2873 2955 Teil, bloß weil er vertraglich gebunden ist, zur Inne¬
2016 2946 2873 2997 haltung der schweren Bedingungen verhalten will, be¬
2018 2990 2869 3039 geht man eine gewisse Ungerechtigkeit. Verträge, die sich
2016 3027 2869 3081 über so ungeheure Summen erstrecken, die sich mit der
2016 3070 2870 3121 Lösung von Fragen beschäftigen, welche zu den schwie¬
2015 3112 2872 3164 rigsten der Technik gehören, sind eine ausnahmsweise
2016 3148 2869 3204 Erscheinung. Wenn trotzdem Leute sich gefunden haben,
2015 3192 2873 3244 Männer, die unser sind, um die schwere Verantwort¬
2013 3233 2868 3285 lichkeit zu übernehmen, so haben wir allen Grund,
2015 3277 2868 3325 ihnen gegenüber Billigkeit walten zu lassen. Der Red¬
2014 3317 2866 3366 ner erinnert an den Gotthardbauunternehmer Favre.
2012 3360 2867 3406 Er erinnert auch an die Elogen, die man bei der
2014 3393 2867 3449 Simploneröffnung den Männern hat zuteil werden
2014 3441 2867 3488 lassen, die ihre aufopfernde Tätigkeit dem großen Werke
2014 3477 2868 3531 gewidmet. Er kann sich nicht vorstellen, daß, wenn
2012 3521 2866 3571 sich die Bedenken der Unternehmung erwahren, wenn
2013 3565 2867 3611 neue Schwierigkeiten entstehen sollten, der Bund es
2012 3602 2866 3651 doch bis zu den letzten Konsequenzen aus dem Vertrag
2011 3650 2866 3688 kommen lassen wird. Vielleicht sind in der Be¬
2007 3688 2860 3728 ziehung weitgehende Versprechungen nicht gemacht
2009 3723 2861 3772 worden. Allein wenn bei Unterhandlungen ein Teil
2007 3762 2860 3814 wankend wird, sucht ihn der andere zu ermutigen durch
2007 3803 2857 3853 Worte, deren Bedeutung nicht im Protokoll liegt. So
2002 3847 2860 3891 mag es auch 1903 der Fall gewesen sein. Die, welche
2005 3882 2862 3933 die Verhandlungen durchführen, legen mehr Wert auf
2006 3926 2862 3973 den Geist, der über ihnen schwebt, als auf das Proto¬
2007 3965 2865 4014 koll. Wir wollen uns nicht dem Vorwurf aussetzen, daß
2004 4009 2862 4053 wir so gewaltige Werke nur dadurch zu erreichen ver¬
2006 4049 2865 4094 mögen, daß wir nach dem Buchstaben entscheiden. Der
2004 4088 2862 4134 Redner bittet den Bundesrat, bei der Behandlung der
2005 4129 2861 4175 Angelegenheit der Unternehmung gegenüber einige Bil¬
2005 4168 2860 4216 ligkeit walten zu lassen und nicht bis zur letzten Kon¬
2003 4208 2863 4258 sequenz zu gehen. Gewiß ist dem Schweizervolk ein
2004 4248 2862 4297 Vertrag heilig, aber es gibt ausnahmsweise Verhält¬
2005 4293 2653 4327 nisse, wo die Billigkeit Platz greifen muß.
2059 4330 2860 4379 Bundesrat Zemp antwortet auf das Votum des
2004 4372 2859 4419 Vorredners, worin soll die verlangte Nachsicht bestehen?
2004 4411 2859 4462 Die Unternehmung hat es unterlassen, bestimmte Wünsche
2002 4449 2861 4503 auszusprechen. Sie wünschte vom Vertrag entbunden
2011 4498 2863 4543 zu werden. Die Frage liegt heute einfach: Wir
2002 4531 2862 4586 sollen entscheiden, ob wir den Tunnel sofort bauen
2001 4573 2861 4628 wollen. Der Vertrag besteht. Es hängt nur vom
2003 4619 2858 4666 Willen der Bundesbahnen ab, ob sie ihn ausführen
2004 4656 2859 4707 wollen. Es ist wahr, daß alle, welche an der Sache
2000 4700 2856 4748 sind, mit Gewalt, gewissermaßen ins Ungewisse hinein
2001 4739 2859 4789 Entschlüsse gefaßt haben. Man vertraute auf die Geo¬
1998 4781 2866 4829 logen und fand sich getäuscht. Allein es ist doch auch
2000 4821 2859 4870 zu sagen, daß die Tunnelunternehmung mit ungewissen
1999 4860 2859 4911 Faktoren hatte rechnen müssen. Sie mußte es tun schon
2001 4906 2860 4947 im Hinblick auf die Erfahrungen beim Gotthard. Wir
2000 4943 2858 4989 haben uns auch geirrt; das ist richtig. Alle Betrach¬
2000 4983 2859 5029 tungen können uns aber von dem Standpunkt nicht ab¬
1999 5023 2853 5072 bringen, daß wir den zweiten Tunnel ausbauen müssen,
1996 5061 2860 5114 da sonst dem ersten Gefahr droht. Wenn wir die
1995 5106 2854 5153 jetzige Firma nicht dazu verhalten, wen sollen wir denn
1994 5145 2855 5193 damit betrauen? Was würde uns eine neue Firma
1994 5185 2855 5232 für Bedingungen stellen? Auf eine Diskussion über
1992 5225 2851 5273 den Wunsch Zschokkes, es nicht auf die letzten Kon¬
1994 5266 2851 5313 sequenzen ankommen zu lassen, kann heute nicht einge¬
1991 5304 2853 5344 treten werden; es fehlt dazu jeder Anhaltspunkt. Daß
2935 1091 3791 1142 wir Billigkeit wollen walten lassen, das wollen wir
2930 1138 3407 1169 aus dieser Diskussion behalten.
2982 1172 3793 1223 Ador erklärt, die Notwendigkeit, den zweiten Tun¬
2932 1212 3794 1264 nel auszubauen, bestehe, ebenso ist die Existenz des
2926 1253 3790 1305 Vertrages nicht zu bestreiten. Allein die Ausführungen
2930 1296 3790 1345 Zschokkes, einer Autorität im Baufach, verdienen nach
2927 1334 3789 1385 der Meinung des Redners Beachtung. Wir, die wir die
2929 1372 3789 1425 Freunde von Jules Favre waren, wir möchten nicht,
2930 1415 3793 1465 daß in unserm Lande zum zweitenmale das Unter¬
2931 1454 3788 1505 nehmerschicksal konstatiert werden müßte, das beim Bau
2928 1496 3794 1545 des Gotthardtunnels eingetreten ist. Gewiß ist die
2930 1535 3792 1586 Stellung des Bundesrates vollauf verständlich, er könnte
2928 1575 3792 1627 keinen andern Antrag einbringen. Allein wir wollen
2932 1618 3792 1667 gerne von der Erklärung Notiz nehmen, in die der
2934 1655 3791 1707 Sprecher des Bundesrates sein Votum hat ausklingen
2931 1699 3791 1748 lassen. Die Bundesbahnen sollen der Unternehmung
2932 1738 3789 1789 Gelegenheit geben, ihre neue Berechnung zu begründen
2928 1778 3792 1829 und die Vorlagen mit Wohlwollen zu prüfen. Frey
2929 1816 3790 1869 konstatiert in näherem Nachweis, daß finanzielle Gründe,
2929 1860 3790 1910 nicht bautechnische und geologische den Ausbau des
2930 1899 3791 1951 zweiten Tunnels wünschbar machen. Ueber die Situation
2929 1941 3790 1991 des ersten urteilt man heute, seit das Gutachten der
2928 1979 3790 2032 Unternehmung erschienen ist, viel ruhiger. Ausschlag¬
2927 2021 3788 2072 gebend ist der Vertrag von 1903, d. h. der Wunsch, den
2922 2064 3790 2113 zweiten Tunnel durch die Firma Brandt, Brandau u. Co.
2926 2104 3785 2153 ausführen zu lassen. Das Protokoll über jene Verhand¬
2926 2140 3788 2193 lungen im Jahre 1903 ist nach der Sitzung verfaßt und
2925 2182 3787 2233 sofort deponiert worden. Ueber einzelne Sätze, ihren
2930 2222 3789 2274 Sinn und ihre Bedeutung bestehen abweichende Auf¬
2928 2263 3788 2314 fassungen. Die Erklärungen des Bundesrates in jener
2927 2304 3787 2355 Konferenz lauteten zutrauenerweckend, ermutigend. Es
2926 2345 3787 2396 wurde der Unternehmung Hilfe zugesagt, die hinreichend
2926 2387 3785 2436 erschien. Man versicherte die Unternehmung, man werde
2924 2424 3786 2476 sie nicht stecken lassen. Vom Herbst 1903 ab ging es
2924 2464 3785 2516 noch anderthalb Jahre, bis der Simplon durchschlagen
2923 2506 3788 2557 war. Die Erfahrungen besagen, daß unter den Voraus¬
2924 2548 3785 2598 setzungen, die 1903 bestanden, der zweite Tunnel nicht
2921 2589 3784 2638 ausgebaut werden kann. Der Vertreter des Bundes¬
2921 2631 3785 2678 rates erklärte im Ständerat, er könne der Unternehmung
2924 2669 3783 2718 keinen Glauben schenken, daß so erheblich größere Kosten
2926 2708 3786 2759 sein sollen. Wenn die Unternehmung den Tunnel nicht
2922 2749 3784 2800 ausführt und die Konventionalstrafe erlegt, so ist zu
2924 2790 3785 2840 sagen, daß selbst mit dem Zuschlag dieser Summe zu
2923 2831 3784 2881 den 19,5 Millionen eine neue Unternehmung den Bau
2926 2871 3783 2921 nicht übernehmen wird; dessen darf man sich bewußt
2923 2915 3785 2962 sein. Einen Antrag, die verlangte Million für 1908
2927 2955 3781 3003 für den Bau des zweiten Tunnels nicht zu bewilligen,
2924 2998 3270 3031 stellt der Redner nicht.
2976 3035 3783 3085 Ueber das Baubudget referieren hierauf weiter
2926 3077 3779 3125 Heller und Freiburghaus. Speziell über den
2921 3117 3780 3166 Kreis I erstattet Perrier Bericht. Seiler
2921 3155 3782 3206 verwendet sich dafür, daß verschiedene Züge an mehr
2922 3199 3781 3247 der Stationen im Wallis anhalten. Er wünscht den Umbau
2922 3236 3782 3287 der Stationen Martigny und Visp und verlangt bei
2918 3280 3782 3328 Vergebung von Arbeiten bessere Berücksichtigung des
2918 3319 3781 3368 Wallis. Die Stationsbeamten sollten wenigstens im
2919 3361 3779 3410 Oberwallis auch der deutschen Sprache mächtig sein.
2919 3402 3780 3450 Die Erstellung des zweiten Geleises der Simplonlinie
2918 3444 3780 3491 im Wallis ist zu beschleunigen. Endlich verlangt der
2920 3486 3779 3532 Sprechende vom Bundesrat Auskunft über den Stand
2918 3526 3615 3563 der Frage der Zufahrtslinien zum Simplon.
2971 3568 3781 3612 Schluß der Sitzung 1 Uhr 45. Abendsitzung 5 Uhr:
2918 3610 3325 3640 Budget der Bundesbahnen.
3250 3678 3390 3704 Ständerat.
3398 3734 3738 3764 St. Bern, 18. Dez.
2965 3778 3592 3805 Den Vorsitz führt Präsident Scherrer.
2962 3812 3776 3860 Zur Verhandlung gelangt die Initiative betreffend
2911 3855 3775 3902 die Wasserkräfte. Die Beratung wird bei Alinea 4
2915 3897 3777 3942 fortgesetzt. Ammann glaubt, der Wortlaut des Na¬
2916 3937 3778 3983 tionalrates genüge, wenn man das Wort „Hoheit" durch
2916 3978 3775 4023 „Gebietshoheit" ersetze. Die Fassung der Kommission
2912 4020 3777 4064 bedeutet eine sehr wesentliche materielle und nicht bloß
2914 4059 3777 4105 eine redaktionelle Abänderung. Mit der Auffassung Usteris
2911 4102 3778 4145 ist der Sprechende nicht einverstanden; die Rechte eines
2910 4141 3776 4186 Kantons an öffentlichen Gewässern eines andern Kantons
2911 4181 3778 4226 können nicht als staatliche Hoheitsrechte bezeichnet wer¬
2912 4224 3775 4267 den. Usteri repliziert gegenüber v. Reding und Am¬
2912 4263 3776 4308 mann. Durch den Vertrag von 1841 hat Schwyz tat¬
2909 4302 3776 4348 sächlich auf die Ausnützung des auf seinem Gebiet
2910 4346 3775 4388 liegenden Gefälles verzichtet. Der Sprechende will nicht
2908 4385 3776 4429 untersuchen, wem die Schuld am Scheitern der Unter¬
2914 4422 3775 4468 handlungen zwischen Zürich und Schwyz zufällt; aber
2911 4468 3767 4507 es ist bedauerlich, daß eine so große Wasserkraft nun
2912 4504 3773 4552 brachliegen muß. Solchen Vorkommnissen wollte man
2909 4548 3774 4592 im September vorbeugen, indem man in Art. 24 bis
2914 4588 3775 4632 diejenigen Gewässerstrecken, an denen einem Nachbar¬
2911 4625 3773 4672 kanton besondere Rechte zustehen, ausdrücklich denjenigen
2914 4670 3774 4712 gleichstellte, die mehreren Kantonen gemeinsam sind. Der
2912 4708 3774 4755 Nationalrat beabsichtigte nicht, hieran eine materielle
2911 4747 3774 4795 Abänderung vorzunehmen; aber seine Redaktion ist un¬
2912 4791 3773 4835 genau; daher der Antrag der ständerätlichen Kommission,
2912 4831 3772 4874 der lediglich die Uebereinstimmung zwischen dem deutschen
2909 4874 3765 4913 und dem französischen Text herzustellen beabsichtigt. Beim
2909 4913 3763 4953 gegenwärtigen Stand der Etzelwerk-Angelegenheit kann
2907 4950 3768 4994 nicht das Bundesgericht helfen, sondern nur die Bundes¬
2909 4992 3769 5037 gesetzgebung, indem sie einen Rechtssatz aufstellt, wonach
2905 5035 3765 5074 die beiden Parteien auf eine gemeinsame Konzession
2910 5071 3765 5115 oder auf den Auskauf der einen durch die andere sich
2907 5114 3763 5154 verständigen müssen. Gegenüber Ammann bemerkt der
2906 5152 3761 5195 Sprechende, der Art. 24 bis handle überhaupt nur von
2907 5195 3765 5237 Hoheitsrechten, nicht von Privatrechten; der Abänderungs¬
2905 5238 3340 5267 antrag sei daher abzulehnen.
2954 5273 3774 5321 Brügger erklärt sich mit dem Antrag Ammann
2903 5313 3771 5351 einverstanden. Cardinaux dagegen hält die vorge¬
