3839 5551
337 136 602 324 Sr
861 121 1278 326 Neue
1365 122 1990 370 Zürcher
2069 124 2710 370 ZeitiW

332 131 533 185 Dienstag
2960 175 3308 229 Morgenausgabe
274 203 597 257 16. Juli 1935
3037 266 3229 306 Nr. 1241
356 274 525 324 Blatt 2
294 457 784 513 Sozialdemokratisches

132 507 707 563 „Sanierungsprogramm"
738 518 781 557 in
810 519 939 566 Basel

573 591 609 619 D
632 589 760 624 Basel,
782 592 820 618 18.
834 591 906 625 Juli.

183 633 233 668 Im
268 636 369 664 Namen
404 639 449 665 der
483 638 765 675 großrätlichen
800 641 938 669 Sanie¬

133 675 502 708 rungskommission
525 677 569 709 hat
592 679 669 704 deren
692 685 771 705 neuer
792 679 939 712 Präsident,

132 708 309 738 Nationalrat
321 712 470 745 Schneider,
482 716 528 741 der
543 715 693 750 Regierung
705 723 769 743 neue
780 716 939 750 Richtlinien

133 745 179 777 für
209 747 267 776 eine
288 749 446 785 Sanierung
476 753 520 779 des
544 752 797 787 Staatshaushaltes
828 755 939 788 zugehen

133 783 213 817 lassen
229 788 277 814 mit
294 788 338 814 der
353 788 542 823 gleichzeitigen
557 790 759 825 Ankündigung,
775 792 855 825 dieser
870 793 939 819 Aus¬

132 821 207 855 schuß
219 824 295 858 weise
308 826 349 852 die
363 831 413 853 von
429 827 484 860 ihm
499 828 558 861 noch
574 829 640 862 nicht
654 829 795 863 erledigten
810 829 939 864 Aufträge

132 861 249 895 zunächst
267 869 302 890 an
321 863 362 890 die
381 864 532 898 Regierung
550 867 646 899 zurück,
664 866 747 894 damit
765 866 830 901 diese
851 868 883 901 sie
902 868 939 895 im

132 896 252 931 Rahmen
276 900 348 928 eines
371 902 718 938 Sanierungsprogramms
741 906 832 932 erneut
854 905 938 939 prüfe.

132 934 227 963 Damit
248 938 313 970 stellt
333 939 375 965 die
394 940 732 975 Sanierungskommisston
754 943 862 977 offiziell
883 944 940 976 ihre

132 972 259 1001 Arbeiten
282 976 334 1003 ein.
365 977 507 1010 Schneider
531 979 596 1013 folgt
619 981 702 1007 damit
725 979 809 1007 einem
832 982 939 1015 Wunsch

133 1012 249 1045 gewisser
280 1014 455 1050 bürgerlicher
477 1015 573 1050 Kreise,
603 1018 644 1044 die
673 1021 700 1045 es
723 1017 766 1045 nie
787 1019 938 1052 verstanden

133 1048 226 1080 haben,
249 1051 300 1084 daß
320 1059 384 1083 man
404 1055 450 1088 auf
470 1055 555 1082 einem
576 1055 602 1087 so
623 1055 757 1090 wichtigen
778 1057 868 1084 Gebiet
890 1058 938 1084 wie

132 1087 177 1113 der
198 1088 346 1122 staatlichen
367 1092 615 1126 Finanzsanierung
636 1094 684 1120 das
705 1094 763 1127 Heft
784 1096 829 1121 der
849 1094 938 1128 Regie¬

132 1130 204 1158 rung
226 1126 316 1160 entriß
340 1129 394 1155 und
417 1131 444 1156 es
468 1133 541 1157 einer
564 1130 735 1164 Kommission
759 1133 938 1163 anvertraute,

132 1161 173 1188 die
192 1164 262 1191 allen
278 1165 424 1200 möglichen
444 1167 589 1201 Einflüssen
608 1169 769 1202 unterstand.
797 1170 854 1197 Das
874 1170 938 1198 Er¬

133 1200 269 1232 gebnis
293 1203 365 1236 ihrer
386 1205 511 1232 Arbeiten
534 1205 564 1239 ist
585 1208 645 1239 auch
668 1208 853 1240 entsprechend.
884 1208 939 1236 Mit

132 1237 209 1268 einer
225 1240 344 1274 einzigen
362 1242 487 1277 Vorlage,
505 1243 616 1277 nämlich
638 1246 682 1271 der
701 1245 764 1272 über
784 1246 824 1272 die
841 1245 938 1279 Behin¬

133 1276 222 1311 drung
242 1279 287 1305 des
307 1278 426 1313 Abzuges
446 1285 498 1308 von
519 1280 821 1316 Vermögensverlusten,
841 1283 886 1315 hat
908 1284 939 1317 sie

132 1313 324 1350 durchdringen
343 1318 450 1346 können.
476 1318 533 1346 Alle
550 1320 651 1346 andern
670 1320 804 1353 Vorlagen
824 1322 938 1354 (Hunde¬

130 1350 225 1381 steuer-
239 1357 294 1381 und
308 1355 620 1391 Billettsteuererhöhung
633 1358 708 1390 usw.)
724 1357 779 1392 sind
792 1364 879 1392 wegen
893 1360 939 1386 der

135 1388 214 1420 ihnen
228 1390 265 1418 im
281 1391 399 1424 Rahmen
414 1395 458 1421 des
472 1393 750 1429 Gesamtprogramms
763 1397 938 1429 anhaftenden

133 1425 352 1464 Belanglosigkeit
388 1431 523 1466 abgelehnt
559 1433 674 1461 worden.
712 1433 753 1461 So
789 1434 876 1467 mußte
911 1437 938 1462 es

133 1464 258 1497 kommen,
270 1468 321 1501 daß
334 1468 374 1496 die
387 1469 615 1504 Staatsrechnung
628 1472 691 1498 1934
705 1471 753 1498 mit
766 1472 850 1499 einem
863 1473 938 1506 Fehl¬

133 1502 224 1537 betrag
255 1509 306 1533 von
338 1506 403 1540 sechs
425 1507 569 1535 Millionen
592 1508 708 1542 abschloß
739 1510 792 1536 und
815 1517 877 1537 man
901 1511 937 1538 im

134 1539 273 1574 laufenden
285 1541 358 1577 Jahr
369 1544 453 1572 einem
464 1545 657 1580 Budgetdefizit
667 1551 718 1575 von
731 1547 799 1574 rund
812 1549 842 1574 14
854 1547 937 1576 Mil¬

134 1576 267 1607 lionen
286 1580 333 1615 Fr.
351 1583 567 1617 gegenübersteht.

166 1625 224 1653 Wie
238 1627 275 1654 im
289 1628 445 1664 derzeitigen
458 1629 719 1665 Regierungsorgan,
732 1631 777 1658 der
792 1631 937 1662 "Arbeiter¬

134 1662 265 1698 zeitung",
286 1664 425 1700 mitgeteilt
447 1667 526 1698 wird,
549 1668 630 1702 stehen
653 1669 740 1702 hinter
762 1670 819 1697 dem
842 1670 937 1698 Sanie¬

135 1703 378 1737 rungsprogramm
420 1706 500 1733 neben
543 1707 588 1733 der
632 1707 937 1742 Sozialdemokratischen

133 1737 225 1768 Partei
252 1741 293 1768 die
318 1742 515 1777 Kommunisten
540 1745 594 1771 und
619 1744 661 1772 die
685 1745 938 1780 Freiwirtschaftler,

134 1774 174 1802 die
194 1776 238 1810 sich
258 1778 385 1812 ebenfalls
406 1782 503 1815 darauf
521 1781 681 1816 verpflichtet
703 1783 795 1816 haben.
821 1784 863 1811 So
883 1784 938 1811 kam

134 1815 171 1843 es,
186 1815 237 1848 daß
253 1816 302 1844 das
319 1818 480 1852 Programm
497 1820 526 1847 in
542 1820 586 1847 der
603 1821 775 1854 Kommission
791 1822 840 1848 mit
858 1822 937 1855 sieben

134 1858 211 1885 gegen
227 1853 287 1888 fünf
303 1855 438 1884 Stimmen
453 1864 642 1891 angenommen
658 1859 756 1886 wurde.
771 1859 822 1887 Die
838 1859 937 1893 letztern

135 1889 257 1923 entfielen
282 1892 330 1927 auf
355 1894 429 1922 einen
455 1894 560 1929 Antrag
585 1895 630 1923 der
655 1895 938 1928 Radikaldemokraten.

134 1927 211 1955 deren
231 1929 367 1959 Vertreter
388 1931 416 1959 in
435 1934 479 1960 der
499 1933 671 1967 Kommission
692 1935 775 1962 etwas
794 1940 845 1962 von
866 1934 937 1968 ihrer

134 1964 223 1998 bisher
236 1968 383 2003 verfolgten
395 1970 470 1998 Linie
481 1972 612 2005 abgerückt
626 1973 688 2006 sind.
710 1972 775 2001 Dies
788 1973 857 2000 wird
870 1974 936 2000 denn

134 2004 195 2037 auch
212 2003 295 2039 sofort
309 2008 364 2034 von
381 2009 469 2042 Herrn
487 2010 629 2043 Schneider
646 2009 696 2037 mit
714 2011 759 2037 der
776 2010 938 2045 Bemerkung

136 2040 307 2077 festgenagelt,
323 2045 372 2078 daß
388 2047 437 2073 mit
452 2046 496 2074 der
511 2046 669 2082 Ablehnung
683 2046 764 2082 dieser
779 2047 937 2082 Richtlinien

133 2080 207 2114 durch
225 2082 266 2110 die
286 2083 559 2113 Radikaldemokraten
578 2086 642 2119 diese
661 2094 721 2120 zum
738 2087 879 2120 mindesten
898 2088 938 2115 in¬

135 2117 213 2145 direkt
229 2120 392 2153 bekundeten,
408 2123 458 2156 daß
473 2124 505 2157 sie
520 2123 604 2150 einem
618 2124 745 2152 Abbau
760 2125 804 2151 der
820 2125 938 2158 Löhne

137 2155 187 2182 und
208 2157 254 2185 der
276 2158 516 2195 Sozialleistungen
546 2161 638 2194 nicht
668 2161 848 2196 grundsätzlich
877 2163 937 2189 ab¬

136 2195 285 2230 geneigt
309 2197 384 2230 seien.
399 2198 455 2227 Vor
471 2200 515 2226 der
530 2197 713 2234 Abstimmung
729 2198 765 2227 im
781 2199 878 2234 Schoße
893 2200 938 2227 der

135 2230 308 2267 Kommission
327 2237 414 2263 wollte
434 2237 478 2271 sich
497 2238 576 2264 deren
594 2238 734 2272 Präsident
753 2239 798 2265 der
819 2239 938 2272 Haltung

136 2270 178 2295 des
190 2271 425 2307 Finanzdirektors
438 2274 488 2303 Dr.
500 2274 608 2309 Ludwig
619 2275 809 2310 vergewissern,
821 2275 870 2303 mit
883 2276 938 2303 dem

136 2313 171 2337 er,
186 2307 237 2336 wie
253 2316 282 2337 er
298 2311 406 2339 bekannt
423 2312 486 2346 gibt,
502 2311 581 2340 darin
598 2312 815 2347 übereinstimme,
831 2314 881 2346 daß
898 2313 938 2341 die

135 2343 285 2382 Regierung
308 2348 349 2376 die
371 2349 501 2385 Führung
524 2350 569 2377 der
592 2351 937 2384 Sanierungsoperationen

135 2389 166 2414 zu
183 2385 358 2420 übernehmen
377 2389 440 2421 habe
456 2390 510 2416 und
528 2388 578 2421 daß
598 2389 722 2423 energisch
740 2390 785 2416 der
801 2389 937 2423 Ausgleich

137 2420 253 2456 zwischen
273 2425 321 2452 den
342 2425 507 2460 Einnahmen
528 2427 581 2453 und
600 2426 742 2461 Ausgaben
762 2427 806 2454 des
827 2427 937 2455 Staates

135 2458 266 2489 betrieben
289 2463 393 2490 werden
417 2464 503 2498 müsse.
535 2463 668 2498 Hingegen
692 2465 787 2499 gingen
811 2464 875 2492 über
898 2464 938 2492 die

136 2495 227 2525 Mittel
249 2501 303 2528 und
325 2500 401 2535 Wege
422 2502 462 2529 die
483 2502 648 2536 Meinungen
669 2503 730 2530 weit
752 2503 937 2530 auseinander.

183 2543 242 2573 Wie
254 2546 315 2580 sieht
326 2553 382 2575 nun
393 2548 441 2575 das
452 2548 613 2582 Programm
625 2549 669 2576 der
683 2549 849 2577 abtretenden
861 2549 937 2583 groß¬

137 2581 259 2616 rätlichen
275 2585 610 2620 Sanierungskommission
626 2587 693 2614 aus?
710 2587 747 2615 Es
764 2586 823 2621 sieht
839 2586 937 2614 einmal

137 2618 428 2657 Einsparungen
443 2630 491 2652 vor
507 2637 538 2643 —
554 2626 658 2658 welcher
673 2626 723 2652 Art
739 2625 792 2651 und
808 2625 857 2652 wie
873 2626 937 2658 groß

137 2656 199 2691 diese
216 2659 271 2692 sein
288 2661 377 2695 sollen,
392 2662 462 2689 wird
479 2663 590 2695 indessen
607 2663 674 2696 nicht
691 2664 776 2697 gesagt
793 2675 834 2693 —,
851 2663 938 2695 ferner

139 2701 171 2721 im
207 2696 336 2731 Interesse
372 2700 417 2727 der
454 2699 723 2735 Arbeitsbeschaffung
758 2700 833 2727 einen
869 2701 937 2727 Aus¬

137 2731 280 2769 führungs-
298 2737 352 2764 und
371 2738 610 2772 Sanierungsplan
630 2739 673 2771 für
692 2739 733 2766 die
750 2738 847 2772 großen
866 2738 937 2766 Bau¬

136 2770 264 2805 aufgaben
282 2775 328 2802 der
345 2775 459 2810 nächsten
477 2775 572 2810 Jahre,
589 2775 726 2810 schließlich
745 2783 833 2803 neue
851 2775 937 2804 Ein¬

136 2810 298 2842 nahmen.
328 2812 386 2840 Das
407 2813 568 2848 Programm
589 2813 634 2846 soll
656 2814 722 2847 dazu
742 2814 842 2844 dienen,
862 2814 937 2841 einen

136 2846 276 2883 sofortigen
308 2850 444 2885 Ausgleich
477 2854 522 2879 der
553 2852 780 2885 Staatsrechnung
812 2853 866 2879 und
898 2851 938 2879 die

133 2882 328 2921 Amortisation
343 2888 389 2916 der
402 2888 554 2924 bisherigen
571 2889 777 2924 Budgetdefizite
791 2896 824 2923 zu
838 2890 938 2923 ermög¬

136 2920 222 2956 lichen.
250 2925 316 2960 Nach
335 2926 434 2961 Ansicht
453 2928 497 2954 der
516 2927 851 2962 Sanierungskommission
869 2928 938 2955 wird

135 2959 176 2987 ein
196 2962 344 2998 derartiges
363 2965 526 2999 Programm
545 2964 627 2998 jedoch
645 2969 705 2993 vom
724 2965 801 2994 Volke
821 2972 873 2992 nur
891 2972 937 2993 an¬

135 3004 297 3033 genommen,
312 3007 388 3030 wenn
404 3004 432 3030 es
448 3007 500 3030 von
516 3002 599 3031 einem
614 3002 707 3030 Abbau
723 3003 768 3031 der
783 3003 868 3036 Löhne
885 3003 938 3030 und

135 3036 178 3063 der
196 3038 437 3075 Sozialleistungen
455 3041 569 3075 Abstand
587 3041 692 3073 nimmt,
709 3047 785 3069 wenn
803 3049 851 3075 zur
870 3041 937 3069 Tra¬

135 3080 206 3109 gung
236 3078 281 3105 der
312 3078 490 3113 Soziallasten
521 3079 562 3106 die
592 3079 780 3113 wirtschaftlich
812 3079 938 3112 stärkeren

135 3112 448 3150 Bevölkerungsschichten
469 3116 530 3151 nach
550 3117 682 3150 Maßgabe
702 3117 774 3150 ihrer
793 3116 938 3151 Leistungs¬

135 3149 255 3186 fähigkeit
269 3154 461 3189 herangezogen
474 3155 578 3183 werden
592 3156 645 3182 und
657 3159 734 3182 wenn
747 3158 795 3182 vor
808 3155 885 3182 allem
899 3155 939 3182 die

135 3189 216 3222 hohen
239 3192 417 3223 Einkommen,
437 3192 584 3226 Vermögen
606 3193 660 3220 und
682 3192 844 3226 Erbschaften
866 3193 938 3220 einer

135 3225 364 3261 besonderen
384 3230 472 3258 Not-
495 3231 549 3258 und
569 3230 830 3265 Sozialsteuer
850 3230 938 3258 unter¬

135 3266 235 3300 worfen
249 3268 362 3298 werden,
376 3269 416 3296 die
429 3269 477 3296 den
491 3268 665 3302 wesentlichen
678 3268 738 3297 Teil
752 3268 797 3296 der
810 3268 938 3302 erforder¬

136 3301 215 3336 lichen
229 3312 313 3334 neuen
327 3305 494 3340 Einnahmen
506 3307 699 3340 aufzubringen
714 3306 768 3340 hat.

185 3350 223 3378 Es
246 3352 316 3380 wird
339 3354 394 3386 also
417 3353 559 3381 wiederum
584 3352 611 3380 in
635 3353 681 3380 der
703 3352 860 3387 Hauptsache
883 3353 939 3380 eine

135 3389 291 3418 weitere
326 3390 529 3426 Belastung
564 3391 609 3418 der
647 3391 743 3425 großen
781 3391 939 3419 Steuer¬

135 3427 266 3459 zahler
282 3428 310 3456 in
329 3429 467 3463 Vorschlag
484 3429 607 3463 gebracht,
622 3429 714 3456 womit
729 3435 791 3456 man
807 3430 854 3455 den
871 3429 938 3456 min¬

136 3463 234 3495 destens
253 3467 284 3493 10
301 3465 444 3495 Millionen
462 3467 508 3501 Fr.
526 3466 712 3499 erfordernden
729 3465 865 3501 Ausgleich
883 3466 938 3499 her¬

136 3501 272 3536 beiführen
294 3503 359 3534 will,
381 3505 458 3532 unter
479 3504 589 3538 völliger
610 3503 873 3538 Aufrechterhaltung
894 3505 939 3531 der

137 3540 416 3576 unverhältnismäßig
441 3543 523 3576 hohen
550 3543 790 3576 Sozialleistungen
816 3544 869 3569 und
896 3543 940 3569 der

137 3576 287 3613 bisherigen
311 3580 396 3613 Löhne
428 3581 472 3608 des
496 3580 742 3614 Staatspersonals,
774 3582 828 3607 und
859 3579 940 3614 völlig

137 3615 331 3646 unbekümmert
350 3625 395 3645 um
412 3617 453 3645 die
471 3617 519 3652 erst
538 3617 645 3651 kürzlich
663 3617 770 3652 offiziell
789 3617 940 3652 festgestellte

137 3652 264 3688 Tatsache,
281 3656 331 3688 daß
345 3656 390 3688 seit
406 3658 469 3683 1930
483 3657 531 3683 das
548 3656 691 3688 steuerbare
706 3655 939 3684 Einkommen

139 3689 165 3717 in
183 3692 329 3728 Baselstadt
347 3700 391 3721 um
411 3695 440 3720 17
458 3693 602 3727 Millionen
620 3693 939 3728 zurückgegangen

138 3728 167 3758 ist
179 3731 234 3757 und
246 3731 295 3758 das
307 3731 652 3766 Vermögenssteuerkapital
665 3732 724 3766 trotz
736 3730 941 3765 Zuwanderung

138 3771 189 3794 von
211 3770 244 3795 16
244 3770 301 3796 000
321 3768 451 3803 Personen
473 3777 518 3798 um
537 3770 569 3795 23
590 3769 733 3797 Millionen
753 3768 940 3802 abgenommen

139 3805 191 3833 hat.
222 3807 316 3835 Damit
346 3807 414 3834 wird
447 3808 489 3841 sich
522 3807 738 3842 Finanzdirektor
761 3807 810 3834 Dr.
833 3806 941 3840 Ludwig

139 3842 277 3879 schwerlich
303 3844 498 3879 einverstanden
525 3845 642 3872 erklären
669 3846 775 3872 können.
809 3844 846 3872 Er
871 3845 940 3871 wird

139 3880 209 3912 eben,
228 3882 279 3910 wie
297 3889 324 3910 er
342 3882 381 3910 bei
401 3883 445 3910 der
463 3882 638 3916 Uebernahme
657 3883 700 3910 des
720 3881 940 3917 Finanzdeparte¬

975 425 1060 450 ments
1074 425 1197 457 angetönt
1212 424 1265 456 hat,
1280 424 1316 450 im
1332 424 1403 458 Falle
1418 427 1460 451 der
1475 425 1609 460 Einigung
1623 428 1667 453 der
1682 425 1771 460 Regie¬

975 460 1187 494 rungsmehrheit
1206 460 1252 493 auf
1272 463 1320 488 das
1340 461 1666 498 Sanierungsprogramm
1686 465 1770 490 davon

974 498 1088 530 Abstand
1105 500 1223 531 nehmen,
1239 501 1268 525 es
1284 504 1332 525 vor
1348 502 1406 525 dem
1421 498 1577 532 Parlament
1594 509 1625 534 zu
1641 501 1772 527 vertreten

976 537 1029 562 und
1061 537 1120 562 dort
1151 534 1236 568 seinen
1268 536 1440 569 persönlichen
1474 538 1639 571 Standpunkt
1672 540 1772 572 geltend

975 574 1084 606 machen.
1113 574 1173 601 Von
1194 574 1241 599 den
1263 573 1472 607 Auswirkungen
1496 576 1566 602 eines
1588 576 1682 609 solchen
1704 577 1771 603 Vor¬

976 611 1069 643 gehens
1089 612 1134 637 der
1153 610 1245 638 Linken
1267 611 1320 643 läßt
1342 611 1384 645 sich
1406 613 1477 642 heute
1496 614 1622 646 höchstens
1641 614 1681 640 die
1700 614 1772 640 einer

974 648 1095 674 weiteren
1116 648 1306 682 beträchtlichen
1326 649 1772 685 Kapitalabwanderung

975 686 1157 718 voraussehen.

1242 742 1519 801 Kantone

1314 832 1435 867 Zürich

1023 887 1222 920 Arbeitslose
1243 896 1293 916 am
1316 890 1489 922 Etzelwerk.
1510 890 1552 917 An
1573 891 1622 917 das
1641 890 1772 924 Etzelwerk

972 925 1081 952 konnten
1098 926 1136 952 im
1151 925 1238 960 Jahre
1255 929 1319 953 1934
1336 928 1393 954 laut
1409 927 1604 963 Jahresbericht
1619 931 1664 955 der
1680 929 1771 956 Volks¬

972 962 1254 997 wirtschaftsdirektion
1275 966 1325 991 360
1345 965 1508 999 zürcherische
1528 967 1773 999 Handlanger

971 1002 1022 1026 aus
1042 1002 1088 1027 den
1109 1000 1350 1034 Krisenindustrien
1371 1004 1424 1029 und
1445 1004 1475 1030 64
1496 1002 1772 1036 Berufsarbei¬

971 1038 1026 1064 ter
1044 1038 1188 1065 vermittelt
1208 1039 1319 1066 werden.
1337 1039 1388 1067 Die
1408 1040 1673 1074 Gesamtarbeitstage
1693 1040 1772 1073 dieser

971 1082 1002 1108 zu
1024 1075 1115 1102 Arbeit
1137 1077 1274 1110 gelangten
1296 1077 1474 1110 Arbeitslosen
1507 1077 1626 1111 belaufen
1659 1077 1703 1111 sich
1725 1077 1772 1107 auf

972 1112 1009 1138 27
1009 1112 1069 1139 562.
1108 1112 1149 1140 An
1174 1112 1213 1139 die
1238 1113 1493 1148 Minderleistungen
1517 1116 1560 1141 der
1583 1120 1643 1141 vom
1667 1116 1771 1142 Kanton

970 1148 1064 1183 Zürich
1098 1149 1275 1177 vermittelten
1301 1151 1423 1178 Arbeiter
1457 1153 1547 1178 wurde
1572 1154 1616 1179 der
1641 1151 1774 1185 Etzelwerk

972 1185 1047 1214 A.-G.
1065 1186 1108 1214 ein
1126 1187 1237 1221 Beitrag
1256 1194 1306 1215 von
1327 1188 1363 1215 18
1363 1188 1414 1215 574
1434 1188 1478 1222 Fr.
1496 1189 1656 1223 ausbezahlt.

1024 1242 1137 1276 Horgen,
1157 1245 1196 1270 14.
1215 1242 1286 1276 Juli.
1355 1242 1409 1272 Der
1428 1243 1549 1276 Große
1567 1243 1775 1272 Gemeinde¬

975 1278 1034 1303 rat
1054 1276 1212 1310 genehmigte
1234 1284 1277 1303 am
1297 1277 1427 1311 Samstag
1448 1278 1488 1304 die
1510 1277 1670 1314 öffentlichen
1693 1278 1775 1305 Guts¬

975 1310 1135 1342 rechnungen
1154 1311 1226 1340 1934,
1242 1310 1352 1343 stimmte
1369 1311 1496 1344 dringlich
1516 1312 1599 1338 einem
1616 1310 1706 1338 Kredit
1724 1317 1775 1338 von

976 1345 1006 1369 12
1015 1344 1064 1370 000
1082 1346 1128 1378 Fr.
1148 1349 1178 1377 zu
1197 1343 1241 1375 für
1259 1345 1300 1371 die
1316 1344 1520 1376 Kanalisierung
1538 1346 1582 1372 des
1601 1344 1775 1378 Teufenbachs

974 1376 1093 1411 zwischen
1114 1377 1215 1405 Waidli
1239 1379 1292 1404 und
1316 1376 1538 1411 Glärnischstraße
1560 1379 1614 1405 und
1638 1378 1776 1412 bewilligte

974 1410 1078 1438 weitere
1098 1413 1128 1437 18
1138 1411 1187 1437 000
1205 1410 1251 1444 Fr.
1270 1412 1314 1443 für
1332 1412 1372 1439 die
1389 1412 1544 1438 Korrektion
1561 1413 1605 1439 des
1623 1412 1775 1444 Kellisteigs.

974 1445 1055 1471 Einer
1073 1446 1197 1477 längeren
1216 1445 1375 1478 Aussprache
1393 1445 1442 1471 rief
1463 1445 1588 1479 hingegen
1607 1446 1654 1471 das
1672 1446 1775 1478 Projekt

973 1479 1037 1505 über
1054 1479 1101 1505 den
1121 1478 1221 1505 Umbau
1238 1480 1283 1505 der
1299 1478 1545 1512 Pfarrmatthäuser
1562 1480 1606 1511 für
1623 1480 1663 1505 die
1680 1480 1775 1512 Zwecke

973 1513 1019 1538 der
1042 1511 1310 1546 Friedhofgärtnerei.
1346 1513 1381 1540 Es
1407 1514 1456 1545 gab
1483 1513 1653 1545 Ratsherren,
1687 1514 1775 1546 welche

974 1546 1078 1575 fanden,
1109 1547 1158 1572 das
1182 1546 1286 1578 Projekt
1308 1547 1370 1578 koste
1394 1546 1434 1572 die
1458 1546 1598 1573 Gemeinde
1632 1547 1697 1579 nicht
1722 1553 1774 1573 nur

973 1581 1005 1604 44
1014 1580 1064 1605 000
1088 1580 1144 1613 Fr.,
1165 1579 1276 1611 sondern
1299 1580 1424 1612 erheblich
1449 1581 1532 1612 mehr,
1553 1580 1614 1606 weil
1638 1580 1692 1612 ihm
1713 1580 1775 1613 auch

974 1613 1036 1645 zwei
1061 1613 1241 1645 Wohnhäuser
1263 1620 1322 1646 zum
1345 1613 1428 1645 Opfer
1452 1614 1541 1645 fallen;
1565 1613 1664 1647 gewisse
1689 1613 1776 1645 Kreise

973 1647 1141 1679 befürchteten
1161 1647 1221 1678 auch
1240 1646 1296 1673 eine
1316 1646 1496 1680 Ausdehnung
1515 1648 1559 1674 der
1579 1647 1775 1680 Friedhofgärt¬

974 1681 1045 1707 nerei
1062 1687 1122 1712 zum
1141 1679 1257 1712 Schaden
1278 1682 1322 1707 der
1340 1680 1486 1714 Interessen
1506 1683 1550 1707 der
1567 1680 1676 1714 hiesigen
1695 1681 1775 1708 Gärt¬

974 1720 1028 1741 ner.
1059 1714 1126 1746 Nach
1157 1714 1406 1747 beschwichtigenden
1438 1714 1619 1748 Erklärungen
1651 1718 1700 1740 von
1736 1721 1775 1748 ge¬

974 1747 1197 1780 meinderätlicher
1216 1747 1290 1775 Seite
1308 1748 1417 1774 erklärte
1437 1750 1482 1774 der
1502 1747 1553 1775 Rat
1572 1745 1708 1781 schließlich
1726 1747 1774 1774 mit

973 1782 1006 1807 20
1022 1787 1099 1816 gegen
1115 1783 1130 1807 2
1149 1776 1284 1808 Stimmen
1302 1781 1370 1814 seine
1386 1780 1571 1815 Zustimmung
1587 1788 1648 1815 zum
1664 1781 1776 1813 Projekt.

974 1815 1041 1848 Auch
1067 1816 1112 1841 der
1138 1820 1197 1842 vom
1223 1815 1407 1842 Gemeinderat
1433 1816 1568 1848 verlangte
1597 1815 1776 1849 10prozentige

974 1848 1198 1880 Lohnabbau
1219 1850 1309 1875 wurde
1330 1848 1396 1882 nicht
1415 1848 1480 1880 ohne
1502 1849 1621 1875 weiteres
1641 1848 1775 1881 geschluckt.

974 1882 1232 1914 Sozialdemokraten
1270 1882 1322 1908 und
1358 1880 1587 1915 Christlichsoziale
1623 1883 1775 1915 verlangten

975 1915 1156 1954 Rückweisung
1180 1916 1224 1942 der
1248 1914 1364 1949 Vorlage
1388 1922 1422 1941 an
1449 1917 1496 1942 den
1519 1913 1703 1943 Gcmeinderat
1728 1914 1776 1942 mit

974 1950 1030 1976 dem
1048 1948 1163 1983 Auftrag
1182 1956 1229 1982 zur
1248 1948 1402 1983 Vorlegung
1421 1948 1493 1975 einer
1513 1948 1670 1976 revidierten
1689 1948 1776 1981 Besol¬

975 1984 1239 2016 dungsverordnung.
1266 1983 1307 2009 Da
1326 1983 1388 2015 zwei
1409 1981 1679 2016 sozialdemokratische
1697 1981 1776 2009 Rats¬

974 2015 1124 2050 mitglieder
1158 2016 1201 2043 als
1227 2015 1349 2043 Arbeiter
1382 2016 1427 2042 der
1456 2015 1677 2043 Gemeindewerke
1712 2015 1777 2054 nicht

976 2048 1198 2083 stimmberechtigt
1225 2055 1324 2079 waren,
1351 2049 1475 2083 unterlag
1500 2050 1545 2077 der
1570 2049 1776 2083 Rückweisungs¬

974 2084 1072 2116 antrag
1088 2083 1137 2111 mit
1156 2084 1182 2110 11
1201 2090 1278 2117 gegen
1298 2085 1328 2109 13
1346 2082 1489 2111 Stimmen.
1514 2082 1562 2111 Bei
1579 2085 1623 2110 der
1640 2082 1777 2117 Beratung

974 2116 1128 2150 verlangten
1171 2115 1210 2143 die
1244 2116 1502 2150 Sozialdemokraten
1535 2117 1577 2144 ein
1610 2115 1776 2149 abbaufreies

976 2149 1235 2184 Existenzminimum
1261 2156 1311 2177 von
1335 2150 1401 2177 3800
1426 2150 1471 2183 Fr.
1505 2149 1560 2178 Mit
1587 2151 1615 2176 14
1641 2156 1717 2183 gegen
1747 2150 1775 2175 12

974 2183 1109 2212 Stimmen
1129 2184 1218 2211 wurde
1239 2183 1320 2217 jedoch
1340 2183 1400 2215 auch
1418 2184 1498 2217 dieser
1517 2184 1621 2217 Antrag
1641 2183 1776 2217 abgelehnt

975 2218 1029 2245 und
1053 2217 1158 2251 hierauf
1178 2216 1227 2244 mit
1250 2219 1281 2244 17
1303 2217 1438 2245 Stimmen
1461 2218 1504 2245 ein
1527 2217 1711 2250 Zusatzantrag
1732 2218 1777 2244 der

974 2251 1083 2279 Bauern
1109 2251 1287 2286 gutgeheißen,
1311 2250 1416 2284 welcher
1442 2257 1502 2278 vom
1527 2250 1711 2279 Gemeinderat
1738 2250 1777 2278 die

975 2284 1096 2318 Revision
1123 2287 1167 2312 der
1193 2285 1529 2319 Besoldungsverordnung
1551 2283 1597 2318 auf
1623 2286 1644 2311 1.
1668 2283 1777 2320 Januar

977 2319 1040 2345 1936
1060 2318 1190 2353 verlangt.
1217 2318 1272 2346 Mit
1295 2320 1323 2344 14
1346 2318 1480 2346 Stimmen
1500 2320 1590 2346 wurde
1609 2318 1652 2345 der
1673 2318 1776 2352 Antrag

973 2353 1018 2379 des
1039 2352 1253 2381 Gemeinderates
1275 2351 1412 2387 schließlich
1433 2358 1492 2385 zum
1514 2351 1636 2386 Beschluß
1656 2351 1776 2384 erhoben.

1008 2401 1182 2433 Wädenswil,
1200 2404 1238 2429 15.
1254 2401 1325 2435 Juli.
1344 2401 1445 2433 (Korr.)
1463 2401 1530 2441 Zum
1548 2400 1774 2434 Spitalarzt

975 2436 1020 2466 für
1035 2436 1076 2463 die
1084 2436 1196 2469 Leitung
1213 2437 1259 2462 des
1275 2436 1313 2463 im
1321 2435 1384 2463 Bau
1401 2435 1562 2469 begriffenen
1572 2441 1654 2462 neuen
1665 2433 1775 2466 Spitals

975 2470 1065 2497 wurde
1086 2469 1167 2510 dieser
1189 2470 1259 2503 Tage
1278 2471 1329 2496 aus
1349 2470 1394 2497 der
1414 2469 1482 2502 Zahl
1501 2474 1552 2496 von
1571 2468 1649 2503 zwölf
1670 2467 1774 2496 Bewer¬

976 2505 1038 2531 bern
1061 2503 1220 2537 einstimmig
1241 2503 1290 2531 Dr.
1313 2505 1377 2531 med.
1401 2502 1430 2530 E.
1453 2502 1552 2536 Kaiser,
1574 2501 1671 2536 zurzeit
1693 2501 1774 2529 Ober¬

975 2539 1031 2572 arzt
1056 2546 1092 2565 an
1118 2539 1163 2565 der
1189 2537 1372 2572 chirurgischen
1397 2536 1539 2570 Abteilung
1575 2539 1619 2564 der
1645 2535 1774 2563 Kranken¬

975 2573 1071 2605 anstalt
1091 2572 1272 2604 Neumünster,
1293 2570 1412 2605 gewählt.
1435 2570 1484 2599 Dr.
1505 2570 1596 2604 Kaiser
1617 2570 1647 2603 ist
1669 2569 1775 2603 Bürger

974 2610 1025 2634 von
1049 2606 1152 2640 Horgen
1176 2608 1229 2633 und
1251 2606 1310 2633 dort
1332 2605 1529 2638 aufgewachsen,
1553 2605 1628 2638 somit
1650 2609 1700 2631 von
1722 2604 1774 2637 Ju¬

975 2642 1039 2674 gend
1062 2642 1108 2672 auf
1133 2640 1181 2668 mit
1206 2641 1315 2672 unseren
1338 2640 1531 2672 Verhältnissen
1556 2638 1683 2666 vertraut.
1707 2637 1775 2669 Nach

976 2674 1126 2708 erfolgreich
1162 2673 1339 2705 bestandenem
1377 2672 1581 2701 Staatsexamen
1618 2670 1646 2699 in
1683 2671 1775 2705 Zürich

976 2713 1066 2736 wurde
1089 2717 1117 2736 er
1140 2707 1199 2741 noch
1221 2707 1258 2735 im
1282 2708 1391 2742 gleichen
1414 2706 1486 2740 Jahr
1510 2706 1628 2739 Assistent
1651 2710 1702 2732 von
1725 2705 1775 2733 Dr.

976 2743 1060 2771 Suter
1080 2742 1109 2770 in
1130 2742 1234 2775 Neapel.
1255 2741 1295 2775 In
1316 2741 1356 2769 die
1375 2740 1490 2774 Schweiz
1510 2739 1698 2773 zurückgekehrt
1718 2745 1775 2766 war

975 2785 1003 2804 er
1024 2776 1122 2809 vorerst
1146 2776 1270 2809 während
1293 2776 1378 2803 dreier
1401 2775 1486 2808 Jahre
1509 2774 1628 2808 Assistent
1651 2777 1702 2800 von
1725 2773 1773 2801 Dr.

976 2812 1021 2845 Fr.
1039 2811 1117 2844 Büsch
1133 2818 1176 2838 am
1193 2809 1352 2843 Kreisspital
1370 2808 1540 2841 Männedorf,
1558 2809 1628 2835 dann
1648 2807 1775 2841 Oberarzt

975 2853 1018 2872 am
1042 2843 1215 2877 Neumünster
1247 2844 1324 2871 unter
1354 2845 1398 2871 der
1430 2842 1538 2876 Leitung
1562 2847 1612 2870 von
1638 2841 1686 2869 Dr.
1710 2843 1773 2868 med.

975 2879 1081 2909 Tobler,
1100 2885 1142 2906 wo
1162 2886 1190 2906 er
1209 2879 1267 2905 eine
1285 2877 1364 2912 große
1384 2875 1518 2909 praktische
1538 2876 1692 2909 Erfahrung
1710 2874 1774 2906 sam¬

975 2914 1052 2941 melte
1075 2913 1129 2940 und
1154 2911 1197 2947 sich
1231 2919 1289 2945 zum
1322 2910 1507 2945 selbständigen
1540 2910 1688 2944 Chirurgen
1721 2910 1774 2937 und

976 2948 1124 2982 Operateur
1147 2946 1301 2975 ausbildete.

1022 3003 1158 3035 Obfelden,
1190 3003 1227 3029 15.
1256 3001 1327 3035 Juli.
1358 2999 1459 3033 (Korr.)
1489 2999 1540 3027 Die
1569 2998 1772 3031 Versammlung

973 3036 1018 3064 der
1050 3034 1307 3068 Grundeigentümer
1338 3034 1364 3061 in
1397 3034 1440 3060 der
1472 3032 1613 3060 Gemeinde
1644 3031 1769 3063 Obfelden

972 3070 1017 3100 hat
1045 3072 1093 3096 das
1122 3068 1226 3103 Projekt
1255 3068 1299 3101 für
1328 3067 1368 3095 die
1405 3066 1693 3104 Durchführung
1728 3066 1772 3091 der

973 3103 1161 3137 Verbesserung
1183 3103 1228 3136 der
1259 3100 1583 3136 Flureinteilung
1614 3099 1774 3132 einstimmig

972 3143 1172 3171 angenommen.

1326 3181 1422 3211 Bern

1114 3234 1187 3261 Aus
1209 3232 1281 3260 dem
1301 3230 1433 3260 Bieler
1453 3230 1638 3258 Stadtrat

1025 3284 1094 3315 Biel,
1109 3287 1147 3311 12.
1161 3283 1232 3317 Juli.
1246 3285 1287 3311 -k-
1302 3283 1341 3316 In
1359 3281 1441 3315 seiner
1455 3281 1539 3315 letzten
1554 3281 1663 3313 Sitzung
1676 3279 1775 3312 befaßte

977 3318 1021 3351 sich
1043 3320 1088 3344 der
1109 3318 1199 3345 Bieler
1219 3317 1346 3344 Stadtrat
1368 3315 1417 3343 mit
1439 3315 1510 3341 einer
1532 3314 1701 3353 freisinnigen
1724 3314 1776 3339 und

976 3351 1048 3378 einer
1093 3349 1325 3383 kommunistischen
1368 3347 1577 3382 Interpellation
1622 3347 1685 3373 über
1729 3347 1775 3372 den

975 3383 1314 3417 Straßenkrawall
1330 3381 1447 3416 zwischen
1465 3381 1614 3415 Frontisten
1631 3381 1684 3407 und
1700 3379 1775 3407 Kom¬

975 3417 1104 3450 munisten
1116 3422 1175 3445 vom
1186 3419 1225 3444 22.
1236 3417 1363 3449 Februar.
1376 3409 1425 3444 Die
1437 3413 1665 3448 Polizeidirektion
1679 3414 1775 3446 sicherte

975 3458 1016 3484 zu,
1034 3452 1083 3482 daß
1102 3452 1142 3478 die
1159 3450 1295 3481 Behörden
1318 3447 1463 3487 inskünftig
1482 3448 1560 3478 dafür
1578 3448 1666 3480 Sorge
1685 3448 1774 3479 tragen

975 3486 1087 3513 werden,
1102 3484 1232 3517 derartige
1247 3482 1436 3517 Zwischenfälle
1452 3481 1488 3509 im
1504 3481 1591 3509 Keime
1608 3487 1638 3512 zu
1654 3480 1775 3510 ersticken.

975 3530 1008 3536 —
1025 3519 1106 3546 Einer
1125 3519 1235 3550 längern
1252 3516 1412 3548 Aussprache
1429 3515 1479 3547 riet
1496 3515 1594 3548 sodann
1612 3515 1657 3540 der
1674 3508 1775 3545 Bericht

975 3552 1020 3578 der
1051 3551 1275 3584 Schweizerischen
1306 3549 1598 3583 Treuhandgesellschaft
1631 3547 1693 3573 über
1726 3547 1775 3573 Un¬

975 3585 1169 3625 stimmigkeiten
1187 3585 1215 3612 in
1233 3586 1278 3612 der
1289 3583 1560 3617 Rechnungsführung
1578 3582 1622 3609 des
1634 3580 1777 3615 städtischen

975 3618 1276 3647 Arbeitsamtes,
1290 3616 1493 3649 hervorgerufen
1507 3617 1582 3645 durch
1599 3614 1638 3642 die
1652 3613 1775 3647 Unfähig¬

976 3653 1022 3679 keit
1051 3653 1105 3679 und
1134 3650 1325 3684 Nachlässigkeit
1353 3650 1425 3677 eines
1455 3649 1633 3682 Angestellten,
1662 3648 1707 3674 der
1736 3647 1775 3673 in¬

975 3685 1094 3721 zwischen
1123 3684 1295 3724 gemaßregelt
1321 3684 1427 3710 worden
1456 3683 1494 3714 ist.
1521 3677 1575 3709 Der
1602 3681 1705 3713 Bericht
1732 3681 1775 3707 der

974 3715 1267 3752 Treuhandgesellschaft
1285 3718 1376 3744 wurde
1396 3715 1562 3749 gutgeheißen
1583 3714 1636 3742 und
1655 3714 1697 3741 ein
1717 3719 1775 3740 vom

975 3752 1111 3780 Vertreter
1127 3757 1172 3779 der
1187 3750 1428 3783 Republikanischen
1445 3749 1537 3782 Partei
1553 3748 1694 3780 erhobener
1709 3747 1776 3774 Vor¬

976 3785 1056 3818 wurf,
1084 3784 1186 3818 wonach
1216 3785 1256 3811 die
1277 3783 1426 3817 Mißstände
1458 3783 1485 3809 in
1515 3782 1559 3809 der
1581 3781 1776 3810 Gemeindever¬

975 3819 1094 3852 waltung
1106 3825 1171 3852 ganz
1181 3817 1318 3851 allgemein
1332 3816 1406 3849 seien,
1417 3817 1460 3843 als
1471 3815 1668 3848 Verleumdung
1679 3813 1775 3848 zurück¬

977 3851 1107 3885 gewiesen.
1126 3864 1157 3870 —
1174 3850 1216 3878 An
1234 3850 1281 3877 den
1300 3848 1440 3884 Geschäfts-
1458 3849 1511 3876 und
1529 3846 1776 3882 Rechnungsbericht

976 3886 1021 3913 der
1049 3883 1356 3917 Gemeindeverwaltung
1385 3887 1433 3917 pro
1463 3883 1525 3909 1934
1555 3880 1657 3914 knüpfte
1685 3879 1775 3908 Stadt¬

1807 427 1936 459 präsident
1959 427 2007 454 Dr.
2031 428 2063 455 G.
2078 428 2182 454 Müller
2205 427 2286 459 einige
2310 428 2460 460 allgemeine
2483 427 2598 459 Betrach¬

1807 460 1914 492 tungen:
1934 461 1984 487 Die
2006 460 2143 493 Rechnung
2163 460 2262 492 schließt
2283 460 2331 487 mit
2350 460 2434 488 einem
2455 460 2600 493 Defizit

1807 497 1859 519 von
1878 495 1927 519 970
1936 494 1985 520 000
2004 493 2060 533 Fr.,
2080 495 2134 519 und
2155 494 2201 524 auf
2222 492 2292 520 Ende
2315 495 2377 519 1935
2398 493 2428 525 ist
2449 493 2497 519 mit
2517 494 2600 519 einem

1807 525 2017 560 Betriebsdefizit
2034 532 2084 552 von
2102 528 2171 552 rund
2187 529 2203 552 5
2220 527 2362 554 Millionen
2379 527 2424 563 Fr.
2441 534 2473 559 zu
2489 528 2600 559 rechnen.

1807 559 1855 591 Im
1866 560 1951 592 Jahre
1965 562 2025 586 1934
2039 561 2129 586 wurde
2141 560 2186 591 für
2198 560 2238 586 die
2249 558 2426 591 Arbeitslosen
2439 560 2479 586 die
2491 560 2601 586 Summe

1807 597 1857 618 von
1879 594 1960 619 etwas
1982 595 2044 620 über
2068 596 2082 618 4
2104 592 2248 620 Millionen
2270 595 2438 626 ausgegeben,
2460 594 2539 619 wobei
2562 594 2601 619 die

1806 624 2063 657 Notstandsarbeiten
2078 628 2131 652 und
2144 627 2239 652 andere
2253 625 2344 664 Posten
2360 626 2424 657 nicht
2437 626 2533 652 einmal
2549 627 2601 652 ein¬

1805 660 1933 687 gerechnet
1955 660 2016 692 sind.
2045 660 2198 692 Gegenüber
2220 659 2341 690 früheren
2362 658 2466 692 Jahren
2488 660 2541 690 sind
2562 660 2601 685 die

1806 691 2135 725 Kreditüberschreitungen
2177 692 2334 724 beträchtlich
2375 691 2601 725 zurückgegangen,

1807 725 1864 758 doch
1877 725 1931 758 sind
1944 727 1976 758 sie
1989 725 2037 752 mit
2050 727 2104 751 516
2104 727 2158 751 000
2169 724 2215 758 Fr.
2228 724 2256 752 in
2271 726 2315 751 der
2328 725 2464 758 Rechnung
2479 732 2525 755 pro
2542 728 2602 751 1934

1808 758 1901 784 immer
1918 759 1976 791 noch
1995 758 2118 791 erheblich
2135 765 2226 798 genug.
2252 758 2300 785 Die
2317 759 2455 785 Gemeinde
2472 758 2530 785 Biel
2548 765 2603 784 ver¬

1809 791 1863 824 fügt
1893 791 2069 825 gegenwärtig
2099 794 2158 824 noch
2189 793 2251 818 über
2274 791 2371 823 liquide
2393 791 2543 819 Geldmittel
2567 791 2603 818 im

1808 824 1920 858 Betrage
1940 831 1990 851 von
2012 826 2051 854 2,5
2072 824 2226 856 Millionen;
2248 824 2290 851 bis
2311 824 2390 851 Mitte
2413 827 2475 851 1935
2496 827 2602 851 wurden

1808 857 1905 891 freilich
1917 858 2012 885 bereits
2026 858 2069 890 für
2083 860 2120 887 1,5
2133 857 2276 885 Millionen
2287 857 2524 890 außerordentliche
2536 858 2603 884 Aus¬

1808 892 1888 924 gaben
1911 891 2063 930 beschlossen,
2085 891 2142 924 doch
2164 890 2255 924 besteht
2277 892 2318 917 die
2339 891 2461 924 Aussicht,
2484 892 2533 923 daß
2555 894 2603 917 das

1807 919 1997 958 Gleichgewicht
2014 932 2051 951 im
2064 923 2294 958 Finanzhaushalt
2308 923 2377 957 schon
2391 925 2428 951 im
2441 924 2526 958 Jahre
2542 927 2605 951 1936

1807 958 1902 984 wieder
1917 957 2056 991 hergestellt
2071 960 2173 984 werden
2189 959 2263 984 kann.
2279 957 2332 984 Der
2347 957 2545 991 Fabrikneubau
2561 957 2604 989 für

1808 991 1848 1017 die
1869 992 1983 1018 General
2005 990 2113 1019 Motors
2136 990 2167 1018 S.
2187 990 2228 1021 A.,
2249 991 2292 1017 der
2314 991 2353 1017 die
2375 992 2455 1018 Stadt
2478 990 2537 1018 Biel
2557 991 2603 1023 auf

1808 1027 1822 1049 2
1840 1023 1982 1051 Millionen
1999 1032 2030 1057 zu
2048 1023 2129 1056 stehen
2147 1024 2247 1053 kommt,
2265 1024 2332 1050 wird
2350 1024 2417 1050 keine
2434 1031 2496 1051 neue
2513 1023 2603 1056 öffent¬

1809 1057 1868 1089 liche
1883 1057 1991 1087 Anleihe
2007 1056 2080 1090 nötig
2096 1056 2204 1090 machen.
2220 1056 2442 1089 Geschäftsbericht
2462 1059 2514 1083 und
2531 1056 2602 1091 Rech¬

1807 1091 1989 1125 nungsbericht
2017 1092 2126 1119 wurden
2158 1090 2316 1125 einstimmig
2348 1091 2523 1126 gutgeheißen.

2144 1162 2271 1196 Luzern

1860 1212 2079 1247 Rechtskurs
2103 1213 2138 1240 in
2161 1215 2223 1241 der
2248 1212 2361 1241 Stadt
2383 1214 2548 1247 Luzern?

1857 1267 1963 1301 Luzern,
1987 1271 2024 1295 13.
2044 1267 2115 1301 Juli.
2207 1268 2256 1296 Die
2276 1268 2431 1302 Verteilung
2452 1270 2496 1295 der
2516 1269 2603 1296 Direk¬

1807 1306 1895 1332 tionen
1920 1307 1964 1332 des
1987 1307 2090 1339 Engern
2115 1306 2278 1335 Stadtrates,
2300 1307 2339 1333 die
2363 1308 2459 1333 bereits
2482 1307 2521 1333 die
2545 1312 2603 1332 vor¬

1806 1343 1952 1377 behältliche
1969 1344 2109 1377 Billigung
2126 1345 2170 1370 der
2186 1344 2389 1372 Konservativen
2408 1344 2532 1378 gefunden
2552 1344 2604 1376 hat,

1806 1381 1896 1414 scheint
1916 1381 1952 1408 im
1972 1381 2263 1416 sozialistischen
2284 1381 2364 1415 Lager
2385 1382 2509 1415 geradezu
2529 1381 2603 1408 einen

1806 1418 1926 1451 Aufruhr
1948 1418 2094 1452 verursacht
2116 1425 2147 1452 zu
2169 1419 2259 1450 haben.
2289 1419 2347 1447 Das
2368 1419 2488 1453 offizielle
2512 1419 2603 1453 Organ

1807 1457 1850 1483 der
1867 1456 1968 1490 Partei,
1984 1458 2024 1484 die
2042 1456 2133 1490 „Freie
2151 1456 2366 1490 Innerschweiz",
2383 1457 2482 1484 erblickt
2503 1456 2530 1483 in
2549 1458 2603 1483 dem

1807 1495 1937 1526 Umstand,
1959 1495 2009 1528 daß
2031 1493 2071 1521 bei
2095 1495 2139 1521 der
2164 1494 2310 1528 Bestellung
2333 1495 2378 1521 der
2400 1493 2603 1525 Kommissionen

1805 1533 1850 1560 des
1868 1533 1973 1565 Großen
1992 1533 2146 1560 Stadtrates
2164 1535 2211 1559 den
2231 1533 2435 1565 Konservativen
2453 1533 2495 1559 ein
2514 1533 2602 1559 Anteil

1805 1571 1954 1604 zugebilligt
1978 1571 2077 1600 wurde,
2101 1571 2147 1597 der
2168 1570 2291 1603 vielleicht
2315 1570 2381 1603 nicht
2404 1577 2471 1604 ganz
2495 1575 2604 1601 propor¬

1807 1608 1924 1635 tionalen
1951 1608 2124 1641 Grundsätzen
2149 1608 2306 1640 entsprechen
2334 1615 2402 1641 mag,
2427 1610 2473 1635 den
2500 1608 2604 1641 Beginn

1806 1646 1878 1673 eines
1900 1645 2158 1679 Rechtskurses
2181 1646 2207 1672 in
2230 1646 2274 1673 der
2296 1645 2375 1672 Stadt
2398 1646 2505 1679 Luzern,
2529 1645 2604 1678 durch

1807 1684 1854 1710 den
1879 1684 1922 1716 sich
1945 1682 1985 1711 die
2007 1682 2189 1717 Freisinnigen
2215 1682 2261 1712 auf
2285 1682 2375 1715 Kosten
2403 1683 2474 1715 ihres
2499 1683 2602 1716 eigenen

1807 1721 1890 1748 linken
1910 1722 2019 1755 Flügels
2039 1721 2079 1747 die
2098 1721 2259 1755 Geneigtheit
2281 1723 2324 1747 der
2342 1721 2545 1753 Konservativen
2565 1728 2603 1747 er¬

1807 1759 1895 1790 kaufen
1922 1749 2044 1791 möchten!
2080 1758 2164 1786 Wenn
2191 1765 2253 1786 man
2279 1759 2319 1785 die
2346 1758 2492 1791 politischen
2518 1759 2604 1792 Dinge

1806 1803 1859 1824 nur
1886 1795 2061 1830 oberflächlich
2089 1797 2143 1823 und
2170 1797 2228 1823 rein
2254 1797 2436 1829 zahlenmäßig
2461 1795 2605 1828 betrachtet,

1807 1841 1866 1868 mag
1884 1841 1944 1861 man
1963 1841 1993 1867 zu
2013 1834 2085 1861 einer
2106 1835 2194 1861 derart
2214 1833 2409 1866 verschrobenen
2429 1833 2605 1866 Beurteilung

1807 1873 1851 1899 der
1875 1871 1939 1906 Lage
1962 1871 2084 1899 kommen.
2117 1870 2156 1904 In
2180 1870 2348 1905 Wirklichkeit
2371 1870 2432 1898 aber
2458 1871 2539 1904 liegen
2564 1871 2604 1898 die

1807 1908 1892 1944 Dinge
1909 1909 1974 1943 nicht
1991 1915 2056 1943 ganz
2071 1909 2096 1941 so
2114 1909 2218 1942 einfach,
2233 1908 2282 1936 wie
2300 1916 2361 1936 man
2378 1912 2405 1936 es
2423 1910 2450 1936 in
2466 1910 2510 1936 der
2526 1908 2603 1942 sozia¬

1807 1946 1927 1981 listischen
1963 1947 2075 1981 Zeitung
2110 1947 2231 1980 darstellt.
2266 1946 2389 1979 Nachdem
2426 1947 2463 1974 im
2498 1946 2603 1978 Großen

1808 1986 1931 2012 Stadtrat
1959 1986 2027 2012 keine
2060 1986 2105 2011 der
2136 1984 2191 2012 drei
2216 1984 2340 2018 Parteien
2374 1986 2445 2017 mehr
2479 1984 2540 2011 über
2564 1984 2604 2011 die

1808 2022 1939 2056 Mehrheit
1964 2024 2075 2056 verfügt,
2117 2023 2153 2049 im
2177 2023 2281 2056 Engern
2307 2023 2430 2049 Stadtrat
2463 2022 2525 2048 aber
2557 2024 2604 2048 den

1808 2060 1988 2095 Freisinnigen
2010 2061 2050 2088 die
2069 2060 2202 2092 Mehrheit
2223 2060 2283 2092 auch
2303 2060 2440 2092 weiterhin
2463 2060 2604 2091 überlassen

1808 2100 1905 2128 wurde,
1926 2099 2016 2125 konnte
2037 2100 2064 2124 es
2087 2099 2130 2131 sich
2154 2105 2205 2125 nur
2228 2098 2322 2125 darum
2344 2099 2465 2129 handeln,
2487 2088 2604 2130 zwischen

1808 2138 1852 2164 der
1879 2135 2021 2170 städtischen
2047 2135 2181 2163 Exekutive
2216 2137 2268 2162 und
2294 2137 2349 2162 dem
2373 2136 2528 2168 Parlament
2563 2136 2603 2162 ein

1807 2174 1964 2207 Verhältnis
1991 2181 2023 2207 zu
2053 2173 2166 2206 schaffen,
2192 2174 2240 2200 daß
2264 2172 2321 2200 eine
2347 2172 2382 2200 im
2407 2171 2534 2206 Interesse
2561 2173 2604 2199 des

1808 2219 1904 2247 ganzen
1928 2211 2137 2243 Gemeinwesens
2162 2210 2310 2244 gedeihliche
2333 2211 2424 2238 Arbeit
2449 2209 2606 2243 ermöglicht.

1809 2250 1889 2278 Dabei
1911 2249 1997 2281 mußte
2017 2253 2068 2276 von
2087 2250 2244 2282 vornherein
2263 2248 2319 2275 eine
2335 2247 2494 2281 Anlehnung
2511 2254 2546 2274 an
2566 2247 2606 2274 die

1809 2287 1996 2321 Sozialistische
2018 2286 2110 2320 Partei
2133 2288 2194 2314 oder
2215 2286 2274 2319 auch
2297 2293 2348 2313 nur
2371 2287 2426 2313 eine
2449 2285 2605 2313 unverbind¬

1810 2325 1868 2359 liche
1892 2324 2112 2360 Fühlungnahme
2137 2325 2180 2351 als
2206 2324 2402 2357 ausgeschlossen
2428 2323 2519 2358 gelten,
2553 2323 2605 2350 und

1808 2370 1879 2398 zwar
1897 2364 1995 2390 einmal
2015 2363 2130 2394 deshalb,
2152 2363 2210 2389 weil
2232 2363 2272 2389 die
2293 2362 2451 2395 Sozialisten
2471 2361 2513 2388 bis
2534 2361 2606 2393 heute

1810 2402 1867 2434 noch
1888 2400 1953 2433 nicht
1976 2401 2050 2433 jenen
2072 2400 2167 2427 Willen
2191 2407 2237 2433 zur
2258 2400 2492 2432 Verantwortung,
2514 2401 2606 2432 gerade

1807 2440 1868 2472 auch
1888 2439 1935 2472 aus
1957 2438 2329 2471 finanzpolitischem
2350 2437 2463 2467 Gebiete,
2483 2436 2606 2467 bewiesen

1810 2476 1900 2510 haben,
1922 2478 1969 2503 den
1991 2482 2052 2503 man
2075 2480 2125 2502 von
2150 2476 2221 2502 einer
2245 2475 2491 2507 staatserhaltenden
2514 2474 2605 2505 Partei

1809 2514 1950 2548 verlangen
1971 2512 2033 2547 muß
2053 2514 2106 2540 und
2125 2512 2185 2540 weil
2207 2512 2250 2547 sich
2269 2511 2412 2544 anderseits
2433 2511 2473 2539 die
2494 2511 2606 2545 Freisin¬

1811 2552 1885 2586 nigen
1914 2551 1979 2585 nicht
2002 2552 2070 2584 wohl
2094 2551 2149 2578 dem
2173 2550 2315 2582 Vorwurfe
2338 2550 2462 2584 aussetzen
2488 2550 2607 2580 konnten,

1809 2597 1856 2624 zur
1879 2590 2027 2623 Erhaltung
2050 2588 2121 2621 ihrer
2142 2588 2228 2622 Macht
2251 2587 2278 2615 in
2301 2589 2344 2615 der
2367 2588 2446 2615 Stadt
2471 2587 2513 2620 sich
2535 2587 2606 2613 einer

1810 2627 1968 2662 konsozialen
1990 2626 2088 2661 Politik
2108 2626 2157 2653 mit
2177 2627 2277 2653 andern
2299 2625 2451 2658 Vorzeichen
2471 2631 2502 2657 zu
2525 2624 2605 2651 bedie¬

1811 2673 1868 2693 nen.
1901 2666 1939 2693 Es
1963 2667 2006 2699 lag
2030 2663 2070 2691 bei
2093 2666 2138 2691 der
2162 2663 2238 2696 durch
2262 2664 2302 2690 die
2327 2663 2471 2696 städtischen
2496 2661 2605 2694 Wahlen

1810 2704 1978 2737 geschaffenen
2001 2703 2064 2735 Lage
2083 2702 2209 2733 vielmehr
2228 2702 2273 2732 auf
2296 2702 2339 2728 der
2358 2702 2442 2733 Hand,
2463 2700 2502 2727 die
2522 2700 2606 2726 Kon¬

1811 2741 2038 2775 servativen,
2077 2740 2117 2766 die
2150 2740 2193 2772 sich
2225 2739 2250 2771 ja
2283 2740 2374 2771 gerade
2407 2737 2530 2770 während
2563 2737 2607 2763 des

1810 2778 2002 2811 Wahlkampfes
2019 2777 2066 2805 mit
2084 2777 2245 2810 besonderem
2263 2776 2335 2807 Eifer
2353 2776 2396 2808 für
2415 2776 2454 2803 die
2473 2775 2606 2808 Finanzen

1810 2818 1854 2844 der
1879 2817 1959 2844 Stadt
1984 2815 2107 2849 eingesetzt
2132 2815 2229 2847 hatten,
2253 2814 2345 2847 stärker
2368 2821 2403 2840 an
2427 2814 2471 2840 der
2495 2812 2606 2840 Verant¬

1810 2854 1934 2889 wortung
1957 2854 2000 2887 für
2025 2853 2065 2881 die
2088 2852 2208 2885 Geschicke
2235 2853 2279 2879 der
2302 2851 2382 2878 Stadt
2405 2858 2437 2885 zu
2463 2849 2606 2883 beteiligen.

1810 2892 1891 2921 Dabei
1912 2892 2002 2919 konnte
2020 2891 2060 2918 die
2077 2890 2204 2923 Tatsache,
2222 2890 2271 2921 daß
2289 2889 2328 2916 die
2346 2887 2548 2921 Konservativen
2568 2887 2607 2914 die

1810 2930 1909 2962 kleinste
1927 2929 2018 2963 Partei
2038 2927 2065 2955 in
2082 2929 2127 2956 der
2144 2928 2224 2955 Stadt
2240 2926 2336 2957 bilden,
2356 2926 2419 2960 nicht
2438 2925 2607 2959 entscheidend

1810 2967 1854 2996 ins
1883 2967 1994 3001 Gewicht
2023 2966 2111 2998 fallen;
2140 2966 2249 2998 sondern
2278 2964 2433 2998 maßgebend
2464 2969 2528 2990 war,
2558 2964 2607 2994 daß

1809 3007 1872 3039 diese
1896 3005 2036 3037 immerhin
2058 3003 2216 3038 bürgerliche
2240 3002 2402 3034 Minderheit
2424 3001 2462 3029 bei
2487 3002 2532 3028 den
2556 3006 2606 3027 von

1809 3044 1851 3076 ihr
1878 3044 1914 3071 im
1940 3042 2116 3075 Wahlkampfe
2141 3041 2315 3075 aufgestellten
2341 3041 2527 3073 Forderungen
2554 3040 2606 3065 und

1807 3082 1868 3115 auch
1891 3081 2116 3114 Versprechungen
2148 3080 2258 3112 behaftet
2289 3080 2392 3105 werden
2422 3077 2519 3109 mußte.
2558 3076 2608 3103 Sie

1809 3120 1877 3148 wird
1896 3127 1950 3146 nun
1970 3126 2001 3152 zu
2019 3117 2141 3150 beweisen
2160 3118 2251 3150 haben,
2271 3116 2320 3147 daß
2342 3116 2380 3148 sie,
2400 3116 2437 3142 im
2456 3115 2544 3146 Besitze
2563 3116 2607 3140 der

1808 3156 2038 3193 Finanzdirektion
2060 3156 2114 3183 und
2135 3155 2179 3182 der
2199 3152 2469 3187 Vizepräsidentschaft
2490 3153 2533 3179 des
2557 3152 2606 3179 En¬

1809 3202 1872 3231 gern
1890 3194 2054 3223 Stadtrates,
2071 3193 2151 3220 bereit
2172 3193 2210 3225 ist,
2229 3193 2284 3224 ihre
2303 3191 2391 3223 bisher
2410 3190 2527 3224 negative
2547 3190 2606 3217 Kri¬

1809 3233 1842 3262 tik
1858 3240 1893 3260 an
1914 3233 1958 3260 der
1978 3231 2147 3265 freisinnigen
2168 3230 2416 3262 Stadtverwaltung
2437 3229 2465 3255 in
2484 3227 2523 3254 die
2543 3228 2606 3260 posi¬

1809 3271 1860 3299 tive
1879 3270 1931 3298 Tat
1953 3269 2112 3303 umzusetzen,
2133 3268 2214 3295 wobei
2234 3267 2274 3295 die
2293 3268 2392 3295 Herren
2412 3265 2535 3296 Genossen
2555 3269 2606 3291 von

1808 3308 1967 3341 vornherein
1992 3307 2106 3335 darüber
2130 3306 2250 3339 beruhigt
2283 3304 2335 3337 sein
2359 3304 2463 3336 dürfen,
2493 3302 2543 3334 daß
2567 3303 2607 3329 die

1810 3346 1972 3382 Freisinnige
1995 3343 2086 3379 Partei
2109 3343 2170 3377 auch
2195 3343 2267 3376 heute
2291 3341 2349 3375 noch
2374 3341 2438 3375 stark
2463 3347 2544 3374 genug
2569 3340 2607 3372 ist,

1809 3392 1853 3413 um
1881 3383 1953 3411 einer
1979 3382 2136 3411 eventuellen
2163 3382 2273 3415 sozialen
2301 3382 2353 3407 und
2380 3378 2531 3407 kulturellen
2558 3377 2606 3405 Re¬

1808 3422 1894 3451 aktion
1914 3420 2055 3455 rechtzeitig
2073 3420 2120 3447 den
2138 3419 2227 3453 Riegel
2246 3426 2276 3451 zu
2295 3417 2410 3451 schieben.

1858 3460 1941 3488 Wenn
1967 3458 2009 3492 sich
2042 3460 2087 3484 der
2119 3457 2262 3489 vermehrte
2287 3455 2397 3488 Einfluß
2430 3456 2474 3482 der
2498 3453 2605 3486 Konser¬

1808 3499 1913 3526 vativen
1935 3497 1981 3529 auf
2004 3497 2043 3524 die
2065 3495 2313 3527 Stadtverwaltung
2334 3494 2377 3520 als
2399 3492 2606 3520 retardierendes

1810 3536 1927 3565 Element
1950 3536 1977 3562 in
2002 3535 2079 3568 bezug
2102 3533 2147 3565 auf
2170 3533 2210 3560 die
2231 3537 2282 3560 von
2305 3533 2351 3558 den
2376 3530 2534 3564 Sozialisten
2558 3529 2606 3556 mit

1808 3573 1945 3602 bekannter
1968 3571 2153 3606 Sorglosigkeit
2172 3569 2378 3601 befürwortende
2398 3567 2606 3600 Ausgaben¬

1810 3611 1950 3645 politik
1970 3610 2069 3644 geltend
2088 3609 2176 3641 macht,
2194 3608 2219 3639 so
2240 3607 2308 3635 wird
2327 3613 2387 3634 man
2406 3608 2453 3633 das
2471 3606 2513 3631 als
2532 3605 2606 3632 einen

1809 3649 1875 3683 nicht
1895 3655 1926 3682 zu
1946 3647 2175 3680 unterschätzenden
2196 3644 2307 3674 Gewinn
2330 3644 2372 3677 für
2392 3644 2432 3671 die
2452 3643 2532 3671 Stadt
2554 3643 2606 3669 und

1809 3688 1865 3719 ihre
1888 3685 2035 3720 Wirtschaft
2060 3683 2203 3718 bezeichnen
2227 3683 2331 3710 können.
2362 3681 2421 3714 Daß
2443 3680 2483 3708 die
2506 3680 2606 3708 Bäume

1809 3727 1854 3753 der
1870 3724 2074 3757 Konservativen
2089 3722 2150 3755 auch
2168 3722 2196 3749 in
2211 3720 2323 3755 Zukunft
2342 3719 2407 3752 nicht
2424 3720 2452 3746 in
2469 3718 2516 3745 den
2534 3717 2605 3750 Him¬

1810 3763 1859 3791 mel
1883 3761 1994 3796 wachsen
2019 3761 2131 3790 werden,
2155 3758 2254 3791 beweist
2279 3757 2318 3785 die
2342 3764 2394 3785 nur
2419 3757 2474 3790 sehr
2499 3756 2607 3782 relative

1809 3799 1998 3834 Befriedigung
2022 3799 2058 3826 im
2082 3797 2273 3830 konservativen
2296 3795 2376 3828 Lager
2399 3794 2461 3821 über
2484 3793 2524 3820 die
2548 3793 2606 3825 nach

1809 3839 1855 3866 den
1873 3837 1982 3870 Wahlen
1998 3842 2213 3869 vorgenommene
2227 3833 2382 3866 Verteilung
2400 3833 2443 3859 des
2461 3829 2606 3864 Politischen

1810 3875 1959 3910 Einflusses.
1989 3875 2072 3903 Wenn
2093 3873 2155 3900 aber
2175 3873 2256 3900 eine
2277 3871 2368 3905 Partei
2388 3870 2441 3898 kein
2462 3869 2535 3902 Recht
2555 3868 2607 3901 hat,

2634 425 2677 460 sich
2693 425 2755 451 über
2772 423 2852 456 dieser
2868 420 3025 453 Verteilung
3041 427 3072 452 zu
3088 417 3215 452 beklagen,
3230 418 3256 450 so
3273 418 3303 451 ist
3318 419 3345 444 es
3362 418 3434 451 sicher

2634 464 2673 491 die
2695 459 2891 495 Sozialistische,
2912 461 2956 485 der
2976 457 3019 484 bis
3042 457 3113 488 heute
3134 455 3190 482 eine
3211 457 3279 482 klare
3302 458 3354 482 und
3375 454 3434 488 ziel¬

2634 501 2721 534 sichere
2740 497 2903 531 Einstellung
2922 502 2954 529 zu
2973 496 3021 522 den
3042 493 3200 526 Problemen
3221 494 3266 520 der
3291 492 3435 525 städtischen

2634 537 2731 571 Politik
2756 538 2809 563 und
2835 542 2883 562 vor
2909 534 2986 560 allem
3010 532 3052 559 ein
3077 530 3246 564 aufrichtiger
3272 529 3349 558 Wille
3377 537 3436 562 zum

2634 577 2782 609 Mittragen
2816 577 2859 600 der
2885 571 3212 601 Verantwortung
3245 568 3290 601 für
3324 567 3363 594 die
3387 568 3435 595 Ge¬

2634 613 2714 647 schicke
2730 616 2774 639 der
2794 611 2874 639 Stadt
2894 610 2992 642 Luzern
3011 609 3103 640 fehlen.

2934 687 2988 716 St.
3010 686 3134 715 Gallen

2687 747 2730 772 St.
2752 745 2854 775 Gallen,
2880 745 2917 770 15.
2940 742 3012 775 Juli,
3036 752 3068 776 ag
3091 741 3170 767 Unter
3194 743 3249 767 dem
3271 740 3365 774 Vorsitz
3386 747 3436 766 von

2637 780 2807 808 Nationalrat
2824 776 3018 807 Grünenfelder
3036 776 3079 806 hat
3097 776 3140 801 der
3158 773 3375 807 Parteiausschuß
3393 777 3438 800 der

2638 813 2941 844 Konservativen
2969 809 3218 840 Volkspartei
3247 810 3291 834 des
3317 809 3438 834 Kantons

2641 845 2797 879 einstimmig
2829 848 2876 871 den
2905 843 3027 876 Beschluß
3052 841 3146 875 gefaßt,
3187 843 3243 868 dem
3277 841 3440 868 erweiterten

2639 878 2877 907 Kantonalkomitee
2911 877 3099 906 Annahme
3130 876 3191 901 der
3225 874 3438 902 Totalrevi¬

2641 913 2721 947 sion
2742 914 2786 939 der
2806 909 3066 944 Bundesverfassung
3085 916 3116 943 zu
3136 907 3287 941 empfehlen.

2951 978 3118 1015 Thurgau

2688 1038 2854 1071 Frauenfeld,
2877 1037 2914 1064 15.
2936 1034 3007 1069 Juli,
3037 1046 3070 1070 ag
3101 1034 3156 1061 Der
3179 1033 3436 1065 Kantonalvorstand

2636 1078 2680 1110 der
2714 1074 2940 1110 Freisinnig
2967 1086 2976 1094 -
3001 1071 3319 1104 Demokratischen
3352 1071 3436 1103 Par¬

2638 1115 2687 1142 tei
2712 1114 2755 1145 hat
2779 1115 2863 1140 davon
2887 1111 3018 1138 Kenntnis
3041 1117 3201 1144 genommen,
3225 1110 3275 1142 daß
3299 1108 3438 1137 National¬

2639 1153 2680 1179 rat
2704 1152 2880 1178 Ullmann
2906 1151 2958 1175 und
2981 1148 3129 1175 Ständerat
3154 1147 3248 1180 Böhi
3273 1148 3329 1174 eine
3352 1148 3437 1174 Wie¬

2638 1189 2801 1220 derwahl
2819 1188 2846 1215 in
2864 1186 2903 1214 die
2921 1186 3226 1218 Bundesversammlung
3243 1184 3437 1218 ablehnen.

2639 1229 2688 1255 Dr.
2718 1226 2841 1253 Ullmann
2871 1224 2960 1259 gehört
2998 1223 3042 1256 seit
3072 1224 3131 1249 1911
3173 1225 3229 1249 dem
3257 1222 3438 1252 Nationalrat,

2638 1264 2728 1292 Albert
2748 1263 2817 1296 Böhi
2839 1263 2883 1296 seit
2910 1262 2972 1288 1910
2994 1263 3049 1288 dem
3072 1261 3218 1289 Ständerat
3241 1267 3284 1288 an.

2687 1311 2727 1343 Zu
2748 1311 2820 1337 einer
2843 1311 2966 1342 längeren
2988 1306 3147 1340 Aussprache
3168 1307 3216 1340 gab
3239 1306 3279 1334 die
3302 1306 3436 1340 Stellung¬

2640 1350 2733 1380 nahme
2754 1350 2799 1375 der
2821 1347 2913 1381 Partei
2938 1354 2970 1378 zu
2993 1348 3040 1372 den
3066 1346 3168 1373 Berner
3191 1344 3289 1377 Thesen
3312 1345 3374 1371 über
3396 1344 3438 1371 die

2639 1385 2971 1418 berufsständische
3017 1383 3197 1415 Ordnung
3241 1382 3338 1413 Anlaß.
3401 1384 3437 1409 Es

2639 1425 2729 1452 wurde
2755 1423 2908 1456 beschlossen,
2936 1422 3018 1453 diesen
3045 1419 3141 1453 Thesen
3171 1419 3355 1452 zuzustimmen
3385 1421 3437 1446 und

2639 1463 2678 1490 die
2704 1460 2892 1495 schweizerische
2919 1457 3115 1491 Parteileitung
3139 1464 3170 1491 zu
3194 1458 3371 1490 beauftragen,
3398 1458 3438 1484 die

2640 1502 2724 1533 Frage
2748 1500 2791 1525 der
2813 1495 3057 1530 berufsständischen
3082 1494 3214 1529 Ordnung
3237 1495 3296 1527 noch
3320 1499 3367 1521 vor
3390 1495 3437 1521 den

2639 1534 2930 1566 Nationalratswahlen
2962 1535 3038 1567 durch
3071 1535 3146 1560 einen
3180 1532 3436 1565 außerordentlichen

2640 1573 2847 1609 schweizerischen
2867 1571 3006 1606 Parteitag
3024 1572 3146 1598 abklären
3165 1577 3196 1604 zu
3215 1570 3303 1603 lassen.

2984 1646 3096 1680 Tessin

2688 1700 2778 1728 Eine
2805 1697 3216 1734 „Fremdenkontrolle″
3244 1697 3305 1731 für
3331 1696 3388 1724 die

2896 1735 3176 1764 Confederati?

2688 1793 2739 1820 Ein
2773 1791 2818 1825 seit
2850 1791 2930 1824 sieben
2962 1790 3067 1823 Jahren
3109 1789 3145 1815 im
3178 1789 3264 1821 Tessin
3296 1788 3438 1822 ansässiger

2640 1830 2873 1863 Deutschschweizer
2906 1828 3008 1861 schreibt
3044 1831 3106 1854 uns:
3145 1827 3252 1859 Spricht
3274 1828 3306 1853 da
3331 1827 3437 1859 kürzlich

2638 1868 2704 1896 beim
2730 1867 2916 1898 Schreibenden
2942 1873 2984 1892 am
3009 1864 3102 1897 frühen
3126 1864 3288 1897 Nachmittag
3311 1864 3353 1891 ein
3378 1865 3436 1890 kan¬

2641 1906 2744 1933 tonaler
2769 1904 2885 1938 Wächter
2911 1904 2955 1930 des
2981 1903 3089 1936 Gesetzes
3116 1907 3163 1928 vor
3191 1903 3243 1928 und
3270 1902 3350 1928 brüllt
3379 1902 3438 1933 nach

2641 1943 2786 1977 lapidarem
2803 1942 2894 1975 Gruße
2913 1948 2944 1974 zu
2961 1940 3043 1974 seiner
3062 1939 3232 1972 Einführung
3249 1939 3296 1966 mit
3315 1939 3438 1966 Stentor¬

2641 1982 2738 2013 stimme
2753 1979 2908 2011 „Controllo
2924 1978 3141 2006 Stranieri“.
3168 1976 3303 2010 Natürlich
3320 1976 3377 2008 fällt
3394 1977 3438 2003 der

2642 2018 2744 2054 gereiste
2770 2018 2889 2051 Zürcher,
2913 2017 2957 2043 der
2982 2016 3013 2048 sei
3038 2015 3119 2048 sieben
3142 2014 3246 2047 Jahren
3273 2014 3312 2041 die
3335 2015 3439 2041 ordent¬

2642 2056 2700 2091 liche
2718 2055 2915 2088 Niederlassung
2935 2054 2961 2081 in
2980 2054 3085 2088 Lugano
3103 2052 3189 2086 besitzt,
3208 2052 3247 2079 bei
3265 2052 3357 2085 diesem
3377 2052 3439 2079 Ein¬

2641 2092 2931 2128 schüchterungsversuch
2961 2094 3005 2118 des
3034 2091 3147 2126 „gentile
3178 2091 3285 2117 fratello
3315 2091 3438 2117 ticinese"

2641 2133 2706 2165 nicht
2726 2140 2779 2161 um,
2801 2132 2909 2163 sondern
2931 2130 3064 2162 erkundigt
3085 2129 3128 2162 sich
3147 2127 3285 2159 bescheiden
3307 2127 3369 2154 über
3389 2127 3438 2153 das

2641 2169 2752 2199 Warum
2771 2169 2851 2202 dieser
2871 2168 3002 2201 seltsamen
3020 2167 3163 2194 Kontrolle.
3191 2166 3228 2193 Es
3247 2165 3311 2198 stellt
3330 2165 3373 2198 sich
3393 2164 3439 2191 lei¬

2641 2210 2685 2236 der
2704 2208 2810 2240 heraus,
2826 2207 2876 2238 daß
2893 2207 2937 2232 der
2955 2205 3112 2236 ehrenwerte
3129 2203 3265 2230 Vertreter
3283 2204 3328 2230 der
3346 2203 3439 2235 öffent¬

2643 2246 2719 2279 lichen
2741 2246 2843 2272 Gewalt
2865 2244 2907 2277 sich
2927 2243 3032 2270 beileibe
3052 2242 3116 2273 nicht
3137 2241 3219 2275 geirrt
3238 2242 3300 2267 oder
3320 2241 3438 2273 versehen

2642 2283 2685 2316 hat
2709 2284 2760 2309 und
2784 2283 2911 2315 durchaus
2942 2280 3043 2312 bewußt
3078 2282 3124 2306 den
3148 2277 3361 2312 Miteidgenossen
3395 2280 3439 2304 als

2643 2321 2799 2354 „Fremden”
2818 2319 2999 2353 angeschnarrt
3018 2319 3069 2349 hat.
3097 2316 3143 2350 Ich
3161 2318 3246 2343 werde
3265 2316 3371 2347 belehrt,
3388 2315 3439 2346 daß

2641 2360 2714 2388 alles,
2734 2360 2791 2385 was
2813 2357 2876 2390 nicht
2897 2355 3012 2389 Tessiner
3033 2355 3075 2388 sei,
3093 2354 3139 2385 als
3139 2354 3253 2385 „fremd“
3276 2353 3439 2380 kontrolliert

2641 2397 2694 2424 und
2721 2403 2770 2422 neu
2795 2393 2965 2428 katalogisiert
2989 2394 3091 2419 werden
3117 2392 3203 2423 müsse.
3234 2392 3302 2424 Zum
3326 2390 3438 2422 Beweise

2641 2434 2706 2461 wies
2723 2440 2751 2460 er
2769 2433 2844 2460 einen
2863 2431 3055 2464 ungeordneten
3073 2430 3143 2462 Stoß
3161 2428 3355 2462 vorgedruckter
3372 2429 3439 2461 For¬

2642 2472 2744 2500 mulare
2765 2477 2821 2500 vor,
2842 2470 2888 2501 auf
2908 2471 2988 2496 denen
3012 2467 3040 2495 in
3064 2466 3235 2501 freundlicher
3257 2466 3439 2499 Annäherung

2641 2508 2755 2543 Deutsch-
2777 2509 2830 2535 und
2853 2506 3075 2540 Welschschweizer
3097 2504 3165 2532 allen
3188 2504 3329 2538 möglichen
3352 2502 3439 2530 Aus¬

2641 2548 2800 2575 ländern
2819 2545 2866 2573 mit
2884 2544 3036 2576 Ausnahme
3053 2542 3145 2576 solcher
3161 2541 3331 2574 italienischer
3348 2540 3438 2573 Zunge

2640 2585 2773 2618 angereiht
2790 2589 2888 2611 waren.
2913 2582 2962 2610 Die
2979 2580 3150 2614 Personalien
3170 2585 3259 2606 waren
3277 2577 3373 2606 bereits
3391 2578 3438 2609 auf

2640 2625 2684 2650 der
2708 2618 2992 2654 Einwohnerkontrolle
3016 2617 3228 2650 vervollständigt
3253 2616 3358 2643 worden
3384 2618 3437 2642 und

2641 2661 2748 2687 wurden
2771 2659 2795 2691 so
2819 2670 2866 2693 „en
2889 2663 2993 2693 passant
3014 2667 3078 2684 avec
3099 2655 3292 2684 nonchalance"
3312 2652 3359 2686 auf
3382 2653 3439 2685 ihre

2642 2696 2788 2731 Nichtigkeit
2818 2696 2929 2730 geprüft.
2967 2695 3032 2722 Eine
3061 2691 3227 2726 Unterschrift
3255 2691 3345 2719 wurde
3373 2690 3440 2723 nicht

2642 2736 2770 2768 verlangt,
2785 2735 2863 2766 dafür
2879 2734 2941 2760 aber
2957 2733 3013 2759 eine
3030 2731 3135 2763 Gebühr
3152 2735 3203 2757 von
3218 2729 3302 2756 einem
3312 2729 3440 2763 Franken,

2642 2774 2685 2806 für
2707 2772 2746 2800 die
2768 2771 2849 2805 jedoch
2871 2771 2927 2799 eine
2950 2770 3081 2803 Quittung
3103 2768 3255 2800 verweigert
3279 2767 3368 2794 wurde
3389 2767 3439 2793 mit

2642 2814 2696 2838 dem
2727 2809 2869 2842 tröstlichen
2902 2808 3020 2841 Hinweis
3053 2805 3155 2838 darauf,
3186 2805 3235 2837 daß
3265 2805 3305 2831 die
3336 2805 3436 2830 andern

2642 2849 2794 2880 „stranieri"
2824 2847 2884 2874 eben
2913 2844 2974 2879 auch
3002 2845 3088 2875 hätten
3116 2843 3206 2876 zahlen
3236 2842 3341 2875 müssen.
3378 2841 3437 2869 Das

2642 2887 2729 2919 Ganze
2757 2886 2815 2918 sieht
2845 2884 2894 2912 wie
2921 2883 2976 2910 eine
3004 2882 3055 2910 Art
3082 2880 3225 2913 behördlich
3253 2879 3439 2913 organisierter

2641 2925 2791 2958 Hausbettel
2818 2926 2876 2950 aus,
2909 2922 2988 2948 lieber
3013 2921 3076 2953 diese
3103 2919 3217 2951 neuesten
3243 2918 3438 2950 Kontrollmaß¬

2642 2962 2751 2994 nahmen
2778 2963 2831 2988 und
2858 2962 2934 2987 deren
2959 2956 3142 2990 vermutlichen
3169 2955 3258 2988 Zweck,
3283 2955 3372 2985 welche
3398 2955 3438 2982 die

2644 2999 2795 3032 „Gleichheit
2811 3000 2855 3025 des
2871 2997 3030 3029 Schweizers
3047 3001 3095 3022 vor
3113 2996 3169 3021 dem
3185 2994 3279 3026 Gesetz"
3298 2993 3335 3020 im
3350 2992 3437 3025 Tessin

2643 3039 2669 3066 in
2692 3038 2733 3064 ein
2757 3038 2819 3069 recht
2842 3035 2970 3068 seltsames
2993 3034 3058 3065 Licht
3082 3032 3175 3066 stellen,
3195 3033 3273 3064 gehen
3296 3029 3346 3057 alle
3368 3030 3437 3062 mög¬

2642 3076 2729 3109 lichen,
2753 3074 2819 3107 nicht
2844 3073 2900 3106 sehr
2924 3070 3235 3098 vertrauenerweckenden
3259 3067 3383 3100 Gerüchte
3408 3068 3437 3094 in

2642 3110 2969 3146 Deutschschweizerkreisen
2986 3116 3038 3136 um.
3064 3109 3129 3136 Dies
3147 3107 3176 3139 ist
3192 3107 3282 3133 weiter
3300 3105 3364 3137 nicht
3381 3110 3438 3132 ver¬

2642 3149 2806 3183 wunderlich,
2841 3151 2906 3176 denn
2943 3146 3123 3180 irgendwelche
3157 3143 3275 3175 amtliche
3311 3142 3438 3170 Bekannt¬

2644 3188 2766 3221 machung
2790 3187 2834 3219 hat
2857 3184 3038 3218 diesbezüglich
3061 3183 3089 3211 in
3113 3183 3158 3209 der
3183 3180 3349 3215 Tagespresse
3372 3180 3438 3212 nicht

2642 3225 2835 3261 stattgefunden.

2979 3279 3108 3310 Wallis

2690 3339 2790 3370 Sitten,
2814 3341 2851 3366 14.
2871 3337 2942 3372 Juli.
3031 3336 3071 3369 In
3093 3337 3137 3362 der
3159 3333 3284 3367 gestrigen
3305 3331 3437 3360 Volks¬

2640 3377 2881 3411 abstimmung
2901 3374 2930 3407 ist
2950 3373 2988 3401 bei
3008 3373 3063 3407 sehr
3083 3370 3214 3406 schwacher
3236 3369 3438 3397 Stimmbeteili¬

2644 3422 2713 3449 gung
2736 3416 2782 3441 das
2805 3413 2894 3441 Dekret
2915 3417 2974 3439 vom
2994 3412 3033 3439 22.
3055 3409 3114 3438 Mai
3136 3408 3198 3436 über
3219 3407 3259 3435 die
3281 3407 3438 3435 Steuer-

2641 3453 2787 3485 rekurse
2826 3452 2875 3478 mit
2914 3450 3018 3482 großem
3058 3447 3136 3480 Mehr
3173 3452 3435 3479 angenommen

2640 3491 2753 3518 worden.
2787 3490 2872 3520 Durch
2899 3487 2977 3519 dieses
3003 3493 3065 3513 neue
3090 3485 3180 3513 Dekret
3205 3484 3274 3511 wird
3299 3484 3354 3510 eine
3378 3482 3435 3508 kan¬

2643 3528 2729 3556 tonale
2754 3524 3013 3558 Rekurskommission
3040 3522 3183 3557 geschaffen,
3210 3522 3250 3548 die
3275 3521 3338 3547 über
3362 3520 3438 3551 sämt¬

2644 3566 2702 3600 liche
2729 3565 2835 3598 Rekurse
2861 3570 2937 3597 gegen
2964 3562 3096 3590 Kantons-
3121 3561 3174 3587 und
3199 3558 3438 3589 Gemeindesteuern

2643 3603 2795 3636 entscheidet.
2840 3600 2939 3633 Bisher
2974 3604 3032 3627 war
3068 3600 3111 3626 der
3149 3597 3290 3624 Staatsrat
3329 3595 3439 3622 Rekurs¬

2645 3641 2752 3675 instanz,
2780 3639 2854 3673 somit
2885 3644 2943 3667 war
2972 3644 2999 3664 er
3029 3635 3120 3670 Partei
3149 3636 3202 3662 und
3231 3633 3340 3666 Richter.
3378 3632 3438 3660 Seit

2644 3679 2746 3713 Jahren
2768 3679 2857 3705 wurde
2879 3677 2914 3704 im
2936 3675 3084 3709 Publikum,
3106 3673 3133 3701 in
3154 3674 3198 3699 der
3219 3671 3304 3705 Presse
3327 3671 3380 3697 und
3402 3670 3438 3696 im

2643 3717 2748 3749 Großen
2773 3716 2824 3743 Rat
2848 3722 2923 3748 gegen
2947 3712 3027 3746 dieses
3051 3711 3204 3739 abnormale
3227 3709 3330 3741 System
3355 3708 3438 3738 prote¬

2645 3755 2722 3783 stiert,
2752 3754 2792 3780 bis
2821 3752 2916 3785 endlich
2943 3751 2970 3778 in
2998 3752 3042 3777 der
3071 3750 3153 3782 letzten
3180 3746 3331 3778 Maisession
3360 3745 3439 3778 dieses

2645 3792 2734 3820 Dekret
2757 3792 2875 3823 zustande
2898 3789 2960 3815 kam.
2992 3787 3042 3815 Die
3064 3783 3324 3816 Rekurskommission
3349 3782 3439 3815 besteht

2641 3831 2690 3857 aus
2711 3829 2767 3862 fünf
2786 3827 2967 3861 Mitgliedern,
2989 3826 3028 3852 die
3047 3824 3092 3857 auf
3109 3822 3247 3856 Vorschlag
3267 3823 3311 3848 des
3330 3821 3438 3848 Staats¬

2645 3868 2715 3895 rates
2737 3871 2795 3893 vom
2818 3866 2924 3898 Großen
2947 3864 2999 3891 Rat
3021 3861 3135 3890 ernannt
3157 3860 3269 3887 werden.

141 4016 224 4057 Ein
256 4018 460 4060 Denkmal
495 4017 560 4067 für
588 4017 773 4067 Isabelle
796 4018 941 4066 Kaiser

188 4088 215 4114 E.
227 4089 268 4116 Br.
286 4087 354 4116 Man
374 4088 453 4122 pflegt
472 4087 545 4122 heute
564 4087 604 4115 die
623 4088 704 4122 Form
722 4087 794 4115 eines
811 4087 941 4120 Schmuck¬

138 4122 275 4153 brunnens
296 4133 326 4159 zu
348 4126 459 4157 wählen,
481 4130 557 4154 wenn
579 4133 642 4152 man
665 4125 707 4152 ein
729 4124 855 4153 Denkmal
876 4123 940 4157 nicht

137 4161 181 4188 als
200 4163 378 4196 prätentiösen
398 4164 478 4190 Altar
499 4164 542 4197 für
561 4162 605 4196 sich
623 4162 705 4190 allein
724 4161 858 4196 hinstellen
877 4162 941 4189 will.

139 4198 190 4226 Ein
209 4198 301 4234 solcher
320 4201 450 4228 Brunnen
470 4202 518 4228 mit
537 4201 639 4234 großer,
658 4199 746 4233 kühler
765 4199 942 4232 Wasserfläche

139 4237 228 4264 wurde
249 4246 292 4266 am
314 4238 439 4272 Sonntag
460 4238 488 4265 in
511 4237 727 4266 Beckenried
748 4244 792 4263 am
815 4237 876 4270 Ufer
898 4237 942 4263 des

139 4273 351 4309 Vierländerfees
371 4275 532 4309 eingeweiht.
569 4275 625 4302 Und
646 4278 673 4302 es
697 4275 726 4308 ist
746 4280 801 4302 nun
823 4275 879 4307 doch
900 4274 942 4300 ein

139 4310 218 4340 Altar
242 4314 342 4341 daraus
366 4315 509 4347 geworden.
550 4312 606 4340 Vor
640 4314 695 4339 dem
726 4310 808 4346 hohen
834 4311 942 4339 Mauer¬

141 4349 241 4381 pfeiler,
260 4352 303 4378 der
320 4351 368 4377 das
383 4349 591 4384 Bronzebildnis
607 4350 651 4377 der
667 4349 800 4383 Dichterin
817 4347 844 4376 in
861 4348 943 4375 voller

141 4387 284 4421 plastischer
300 4388 465 4422 Frontalität
482 4388 557 4422 zeigt,
575 4387 621 4419 hat
641 4387 685 4420 sich
703 4387 746 4414 ein
765 4394 831 4419 ganz
850 4386 943 4419 junges

141 4424 432 4459 Nidwaldnermädchen
472 4439 503 4443 —
542 4425 599 4452 eine
631 4424 799 4458 lebensgroße
829 4423 944 4456 Bronze¬

142 4462 230 4495 gestalt
252 4476 283 4481 —
303 4464 348 4497 auf
367 4462 408 4490 ein
429 4463 495 4490 Knie
517 4462 716 4495 niedergelassen
735 4462 788 4489 und
809 4461 879 4494 trägt
898 4460 944 4493 auf

142 4499 185 4526 der
198 4500 274 4533 Hand
288 4500 344 4528 eine
358 4500 447 4528 Taube
461 4500 510 4528 mit
524 4499 579 4527 dem
596 4498 790 4532 sinnbildlichen
805 4497 944 4531 Oelzweig.

142 4535 191 4565 Die
209 4538 342 4571 Dichterin
364 4538 427 4570 habe
446 4538 502 4570 hier
521 4537 568 4564 den
589 4536 699 4570 Frieden
720 4536 855 4570 gefunden.
876 4535 944 4562 Man

142 4574 199 4608 darf
218 4576 274 4603 dem
292 4576 404 4608 Stanser
422 4575 570 4607 Bildhauer
589 4574 664 4605 Hans
682 4572 734 4600 von
754 4572 850 4599 Matt
868 4572 945 4599 Glück

141 4611 282 4647 wünschen,
302 4613 352 4645 daß
372 4620 400 4640 er
421 4612 471 4639 mit
489 4614 534 4639 der
553 4610 699 4644 plastischen
719 4609 879 4643 Andeutung
901 4610 945 4636 der

142 4649 394 4683 Nidwaldnertracht
416 4649 441 4683 so
463 4648 573 4683 geschickt
595 4649 672 4681 fertig
693 4648 789 4674 wurde.
829 4647 883 4680 Für
905 4646 945 4673 die

142 4687 210 4721 allzu
228 4689 335 4715 redende
353 4688 492 4719 Symbolik
512 4688 555 4713 der
574 4684 850 4719 „Friedenssucherin"
870 4683 899 4715 ist
918 4690 945 4710 er

144 4725 212 4757 wohl
238 4726 304 4759 nicht
330 4724 357 4751 in
381 4725 458 4757 erster
482 4723 556 4752 Linie
581 4722 693 4755 haftbar.
727 4733 758 4740 —
790 4721 855 4748 Eine
878 4720 945 4747 Neu¬

145 4761 278 4796 schöpfung
296 4761 325 4795 ist
346 4760 411 4794 nicht
430 4768 481 4788 nur
497 4763 541 4788 der
558 4759 817 4788 Denkmalbrunnen,
836 4757 945 4790 sondern

144 4802 204 4833 auch
223 4801 267 4827 der
288 4806 367 4833 ganze
386 4796 569 4831 weiträumige
591 4797 668 4830 Platz,
688 4795 735 4830 auf
755 4796 811 4822 dem
831 4802 858 4822 er
878 4794 945 4826 steht.

146 4836 289 4871 Einstmals
322 4841 380 4863 war
403 4835 460 4869 hier
494 4835 536 4863 ein
561 4834 645 4868 Hafen
680 4833 723 4865 für
746 4832 945 4862 Sturmwetter;

147 4874 217 4905 heute
236 4874 350 4902 wandelt
370 4880 431 4900 man
452 4873 498 4905 auf
518 4870 602 4899 einem
623 4870 798 4904 frischgrünen
819 4868 947 4901 Kurplatz,

147 4912 225 4945 dessen
246 4910 365 4939 Ausblick
387 4915 446 4938 vom
468 4908 637 4942 Bürgenstock
658 4908 699 4934 bis
718 4914 777 4941 zum
799 4905 947 4940 Frohnalp¬

148 4949 202 4981 stock
221 4949 305 4983 reicht.

195 4987 310 5019 Schöner
331 4985 390 5018 noch
410 4986 453 5011 als
473 4984 580 5017 Fahnen
601 4982 737 5015 leuchteten
758 4987 801 5008 am
823 4980 948 5012 Sonntag

149 5023 175 5050 in
198 5025 255 5051 dem
276 5023 397 5056 Uferdorf
419 5020 569 5049 Beckenried
591 5019 631 5046 die
652 5018 825 5050 Kletterrosen
850 5017 876 5044 in
900 5017 947 5043 den

150 5060 258 5089 Gärten.
275 5060 325 5088 Die
341 5059 503 5092 Dorfstraße,
520 5057 560 5085 die
575 5056 693 5090 zwischen
711 5054 825 5088 Isabelle
843 5053 949 5086 Kaisers

151 5098 315 5132 „Ermitage″
335 5098 388 5124 und
404 5098 459 5123 dem
477 5094 605 5122 Grabmal
623 5095 666 5121 der
682 5091 814 5126 Dichterin
831 5091 876 5123 auf
893 5093 948 5117 dem

152 5135 272 5171 Friedhof
292 5135 366 5169 durch
387 5134 472 5161 lauter
493 5132 593 5161 Gärten
614 5130 694 5166 führt,
711 5134 768 5157 war
786 5129 849 5163 dicht
868 5129 949 5162 besetzt

976 3970 1025 3997 mit
1048 3970 1200 4004 Festgästen,
1230 3968 1341 4001 obgleich
1364 3965 1483 3994 keinerlei
1508 3967 1627 3994 Reklame
1650 3965 1689 3992 die
1712 3965 1779 3992 Kur¬

975 4009 1030 4034 orte
1048 4015 1092 4034 am
1112 4008 1164 4034 See
1184 4005 1340 4038 mobilisiert
1359 4004 1435 4037 hatte.
1470 4003 1521 4031 Ein
1542 4004 1642 4037 langer,
1662 4002 1777 4035 farbiger

975 4045 1079 4078 Festzug
1097 4043 1224 4077 schilderte
1242 4043 1290 4069 das
1307 4041 1429 4075 Schaffen
1446 4040 1559 4074 Isabelle
1575 4038 1690 4071 Kaisers.
1707 4040 1776 4066 Aber

977 4081 1045 4109 keine
1063 4080 1224 4116 historischen
1244 4079 1371 4113 Kostüme,
1391 4077 1458 4105 keine
1475 4077 1613 4112 poetischen
1630 4075 1778 4110 Allegorien

976 4120 1064 4146 kamen
1102 4126 1180 4153 gegen
1210 4117 1250 4144 die
1280 4116 1373 4150 Pracht
1412 4116 1455 4143 der
1485 4115 1566 4148 echten
1595 4114 1777 4142 Nidwaldner¬

976 4157 1088 4189 trachten
1105 4158 1159 4183 und
1175 4157 1221 4182 der
1238 4154 1363 4188 festlichen
1379 4153 1548 4187 Zugerinnen
1563 4150 1618 4184 aus.
1635 4151 1693 4178 Das
1708 4152 1777 4183 dörf¬

978 4194 1038 4227 liche
1060 4193 1140 4221 Leben
1165 4193 1192 4220 in
1216 4193 1263 4219 den
1285 4192 1342 4218 vier
1364 4190 1510 4224 Zeitaltern
1533 4191 1576 4216 des
1598 4189 1699 4223 Jahres
1722 4193 1778 4215 war

978 4232 1021 4258 der
1038 4231 1109 4264 echte,
1126 4228 1256 4263 lebendige
1272 4229 1342 4257 Kern
1358 4227 1438 4260 dieses
1455 4227 1598 4261 Festzuges.
1617 4238 1649 4243 —
1666 4226 1706 4259 In
1723 4226 1778 4252 dem

977 4268 1069 4301 Chalet
1095 4269 1139 4295 der
1164 4265 1305 4300 Dichterin,
1332 4266 1360 4293 in
1387 4265 1466 4298 dessen
1493 4265 1594 4292 Garten
1617 4262 1674 4290 eine
1699 4262 1778 4296 Zeder

977 4308 1029 4333 und
1045 4306 1087 4332 ein
1103 4304 1316 4338 Bambusgehölz
1333 4303 1370 4330 im
1389 4301 1465 4334 Stolz
1482 4303 1526 4328 des
1543 4301 1652 4329 Südens
1668 4301 1777 4333 grünen,

977 4344 1039 4377 ging
1055 4342 1094 4370 die
1111 4341 1224 4375 Neugier
1241 4341 1367 4373 zahlloser
1386 4339 1508 4372 Besucher
1527 4338 1665 4371 spazieren.
1699 4337 1776 4364 Erin¬

977 4387 1111 4413 nerungen
1131 4379 1203 4407 eines
1223 4377 1345 4412 geistigen
1366 4375 1463 4405 Lebens
1484 4375 1539 4408 sind
1556 4376 1614 4408 hier
1632 4373 1779 4407 unberührt

980 4418 1119 4451 geblieben,
1135 4423 1211 4444 wenn
1227 4416 1287 4448 auch
1304 4415 1344 4442 die
1358 4413 1500 4446 Dichterin,
1517 4418 1567 4440 von
1585 4414 1629 4440 der
1647 4414 1675 4438 es
1692 4412 1716 4445 so
1733 4417 1779 4438 un¬

979 4454 1096 4489 heimlich
1110 4454 1175 4481 viele
1188 4452 1316 4485 Bildnisse
1330 4452 1393 4486 gibt,
1408 4451 1452 4484 seit
1467 4449 1550 4477 einem
1564 4449 1710 4483 Jahrzehnt
1725 4449 1780 4481 ihre

979 4492 1162 4524 Leidensstätte
1193 4490 1317 4522 verlassen
1343 4489 1394 4521 hat.
1427 4486 1477 4515 Die
1500 4488 1613 4521 Plakette
1645 4486 1693 4513 mit
1724 4487 1779 4512 dem

979 4529 1120 4562 Reliefbild
1142 4526 1255 4562 Isabelle
1277 4525 1383 4559 Kaisers
1407 4525 1467 4562 trug
1493 4524 1644 4556 jedermann
1667 4523 1713 4555 auf
1735 4523 1779 4549 der

978 4566 1067 4599 Brust;
1085 4573 1119 4593 an
1137 4567 1183 4592 den
1202 4564 1272 4597 Tisch
1290 4564 1339 4590 mit
1356 4564 1404 4590 den
1418 4563 1535 4595 Büchern
1553 4575 1584 4579 —
1601 4560 1709 4593 deutsche
1725 4561 1778 4587 und

980 4603 1141 4637 französische
1159 4601 1367 4630 nebeneinander
1386 4612 1416 4618 —
1436 4599 1564 4632 drängten
1583 4598 1628 4631 sich
1646 4596 1687 4624 die
1704 4598 1779 4624 Leute

980 4640 1054 4674 nicht.

1029 4687 1085 4719 Für
1102 4686 1142 4713 die
1159 4683 1367 4715 Denkmalweihe
1387 4681 1456 4715 hatte
1475 4683 1501 4709 P.
1520 4682 1606 4708 Alban
1623 4679 1719 4707 Stöckli
1736 4679 1778 4706 ein

980 4723 1131 4756 Festgedicht
1148 4721 1258 4754 verfaßt,
1278 4722 1325 4747 das
1342 4720 1384 4747 ein
1402 4718 1524 4751 Mädchen
1541 4719 1589 4745 mit
1608 4717 1779 4751 jugendlicher

980 4761 1079 4793 Freude
1112 4761 1228 4791 vortrug.
1269 4757 1314 4785 Alt
1340 4755 1549 4790 Regierungsrat
1573 4754 1661 4789 Franz
1684 4753 1779 4781 Murer

981 4797 1067 4830 sprach
1088 4802 1138 4824 von
1159 4798 1202 4823 der
1222 4795 1312 4828 frohen
1333 4794 1385 4821 und
1407 4793 1575 4826 überzeugten
1595 4790 1781 4824 Begeisterung

981 4836 1025 4862 des
1045 4832 1292 4862 Denkmalkomitees
1322 4833 1374 4859 und
1402 4831 1491 4857 verlas
1519 4829 1671 4857 Bundesrat
1693 4828 1780 4855 Etters

982 4872 1070 4899 Worte
1101 4871 1162 4898 über
1194 4868 1233 4896 die
1256 4868 1489 4902 Verschwisterung
1519 4870 1569 4894 von
1592 4865 1698 4898 Deutsch
1728 4866 1780 4891 und

981 4908 1074 4942 Welsch
1095 4908 1122 4936 in
1142 4905 1255 4941 Isabelle
1274 4905 1380 4938 Kaisers
1401 4903 1530 4937 Schaffen.
1559 4901 1780 4935 Gemeindepräsi¬

982 4946 1041 4973 dent
1066 4945 1137 4973 Emil
1162 4944 1257 4972 Murer
1291 4943 1378 4969 dankte
1413 4941 1455 4974 für
1489 4940 1529 4968 die
1555 4939 1690 4973 kunstvolle
1714 4938 1780 4966 Neu¬

983 4984 1125 5015 schöpfung,
1160 4982 1212 5009 und
1247 4981 1317 5006 dann
1345 4979 1394 5012 rief
1423 4978 1557 5010 Hermann
1585 4976 1781 5005 Odermatt

984 5019 1100 5053 (Zürich)
1116 5019 1156 5046 die
1170 5016 1358 5052 Festgemeinde
1373 5016 1422 5043 mit
1437 5015 1573 5047 packenden
1588 5013 1641 5041 und
1656 5013 1779 5047 festlichen

983 5057 1090 5084 Worten
1110 5064 1168 5090 zum
1188 5054 1319 5082 Gedenken
1348 5054 1400 5080 und
1420 5059 1468 5085 zur
1485 5051 1640 5085 Verehrung
1670 5050 1712 5083 für
1741 5049 1781 5076 die

983 5094 1116 5127 Dichterin
1131 5092 1185 5127 auf.

1866 4008 1972 4048 Eine
1990 4007 2141 4056 heitere
2161 4005 2278 4045 Rede

2016 4063 2089 4101 des
2106 4058 2399 4100 Wandsbecker
2418 4059 2559 4098 Boten

1865 4138 1888 4164 k.
1913 4135 1967 4163 Der
1983 4134 2088 4162 Urenkel
2114 4134 2157 4160 des
2182 4132 2314 4162 Matthias
2332 4132 2461 4159 Claudius
2487 4130 2529 4161 hat
2554 4130 2610 4157 eine

1816 4174 1883 4201 nette
1900 4172 2029 4204 Auswahl
2049 4173 2100 4198 aus
2118 4172 2166 4198 den
2185 4170 2316 4203 Schriften
2334 4170 2379 4195 des
2397 4168 2515 4201 Dichters
2535 4168 2611 4194 unter

1815 4211 1871 4238 dem
1890 4211 1959 4239 Titel
1980 4211 2052 4240 „Das
2070 4209 2138 4241 Buch
2158 4207 2308 4240 Ehrfurcht"
2330 4206 2462 4238 (Gerhard
2481 4205 2609 4238 Stalling-

1815 4249 1922 4282 Verlag,
1969 4247 2133 4280 Oldenburg)
2182 4245 2433 4279 zusammengestellt.
2479 4243 2519 4276 In
2567 4244 2610 4269 der

1816 4286 1933 4321 folenden
1959 4286 2044 4319 Probe
2078 4297 2107 4301 —
2141 4284 2219 4311 darin
2253 4283 2297 4309 der
2329 4281 2510 4310 Wandsbecker
2546 4281 2611 4307 Bote

1818 4328 1920 4355 „von
1963 4323 2117 4356 seinem
2147 4320 2449 4352 akademischen
2482 4318 2609 4345 Leben

1816 4361 1898 4389 und
1931 4360 2115 4389 Wandel
2149 4356 2365 4391 Nachricht
2399 4355 2522 4390 gibt",
2556 4356 2609 4387 läßt

1815 4399 1867 4427 er's
1883 4398 1981 4432 freilich
1996 4405 2030 4425 an
2047 4398 2091 4424 der
2107 4396 2279 4430 Hochachtung
2294 4397 2342 4422 vor
2358 4396 2404 4421 den
2422 4393 2610 4425 Universitäten

1816 4436 1907 4471 fehlen,
1921 4435 1986 4469 nicht
2000 4436 2064 4462 etwa
2079 4433 2139 4461 weil
2153 4440 2180 4461 er
2195 4434 2238 4467 für
2253 4433 2303 4465 sein
2320 4431 2457 4464 herrliches
2470 4429 2611 4457 Abendlied

1818 4474 1886 4505 „Der
1905 4473 1989 4501 Mond
2010 4473 2039 4506 ist
2058 4470 2251 4505 aufgegangen"
2272 4468 2357 4497 keinen
2378 4468 2552 4500 Ehrendoktor
2573 4475 2610 4494 er¬

1816 4511 1886 4544 hielt.
1920 4512 1967 4539 Um
1988 4509 2067 4544 dieses
2089 4509 2131 4536 bis
2154 4508 2204 4542 jetzt
2228 4506 2426 4541 unvergänglich
2450 4505 2610 4540 gebliebenen

1814 4548 1902 4577 Liedes
1918 4548 2005 4575 willen
2021 4548 2112 4580 mögen
2128 4546 2198 4579 selbst
2213 4548 2268 4573 dem
2283 4545 2384 4577 Humor
2400 4545 2484 4576 wenig
2499 4544 2610 4576 zugäng¬

1816 4587 1875 4619 liche
1889 4586 2017 4619 Magister
2033 4585 2120 4617 (wenn
2135 4587 2163 4611 es
2179 4583 2254 4616 solche
2267 4581 2343 4616 gibt),
2358 4582 2413 4609 dem
2428 4580 2530 4614 Dichter
2546 4580 2611 4612 seine

1816 4623 1910 4658 heitere
1925 4624 1992 4651 Rede
2007 4623 2034 4650 in
2050 4621 2139 4654 heißen
2154 4622 2242 4654 Tagen
2258 4619 2399 4653 verzeihen.
2413 4619 2476 4652 Hier
2492 4618 2521 4651 ist
2537 4618 2578 4650 sie:

1866 4669 1935 4699 „Bin
1949 4669 2009 4702 auch
2023 4667 2068 4700 auf
2082 4666 2266 4699 Unverstädten
2281 4664 2399 4699 gewesen,
2414 4665 2466 4692 und
2481 4663 2538 4696 hab'
2551 4665 2611 4696 auch

1817 4706 1917 4740 studirt.
1929 4706 1974 4736 Ne,
1990 4703 2082 4739 studirt
2095 4704 2152 4737 hab'
2165 4704 2198 4738 ich
2211 4703 2275 4735 nicht
2296 4702 2357 4729 aber
2369 4702 2413 4734 auf
2427 4701 2609 4733 Unverstädten

1816 4743 1859 4772 bin
1874 4743 1907 4777 ich
1920 4743 2038 4777 gewesen,
2051 4743 2103 4769 und
2116 4741 2182 4774 weiß
2193 4746 2243 4769 von
2255 4742 2331 4767 allem
2344 4738 2466 4772 Bescheid.
2479 4737 2524 4772 Ich
2537 4739 2610 4765 ward

1814 4786 1865 4809 von
1879 4780 2023 4815 ohngefähr
2036 4778 2083 4808 mit
2097 4779 2199 4812 einigen
2215 4778 2361 4806 Studenten
2376 4776 2491 4807 bekannt,
2505 4778 2557 4803 und
2571 4775 2610 4802 die

1816 4818 1898 4852 haben
1919 4819 1972 4846 mir
1992 4818 2032 4845 die
2053 4825 2131 4851 ganze
2151 4814 2303 4851 Unverstädt
2325 4814 2454 4848 gewiesen,
2476 4814 2528 4840 und
2549 4813 2611 4846 mich

1816 4856 1990 4889 allenthalben
2012 4854 2060 4883 mit
2081 4853 2289 4889 hingenommen,
2309 4852 2369 4885 auch
2394 4852 2437 4879 ins
2460 4850 2610 4884 Collegium.

1816 4894 1856 4922 Da
1873 4894 1941 4928 sitzen
1957 4894 1996 4920 die
2010 4893 2108 4926 Herren
2124 4891 2269 4919 Studenten
2285 4891 2334 4917 alle
2350 4890 2427 4916 neben
2445 4890 2550 4916 'nander
2565 4887 2611 4921 auf

1817 4931 1921 4960 Bänken
1940 4931 1988 4958 wie
2008 4930 2034 4958 in
2054 4930 2097 4956 der
2115 4929 2206 4961 Kirch',
2225 4929 2276 4956 und
2294 4934 2336 4954 am
2356 4927 2459 4960 Fenster
2479 4925 2537 4958 steht
2556 4925 2611 4952 eine

1817 4969 1931 5003 Hittsche,
1950 4967 2044 5000 darauf
2065 4967 2111 5000 sitzt
2131 4967 2155 4993 'n
2174 4965 2305 4999 Professor
2324 4966 2384 4991 oder
2404 4964 2428 4997 so
2448 4966 2536 4992 etwas,
2559 4964 2611 4989 und

1818 5006 1888 5039 führt
1902 5006 1964 5033 über
1978 5006 2032 5032 dies
2046 5005 2098 5031 und
2112 5005 2159 5030 das
2173 5001 2271 5031 allerlei
2287 5000 2381 5030 Reden,
2395 5003 2447 5028 und
2461 5003 2507 5028 das
2522 5000 2609 5032 heißen

1819 5044 1849 5077 sie
1869 5043 1935 5070 denn
1956 5042 2068 5070 dociren.
2088 5041 2145 5069 Das
2166 5040 2211 5072 auf
2233 5041 2275 5067 der
2296 5038 2419 5072 Hittschen
2443 5038 2493 5071 saß,
2514 5038 2555 5064 als
2578 5037 2611 5070 ich

1818 5079 1886 5108 d'rin
1904 5086 1970 5110 war,
1987 5081 2034 5107 das
2053 5085 2109 5106 war
2128 5079 2151 5105 'n
2170 5077 2345 5112 Magister...
2365 5076 2385 5102 's
2403 5077 2464 5109 ging
2484 5075 2534 5107 ihm
2552 5078 2611 5103 vom

1818 5119 1911 5147 Maule
1930 5124 1983 5151 weg
2002 5119 2044 5145 als
2063 5122 2138 5144 wenn
2159 5117 2180 5143 's
2198 5119 2248 5143 aus
2270 5115 2300 5142 'm
2321 5114 2498 5149 Mostschlauch
2518 5104 2631 5146 gekom¬

2645 3961 2703 3983 men
2718 3953 2794 3985 wär';
2810 3954 2863 3980 und
2878 3950 3066 3983 demonstriren
3081 3947 3167 3976 konnt'
3181 3955 3219 3977 er,
3232 3947 3283 3973 wie
3297 3947 3342 3973 der
3352 3945 3440 3973 Wind.

2646 3993 2728 4021 Wenn
2746 3998 2773 4018 er
2789 3992 2870 4017 etwas
2887 3988 3025 4020 vornahm,
3041 3987 3066 4020 so
3084 3986 3139 4020 fing
3155 3992 3182 4012 er
3199 3992 3250 4011 nur
3268 3984 3327 4011 eben
3346 3983 3369 4010 'n
3387 3982 3439 4009 bis¬

2646 4031 2701 4063 chen
2717 4036 2760 4059 an,
2772 4029 2834 4058 und,
2846 4029 2874 4059 eh
2886 4033 2948 4054 man
2962 4025 3004 4059 sich
3018 4024 3116 4058 umsah,
3128 4025 3159 4050 da
3172 4022 3253 4050 war's
3266 4020 3441 4053 demonstrirt.

2647 4068 2686 4095 So
2705 4065 2879 4098 demonstrirt'
2897 4070 2924 4090 er
2941 4070 2961 4096 z.
2979 4064 3023 4090 Er,
3041 4062 3090 4094 daß
3109 4061 3132 4087 'n
3150 4060 3266 4087 Student
3284 4060 3307 4086 'n
3326 4058 3440 4086 Student

2646 4105 2698 4132 und
2713 4104 2765 4130 kein
2780 4103 2942 4136 Rhinoceros
2957 4100 2998 4134 sei.
3011 4100 3097 4129 Denn,
3111 4098 3177 4132 sagte
3192 4104 3227 4126 er,
3242 4097 3266 4124 'n
3281 4096 3395 4124 Student
3412 4095 3440 4127 ist

2645 4142 2772 4170 entweder
2788 4141 2812 4168 'n
2828 4139 2942 4168 Student
2958 4138 3018 4165 oder
3033 4137 3058 4164 'n
3075 4136 3247 4169 Rhinoceros:
3264 4142 3317 4161 nun
3335 4134 3364 4164 ist
3379 4134 3440 4159 aber

2648 4181 2671 4207 'n
2684 4179 2798 4206 Student
2814 4177 2866 4205 kein
2880 4175 3050 4209 Rhinoceros,
3063 4176 3128 4202 denn
3142 4173 3206 4206 sonst
3219 4173 3291 4204 müßt
3305 4173 3329 4199 'n
3343 4170 3441 4203 Rhino¬

2646 4218 2718 4244 ceros
2732 4215 2791 4248 auch
2808 4216 2831 4243 'n
2845 4213 2960 4243 Student
2975 4212 3037 4246 sein;
3053 4213 3077 4239 ’n
3093 4210 3253 4243 Rhinoceros
3269 4209 3298 4241 ist
3312 4208 3373 4236 aber
3388 4208 3440 4235 kein

2648 4255 2770 4283 Student,
2787 4252 2841 4285 also
2861 4252 2889 4286 ist
2908 4251 2932 4278 ’n
2951 4250 3065 4278 Student
3085 4250 3108 4276 ’n
3127 4248 3249 4276 Student.
3285 4247 3352 4274 Man
3372 4245 3441 4279 sollte

2647 4291 2746 4321 denken,
2765 4292 2812 4317 das
2831 4288 2959 4323 verstünd'
2979 4288 3021 4320 sich
3040 4293 3090 4314 von
3111 4285 3189 4319 selbst,
3207 4286 3268 4312 aber
3288 4283 3364 4317 unser
3383 4284 3440 4310 eins

2645 4328 2712 4361 weiß
2726 4330 2772 4355 das
2790 4328 2855 4359 nicht
2870 4326 2953 4358 besser.
2969 4326 3004 4352 Er
3020 4326 3094 4358 sagte,
3108 4325 3155 4351 das
3170 4323 3242 4356 Ding
3258 4322 3322 4355 „daß
3336 4321 3361 4348 ’n
3376 4321 3440 4348 Stu¬

2646 4367 2705 4394 dent
2726 4366 2779 4392 kein
2801 4365 2963 4396 Rhinoceros
2985 4363 3094 4395 sondern
3115 4360 3142 4388 'n
3163 4360 3276 4388 Student
3298 4360 3384 4386 wäre"
3408 4359 3439 4391 sei

2646 4405 2701 4431 eine
2717 4403 2876 4436 Hauptstütze
2892 4402 2936 4428 der
2953 4407 3048 4433 ganzen
3065 4398 3241 4432 Philosophie,
3256 4399 3309 4424 und
3325 4396 3365 4423 die
3381 4396 3441 4423 Ma¬

2646 4440 2737 4475 gisters
2754 4440 2861 4467 könnten
2879 4440 2925 4466 den
2942 4437 3036 4465 Rücken
3054 4437 3117 4469 nicht
3136 4435 3176 4468 fest
3193 4441 3275 4468 genug
3292 4434 3440 4468 gegenstem¬

2646 4485 2713 4508 men,
2730 4478 2779 4511 daß
2797 4478 2828 4511 sie
2845 4476 2910 4510 nicht
2927 4474 3052 4508 umkippe.

2695 4514 2762 4543 Weil
2778 4522 2839 4542 man
2855 4512 2900 4546 auf
2916 4512 3007 4540 Einem
3023 4511 3080 4546 Fuß
3095 4509 3159 4543 nicht
3175 4509 3252 4543 gehen
3269 4510 3342 4538 kann,
3358 4508 3382 4542 so
3397 4509 3441 4541 hat

2647 4554 2685 4580 die
2702 4551 2869 4585 Philosophie
2885 4550 2944 4583 auch
2962 4550 3007 4576 den
3025 4550 3134 4578 andern,
3151 4549 3203 4574 und
3220 4547 3297 4574 darin
3313 4547 3385 4574 wäre
3402 4547 3441 4573 die

2647 4590 2714 4618 Rede
2769 4596 2819 4616 von
2878 4587 2950 4619 mehr
3004 4587 3049 4614 als
3104 4585 3196 4614 Einem
3252 4584 3351 4614 Etwas,
3388 4586 3441 4611 und

2647 4630 2694 4655 das
2733 4627 2796 4654 Eine
2834 4626 2933 4655 Etwas,
2971 4624 3036 4657 sagte
3074 4626 3117 4650 der
3154 4622 3290 4655 Magister,
3328 4621 3359 4654 sei
3399 4621 3441 4653 für

2649 4665 2808 4696 jedermann:
2844 4670 2901 4697 zum
2929 4664 3040 4689 anderen
3069 4660 3159 4689 Etwas
3186 4659 3272 4694 gehör'
3298 4660 3360 4686 aber
3387 4659 3441 4685 eine

2649 4701 2742 4733 feinere
2768 4701 2835 4734 Nas',
2863 4699 2914 4727 und
2942 4700 2989 4726 das
3017 4698 3048 4732 sei
3077 4705 3123 4725 nur
3155 4697 3197 4729 für
3225 4697 3269 4729 ihn
3297 4697 3348 4724 und
3376 4696 3441 4729 seine

2645 4738 2773 4772 Collegen.
2798 4738 2848 4765 Als
2864 4743 2939 4765 wenn
2958 4736 3013 4763 eine
3030 4736 3129 4768 Spinn'
3146 4735 3219 4761 einen
3241 4735 3327 4768 Faden
3345 4733 3440 4766 spinnt,

2647 4778 2678 4804 da
2699 4775 2730 4809 sei
2750 4776 2794 4802 der
2814 4776 2899 4809 Faden
2921 4774 2963 4806 für
2983 4773 3133 4807 jedermann
3154 4773 3206 4798 und
3227 4772 3376 4803 jedermann
3398 4771 3441 4802 für

2646 4815 2694 4841 den
2714 4813 2810 4846 Faden,
2830 4814 2892 4840 aber
2911 4812 2947 4838 im
2967 4810 3125 4844 Hintertheil
3145 4809 3190 4836 der
3209 4809 3315 4841 Spinne
3335 4808 3366 4839 sei
3388 4807 3440 4841 sein

2646 4850 2784 4885 bescheiden
2804 4849 2888 4881 Theil,
2909 4848 3018 4882 nämlich
3037 4849 3085 4875 das
3104 4847 3198 4874 andere
3219 4846 3308 4873 Etwas
3328 4846 3375 4873 das
3397 4847 3441 4872 der

2647 4887 2806 4922 zureichende
2819 4886 2913 4915 Grund
2925 4890 2975 4913 von
2988 4886 3043 4912 dem
3055 4885 3135 4917 ersten
3149 4884 3238 4911 Etwas
3252 4883 3289 4913 ist,
3302 4884 3354 4910 und
3367 4883 3440 4910 einen

2647 4925 2739 4959 solchen
2774 4924 2951 4958 zureichenden
2987 4922 3080 4950 Grund
3116 4920 3229 4953 müss'ein
3265 4921 3332 4952 jedes
3351 4920 3440 4948 Etwas

2648 4963 2726 4993 haben
2754 4961 2809 4993 doch
2826 4960 2930 4994 brauche
2947 4968 2973 4986 er
2992 4959 3054 4992 nicht
3075 4961 3165 4986 immer
3184 4958 3218 4985 im
3235 4958 3391 4991 Hintertheil
3409 4965 3440 4991 zu

2648 5000 2706 5032 sein.
2729 4999 2771 5032 Ich
2790 5000 2852 5032 hätt'
2869 4998 2928 5031 auch
2946 4997 2992 5024 mit
3011 4996 3099 5029 diesem
3118 4995 3236 5028 Axioma,
3254 4994 3302 5022 wie
3319 4995 3363 5022 der
3380 4995 3440 5023 Ma¬

2648 5037 2723 5071 gister
2741 5038 2761 5063 's
2780 5037 2884 5066 nannte,
2901 5035 2956 5062 übel
2974 5042 3004 5067 zu
3021 5034 3078 5068 Fall
3096 5033 3208 5061 kommen
3224 5033 3330 5061 können.
3346 5032 3440 5060 Daran

2648 5076 2726 5107 hängt
2744 5074 2808 5101 alles
2828 5075 2853 5100 in
2873 5075 2916 5100 der
2934 5072 3009 5100 Welt,
3028 5071 3089 5105 sagt'
3106 5077 3141 5099 er,
3160 5070 3220 5099 und,
3237 5075 3312 5097 wenn
3330 5070 3401 5097 einer
3420 5072 3440 5097 's

2648 5111 2765 5146 umstößt,
2781 5111 2805 5145 so
2821 5112 2875 5145 geht
2891 5110 2955 5138 alles
2971 5109 3032 5136 über
3049 5112 3100 5136 und
3115 5107 3241 5136 d'runter.
