3870 5551
206 168 292 226 Nr.
324 168 396 224 88
446 165 478 225 S

1555 177 1983 256 Einundsiebenzigster
2020 180 2259 265 Jahrgang.

157 268 997 702 Neue
1073 265 3649 835 Zürcher-Zeitung

322 818 755 858 Abonntmenispreise.
787 835 801 858 3
808 835 901 859 Monate.
925 838 944 860 6
944 838 1039 860 Monate.

172 863 266 895 Zürich
278 864 344 887 (wenn
357 861 388 882 die
402 861 493 890 Zeitung
508 865 601 891 abgeholt
614 867 677 891 wird)
717 885 723 892 .
750 886 756 892 .
783 871 818 897 Fr.
833 874 894 895 4.50
922 874 957 898 Fr.
983 875 1044 895 8.50

169 889 283 916 Schweiz
297 887 420 915 (Bestellung
434 890 485 910 beim
499 890 650 918 Postbureau)
684 911 689 918 .
714 911 720 922 .
797 900 813 922 „
813 900 892 922 6.—
932 912 950 924 „
974 902 1042 921 11.—

171 915 345 943 Deutschland
373 913 498 939 (Bestellung
518 918 571 940 beim
584 919 684 947 Postamt)
717 939 723 945 .
750 939 756 945 .
778 924 820 947 Mk.
836 927 891 949 6.25

172 941 452 968 Oesterreich-Ungarn
472 942 532 969 (Best.
549 946 569 968 b.
584 946 685 975 Postamt
719 950 741 976 fl.
756 950 774 972 ö.
788 952 820 974 W.
836 954 893 976 4.82

172 970 256 997 uebrige
267 969 353 990 Staaten
368 968 403 989 des
418 968 663 997 Weltpostvereins
677 991 683 998 .
710 992 717 1000 .
776 978 813 1005 Fr.
825 981 894 1002 11.50
920 981 956 1008 Fr.
969 984 1041 1003 22.—

1249 862 1395 999 und
1431 862 1986 1023 schweizerisches
2047 871 2569 1026 Handelsblatt.

315 1016 620 1050 Redaktionsbureau:
640 1024 787 1061 Brunngasse
805 1028 850 1056 Nr.
869 1028 892 1056 2.

2768 194 3054 268 Sonntag
3108 198 3202 260 29.
3240 199 3412 269 März
3448 200 3620 264 1891.

3022 847 3411 884 Insertionspreise:

2971 880 3010 905 Per
3023 882 3142 909 einspaltige
3151 882 3252 910 Petitzeile
3266 886 3311 907 oder
3325 886 3383 908 deren
3397 886 3469 908 Raum

2961 906 2991 928 die
3004 907 3093 935 Schweiz
3106 911 3133 931 25
3147 909 3200 934 Cts.,
3220 910 3255 936 für
3268 912 3305 932 das
3320 912 3418 935 Ausland
3430 915 3457 935 40
2915 906 2948 931 für
3470 910 3522 939 Cts.

2783 930 2945 958 Local-Inserate
2955 935 2981 955 20
2991 933 3034 956 Cts.
3049 935 3103 960 (excl.
3112 935 3188 961 finanz.
3198 936 3313 966 Anzeigen),
3328 938 3438 961 Reclamen
3447 940 3486 964 Fr.
3496 944 3539 964 1.—
3551 945 3586 964 per
3593 943 3658 967 Zeile.

3011 960 3123 988 Alleinige
3136 957 3378 990 Inseraten-Annahme
3392 966 3424 987 bei

3069 988 3225 1019 Rudolf
3237 992 3365 1023 Mosse

2783 1020 3021 1048 Annoncen-Expedition
3040 1026 3075 1053 für
3088 1028 3127 1050 alle
3141 1029 3297 1057 schweizerischen
3312 1032 3357 1053 und
3373 1030 3526 1057 ausländischen
3540 1031 3656 1060 Zeitungen

3045 1056 3152 1094 Zürich,
3171 1058 3321 1092 Schifflände
3334 1058 3377 1085 32.

272 1126 926 1225 Abonnements-Einladung.

248 1226 334 1269 Für
349 1227 424 1262 das
448 1228 489 1266 II.
503 1230 676 1270 Quartal
687 1236 787 1272 kann
800 1237 938 1273 wieder
956 1237 1016 1272 bei

181 1277 283 1313 allen
298 1274 542 1317 Postämtern
566 1281 632 1316 der
650 1284 825 1328 Schweiz,
850 1286 1015 1327 Deutsch¬

182 1326 316 1363 lands,
352 1325 597 1369 Oesterreichs
637 1335 716 1368 und
755 1335 1016 1377 Frankreichs,

183 1374 298 1416 sowie
314 1374 373 1410 bei
390 1376 458 1411 der
469 1376 792 1421 Unterzeichneten
807 1385 888 1420 und
900 1385 1017 1420 deren

180 1425 376 1466 Ablagen,
398 1432 445 1467 zu
461 1426 532 1461 den
556 1436 621 1463 am
644 1429 746 1472 Kops
769 1433 834 1468 der
851 1433 1016 1476 Zeitung

183 1472 452 1516 aufgeführten
475 1475 634 1517 Preisen
659 1480 843 1516 abonnirt
867 1484 1016 1517 werden

185 1523 267 1559 und
290 1522 391 1556 ladet
405 1529 474 1564 zur
489 1525 743 1569 rechtzeitigen
759 1529 1017 1573 Erneuerung

186 1574 253 1608 der
297 1570 598 1613 abgelaufenen,
649 1577 762 1616 sowie
804 1588 851 1621 zu
893 1588 1018 1615 neuen

187 1622 480 1657 Abonnements
504 1624 693 1667 ergebenst
717 1626 780 1662 ein

282 1678 335 1728 Die
362 1677 616 1731 Administration
644 1685 695 1725 der
722 1684 759 1733 N.
780 1686 965 1737 Zürch.-Ztg.

293 1820 346 1870 Die
375 1819 558 1874 italienische
586 1823 706 1875 Politik
735 1827 769 1868 in
796 1827 919 1878 Afrika.

723 1893 825 1927 Rom,
844 1894 886 1924 26.
903 1895 986 1930 März.

254 1927 290 1962 #
308 1926 414 1966 Afrika,
439 1929 491 1961 das
512 1930 593 1971 lange
607 1931 673 1972 Zeit
694 1943 732 1965 an
754 1935 813 1966 dem
830 1935 943 1976 Erfolge
964 1936 1022 1967 und

190 1974 302 2014 Ruhme
325 1971 442 2012 Crispis
464 1982 497 2013 zu
529 1975 650 2009 arbeiten
673 1978 767 2018 schien,
800 1979 848 2020 hat
870 1981 916 2021 sich
941 1989 1022 2021 gegen

191 2019 239 2059 ihn
264 2017 386 2058 gewandt
408 2018 466 2049 und
489 2018 587 2052 kommt
610 2021 670 2053 dem
684 2021 879 2063 Ministerium
892 2024 937 2057 Di
959 2025 1021 2058 Ru¬

190 2063 251 2097 dini
275 2071 306 2103 zu
326 2060 414 2103 Hilfe.
461 2060 519 2094 Die
540 2063 664 2105 Mission
686 2067 733 2098 des
749 2067 858 2108 Grafen
881 2069 1023 2101 Antonelli

190 2108 263 2141 beim
285 2106 383 2146 Negus
404 2104 529 2139 Menelik
551 2108 585 2148 ist
607 2109 765 2150 gescheitert.
809 2111 868 2145 Die
889 2113 946 2146 drei
961 2114 1024 2145 oder

191 2152 251 2185 vier
261 2149 414 2190 Italiener,
437 2150 531 2191 welche
552 2153 601 2193 sich
617 2153 649 2186 in
664 2155 760 2195 Schoa
780 2156 920 2197 befanden,
936 2158 1024 2198 haben

194 2197 242 2236 sich
267 2194 317 2227 mit
339 2194 485 2227 Antonelli
506 2197 710 2240 zurückgezogen
734 2201 789 2232 und
815 2201 873 2242 sind
895 2202 925 2234 in
948 2202 1025 2234 Aden

192 2240 391 2282 angekommen.

259 2284 306 2323 In
327 2284 437 2321 unserer
460 2284 549 2325 Presse
572 2286 619 2326 hat
658 2297 722 2320 man
752 2289 836 2329 diesen
859 2289 1025 2331 Thatsachen

194 2330 252 2363 eine
290 2327 472 2361 übertriebene
500 2328 668 2372 Bedeutung
705 2333 845 2374 beigelegt,
882 2335 935 2367 wir
967 2335 1026 2375 sind

195 2375 260 2407 eben
284 2372 325 2404 ein
348 2373 551 2414 empfindliches
565 2374 636 2407 Volk
659 2377 714 2408 und
738 2378 826 2418 wenig
849 2379 974 2420 gewöhnt
989 2388 1027 2411 an

194 2417 326 2452 koloniale
358 2418 630 2459 Unternehmungen.
676 2421 731 2460 Im
765 2421 880 2463 Ganzen
916 2432 1026 2464 genom¬

196 2472 258 2497 men
281 2461 313 2502 ist
350 2461 443 2501 unsere
480 2462 649 2504 afrikanische
672 2465 775 2503 Politik
810 2466 962 2507 glücklicher
983 2477 1027 2507 ge¬

196 2509 293 2546 wesen,
328 2506 374 2538 als
397 2514 464 2538 man
501 2507 591 2548 hoffen
626 2509 725 2549 durfte.
770 2509 835 2543 Wir
866 2511 950 2551 haben
972 2521 1028 2544 nur

195 2554 246 2586 das
269 2550 383 2590 Unrecht
412 2551 520 2591 gehabt,
557 2552 640 2593 dafür
676 2563 708 2594 zu
746 2554 799 2586 viel
820 2554 894 2588 Geld
927 2560 1028 2597 auszu¬

195 2597 289 2639 geben,
310 2596 361 2626 das
398 2595 453 2627 wir
489 2595 569 2636 besser
606 2597 654 2637 für
683 2603 740 2630 uns
777 2599 900 2638 behalten
924 2600 1028 2639 hätten.

195 2640 293 2682 Afrika
313 2640 363 2680 hat
384 2644 442 2671 uns
481 2639 511 2671 in
533 2641 584 2672 den
616 2640 706 2682 letzten
742 2643 806 2683 fünf
827 2644 940 2684 Jahren
963 2645 1028 2676 über

196 2686 313 2726 hundert
334 2682 492 2716 Millionen
515 2684 633 2725 gekostet,
672 2687 726 2718 und
750 2687 790 2719 die
812 2688 964 2727 Resultate,
986 2689 1029 2720 die

197 2730 250 2763 wir
275 2730 333 2760 dort
358 2727 465 2766 hatten,
488 2729 601 2760 wurden
623 2738 657 2769 zu
680 2731 773 2770 theuer
795 2731 908 2772 bezahlt.

262 2772 319 2805 Die
356 2771 428 2811 Leser
459 2772 587 2804 erinnern
623 2773 673 2814 sich
706 2775 753 2806 der
785 2775 1030 2816 Niedermetzelung

196 2819 238 2851 bei
261 2815 380 2856 Dogali,
402 2816 497 2855 welche
530 2816 572 2848 die
605 2818 756 2858 öffentliche
787 2818 930 2860 Meinung
964 2820 1032 2860 stark

195 2860 350 2901 beschäftigt
371 2859 430 2897 hat.
454 2859 530 2891 Dem
551 2861 673 2900 Unglück
692 2862 734 2894 bei
751 2861 862 2903 Dogali
884 2864 1031 2896 verdanken

191 2906 261 2943 wir,
285 2903 333 2941 daß
357 2902 457 2942 Crispi
473 2908 526 2935 ans
537 2904 634 2936 Ruder
644 2905 713 2943 kam,
736 2906 845 2946 welcher
858 2908 919 2948 nach
933 2907 1030 2948 seinem

197 2950 306 2991 eigenen
331 2946 485 2979 Ausdrucke
517 2948 565 2988 sich
600 2957 650 2989 zur
683 2950 807 2991 Aufgabe
840 2953 951 2992 machte,
987 2952 1030 2984 die

197 2990 338 3027 nationale
362 2990 435 3031 Ehre
465 3000 498 3032 zu
530 2992 635 3031 rächen.
681 2993 759 3027 Man
793 2996 873 3035 weiß,
904 2997 956 3036 daß
988 2996 1030 3028 die

197 3035 414 3077 Bescheidenheit
437 3035 508 3075 nicht
531 3036 571 3068 die
594 3037 842 3079 hervorstechendste
861 3039 1031 3081 Eigenschaft

197 3083 241 3123 ist,
269 3080 319 3112 mit
340 3079 451 3120 welcher
485 3080 583 3119 Crispi
616 3081 733 3123 glänzte.
779 3083 819 3116 Er
856 3085 944 3125 dachte
980 3086 1031 3125 auf

196 3125 299 3165 Rache,
320 3124 397 3163 mehr
419 3124 483 3156 aber
505 3124 567 3164 noch
586 3134 620 3156 an
634 3126 722 3166 seinen
734 3128 912 3168 persönlichen
920 3129 1028 3169 Ruhm.

194 3171 238 3204 Er
262 3168 427 3208 unterstützte
452 3170 500 3200 den
523 3168 614 3209 König
648 3177 701 3202 von
730 3171 825 3211 Schoa
859 3173 910 3205 mit
945 3173 1030 3211 Geld,

195 3214 311 3255 Waffen
333 3213 389 3244 und
412 3212 576 3250 Munition,
600 3216 656 3247 und
680 3215 731 3253 ließ
754 3215 802 3256 ihn
826 3217 877 3257 auf
888 3217 928 3249 die
940 3217 1028 3257 Nach¬

196 3259 271 3301 folge
294 3258 338 3289 des
362 3257 461 3298 Negus
484 3257 635 3297 Johannes
670 3260 769 3300 hoffen.
814 3260 938 3293 Menelik
970 3268 1030 3293 war

196 3304 241 3336 ein
262 3302 329 3334 alter
362 3301 474 3339 Freund
508 3301 609 3343 einiger
642 3303 797 3342 Italiener,
833 3306 926 3345 welche
964 3306 1029 3345 nach

194 3347 295 3387 Schoa
315 3354 455 3387 gegangen
475 3352 579 3382 waren,
602 3348 660 3379 und
682 3348 844 3387 namentlich
861 3350 907 3382 des
918 3349 1030 3390 Grafen

193 3390 350 3427 Antonelli,
385 3389 460 3422 eines
488 3390 589 3431 jungen
611 3391 756 3431 römischen
790 3392 939 3432 Reisenden
972 3395 1029 3426 und

192 3436 381 3470 Verwandten
415 3436 463 3466 des
492 3435 677 3474 verstorbenen
699 3435 853 3468 Kardinals
876 3437 1029 3476 Antonelli,

195 3483 243 3514 des
268 3478 412 3511 bekannten
435 3479 674 3519 Staatssekretärs
697 3481 743 3511 des
755 3480 872 3520 Papstes
884 3481 959 3520 Pius
970 3482 1028 3515 IX.

192 3523 320 3559 Menelik
347 3523 432 3564 nahm
463 3524 554 3561 unsere
577 3524 814 3565 Unterstützungen
848 3527 903 3558 und
936 3527 1028 3567 Rath¬

193 3569 298 3611 schläge
318 3576 398 3609 gerne
419 3577 475 3608 an;
498 3577 525 3599 er
547 3568 674 3609 bedrohte
695 3569 745 3600 den
755 3570 854 3609 Negus
865 3569 1029 3610 Johannes,

195 3615 265 3654 ohne
288 3613 333 3653 sich
358 3612 381 3652 je
404 3621 437 3653 zu
461 3611 579 3653 schlagen
604 3613 660 3645 und
684 3619 744 3644 war
767 3614 812 3653 für
836 3619 892 3646 uns
914 3621 968 3646 von
983 3624 1027 3656 ge¬

193 3658 299 3699 wissem
319 3657 431 3695 Nutzen.
467 3656 539 3688 Aber
561 3655 686 3689 Menelik
707 3658 795 3696 hütete
817 3657 865 3697 sich
889 3658 973 3697 wohl,
996 3663 1027 3690 es

194 3711 257 3745 zum
281 3700 397 3740 Kampfe
419 3700 472 3732 mit
494 3700 647 3740 Johannes
677 3701 831 3734 ankommen
867 3710 898 3742 zu
932 3702 1026 3743 lassen.

194 3747 295 3787 Dieser
316 3745 390 3784 hatte
413 3745 513 3785 großen
536 3744 640 3785 Muth,
675 3746 802 3786 während
835 3745 958 3779 Menelik
980 3747 1027 3778 als

190 3792 253 3833 sehr
276 3790 340 3831 feige
365 3789 508 3829 betrachtet
530 3788 610 3821 wird.

262 3835 317 3873 Im
339 3833 419 3874 Jahr
445 3832 528 3865 1888
552 3835 717 3875 unternahm
742 3834 839 3874 Crispi
874 3834 912 3867 die
946 3834 1026 3875 große

193 3866 367 3918 militärische
389 3877 564 3918 Expedition,
598 3878 692 3918 welche
725 3885 780 3910 von
812 3878 948 3920 Massaua
979 3878 1026 3910 bis

190 3924 256 3964 nach
282 3922 382 3958 Saati,
405 3925 475 3954 etwa
499 3922 539 3953 25
562 3920 711 3954 Kilometer
745 3922 808 3955 weit
841 3922 888 3956 ins
916 3923 1025 3962 Innere

189 3970 268 4009 kam;
292 3976 318 3999 er
341 3966 477 4007 befestigte
499 3966 548 3998 den
570 3965 643 3999 Ort.
687 3966 750 3999 Der
761 3968 860 4008 Negus
875 3967 1025 4007 Johannes

1057 1141 1145 1179 wagte
1169 1137 1250 1178 nicht,
1273 1138 1365 1178 unsere
1399 1139 1572 1181 Stellungen
1606 1142 1791 1183 anzugreifen.
1844 1143 1893 1176 So

1059 1182 1132 1222 hatte
1166 1182 1208 1215 die
1241 1182 1415 1224 Expedition,
1449 1185 1542 1225 welche
1577 1185 1629 1227 fast
1662 1186 1704 1218 40
1735 1185 1893 1220 Millionen

1057 1226 1159 1267 kostete,
1180 1226 1238 1259 kein
1260 1227 1373 1260 direktes
1395 1228 1543 1269 Ergebniß.
1597 1230 1672 1262 Aber
1692 1230 1807 1263 indirekt
1829 1235 1895 1273 trug

1058 1271 1093 1311 sie
1115 1271 1183 1312 dazu
1207 1271 1258 1308 bei,
1280 1271 1321 1304 die
1342 1271 1447 1305 Mittel
1479 1274 1527 1305 des
1550 1274 1649 1315 Negus
1671 1274 1824 1315 Johannes
1862 1285 1894 1317 zu

1060 1314 1210 1356 erschöpfen
1248 1316 1302 1348 und
1339 1316 1409 1356 seine
1442 1316 1579 1357 Truppen
1613 1328 1646 1359 zu
1680 1319 1894 1360 demoralisiren.

1060 1358 1134 1401 Kurz
1178 1359 1292 1400 nachher
1327 1361 1422 1393 wurde
1459 1370 1487 1393 er
1525 1361 1553 1393 in
1589 1363 1633 1394 der
1670 1363 1801 1404 Schlacht
1841 1372 1895 1397 von

1060 1403 1235 1443 Metemmah
1283 1411 1335 1436 von
1367 1405 1418 1437 den
1448 1404 1621 1446 Derwischen
1655 1408 1806 1449 geschlagen
1840 1410 1895 1441 und

1060 1449 1186 1489 getödtet.

1129 1492 1205 1532 Nach
1229 1493 1288 1524 dem
1309 1492 1386 1525 Tode
1420 1493 1466 1525 des
1488 1495 1588 1535 Negus
1611 1495 1716 1536 begann
1750 1496 1808 1529 eine
1831 1507 1896 1530 neue

1060 1536 1186 1575 Periode,
1210 1536 1303 1575 welche
1326 1536 1373 1577 für
1396 1537 1437 1569 die
1460 1538 1620 1579 italienische
1632 1540 1736 1579 Politik
1758 1541 1789 1573 in
1802 1541 1896 1582 Afrika

1063 1580 1183 1621 glücklich
1208 1589 1240 1621 zu
1263 1580 1317 1620 sein
1340 1580 1434 1622 schien.
1479 1582 1603 1617 Mwnelik
1625 1585 1717 1616 wurde
1740 1585 1787 1617 als
1799 1586 1897 1627 Negus

1063 1625 1229 1666 ausgerufen
1252 1625 1308 1657 und
1331 1625 1378 1658 als
1399 1626 1495 1667 solcher
1518 1628 1634 1668 gekrönt.
1679 1629 1780 1669 Unsere
1802 1629 1897 1669 Trup¬

1064 1675 1114 1708 pen
1138 1670 1256 1709 besetzten
1279 1669 1404 1703 Asmara
1427 1673 1481 1703 und
1506 1673 1557 1704 das
1580 1672 1766 1714 hochgelegene
1800 1672 1898 1712 Keren,

1063 1713 1156 1753 welche
1179 1713 1253 1746 Orte
1275 1723 1340 1746 man
1365 1715 1411 1747 als
1435 1716 1483 1747 den
1507 1716 1647 1757 Schlüssel
1669 1724 1723 1749 von
1742 1718 1898 1759 Abessinien

1064 1758 1103 1789 im
1125 1758 1228 1791 Süden
1251 1759 1307 1790 und
1330 1765 1394 1791 vom
1416 1759 1524 1792 Sudan
1547 1760 1587 1793 im
1610 1762 1722 1794 Norden
1745 1762 1896 1804 betrachtet.

1064 1801 1141 1835 Man
1165 1802 1230 1841 muß
1253 1803 1301 1843 sich
1324 1803 1463 1842 erinnern,
1486 1804 1538 1843 daß
1561 1805 1715 1846 Abessinien
1738 1807 1782 1838 ein
1805 1807 1899 1846 schwer

1064 1846 1252 1888 zugängliches
1283 1846 1472 1888 Hochplateau
1505 1848 1547 1888 ist.
1593 1849 1730 1890 Zwischen
1764 1850 1900 1892 Massaua

1065 1900 1110 1922 am
1132 1891 1230 1924 Meere
1252 1893 1308 1923 und
1331 1891 1467 1930 Asmara,
1494 1900 1537 1924 wo
1572 1894 1623 1926 das
1645 1894 1834 1936 Hochplateau
1857 1896 1899 1928 be¬

1065 1934 1156 1976 ginnt,
1178 1935 1213 1976 ist
1234 1935 1293 1967 eine
1313 1935 1492 1977 Entfernung
1522 1943 1576 1969 von
1599 1939 1735 1980 ungefähr
1756 1939 1801 1971 80
1821 1939 1900 1972 Kilo¬

1064 1982 1177 2012 metern.

1131 2024 1256 2056 Asmara
1285 2023 1350 2064 liegt
1382 2025 1466 2064 jedoch
1503 2026 1587 2058 2500
1611 2026 1705 2059 Meter
1743 2027 1810 2059 über
1843 2029 1902 2060 dem

1067 2067 1160 2100 Meer.
1205 2067 1263 2100 Die
1274 2067 1420 2109 Steigung
1444 2069 1476 2109 ist
1499 2070 1555 2101 eine
1578 2070 1636 2110 sehr
1659 2071 1738 2111 starke
1754 2072 1810 2103 und
1822 2072 1902 2112 plötz¬

1068 2111 1140 2152 liche.
1185 2111 1263 2145 Man
1287 2112 1399 2154 gelangt
1421 2113 1484 2152 nach
1502 2114 1626 2147 Asmara
1649 2124 1703 2147 nur
1726 2116 1777 2155 auf
1792 2115 1902 2149 Saum¬

1068 2157 1178 2197 pfaden,
1200 2156 1294 2196 welche
1316 2157 1396 2197 durch
1419 2158 1587 2198 Schluchten
1609 2160 1717 2200 führen.
1761 2159 1903 2201 Während

1069 2202 1113 2233 der
1135 2201 1272 2233 Sommer
1297 2201 1325 2232 in
1337 2200 1475 2243 Massaua
1498 2202 1556 2243 sehr
1580 2203 1639 2243 heiß
1662 2203 1704 2244 ist,
1728 2203 1786 2243 läßt
1810 2209 1839 2237 es
1854 2204 1902 2245 sich

1069 2245 1098 2277 in
1121 2245 1245 2277 Asmara
1268 2245 1326 2285 sehr
1348 2249 1399 2287 gut
1430 2246 1514 2278 leben.
1559 2246 1602 2280 Es
1632 2247 1690 2288 gibt
1712 2248 1792 2288 sogar
1814 2247 1903 2287 Leute,

1070 2288 1162 2329 welche
1185 2290 1230 2321 der
1252 2289 1396 2331 Meinung
1419 2291 1487 2331 sind,
1517 2292 1568 2323 das
1601 2291 1789 2334 Hochplateau
1822 2293 1904 2325 könne

1070 2333 1117 2374 für
1139 2333 1196 2366 eine
1220 2333 1578 2376 Ackerbauer-Ansiedelung
1606 2336 1709 2373 dienen,
1747 2336 1841 2377 welche
1874 2337 1904 2369 in

1071 2379 1116 2410 der
1138 2378 1302 2419 vollständig
1324 2379 1425 2411 dürren
1448 2379 1537 2411 Ebene
1560 2380 1713 2420 unmöglich
1737 2383 1821 2413 wäre.

1136 2422 1261 2454 Asmara
1283 2429 1343 2454 war
1367 2423 1491 2463 demnach
1509 2424 1555 2464 für
1567 2429 1623 2456 uns
1635 2424 1794 2464 militärisch
1807 2426 1902 2465 außer¬

1072 2467 1217 2506 ordentlich
1240 2466 1357 2507 wichtig,
1382 2468 1438 2499 und
1470 2477 1537 2500 man
1559 2468 1659 2508 besetzte
1682 2473 1711 2500 es
1735 2469 1802 2506 also.
1846 2469 1905 2502 Die

1072 2511 1228 2551 Einnahme
1250 2512 1295 2543 der
1317 2511 1410 2544 Stadt
1433 2511 1606 2551 schmeichelte
1628 2514 1736 2551 unserer
1748 2513 1905 2553 Eigenliebe

1072 2564 1120 2588 um
1141 2557 1169 2594 so
1191 2555 1278 2595 mehr,
1313 2555 1358 2587 als
1392 2556 1427 2597 sie
1462 2556 1502 2588 die
1529 2556 1658 2598 Residenz
1682 2557 1817 2597 desselben
1840 2558 1905 2591 Ras

1072 2599 1160 2632 Alula
1183 2600 1299 2640 gewesen
1321 2606 1392 2638 war,
1416 2601 1461 2632 der
1483 2601 1576 2639 unsere
1589 2601 1725 2641 Truppen
1741 2601 1783 2633 bei
1796 2601 1906 2643 Dogali

1072 2643 1225 2684 überfallen
1246 2644 1304 2675 und
1325 2644 1547 2685 niedergemetzelt
1580 2644 1655 2686 hatte
1687 2646 1745 2677 und
1766 2654 1828 2678 nun
1850 2647 1906 2685 sein

1072 2688 1225 2720 Abenteuer
1248 2688 1339 2727 theuer
1362 2688 1450 2728 büßen
1472 2689 1573 2728 mußte.
1619 2689 1684 2722 Die
1699 2689 1835 2730 Klugheit
1847 2698 1905 2722 ver¬

1073 2732 1176 2773 langte,
1199 2732 1251 2772 daß
1273 2732 1325 2763 wir
1348 2732 1379 2763 in
1392 2732 1516 2764 Asmara
1538 2732 1626 2773 stehen
1649 2733 1764 2772 blieben,
1784 2735 1834 2767 den
1845 2735 1906 2768 Ort

1073 2776 1227 2818 befestigten
1249 2776 1304 2807 und
1327 2775 1418 2815 hinter
1440 2776 1538 2817 sichern
1560 2776 1673 2810 Wällen
1694 2777 1814 2818 künftige
1837 2781 1906 2820 gün¬

1074 2819 1137 2861 stige
1161 2819 1372 2859 Gelegenheiten
1396 2820 1572 2852 abwarteten.
1617 2822 1691 2853 Aber
1724 2823 1769 2853 der
1791 2823 1907 2861 Appetit

1073 2864 1173 2897 kommt
1205 2864 1277 2895 beim
1310 2863 1402 2905 Essen.
1447 2864 1599 2904 Einerseits
1630 2865 1771 2906 verlangte
1805 2866 1905 2907 Crispi

1073 2907 1265 2948 Ausdehnung
1277 2908 1386 2945 unserer
1397 2908 1573 2948 Okkupation
1597 2909 1642 2941 bis
1653 2910 1716 2949 nach
1735 2911 1794 2942 dem
1806 2911 1906 2952 achtzig

1073 2951 1224 2984 Kilometer
1246 2951 1365 2993 nördlich
1402 2959 1456 2984 von
1485 2953 1611 2985 Asmara
1645 2954 1785 2994 gelegenen
1808 2953 1905 2988 Keren.

1074 2996 1231 3035 Anderseits
1264 2997 1431 3037 unternahm
1461 2997 1540 3037 unser
1572 2997 1843 3038 Oberbefehlshaber
1874 3000 1903 3031 in

1074 3039 1220 3082 Massaua,
1244 3039 1366 3073 General
1395 3040 1500 3079 Orero,
1531 3042 1609 3074 einen
1631 3042 1906 3085 Rekognoszirungs¬

1074 3094 1124 3125 zug
1146 3085 1211 3123 nach
1235 3084 1326 3122 Adua,
1359 3086 1405 3117 der
1436 3085 1509 3117 alten
1531 3085 1701 3127 Hauptstadt
1723 3087 1906 3127 Abessiniens.

1073 3129 1148 3169 Zum
1172 3128 1258 3162 Glück
1279 3128 1364 3169 kehrte
1399 3138 1427 3161 er
1461 3130 1613 3171 allerdings
1647 3130 1781 3172 schleunig
1810 3132 1907 3164 wieder

1074 3181 1126 3205 von
1150 3173 1247 3213 seinem
1269 3173 1372 3212 kühnen
1386 3174 1510 3214 Ausflug
1522 3174 1623 3215 zurück.
1670 3175 1742 3207 Aber
1765 3176 1816 3208 das
1832 3176 1906 3209 Land

1073 3218 1164 3257 mußte
1187 3218 1250 3249 eben
1274 3217 1333 3257 doch
1357 3218 1399 3249 die
1421 3218 1521 3258 Kosten
1545 3219 1590 3251 der
1613 3219 1841 3261 Unternehmung
1864 3221 1906 3252 be¬

1074 3262 1179 3302 zahlen,
1214 3262 1240 3301 so
1274 3261 1325 3301 daß
1354 3266 1411 3293 uns
1442 3262 1481 3294 die
1504 3261 1735 3302 Kolonialpolitik
1757 3264 1796 3295 im
1819 3264 1906 3304 letzten

1073 3306 1167 3347 Jahre
1189 3306 1292 3346 nahezu
1316 3306 1419 3347 dreißig
1442 3306 1599 3339 Millionen
1623 3307 1731 3348 gekostet
1753 3308 1812 3347 hat.

1139 3349 1317 3390 Gleichzeitig
1338 3350 1409 3390 setzte
1431 3352 1524 3388 unsere
1544 3351 1705 3392 Regierung
1739 3352 1781 3384 die
1818 3353 1906 3392 diplo¬

1073 3395 1215 3435 matischen
1238 3394 1503 3435 Unterhandlungen
1527 3395 1579 3427 mit
1602 3395 1726 3428 Menelik
1749 3397 1816 3437 fort,
1850 3398 1907 3429 und

1074 3443 1103 3470 es
1125 3439 1183 3471 kam
1207 3438 1349 3478 schließlich
1374 3448 1436 3479 zum
1460 3439 1592 3479 Abschluß
1616 3441 1663 3472 des
1685 3440 1837 3480 Vertrages
1853 3448 1906 3473 von

1072 3482 1200 3520 Uccialli,
1224 3482 1332 3522 welcher
1354 3483 1401 3515 als
1425 3484 1469 3515 der
1491 3483 1585 3524 größte
1608 3484 1707 3525 Erfolg
1732 3484 1849 3525 Crispis
1865 3495 1906 3526 ge¬

1073 3527 1176 3567 priesen
1199 3528 1301 3559 wurde.
1346 3527 1422 3567 Nach
1447 3529 1504 3559 dem
1528 3527 1709 3568 italienischen
1731 3528 1801 3569 Text
1824 3529 1907 3569 dieses

1071 3570 1225 3612 Vertrages
1247 3570 1409 3603 anerkannte
1419 3571 1544 3604 Menelik
1565 3572 1608 3604 die
1630 3579 1684 3604 von
1706 3577 1764 3604 uns
1787 3574 1838 3615 auf
1848 3574 1908 3606 dem

1070 3614 1213 3656 Hochland
1236 3616 1283 3655 für
1306 3616 1385 3656 unser
1407 3614 1607 3655 Kolonialreich
1621 3626 1767 3658 gezogenen
1780 3616 1906 3659 Grenzen

1072 3660 1128 3692 und
1151 3660 1331 3699 verpflichtete
1364 3660 1424 3700 sich,
1459 3660 1511 3692 mit
1545 3662 1647 3693 andern
1681 3660 1815 3700 Mächten
1852 3671 1906 3694 nur

1072 3703 1149 3743 durch
1175 3703 1336 3743 italienische
1346 3704 1540 3744 Vermittlung
1563 3713 1595 3745 zu
1608 3705 1818 3745 unterhandeln.
1842 3705 1906 3738 Wir

1071 3747 1237 3788 bewilligten
1261 3749 1319 3779 dem
1342 3747 1436 3789 König
1459 3749 1515 3780 eine
1531 3748 1647 3789 Anleihe
1670 3755 1723 3781 von
1747 3749 1805 3781 vier
1820 3749 1905 3783 Mill.

1070 3791 1205 3829 Franken,
1229 3798 1282 3824 von
1295 3793 1377 3824 denen
1400 3793 1466 3833 zwei
1487 3792 1588 3825 bereits
1611 3802 1647 3825 an
1660 3793 1708 3832 ihn
1720 3793 1826 3834 bezahlt
1837 3795 1905 3835 sind.

1069 3834 1153 3868 Wäre
1178 3837 1230 3867 das
1253 3836 1367 3877 wirklich
1392 3838 1438 3869 der
1460 3836 1568 3877 Inhalt
1603 3839 1650 3869 des
1672 3837 1825 3878 Vertrages
1862 3848 1904 3879 ge¬

1069 3880 1164 3918 wesen,
1187 3880 1214 3919 so
1238 3887 1298 3912 war
1321 3884 1350 3913 es
1373 3880 1442 3919 klar,
1465 3881 1516 3920 daß
1547 3881 1593 3921 für
1627 3882 1706 3919 unser
1739 3881 1814 3915 Land
1848 3883 1905 3915 eine

1069 3922 1184 3961 Periode
1208 3925 1253 3956 der
1275 3924 1357 3965 Ruhe
1381 3925 1411 3957 in
1436 3924 1531 3965 Astika
1554 3925 1631 3965 ihren
1655 3925 1769 3966 Anfang
1799 3927 1904 3968 nahm;

1069 3967 1125 3999 wir
1144 3967 1296 4000 verblieben
1320 3968 1358 4000 im
1384 3969 1537 4009 friedlichen
1559 3968 1646 4010 Besitz
1668 3970 1715 4001 des
1739 3969 1904 4011 hochgelege¬

1937 1152 1991 1176 nen
2009 1142 2118 1180 Landes
2138 1144 2226 1186 Tigre
2247 1146 2305 1179 und
2327 1146 2443 1180 konnten
2466 1148 2529 1181 dort
2552 1150 2645 1190 unsere
2656 1149 2774 1183 Koloni¬

1939 1187 2125 1230 sirungskunst
2146 1189 2287 1229 erproben.

2003 1231 2102 1276 Letzten
2122 1232 2222 1275 Herbst
2243 1234 2352 1275 begann
2374 1236 2438 1269 aber
2460 1236 2491 1269 in
2514 1237 2560 1270 der
2583 1238 2775 1280 französischen

1939 1271 2032 1317 Presse
2055 1276 2106 1310 das
2124 1276 2245 1318 Gerücht
2268 1278 2488 1322 durchzusickern,
2511 1281 2564 1321 daß
2576 1282 2701 1316 Menelik
2724 1284 2774 1316 den

1939 1320 2060 1361 Vertrag
2083 1330 2152 1363 ganz
2175 1323 2277 1355 anders
2300 1324 2423 1367 auslege.
2458 1325 2558 1366 Crispi
2582 1327 2704 1365 erklärte,
2725 1328 2776 1359 das

1940 1365 2010 1405 seien
2032 1365 2202 1407 französische
2224 1366 2326 1408 Lügen.
2372 1368 2427 1402 Als
2461 1369 2525 1402 aber
2548 1371 2594 1404 der
2616 1371 2694 1412 Graf
2716 1371 2777 1404 An¬

1941 1407 2049 1446 tonelli,
2071 1410 2116 1442 der
2138 1410 2202 1443 eben
2226 1410 2255 1443 in
2276 1411 2354 1445 Rom
2388 1413 2434 1446 als
2456 1413 2596 1447 Kandidat
2629 1416 2676 1456 für
2700 1416 2778 1449 einen

1941 1453 2188 1495 Abgeordnetensitz
2209 1455 2380 1496 aufgetreten
2401 1464 2470 1496 war,
2494 1460 2598 1500 wenige
2618 1460 2697 1501 Tage
2727 1467 2779 1493 vor

1942 1499 1988 1530 der
2007 1495 2096 1539 Wahl
2119 1498 2236 1539 plötzlich
2259 1500 2289 1532 in
2313 1502 2422 1542 größter
2444 1502 2506 1535 Eile
2529 1503 2643 1543 Italien
2666 1504 2778 1545 verließ,

1941 1542 2037 1576 konnte
2058 1542 2115 1579 kein
2135 1541 2297 1578 Denkender
2329 1545 2378 1587 sich
2401 1547 2478 1588 mehr
2499 1547 2546 1580 der
2567 1548 2779 1591 Ueberzeugung

1942 1582 2125 1626 verschließen,
2148 1587 2200 1627 daß
2222 1588 2251 1620 in
2263 1587 2359 1630 Afrika
2382 1594 2468 1623 etwas
2480 1591 2519 1624 im
2531 1592 2617 1633 Thun
2639 1593 2684 1631 sei.
2719 1593 2779 1625 An¬

1943 1622 2041 1679 tonelli
2075 1631 2160 1671 nahm
2184 1631 2268 1671 Geld,
2305 1633 2419 1675 Waffen
2456 1636 2513 1668 und
2540 1636 2694 1670 Munition
2731 1637 2781 1677 für

1943 1673 2068 1708 Menelik
2088 1675 2151 1707 mit.
2193 1676 2272 1717 Trotz
2294 1677 2378 1719 dieser
2400 1679 2580 1720 bestechenden
2592 1681 2781 1722 Ausstattung

1943 1719 1992 1759 hat
2011 1725 2043 1751 er
2065 1719 2189 1760 offenbar
2221 1720 2311 1762 nichts
2334 1723 2459 1765 erreicht;
2498 1733 2526 1757 er
2563 1725 2635 1765 kehrt
2672 1725 2778 1766 zurück,

1944 1762 2069 1803 nachdem
2092 1773 2121 1796 er
2142 1764 2197 1797 alle
2219 1766 2485 1809 Unterhandlungen
2519 1769 2573 1802 mit
2600 1771 2658 1802 dem
2680 1771 2782 1810 Negus

1944 1806 2132 1848 abgebrochen.

2009 1851 2186 1893 Einstweilen
2209 1853 2241 1894 ist
2264 1854 2316 1887 das
2338 1856 2420 1893 alles,
2447 1860 2509 1888 was
2532 1857 2586 1890 wir
2607 1857 2701 1899 wissen
2724 1859 2781 1890 und

1947 1895 1987 1927 all
2010 1895 2062 1928 das
2083 1896 2117 1936 ist
2139 1897 2211 1937 nicht
2233 1904 2287 1930 von
2310 1900 2408 1940 großer
2432 1899 2613 1942 Wichtigkeit.
2658 1901 2784 1935 Menelik

1946 1939 1981 1979 ist
2057 1940 2134 1981 feige,
2156 1949 2207 1973 um
2228 1946 2286 1974 uns
2307 1944 2410 1983 jemals
2435 1946 2620 1987 anzugreifen.
2664 1946 2781 1985 Italien

1947 1983 2012 2015 aber
2032 1983 2081 2024 hat
2103 1984 2134 2018 in
2156 1985 2252 2027 Afrika
2273 1986 2343 2027 seine
2365 1988 2561 2031 Erfahrungen
2584 1990 2703 2031 gemacht
2726 1992 2783 2023 und

1947 2027 2019 2060 wird
2041 2028 2120 2069 sicher
2141 2031 2228 2063 weder
2249 2030 2412 2072 Menschen-
2429 2033 2493 2074 noch
2530 2034 2682 2075 Geldopfer
2704 2035 2783 2067 brin¬

1948 2081 2011 2112 gen,
2032 2081 2080 2105 um
2103 2073 2160 2106 eine
2183 2075 2366 2117 vermeintlich
2396 2077 2511 2118 verletzte
2534 2079 2734 2119 Nationalehre
2746 2088 2784 2111 an

1949 2117 2036 2148 einem
2058 2116 2286 2160 Barbarenkönig
2309 2129 2342 2161 zu
2365 2121 2470 2161 rächen,
2494 2123 2540 2155 der
2562 2123 2692 2162 vielleicht
2712 2123 2785 2164 nicht

1949 2160 2053 2194 einmal
2073 2161 2114 2193 im
2135 2163 2252 2203 Unrecht
2274 2164 2317 2204 ist,
2340 2165 2377 2197 da
2387 2166 2610 2207 möglicherweise
2626 2167 2667 2199 die
2685 2167 2782 2200 beiden

1947 2205 2041 2246 Texte,
2049 2205 2094 2238 der
2102 2206 2264 2248 italienische
2272 2209 2328 2241 und
2335 2209 2380 2251 der
2380 2209 2548 2251 schoanische,
2548 2209 2622 2251 nicht
2629 2212 2779 2244 miteinan¬

1949 2250 1995 2281 der
2016 2249 2150 2289 stimmen.
2196 2251 2266 2287 Das
2298 2252 2495 2295 Ministerium
2526 2255 2636 2289 Rudini
2671 2256 2704 2296 ist
2738 2256 2786 2297 fest

1950 2292 2131 2336 entschlossen,
2154 2295 2201 2335 für
2223 2296 2319 2337 Afrika
2345 2298 2463 2339 weniger
2501 2297 2575 2333 Geld
2614 2301 2786 2341 auszugeben

1949 2338 2008 2369 und
2030 2337 2071 2371 die
2094 2339 2263 2380 afrikanische
2285 2340 2390 2380 Politik
2412 2343 2637 2384 einzuschränken.

2014 2379 2108 2415 Dabei
2147 2383 2180 2424 ist
2212 2383 2337 2418 Menelik
2370 2387 2416 2419 der
2436 2387 2611 2420 Verlierende
2643 2389 2700 2420 und
2734 2389 2788 2421 wir

1950 2425 2037 2465 haben
2060 2428 2109 2460 den
2131 2427 2270 2469 Vortheil.
2329 2430 2373 2463 Es
2397 2431 2454 2472 gibt
2475 2431 2506 2464 in
2528 2432 2684 2473 Abessinien
2722 2433 2787 2473 noch

1950 2470 2048 2502 andere
2069 2471 2282 2511 Prätendenten,
2305 2475 2391 2507 denen
2420 2475 2474 2508 wir
2495 2477 2589 2517 unsere
2623 2477 2787 2517 Unterstütz¬

1951 2523 2008 2554 ung
2030 2517 2174 2555 zuwenden
2211 2517 2323 2551 können.
2380 2519 2521 2560 Vielleicht
2555 2520 2628 2553 lernt
2661 2520 2790 2554 Menelik

1951 2557 2017 2598 diese
2039 2560 2103 2600 nach
2127 2560 2214 2601 ihrem
2236 2561 2349 2603 Werthe
2383 2563 2502 2604 schätzen,
2536 2572 2617 2597 wenn
2651 2574 2679 2597 er
2714 2565 2789 2606 ihrer

1951 2601 2083 2642 entbehrt.

2015 2646 2073 2686 Im
2084 2648 2230 2681 Auslande
2251 2650 2323 2690 mißt
2344 2660 2412 2683 man
2426 2652 2512 2692 diesen
2527 2653 2629 2685 kleinen
2642 2652 2789 2686 Kolonial¬

1951 2690 2073 2730 episoden
2095 2692 2150 2724 viel
2172 2702 2205 2734 zu
2230 2695 2309 2735 große
2320 2694 2489 2736 Bedeutung
2505 2696 2558 2729 bei.
2581 2697 2671 2738 Zweck
2685 2697 2790 2729 meiner

1951 2734 2244 2778 Auseinandersetzung
2277 2745 2338 2771 war
2383 2749 2416 2780 zu
2438 2740 2539 2781 zeigen,
2574 2742 2625 2779 daß
2659 2741 2790 2779 dieselben

1951 2782 2032 2812 unter
2054 2782 2111 2813 dem
2135 2783 2351 2823 gegenwärtigen
2375 2783 2493 2816 Kabinet
2515 2790 2572 2818 uns
2594 2787 2681 2818 weder
2701 2785 2791 2819 Men¬

1954 2822 2027 2862 schen
2049 2825 2112 2864 noch
2137 2824 2211 2858 Geld
2234 2826 2317 2866 kosten
2340 2828 2457 2860 werden.

2159 2953 2587 3018 Eidgenossenschaft.

2006 3039 2040 3044 —
2059 3026 2114 3055 Der
2131 3027 2296 3062 Bundesrath
2325 3030 2370 3063 hat
2397 3029 2435 3059 bei
2453 3030 2542 3066 Anlaß
2569 3031 2612 3062 der
2629 3032 2792 3062 Erneue¬

1951 3066 2221 3100 rungswahlen
2240 3067 2309 3103 des
2309 3067 2792 3106 Instruktionspersonals

1950 3112 2001 3132 neu
2018 3105 2144 3139 gewählt:
2177 3107 2221 3135 als
2248 3107 2477 3142 Kreisinstruktor:
2506 3109 2637 3144 Waßmer,
2666 3111 2790 3147 Göttlieb,

1951 3143 2189 3177 Oberstlieutenant
2207 3146 2243 3174 im
2262 3146 2441 3183 Generalstab,
2461 3157 2511 3177 von
2530 3150 2626 3185 Aarau,
2654 3150 2721 3185 bish.
2739 3151 2792 3186 In¬

1951 3183 2053 3216 struktor
2070 3184 2091 3213 I.
2115 3184 2207 3220 Klasse,
2236 3188 2308 3216 unter
2335 3188 2508 3223 gleichzeittger
2532 3190 2709 3225 Beförderung
2736 3199 2792 3226 zum

1952 3222 2078 3257 Obersten
2097 3224 2141 3253 der
2157 3225 2322 3262 Infanterie;
2341 3229 2385 3256 als
2403 3228 2579 3262 Instruktoren
2598 3230 2620 3259 I.
2637 3230 2723 3264 Klasse
2749 3231 2794 3261 der

1951 3262 2114 3296 Infanterie:
2128 3264 2167 3293 die
2177 3265 2321 3301 bisherigen
2331 3268 2506 3301 Instruktoren
2516 3268 2554 3298 II.
2563 3269 2647 3303 Klasse
2655 3270 2791 3306 Audéoud,

1952 3302 2048 3336 Alfred,
2067 3304 2159 3338 Major
2176 3313 2227 3333 von
2245 3305 2324 3340 Genf,
2342 3308 2408 3341 Rey,
2425 3308 2518 3342 Viktor,
2537 3309 2630 3344 Major
2647 3310 2674 3338 in
2693 3310 2791 3345 Aarau,

1951 3342 2096 3377 (Allfällige
2122 3345 2219 3374 weitere
2245 3345 2359 3381 Wahlen
2388 3356 2438 3376 von
2464 3348 2640 3381 Instruktoren
2665 3349 2688 3379 I.
2706 3350 2793 3385 Klasse

1951 3382 2028 3415 sollen
2056 3383 2101 3417 erst
2130 3384 2189 3418 nach
2215 3384 2386 3420 Beendigung
2414 3387 2456 3416 der
2484 3387 2655 3423 diesjährigen
2672 3389 2791 3424 Zentral¬

1952 3421 2026 3456 schule
2049 3421 2077 3449 II
2096 3431 2291 3457 vorgenommen
2316 3426 2456 3461 werden.);
2495 3428 2538 3457 als
2573 3428 2719 3462 Instruktor
2753 3429 2791 3460 II.

1951 3461 2036 3495 Klasse
2055 3464 2097 3491 der
2114 3463 2278 3496 Infanterie:
2304 3465 2519 3500 Immenhauser,
2539 3467 2673 3502 Gottfried,
2693 3469 2791 3503 Haupt¬

1952 3509 2033 3529 mann
2052 3510 2101 3531 von
2120 3502 2201 3531 Stein
2220 3511 2244 3532 a.
2262 3504 2332 3539 Rh.;
2350 3506 2394 3534 als
2412 3506 2587 3540 Instruktoren
2599 3507 2636 3536 II.
2645 3508 2729 3542 Klasse
2749 3508 2793 3538 der

1951 3541 2098 3575 Infanterie
2117 3543 2155 3571 die
2166 3543 2411 3574 Oberlieutenants:
2423 3545 2517 3580 Reiser,
2530 3547 2670 3582 Hermann,
2680 3548 2791 3583 Fischen¬

1951 3581 2012 3614 thal,
2032 3581 2151 3616 Schäppi,
2170 3583 2286 3618 Richard,
2305 3585 2471 3619 Winterthur,
2499 3585 2563 3621 Gut,
2581 3587 2673 3622 Jakob,
2690 3587 2790 3623 Zürich,

1951 3620 2079 3656 Ganzoni,
2097 3622 2230 3657 Friedrich,
2248 3624 2373 3659 Malans,
2401 3625 2535 3660 Monnier,
2562 3627 2679 3662 Johann,
2711 3627 2790 3663 Genf,

1952 3660 1981 3688 de
1999 3660 2090 3696 Preux,
2119 3662 2214 3697 Moriz,
2241 3663 2349 3698 Veyras,
2377 3665 2480 3699 Frame,
2508 3665 2607 3700 Eugen,
2633 3667 2789 3703 Oberhofen,

1950 3699 2028 3734 Kind,
2048 3700 2183 3736 Gottfried,
2202 3702 2281 3737 Chur,
2301 3704 2330 3732 de
2349 3704 2474 3739 Cocatrix,
2493 3704 2589 3740 Georg,
2616 3706 2662 3735 St.
2680 3707 2791 3743 Moritz;

1951 3741 1993 3768 als
2011 3740 2186 3775 Instruktoren
2204 3742 2226 3771 I.
2244 3742 2329 3778 Klasse
2347 3744 2391 3772 der
2399 3743 2559 3780 Kavallerie;
2571 3746 2681 3780 Pietzker,
2694 3747 2790 3783 Herm.,

1950 3779 2043 3814 Major
2061 3789 2109 3810 von
2127 3781 2219 3816 Luzem
2237 3782 2289 3812 und
2298 3783 2480 3818 Markwalder,
2489 3784 2614 3820 Traugott
2625 3794 2674 3815 von
2683 3786 2791 3821 Rieden,

1950 3818 2185 3852 Oberstlieutenant
2201 3822 2238 3850 im
2255 3821 2433 3857 Generalstab,
2462 3823 2589 3858 bisherige
2615 3825 2791 3859 Instruktoren

1949 3859 1987 3887 II.
2005 3858 2105 3895 Klasse;
2124 3862 2166 3889 als
2184 3861 2329 3895 Instruktor
2346 3862 2385 3891 II.
2403 3862 2486 3897 Klasse
2505 3863 2549 3894 der
2556 3864 2699 3894 Artillerie:
2710 3865 2790 3901 Kunz,

1950 3898 2056 3934 Rudolf,
2074 3900 2242 3935 Hauptmann
2260 3909 2309 3930 von
2328 3902 2508 3937 Regensberg;
2527 3905 2570 3933 als
2587 3905 2791 3939 Hilfsinstruktor

1949 3938 1994 3967 des
2013 3938 2111 3969 Genie:
2130 3940 2248 3974 Wächter,
2265 3941 2349 3975 Jakob
2368 3950 2419 3971 von
2436 3942 2578 3979 Windisch;
2596 3946 2638 3973 als
2647 3944 2793 3979 Instruktor

1950 3978 1972 4006 I.
2003 3977 2086 4013 Klasse
2116 3979 2160 4008 der
2189 3980 2437 4015 Sanitätstruppen:
2465 3982 2562 4017 Dasen,
2599 3984 2668 4018 Fritz,
2707 3984 2791 4014 Ober¬

2819 1150 2959 1180 lieutenant
2977 1160 3025 1182 von
3043 1153 3133 1189 Bem;
3151 1155 3194 1184 als
3212 1155 3448 1191 Hilfsinstruktoren
3466 1157 3510 1188 der
3530 1158 3660 1189 Sanität:

2819 1190 2896 1226 Fauz,
2915 1191 3013 1227 Rudolf
3030 1201 3081 1223 von
3091 1194 3257 1231 Winterthur,
3267 1196 3360 1232 Bronz,
3369 1195 3498 1232 Guiseppe
3505 1206 3555 1228 von
3565 1199 3661 1229 Bosco.

2819 1230 2874 1260 Die
2890 1231 2986 1265 Herren
3002 1232 3238 1268 Oberstlieutenant
3265 1236 3367 1270 Elgger,
3393 1236 3498 1271 Imfeld
3523 1238 3578 1268 und
3602 1239 3662 1273 Epp

2820 1270 2919 1299 werden
2936 1280 2965 1306 zu
2982 1271 3106 1307 Obersten
3125 1273 3168 1303 der
3184 1274 3333 1309 Infanterie
3358 1276 3490 1311 befördert.
3523 1277 3581 1308 Der
3602 1287 3662 1315 zum

2820 1309 3040 1346 Abtheilungschef
3067 1313 3111 1347 auf
3139 1314 3194 1343 dem
3219 1313 3503 1349 Generalstabsbureau
3538 1320 3662 1348 ernannte

2820 1350 2886 1384 Herr
2902 1350 2995 1385 Major
3010 1352 3157 1388 Schultheß,
3176 1353 3316 1389 bisheriger
3337 1355 3484 1390 Instruktor
3510 1357 3547 1387 II.
3577 1357 3663 1392 Klasse

2821 1390 2865 1419 der
2890 1390 3037 1425 Infanterie
3064 1393 3144 1427 erhält
3170 1393 3210 1422 die
3235 1394 3402 1430 nachgesuchte
3429 1396 3584 1432 Entlassung
3608 1407 3663 1428 von

2821 1430 2926 1464 letzterer
2943 1429 3036 1461 Stelle.

3079 1515 3416 1574 Kantone.

3168 1593 3318 1636 Zürich.

2877 1658 2912 1662 —
2940 1643 2982 1678 In
3011 1645 3083 1680 Enge
3118 1646 3184 1680 starb
3215 1646 3281 1682 Herr
3314 1648 3415 1678 Emil
3448 1648 3668 1685 Dürsteler-¬

2825 1683 3003 1719 Landolt,
3030 1685 3075 1714 der
3100 1686 3179 1719 seiner
3204 1687 3438 1722 Heimatgemeinde
3464 1688 3587 1724 Wetzikon
3610 1691 3667 1720 und

2825 1722 2883 1751 dem
2904 1731 2998 1758 ganzen
3014 1725 3100 1760 Bezirk
3116 1726 3145 1754 in
3165 1726 3314 1761 öffentlicher
3331 1727 3457 1763 Stellung
3475 1731 3543 1759 treue
3560 1730 3668 1764 Dienste

2826 1763 2934 1797 geleistet
2950 1763 3003 1793 und
3021 1766 3064 1794 als
3081 1765 3269 1801 Fabrikbesitzer
3294 1767 3337 1801 sich
3365 1767 3404 1797 die
3429 1768 3587 1804 Zuneigung
3611 1770 3667 1800 und

2826 1802 2876 1831 das
2893 1803 3032 1833 Vertrauen
3051 1805 3130 1839 seiner
3146 1806 3294 1841 zahlreichen
3304 1806 3420 1836 Arbeiter
3437 1808 3566 1838 erworben
3584 1809 3668 1844 hatte;

2827 1850 2852 1871 er
2869 1850 2924 1871 war
2941 1843 2982 1871 ein
2993 1843 3170 1879 lebensstoher,
3189 1846 3353 1881 freundlicher
3366 1847 3419 1876 und
3429 1847 3560 1883 gefälliger
3568 1849 3669 1883 Mann,

2827 1882 2870 1911 der
2887 1883 2976 1916 wußte,
2995 1882 3087 1918 Jedem
3106 1884 3156 1913 das
3174 1885 3258 1915 Seine
3285 1886 3428 1921 zukommen
3454 1895 3485 1922 zu
3510 1888 3589 1923 lassen
3612 1889 3668 1918 und

2826 1922 2870 1956 sich
2888 1922 2941 1951 und
2957 1923 3040 1957 seinen
3059 1924 3178 1959 Nächsten
3205 1925 3246 1955 ein
3274 1926 3446 1961 angenehmes
3469 1926 3551 1957 Leben
3572 1937 3602 1964 zu
3627 1928 3670 1958 be¬

2827 1962 2913 1991 reiten.

2880 2017 2913 2021 —
2941 2002 2998 2032 Der
3021 2003 3190 2033 Altersverein
3212 2005 3386 2035 Wädensweil
3417 2006 3506 2040 erhielt
3534 2016 3586 2037 von
3614 2009 3666 2038 den

2828 2041 2914 2070 Erben
2931 2041 2977 2071 des
2994 2043 3165 2077 verstorbenen
3195 2044 3502 2081 Nationalraths
3528 2048 3671 2082 Hauser

2828 2081 2874 2109 im
2892 2081 3077 2116 Gurnigel
3103 2084 3144 2112 ein
3162 2084 3451 2119 Erinnerungsgeschenk
3474 2095 3525 2116 von
3544 2088 3598 2116 500
3611 2088 3669 2123 Fr.,

2829 2120 2878 2150 das
2894 2121 3062 2157 Krankenasyl
3079 2123 3252 2154 Wädensweil
3282 2125 3322 2154 ein
3350 2125 3438 2158 solches
3465 2134 3517 2155 von
3533 2128 3605 2156 2000
3621 2127 3671 2163 Fr.

3150 2169 3312 2209 Luzern.

2901 2210 3012 2254 (Korr.)
3057 2211 3108 2245 Da
3132 2218 3162 2245 es
3190 2212 3262 2254 nicht
3296 2221 3351 2247 von
3386 2216 3500 2248 anderer
3521 2216 3604 2250 Seite
3625 2226 3671 2259 ge¬

2834 2255 2940 2296 schieht,
2963 2256 3093 2297 gestatten
3115 2257 3173 2290 Sie
3206 2258 3266 2291 dem
3289 2259 3437 2299 Schreiber
3470 2260 3553 2301 dieser
3575 2261 3673 2302 Zeilen

2835 2300 2922 2340 einige
2943 2299 3041 2333 Worte
3075 2301 3119 2333 der
3149 2301 3335 2344 Entgegnung
3369 2304 3420 2344 auf
3440 2303 3518 2346 Ihre
3540 2304 3674 2345 Luzerner

2833 2343 3054 2386 Korrespondenz
3077 2345 3221 2387 betreffend
3244 2347 3287 2379 die
3297 2347 3584 2390 Volksabstimmung.
3607 2349 3674 2383 Der

2836 2388 2919 2420 darin
2941 2389 3093 2430 enthaltene
3115 2390 3253 2433 Vorwurf
3290 2392 3336 2424 der
3368 2391 3609 2434 Bauernfängerei
3640 2394 3675 2435 ist

2836 2433 2973 2472 durchaus
2996 2433 3136 2474 ungerecht
3157 2435 3214 2466 und
3236 2435 3331 2468 könnte
3344 2435 3420 2476 leicht
3432 2438 3483 2477 auf
3497 2437 3554 2470 eine
3566 2439 3674 2476 andere,

2835 2477 2881 2508 als
2905 2477 2945 2509 die
2968 2477 3080 2510 liberale
3110 2478 3208 2517 Partei
3240 2481 3289 2512 des
3311 2478 3443 2512 Kantons
3465 2480 3570 2521 Luzern
3592 2491 3674 2523 ange¬

2835 2521 2939 2553 wendet
2960 2522 3076 2553 werden.
3121 2522 3188 2555 Wer
3221 2523 3270 2565 sich
3304 2524 3359 2557 mit
3391 2525 3442 2557 den
3467 2525 3675 2568 Verhältnissen

2835 2565 2875 2597 im
2898 2563 3012 2598 Kanton
3034 2565 3137 2607 Luzern
3160 2568 3223 2607 auch
3246 2577 3303 2601 nur
3325 2568 3525 2610 einigermaßen
3548 2574 3675 2604 vertraut

2834 2609 2933 2649 macht,
2956 2609 3025 2642 wird
3048 2611 3105 2642 und
3127 2611 3193 2651 muß
3216 2621 3266 2652 zur
3287 2612 3501 2655 Ueberzeugung
3530 2614 3675 2657 gelangen,

2835 2654 2888 2693 daß
2910 2658 2941 2685 es
2962 2654 3019 2687 eine
3047 2655 3326 2696 unstaatsmännische
3351 2656 3570 2699 Kurzsichtigkeit
3589 2663 3674 2697 wäre,

2836 2704 2916 2730 wenn
2939 2697 2997 2731 eine
3019 2698 3154 2739 politische
3166 2699 3274 2739 Partei,
3297 2701 3390 2741 welche
3400 2702 3466 2742 nach
3480 2704 3539 2735 dem
3550 2703 3675 2736 Staats¬

2836 2742 2919 2774 ruder
2952 2743 3073 2783 trachtet,
3106 2743 3178 2784 nicht
3216 2745 3256 2778 die
3293 2745 3437 2787 religiösen
3466 2744 3590 2789 Gefühle
3625 2749 3674 2780 des

2835 2786 2936 2818 Volkes
2960 2787 3023 2827 nach
3046 2786 3224 2828 Möglichkeit
3253 2789 3367 2829 schonte.
3410 2791 3475 2824 Und
3499 2798 3555 2824 wer
3578 2792 3675 2825 immer

2836 2834 2891 2862 ans
2914 2830 3105 2864 Staatsruder
3127 2842 3161 2873 zu
3184 2832 3271 2874 stehen
3293 2833 3413 2866 kommen
3428 2834 3511 2874 wird,
3532 2835 3602 2868 kann
3616 2836 3680 2868 und

2834 2875 2899 2915 darf
2920 2875 2968 2916 sich
2991 2876 3073 2916 dieser
3093 2875 3214 2917 Einsicht
3234 2877 3309 2918 nicht
3329 2878 3515 2919 verschließen,
3537 2881 3608 2912 denn
3628 2880 3676 2912 ein

2834 2919 2993 2960 Regiment,
3016 2921 3068 2952 das
3090 2920 3120 2952 in
3143 2920 3225 2961 dieser
3234 2921 3396 2964 Beziehung
3409 2923 3478 2963 ohne
3491 2924 3675 2965 hinreichende

2835 2964 2970 3004 Rücksicht
2992 2965 3133 3006 vorginge,
3170 2966 3262 3006 müßte
3285 2967 3396 3000 alsbald
3420 2967 3486 3001 über
3511 2968 3551 3001 die
3585 2969 3674 3010 selbst¬

2837 3008 3013 3049 geschaffenen
3035 3009 3275 3050 Schwierigkeiten
3298 3020 3331 3052 zu
3353 3012 3418 3050 Fall
3440 3011 3574 3045 kommen.

2904 3052 2970 3093 Also
2993 3053 3068 3093 schon
3092 3054 3132 3085 die
3155 3054 3231 3093 bloße
3261 3054 3393 3097 Klugheit
3427 3056 3502 3097 heißt
3523 3057 3595 3089 alles
3615 3064 3676 3090 ver¬

2837 3096 2952 3134 meiden,
2989 3102 3049 3129 was
3090 3098 3161 3135 „das
3193 3098 3317 3140 religiöse
3341 3099 3479 3142 Gewissen
3507 3102 3553 3133 des
3575 3101 3677 3134 Volkes

2836 3141 2970 3181 bezüglich
2995 3143 3039 3174 der
3062 3140 3267 3185 Konsequenzen
3290 3144 3364 3176 einer
3385 3144 3519 3177 liberalen
3552 3146 3678 3178 Staats¬

2838 3185 2943 3226 leitung
2967 3194 3000 3226 zu
3028 3186 3234 3227 beunruhigen"
3260 3188 3356 3228 Anlaß
3388 3189 3457 3221 böte.
3505 3190 3579 3222 Aber
3609 3190 3676 3230 noch

2839 3229 2897 3261 eine
2920 3230 2984 3261 weit
3006 3230 3114 3271 größere
3138 3230 3262 3272 Gewähr
3284 3233 3366 3264 bietet
3388 3233 3418 3265 in
3442 3233 3524 3272 dieser
3534 3234 3676 3274 Richtung

2839 3274 2885 3305 der
2908 3273 3015 3314 ethische
3037 3273 3148 3313 Boden,
3178 3276 3228 3316 auf
3249 3276 3374 3316 welchem
3407 3277 3456 3318 sich
3481 3278 3523 3310 die
3544 3277 3678 3319 Luzerner

2836 3317 3025 3360 Freisinnigen
3064 3318 3103 3351 im
3143 3318 3257 3359 Großen
3295 3322 3352 3353 und
3389 3320 3507 3363 Ganzen
3543 3322 3676 3363 bewegen.

2836 3361 2904 3394 Wer
2927 3362 2956 3394 in
2980 3362 3024 3403 ihr
3038 3363 3191 3401 Familien-
3214 3365 3272 3397 und
3284 3364 3554 3407 Gesellschaftsleben
3566 3367 3675 3407 hinein¬

2836 3405 2922 3443 blickt,
2956 3407 3076 3446 gewinnt
3099 3408 3141 3440 die
3162 3408 3385 3450 Ueberzeugung,
3420 3410 3472 3451 daß
3495 3411 3569 3451 jener
3591 3411 3675 3444 Sinn

2836 3451 2893 3482 und
2916 3449 3006 3492 Geist,
3027 3451 3137 3492 welcher
3167 3452 3207 3484 die
3231 3452 3418 3495 Grundfesten
3452 3455 3528 3487 eines
3550 3455 3675 3488 Staates

2835 3494 2930 3532 bildet,
2952 3494 3030 3527 kaum
3061 3496 3199 3536 irgendwo
3223 3497 3305 3539 besser
3338 3498 3433 3539 gehegt
3466 3500 3523 3531 und
3557 3499 3676 3540 gepflegt

2835 3538 2917 3570 wird.
2961 3538 3030 3572 Das
3052 3540 3133 3578 Volk,
3163 3541 3190 3581 so
3213 3542 3278 3574 weit
3301 3542 3360 3583 ihm
3392 3542 3464 3582 nicht
3487 3543 3583 3584 bessere
3604 3543 3675 3576 Ein¬

2834 3582 2897 3623 sicht
2919 3583 3089 3625 verschlossen
3110 3585 3154 3624 ist,
3177 3585 3245 3625 weiß
3268 3588 3319 3618 das
3343 3587 3407 3626 auch
3432 3588 3489 3620 und
3502 3591 3579 3627 trägt
3593 3588 3676 3628 daher

2837 3626 2866 3659 in
2890 3626 3029 3668 religiöser
3057 3627 3220 3670 Beziehung
3257 3631 3393 3671 durchaus
3430 3630 3487 3664 kein
3521 3631 3675 3669 Bedenken,

2836 3670 2976 3703 Liberalen
3000 3671 3054 3711 sein
3076 3673 3232 3706 Vertrauen
3267 3684 3300 3716 zu
3326 3674 3454 3715 schenken.
3500 3675 3589 3716 Wohl
3609 3676 3676 3708 aber

2836 3715 2996 3755 fanatisiren
3019 3716 3139 3756 jeweilen
3148 3717 3287 3751 Elemente
3310 3719 3351 3751 die
3363 3718 3568 3761 Bevölkerung,
3591 3720 3675 3752 denen

2837 3763 2866 3791 es
2890 3759 3153 3801 erfahrungsgemäß
3187 3761 3218 3794 in
3245 3763 3323 3803 That
3362 3764 3417 3795 und
3455 3763 3604 3805 Wahrheit
3623 3773 3675 3796 um

2837 3807 2923 3835 etwas
2945 3812 3014 3845 ganz
3037 3806 3152 3838 anderes
3183 3806 3229 3838 als
3262 3816 3312 3839 um
3347 3807 3387 3839 die
3421 3806 3605 3849 Beschützung
3625 3809 3676 3840 der

2834 3847 2968 3887 Religion
2990 3849 3045 3881 und
3068 3849 3245 3891 Religiosität
3268 3860 3302 3892 zu
3324 3852 3395 3892 thun
3417 3851 3461 3892 ist,
3483 3852 3602 3892 nämlich
3622 3861 3675 3884 um

2835 3890 2936 3931 Macht
2958 3894 3015 3925 und
3036 3892 3164 3934 Einfluß.
3208 3893 3278 3934 Daß
3312 3896 3406 3936 gerade
3440 3896 3474 3936 sie
3509 3896 3574 3928 aber
3602 3896 3676 3936 nicht

2836 3935 2896 3975 sehr
2918 3936 3043 3976 ängstlich
3068 3938 3136 3977 sind,
3160 3939 3205 3970 der
3224 3939 3394 3980 öffentlichen
3405 3938 3513 3973 Moral
3523 3940 3674 3981 Rechnung

2836 3988 2868 4019 zu
2893 3982 3000 4020 tragen,
3022 3981 3150 4022 beweisen
3173 3982 3214 4014 die
3236 3986 3318 4015 unter
3332 3984 3515 4024 bestehendem
3525 3984 3675 4025 Regiment

453 4072 617 4120 Feuilleton
651 4072 741 4114 1891

800 4124 908 4149 Nachdruck
921 4124 1024 4146 verboten.

187 4173 207 4200 4
280 4169 339 4199 Die
358 4168 558 4204 Hyazinthen
577 4168 634 4197 des
655 4168 784 4202 zweiten
803 4168 941 4205 Jahres.

399 4213 504 4243 Novelle
522 4221 571 4242 von
595 4213 629 4242 R.
648 4213 816 4247 Schmidt.

187 4259 262 4295 (Aus
281 4258 336 4287 dem
354 4257 494 4292 Dänischen
512 4257 663 4290 übertragen
687 4265 736 4286 von
759 4257 839 4292 Fritz
858 4265 883 4287 v.
899 4256 1024 4291 Känel.)

239 4311 300 4341 Mit
316 4310 382 4339 einer
400 4310 516 4345 gewissen
534 4309 652 4343 nervösen
661 4310 723 4345 Hast
735 4309 812 4344 stellte
829 4309 956 4344 Johanna
974 4310 1024 4339 das

185 4350 403 4388 Hyazinthenglas
420 4350 512 4379 wieder
528 4350 573 4383 auf
583 4349 631 4378 das
640 4350 813 4385 Fenstersims.
831 4349 897 4384 Ihre
905 4350 1024 4384 Wangen

187 4393 273 4421 hatten
292 4389 332 4424 sich
351 4389 467 4423 geröthet.

240 4429 310 4460 Aber
326 4429 376 4462 daß
403 4429 436 4462 sie
464 4432 492 4457 es
519 4428 581 4461 nicht
610 4428 649 4458 bei
680 4428 721 4457 der
747 4427 925 4463 gewöhnlichen
950 4429 1024 4462 Ruhe

188 4470 288 4502 bleiben
307 4469 363 4502 ließ,
382 4469 489 4499 sondern
502 4468 544 4502 sich
557 4468 668 4502 förmlich
677 4468 762 4503 gereizt
771 4468 852 4502 zeigte,
872 4469 918 4497 das
931 4468 1024 4502 brachte

185 4514 235 4541 den
252 4508 488 4545 zurückgedrängten
505 4507 576 4543 Zorn
595 4508 640 4537 des
658 4507 834 4542 Postmeisters
857 4515 906 4537 von
922 4508 1023 4537 Neuem

187 4559 244 4588 zum
263 4548 411 4583 Auflodern.

239 4589 305 4623 „Du
321 4587 374 4622 hast
393 4586 495 4617 Deinen
513 4587 614 4620 eigenen
632 4585 792 4621 Geschmack;
809 4586 923 4620 gerade
942 4587 1022 4620 diesen

181 4630 247 4665 habe
267 4628 301 4663 ich
317 4628 358 4656 nie
377 4626 501 4661 begreifen
519 4626 637 4655 können."

239 4668 316 4704 „Mir
331 4667 386 4701 ist's
415 4667 465 4696 mit
491 4666 546 4695 dem
573 4666 764 4700 Deinigen
795 4674 856 4701 ganz
887 4666 959 4701 gleich
985 4674 1021 4695 er¬

180 4704 311 4740 gangen."

235 4744 291 4773 Sie
307 4743 373 4777 sagte
392 4741 455 4776 diese
466 4741 550 4771 Worte
568 4748 630 4775 ganz
649 4741 737 4775 ruhig;
757 4740 816 4769 aber
833 4742 861 4768 es
880 4740 953 4775 klang
966 4740 1021 4775 doch

177 4785 225 4814 ein
243 4782 376 4816 versteckter
392 4782 470 4817 Hohn
488 4784 537 4810 aus
555 4780 694 4813 denselben.

237 4822 321 4857 „Was
338 4821 414 4856 willst
431 4821 480 4851 Du
498 4820 578 4849 damit
597 4819 680 4854 sagen,
698 4818 860 4853 Johanna?"

237 4862 301 4896 „Du
318 4861 390 4894 mußt
406 4861 475 4895 wohl
493 4860 585 4894 wissen,
604 4862 661 4888 was
679 4859 725 4888 Du
740 4858 814 4893 selbst
826 4859 947 4893 meintest.
971 4859 1019 4894 Ich

180 4902 264 4932 meine
283 4908 364 4934 genau
383 4899 497 4934 dasselbe
515 4900 561 4929 wie
579 4898 650 4929 Du."

235 4940 315 4974 „Das
331 4939 377 4971 soll
395 4940 464 4973 wohl
482 4940 535 4968 eine
553 4938 708 4973 Anspielung
726 4937 814 4971 sein?"

235 4979 305 5013 „Lag
323 4978 438 5012 vielleicht
457 4979 485 5007 in
503 4979 605 5009 Deinen
622 4978 725 5009 Worten
744 4977 798 5006 eine
814 4976 923 5012 solche?"

232 5019 262 5048 O
280 5017 340 5051 weh,
360 5017 394 5046 da
411 5025 468 5047 war
485 5026 511 5046 er
527 5017 668 5052 gefangen!

232 5057 300 5086 Eine
318 5056 474 5091 Anspielung
491 5065 545 5086 war
563 5061 591 5086 es
609 5057 712 5091 wirklich
730 5056 845 5091 gewesen.
867 5056 918 5085 Sie
936 5056 1015 5090 betraf

182 5098 222 5127 die
239 5095 389 5130 Verlobung
407 5097 455 5125 mit
473 5096 528 5125 dem
546 5097 668 5126 trockenen
686 5096 817 5131 Juristen;
836 5094 881 5124 der
897 5095 1015 5125 Gedanke

176 5144 215 5167 an
233 5135 363 5168 denselben
379 5134 440 5170 fuhr
459 5136 512 5170 ihm
536 5136 644 5170 stetsfort
669 5137 716 5166 wie
743 5136 798 5165 eine
814 5134 917 5168 Bremse
944 5135 1014 5169 durch

177 5175 227 5205 den
244 5173 320 5208 Kopf.
354 5174 430 5205 Statt
448 5176 502 5209 ihm
528 5176 717 5210 auszuweichen,
746 5176 811 5210 hatte
836 5174 871 5208 sie
896 5175 948 5209 ihm
966 5175 1013 5204 den

175 5213 377 5248 abgeschossenen
394 5214 466 5249 Pfeil
482 5215 674 5250 zurückgesandt,
691 5216 775 5250 gezielt
793 5215 836 5248 auf
855 5214 903 5244 den
915 5214 1013 5243 dunkel¬

174 5255 228 5289 sten
245 5253 330 5287 Punkt
347 5254 427 5287 seines
444 5254 549 5284 Lebms.
586 5254 643 5283 Und
656 5255 775 5289 während
788 5258 815 5284 es
824 5255 852 5283 in
865 5255 917 5289 ihm
930 5254 1010 5289 kochte,

171 5292 247 5329 stand
265 5293 299 5327 sie
316 5293 407 5324 wieder
423 5294 498 5329 ruhig
511 5294 566 5322 dort
578 5293 606 5321 in
615 5293 856 5329 Halbhandschuhen
875 5294 925 5324 und
939 5294 1011 5323 über¬

172 5333 253 5363 blickte
273 5332 313 5361 die
329 5332 432 5368 Gruppe
461 5341 510 5362 von
537 5332 668 5362 invaliden
686 5334 849 5369 Hyazinthen,
878 5335 919 5363 als
944 5334 1011 5362 wäre

1067 4062 1145 4097 nichts
1163 4063 1290 4097 begegnet.
1327 4064 1397 4094 Nein
1415 4065 1480 4099 doch,
1498 4068 1556 4094 was
1580 4065 1639 4099 auch
1664 4066 1749 4099 folgen
1766 4066 1853 4095 würde
1870 4080 1905 4086 —

1067 4102 1118 4138 jetzt
1134 4104 1220 4137 mußte
1238 4112 1264 4132 er
1289 4103 1332 4138 sich
1349 4104 1409 4138 Lust
1433 4105 1541 4138 machen.
1576 4105 1635 4134 Und
1661 4105 1795 4140 außerdem
1822 4107 1905 4140 plagte

1068 4143 1112 4177 ihn
1131 4143 1170 4171 die
1188 4142 1318 4178 Neugier;
1336 4151 1362 4173 er
1380 4145 1446 4178 hätte
1465 4145 1496 4178 sie
1515 4153 1561 4179 gar
1578 4153 1607 4180 zu
1626 4153 1698 4179 gerne
1707 4145 1769 4181 dazu
1779 4146 1905 4181 vermocht,

1068 4183 1121 4216 ihm
1139 4184 1220 4212 etwas
1238 4182 1300 4211 über
1316 4183 1371 4217 jene
1389 4184 1538 4218 Verlobung
1556 4192 1584 4219 zu
1603 4185 1720 4220 erzählen.

1121 4222 1208 4257 „Nun,
1228 4222 1253 4256 so
1271 4222 1325 4251 will
1342 4223 1375 4257 ich
1396 4224 1486 4257 gerade
1505 4224 1598 4257 heraus
1616 4225 1663 4253 mit
1682 4224 1724 4253 der
1733 4225 1859 4260 Sprache;
1878 4229 1905 4254 es

1067 4270 1121 4291 war
1138 4263 1192 4291 eine
1209 4262 1374 4297 Anspielung.
1405 4264 1469 4297 Daß
1488 4264 1536 4293 Du
1552 4264 1617 4298 Dich
1642 4265 1690 4293 mit
1715 4265 1797 4294 einem
1816 4265 1905 4300 solchen

1066 4302 1198 4336 Menschen
1217 4301 1334 4331 verloben
1352 4303 1470 4337 konntest,
1487 4304 1518 4337 ist
1535 4304 1587 4332 mir
1599 4304 1652 4333 rein
1662 4304 1845 4338 unbegreiflich.
1863 4305 1904 4339 In

1067 4342 1110 4372 der
1127 4342 1221 4375 Schule
1240 4342 1291 4375 galt
1311 4342 1456 4377 Hammelef
1482 4345 1556 4371 unter
1581 4346 1634 4372 uns
1660 4344 1735 4372 Allen
1764 4344 1807 4378 für
1833 4344 1904 4373 einen

1068 4381 1246 4416 langweiligen
1263 4380 1347 4410 Kerl."

1121 4421 1206 4455 „Sein
1225 4420 1295 4455 Platz
1314 4420 1341 4450 in
1359 4421 1404 4449 der
1414 4420 1498 4455 Klasse
1517 4421 1610 4455 befand
1629 4422 1671 4456 sich
1683 4422 1750 4455 wohl
1760 4422 1819 4456 stets
1832 4423 1906 4457 höher

1067 4461 1110 4490 als
1128 4461 1170 4489 der
1186 4460 1321 4494 Deinige."

1121 4500 1184 4535 „Ich
1201 4500 1290 4533 mochte
1308 4499 1370 4533 nicht
1401 4500 1492 4528 immer
1521 4499 1583 4529 über
1613 4500 1661 4530 den
1685 4501 1799 4535 Büchern
1828 4503 1904 4536 sitzen.

1066 4540 1127 4569 Das
1144 4539 1281 4575 Feldleben
1300 4553 1333 4558 —
1351 4539 1374 4574 je
1384 4547 1448 4573 nun,
1467 4540 1515 4568 das
1525 4539 1592 4573 hatte
1604 4541 1675 4574 mehr
1685 4541 1746 4576 Reiz
1764 4541 1806 4574 für
1828 4542 1904 4576 mich!

1065 4579 1154 4614 Dieser
1171 4579 1314 4614 Hammelef
1332 4587 1387 4608 war
1405 4579 1448 4608 der
1464 4579 1552 4612 reinste
1570 4578 1771 4614 Bücherwurm."

1120 4619 1174 4653 „Er
1190 4618 1274 4648 wurde
1292 4618 1351 4647 aber
1370 4618 1426 4652 doch
1445 4618 1484 4647 ein
1509 4617 1623 4648 wackerer
1639 4619 1755 4654 Soldat;
1786 4628 1812 4650 er
1839 4622 1903 4656 holte

1065 4658 1108 4693 sich
1125 4659 1162 4687 im
1179 4658 1256 4692 Krieg
1274 4657 1332 4692 jene
1332 4657 1546 4692 Brustkrankheit,
1565 4666 1600 4687 an
1619 4659 1665 4687 der
1665 4659 1696 4687 er
1712 4659 1793 4693 später
1810 4661 1901 4694 starb."

1119 4698 1181 4733 „Ich
1198 4699 1253 4727 will
1271 4698 1324 4731 ihm
1343 4698 1401 4731 auch
1428 4698 1491 4731 nicht
1516 4697 1570 4732 jede
1598 4700 1654 4732 gute
1678 4699 1833 4734 Eigenschaft
1859 4700 1903 4729 ab¬

1065 4737 1179 4772 sprechen.
1215 4738 1284 4767 Aber
1301 4737 1350 4772 daß
1368 4738 1417 4767 Du
1434 4737 1496 4771 Dich
1514 4737 1562 4766 mit
1578 4738 1633 4771 ihm
1651 4738 1767 4767 verloben
1786 4739 1902 4775 konntest,

1063 4776 1112 4806 das
1129 4778 1160 4812 ist
1178 4778 1230 4807 mir
1246 4778 1286 4806 ein
1305 4778 1458 4812 unlösliches
1475 4777 1603 4812 Räthsel."

1118 4817 1184 4851 „Als
1201 4818 1249 4847 Du
1266 4825 1311 4846 um
1328 4818 1410 4847 meine
1428 4817 1506 4852 Hand
1524 4817 1662 4853 anhieltest,
1682 4817 1713 4847 da
1733 4819 1836 4853 wußtest
1854 4820 1901 4849 Du

1062 4856 1096 4891 ja,
1116 4857 1166 4890 daß
1184 4857 1217 4890 ich
1236 4856 1331 4885 verlobt
1348 4857 1497 4891 gewesen?"

1116 4896 1180 4931 „Ja,
1199 4896 1238 4925 bei
1256 4896 1327 4930 Gott,
1346 4897 1397 4926 das
1414 4897 1496 4931 wußte
1515 4896 1571 4930 ich."

1115 4937 1188 4971 „Mit
1203 4934 1316 4970 welchem
1333 4936 1409 4970 Recht
1426 4937 1500 4970 stellst
1517 4936 1565 4966 Du
1582 4944 1637 4965 nun
1656 4936 1709 4970 jene
1725 4936 1864 4972 Fragen?"

1115 4976 1202 5010 „Muß
1222 4975 1288 5004 denn
1304 4975 1379 5005 Alles
1410 4976 1557 5010 rechtmäßig
1583 4977 1694 5011 zwischen
1720 4979 1772 5005 uns
1802 4978 1900 5007 erörtert

1060 5016 1166 5050 werden,
1184 5014 1348 5050 Johanna?"

1114 5056 1214 5090 „Wenn
1232 5055 1279 5084 Du
1296 5055 1322 5088 so
1340 5055 1449 5090 sprechen
1468 5055 1550 5090 willst,
1576 5056 1601 5089 so
1620 5056 1682 5090 muß
1700 5059 1728 5085 es
1747 5056 1897 5090 geschehen."

1112 5095 1151 5125 Es
1170 5096 1221 5123 trat
1238 5094 1291 5123 eine
1309 5094 1393 5128 Pause
1412 5095 1462 5124 ein.
1497 5095 1549 5124 Die
1562 5095 1753 5130 Postmeisterin
1771 5095 1832 5130 fuhr
1848 5096 1899 5131 still

1059 5135 1086 5163 in
1105 5136 1147 5164 der
1163 5134 1254 5169 Pflege
1281 5134 1347 5168 ihrer
1363 5135 1478 5164 Blumen
1496 5135 1559 5169 fort;
1586 5135 1646 5164 aber
1673 5135 1724 5169 ihre
1750 5135 1841 5169 Hände
1860 5136 1899 5165 be¬

1058 5179 1152 5209 wegten
1177 5174 1221 5208 sich
1247 5174 1321 5202 dabei
1347 5175 1396 5203 mit
1422 5174 1503 5203 einem
1531 5175 1705 5208 sonderbaren,
1735 5175 1898 5210 fieberhaften

1058 5214 1136 5249 Eifer,
1154 5214 1197 5243 der
1216 5213 1317 5247 bewies,
1335 5213 1385 5248 daß
1404 5214 1458 5248 ihre
1469 5214 1543 5247 Ruhe
1563 5214 1673 5243 diesmal
1691 5215 1754 5248 nicht
1770 5222 1835 5250 ganz
1853 5216 1899 5249 echt

1056 5262 1118 5283 war.
1153 5254 1212 5283 Des
1231 5253 1407 5288 Postmeisters
1415 5253 1495 5282 Blicke
1514 5254 1609 5287 folgten
1620 5254 1672 5288 ihr;
1691 5262 1716 5282 er
1727 5255 1898 5284 verwunderte

1057 5293 1100 5328 sich
1118 5294 1153 5323 im
1172 5292 1321 5327 Geheimen,
1339 5293 1387 5322 wie
1406 5293 1457 5321 viel
1475 5292 1527 5327 ihre
1544 5292 1649 5327 schlanke
1668 5293 1768 5326 Gestalt
1786 5293 1843 5328 doch
1860 5295 1897 5323 im

1056 5333 1148 5363 Grund
1167 5333 1226 5367 noch
1250 5340 1298 5361 von
1327 5331 1369 5361 der
1397 5332 1518 5366 einstigen
1535 5331 1760 5366 Jugendschönheit
1786 5332 1898 5368 bewahrt

1950 4066 2024 4101 hatte.
2060 4067 2162 4097 Wieder
2180 4067 2259 4102 dachte
2279 4077 2304 4098 er
2322 4069 2413 4104 daran,
2443 4071 2490 4099 wie
2520 4079 2546 4100 er
2572 4072 2604 4106 sie
2629 4072 2721 4106 geliebt
2736 4074 2791 4102 und

1950 4106 2078 4140 angebetet
2087 4107 2166 4142 hatte;
2184 4108 2249 4141 seine
2262 4108 2349 4141 harten
2359 4109 2450 4143 Augen
2461 4110 2628 4144 schimmerten
2637 4112 2665 4141 in
2675 4112 2791 4147 feuchtem

1950 4145 2044 4181 Glanz.
2080 4147 2138 4176 Mit
2154 4147 2248 4181 sanfter
2265 4147 2383 4178 Stimme
2401 4149 2468 4183 sagte
2485 4157 2522 4179 er:

2004 4185 2175 4221 „Johanna!"

2003 4225 2056 4255 Sie
2073 4226 2172 4255 wandte
2191 4226 2234 4260 sich
2251 4228 2310 4262 nach
2327 4228 2381 4261 ihm
2399 4236 2451 4257 um.

2004 4264 2151 4300 „Erinnerst
2168 4266 2216 4295 Du
2233 4266 2296 4302 Dich
2314 4276 2350 4296 an
2369 4268 2418 4296 den
2436 4269 2516 4303 letzten
2535 4269 2599 4298 Ball
2622 4269 2687 4298 beim
2705 4270 2790 4303 Agen¬

1950 4306 1998 4337 ten,
2017 4312 2062 4333 am
2080 4305 2170 4334 Abend
2188 4306 2283 4341 vorher,
2311 4308 2354 4341 ehe
2379 4307 2414 4341 ich
2439 4308 2499 4342 nach
2515 4308 2621 4343 Düppel
2646 4309 2790 4344 aufbrechen

1950 4344 2056 4378 mußte?
2091 4345 2143 4374 Als
2161 4345 2284 4381 Reservist
2314 4347 2392 4382 stellte
2419 4347 2451 4381 ich
2477 4347 2538 4382 mich
2564 4349 2592 4377 in
2611 4348 2654 4377 der
2670 4349 2790 4383 Uniform

1949 4391 2002 4412 vor.
2038 4384 2155 4418 Dieselbe
2181 4393 2237 4414 war
2263 4385 2357 4421 häßlich
2385 4387 2437 4416 und
2464 4387 2631 4423 unkleidsam;
2669 4388 2731 4417 aber
2756 4389 2790 4424 ich

1949 4423 2028 4457 fühlte
2047 4424 2107 4458 mich
2125 4425 2184 4460 stolz
2203 4425 2230 4454 in
2248 4425 2288 4459 ihr
2305 4426 2358 4455 und
2379 4426 2454 4460 hoffte
2472 4427 2516 4461 fest
2535 4428 2580 4462 auf
2598 4428 2698 4457 meinen
2711 4428 2788 4463 Sieg.

1949 4463 1990 4492 Es
2007 4470 2063 4492 war
2080 4465 2148 4492 mein
2165 4465 2238 4498 fester
2255 4465 2396 4500 Entschluß,
2414 4467 2495 4495 meine
2518 4467 2649 4501 Werbung
2679 4467 2718 4496 bei
2736 4467 2790 4498 Dir

1949 4502 2128 4537 anzubringen,
2147 4504 2200 4533 und
2219 4505 2287 4538 sollte
2305 4509 2334 4535 es
2352 4506 2424 4539 selbst
2442 4507 2530 4536 mitten
2552 4508 2580 4535 in
2599 4507 2655 4536 dem
2673 4507 2789 4542 glänzen¬

1948 4542 1996 4571 den
2014 4542 2088 4572 Saal
2105 4543 2151 4572 des
2169 4543 2284 4578 Agenten
2303 4545 2436 4580 geschehen.
2473 4545 2542 4575 Aber
2567 4546 2654 4580 sobald
2673 4547 2706 4580 ich
2724 4547 2789 4582 Dich

1948 4582 1975 4610 in
1995 4582 2051 4611 dem
2069 4583 2164 4617 weißen
2182 4583 2257 4613 Kleid
2286 4586 2335 4613 mit
2361 4585 2410 4614 den
2427 4585 2724 4620 Danebrogs-Schleifen
2751 4587 2788 4616 im

1947 4622 2020 4656 Haar
2037 4622 2090 4651 und
2109 4623 2155 4657 auf
2173 4623 2217 4652 der
2233 4623 2310 4659 Brust
2329 4624 2445 4659 erblickte,
2473 4625 2505 4653 da
2532 4634 2588 4654 war
2612 4629 2639 4655 es
2657 4626 2715 4661 mir,
2745 4629 2788 4656 als

1947 4660 2033 4690 würde
2051 4663 2133 4691 meine
2150 4662 2227 4696 Kehle
2245 4663 2294 4692 mit
2310 4663 2417 4694 Gewalt
2433 4664 2595 4700 zugeschnürt.
2629 4665 2677 4699 Ich
2701 4664 2789 4696 konnte

1947 4708 1998 4730 nur
2015 4709 2078 4737 ganz
2094 4702 2177 4736 wenig
2196 4703 2244 4731 mit
2252 4703 2304 4733 Dir
2313 4704 2435 4738 sprechen;
2452 4704 2534 4734 weder
2542 4713 2598 4733 vor-
2616 4706 2673 4739 noch
2685 4705 2789 4740 nachher

1947 4741 2013 4774 hatte
2031 4741 2066 4775 ich
2083 4741 2106 4776 je
2136 4741 2200 4776 diese
2217 4742 2367 4776 sonderbare
2386 4743 2569 4778 Beklemmung
2596 4745 2700 4779 gefühlt.
2737 4744 2788 4775 Als

1946 4780 1990 4809 der
2006 4780 2123 4815 Kehraus
2142 4783 2238 4816 getanzt
2255 4783 2354 4812 werden
2373 4784 2449 4818 sollte,
2467 4791 2523 4812 war
2540 4784 2574 4818 ich
2592 4784 2717 4819 bestimmt
2736 4787 2787 4814 ent¬

1945 4820 2066 4855 schlossen,
2085 4822 2153 4850 mein
2171 4821 2310 4856 Vorhaben
2328 4823 2513 4858 auszuführen;
2540 4824 2602 4853 aber
2618 4824 2709 4853 wieder
2726 4824 2787 4859 stieg

1945 4860 1973 4888 in
1992 4860 2042 4888 mir
2062 4860 2103 4889 der
2120 4860 2240 4890 Gedanke
2269 4869 2303 4891 an
2323 4862 2362 4891 die
2381 4863 2515 4897 ungewisse
2532 4863 2646 4899 Zukunft
2662 4864 2715 4898 auf,
2745 4863 2788 4894 der

1945 4899 1979 4932 ich
2011 4901 2194 4934 entgegenging
2213 4915 2246 4920 —
2264 4900 2315 4936 jetzt
2344 4901 2449 4936 begreife
2480 4902 2514 4936 ich
2549 4903 2631 4932 meine
2658 4903 2787 4938 damalige

1945 4939 2136 4973 Aengstlichkeit.
2173 4940 2236 4974 Daß
2254 4940 2301 4970 Du
2329 4942 2390 4976 mich
2419 4941 2519 4977 liebtest,
2548 4943 2630 4971 daran
2660 4943 2727 4977 hatte
2754 4944 2788 4979 ich

1945 4979 2000 5007 eine
2017 4979 2193 5013 unbestimmte
2204 4980 2358 5015 Hoffnung;
2376 4981 2437 5010 aber
2455 4981 2544 5015 gerade
2563 4982 2671 5017 deßhalb
2685 4983 2787 5016 erschien

1944 5021 1972 5047 es
1990 5019 2041 5046 mir
2058 5020 2297 5054 unverantwortlich,
2315 5020 2380 5055 Dich
2408 5029 2442 5050 an
2460 5021 2521 5056 mich
2547 5030 2577 5057 zu
2595 5022 2677 5051 ketten.
2714 5023 2786 5058 Mich

1944 5058 1989 5091 auf
2007 5058 2094 5093 irgend
2113 5060 2154 5088 ein
2166 5059 2229 5088 Art
2246 5060 2409 5094 vorbereiten,
2428 5060 2477 5090 das
2494 5062 2579 5091 wollte
2590 5062 2624 5096 ich
2633 5062 2709 5096 nicht;
2728 5062 2786 5092 dar¬

1943 5097 2006 5126 über
2022 5106 2078 5127 war
2095 5099 2128 5133 ich
2146 5099 2195 5127 mit
2212 5100 2262 5128 mir
2283 5099 2362 5134 selber
2393 5100 2459 5134 einig
2486 5101 2618 5134 geworden
2650 5109 2685 5130 an
2703 5101 2786 5135 jenem

1943 5136 2008 5171 Tag,
2028 5137 2061 5166 da
2079 5138 2112 5172 ich
2131 5138 2170 5166 die
2188 5139 2306 5172 Uniform
2324 5147 2417 5174 anzog;
2443 5140 2472 5169 in
2490 5140 2591 5174 einigen
2608 5141 2697 5175 Tagen
2717 5141 2785 5175 schon

1940 5178 1987 5210 lag
2006 5176 2039 5210 ich
2057 5177 2173 5211 vielleicht
2191 5177 2295 5208 blutend
2312 5179 2366 5207 und
2389 5179 2561 5212 verstümmelt
2587 5180 2616 5209 in
2642 5180 2724 5209 einem
2743 5180 2787 5210 der

1942 5215 2100 5249 Laufgräben
2119 5217 2152 5246 da
2170 5217 2275 5251 drüben,
2293 5218 2347 5247 und
2365 5218 2442 5252 kehrte
2461 5218 2494 5253 ich
2512 5219 2625 5254 dagegen
2634 5219 2692 5254 nach
2700 5220 2786 5255 Hause

1941 5255 2031 5290 zurück,
2050 5256 2120 5285 dann
2140 5265 2195 5285 war
2212 5257 2246 5290 ich
2264 5258 2304 5286 ein
2332 5266 2417 5287 armer
2441 5258 2530 5292 Teufel
2557 5260 2622 5294 ohne
2639 5259 2784 5294 Aussichten

1941 5295 1995 5323 und
2015 5296 2079 5330 ohne
2096 5296 2209 5330 Erwerb,
2228 5297 2346 5331 vielleicht
2362 5298 2405 5332 für
2431 5298 2470 5327 die
2497 5306 2573 5334 ganze
2593 5299 2734 5334 Lebenszeit
2756 5309 2786 5336 zu

1941 5334 2050 5364 Grunde
2070 5336 2179 5370 gerichtet
2197 5350 2230 5355 —
2248 5344 2292 5372 na,
2319 5338 2369 5366 das
2398 5339 2485 5372 letztere
2512 5339 2563 5372 traf
2589 5339 2615 5372 so
2642 5338 2702 5373 halb
2731 5341 2784 5369 und

2834 4074 2896 4108 halb
2912 4075 2958 4110 zu!
2993 4076 3044 4111 So,
3061 4076 3112 4111 jetzt
3128 4078 3203 4112 weißt
3220 4078 3275 4113 Du,
3301 4082 3359 4108 was
3385 4079 3418 4114 ich
3445 4080 3481 4109 im
3501 4079 3578 4109 Sinn
3597 4079 3672 4114 hatte,

2835 4114 2896 4143 aber
2913 4115 2978 4149 auch,
2997 4124 3095 4145 warum
3112 4116 3146 4150 ich
3163 4117 3286 4152 schwieg."

2887 4153 3015 4188 Während
3049 4164 3078 4184 er
3102 4156 3190 4191 sprach,
3226 4157 3293 4192 hatte
3318 4158 3353 4191 sie
3379 4157 3422 4192 sich
3450 4157 3512 4193 dicht
3536 4166 3584 4187 vor
3607 4159 3675 4192 seine

2834 4192 3023 4229 Schaukelstuhl
3049 4195 3195 4230 hingestellt.
3242 4197 3295 4226 Als
3322 4206 3349 4226 er
3377 4198 3569 4233 ausgesprochen
3599 4198 3674 4233 hatte,

2835 4232 2915 4262 blickte
2934 4233 2965 4266 sie
2982 4234 3036 4269 ihm
3054 4234 3159 4269 beinahe
3177 4235 3258 4271 streng
3280 4237 3308 4265 in
3326 4236 3366 4266 die
3384 4237 3483 4271 Augen.

2888 4273 2999 4308 „Hättest
3015 4274 3062 4303 Du
3080 4274 3135 4309 doch
3153 4283 3188 4303 an
3205 4274 3291 4311 jenem
3291 4274 3391 4311 Abend
3408 4277 3602 4312 Mannesmuth
3618 4277 3674 4306 und

2833 4312 2895 4347 Herz
2912 4320 2995 4347 genug
3014 4313 3110 4348 gehabt,
3129 4314 3193 4348 Dich
3218 4323 3246 4351 zu
3264 4315 3382 4350 erklären,
3412 4319 3440 4345 es
3467 4317 3533 4346 wäre
3560 4317 3604 4351 für
3618 4320 3674 4345 uns

2833 4351 2912 4380 Beide
2931 4352 2971 4380 ein
2990 4353 3089 4386 wahres
3108 4353 3187 4382 Glück
3203 4355 3337 4389 gewesen."

2887 4391 2947 4425 „So
2965 4391 3019 4426 hast
3036 4392 3084 4421 Du
3101 4393 3162 4427 mich
3180 4394 3284 4429 wirklich
3303 4394 3400 4429 geliebt,
3418 4394 3582 4429 Johanna?"

2887 4431 2976 4465 „Hätte
2995 4431 3027 4466 ich
3045 4432 3107 4466 Dich
3125 4433 3191 4467 sonst
3208 4433 3258 4469 jetzt
3276 4434 3465 4469 genommen?"

2887 4470 2972 4504 „Aber
2989 4480 3062 4500 wenn
3080 4472 3113 4506 ich
3131 4473 3168 4501 im
3186 4472 3261 4508 Krieg
3280 4474 3389 4508 gefallen
3406 4474 3513 4504 wäre?"

2887 4510 2985 4543 „Dann
3005 4511 3068 4545 hätte
3087 4511 3119 4545 ich
3139 4512 3193 4541 eine
3210 4514 3278 4542 reine
3296 4514 3395 4543 Trauer
3406 4522 3451 4543 um
3463 4514 3528 4548 Dich
3546 4516 3672 4548 getragen,

2832 4549 2886 4578 und
2905 4550 2958 4578 eine
2977 4550 3080 4585 sonnige
3098 4548 3260 4587 Erinnerung
3279 4561 3314 4582 an
3331 4553 3395 4587 Dich
3413 4552 3533 4588 bewahrt.
3568 4554 3609 4583 Es
3617 4562 3676 4582 war

2833 4588 2895 4617 aber
2911 4588 2967 4622 doch
2987 4588 3069 4625 besser,
3088 4591 3135 4620 wie
3153 4594 3181 4620 es
3199 4592 3341 4625 gekommen
3360 4593 3414 4627 ist."

2886 4628 2953 4663 „Als
2971 4629 3005 4663 ich
3030 4630 3121 4659 wieder
3146 4630 3313 4667 zurückkehrte,
3350 4632 3426 4667 warst
3456 4632 3504 4662 Du
3531 4640 3594 4668 ganz
3619 4635 3672 4661 aus

2832 4668 2941 4697 meinem
2959 4668 3132 4703 Gesichtskreis
3152 4670 3363 4705 entschwunden."

2886 4707 2949 4742 „Ich
2965 4716 3021 4738 war
3036 4709 3096 4743 nach
3113 4710 3204 4744 Prästö
3222 4711 3343 4747 gezogen!
3374 4711 3425 4746 Lag
3444 4711 3499 4742 Dir
3528 4711 3595 4741 denn
3619 4711 3671 4740 das

2832 4747 2969 4781 Städtchen
2986 4748 3012 4782 so
3030 4748 3161 4782 abseits?"

2885 4787 2953 4821 „Die
2970 4788 3023 4822 spät
3049 4789 3154 4822 geheilte
3179 4789 3282 4819 Wunde
3309 4790 3376 4824 hatte
3403 4790 3506 4820 meinen
3531 4790 3612 4825 Muth
3629 4798 3672 4824 ge¬

2833 4827 2946 4860 brochen;
2964 4827 2998 4862 ich
3015 4836 3069 4856 war
3088 4828 3175 4862 hilflos
3193 4829 3245 4858 und
3263 4830 3312 4858 wie
3321 4830 3380 4864 ich's
3388 4830 3588 4865 vorausgesehen
3606 4831 3671 4864 ohne

2831 4866 2982 4900 Aussichten.
3019 4867 3153 4896 Ueberdies
3171 4868 3295 4903 berichtete
3314 4877 3377 4898 man
3394 4869 3445 4898 mir
3474 4870 3511 4898 im
3529 4870 3605 4903 Haus
3623 4869 3670 4898 des

2832 4905 2954 4940 Agenten,
2973 4906 3021 4936 Du
3037 4907 3104 4941 seiest
3121 4907 3212 4936 bereits
3231 4908 3291 4942 halb
3310 4908 3363 4938 und
3382 4908 3441 4943 halb
3460 4910 3510 4938 mit
3526 4909 3671 4944 Hammelef

2831 4944 2935 4978 verlobt,
2953 4944 2997 4974 der
3013 4945 3046 4980 ja,
3078 4946 3151 4980 gleich
3168 4946 3286 4981 nachdem
3305 4956 3330 4976 er
3347 4947 3395 4976 den
3413 4947 3595 4977 Soldatcnrock
3619 4955 3672 4976 von

2832 4984 2874 5019 sich
2894 4985 3024 5019 geworfen,
3043 4987 3085 5014 als
3103 4985 3358 5021 Gerichtskommissär
3385 4986 3416 5015 da
3444 4989 3523 5016 unten
3540 4987 3674 5021 angestellt

2830 5023 2932 5052 worden
2948 5032 3010 5053 war.
3044 5025 3120 5059 Diese
3129 5025 3255 5060 Nachricht
3273 5026 3365 5055 drückte
3381 5026 3442 5060 mich
3453 5027 3570 5056 vollends
3584 5026 3671 5055 nieder

2831 5063 2883 5092 und
2902 5064 3045 5098 veranlaßte
3062 5065 3163 5093 meinen
3182 5065 3384 5100 unordentlichen
3400 5065 3624 5095 Lebenswandel."

2885 5102 2948 5137 „Ich
2966 5103 3033 5137 hörte
3050 5104 3149 5139 davon;
3168 5105 3214 5134 Du
3233 5106 3358 5141 erzähltest
3376 5106 3426 5134 mir
3437 5105 3466 5135 in
3475 5106 3588 5136 Deinem
3597 5105 3670 5139 Brief

2830 5142 2909 5176 nichts
2927 5142 3038 5173 Neues."

2885 5182 2952 5216 „Hat
2969 5182 3023 5213 Dir
3039 5185 3102 5212 etwa
3120 5183 3263 5219 Hammelef
3281 5184 3366 5212 davon
3385 5183 3515 5219 erzählt?"

2883 5222 3043 5256 „Hammelef
3072 5231 3127 5251 war
3144 5223 3185 5251 ein
3202 5223 3377 5257 grundbraver
3392 5224 3505 5258 Mensch.
3540 5223 3624 5253 Wenn
3641 5231 3671 5252 er

2828 5269 2870 5296 zur
2888 5261 3032 5296 Seltenheit
3048 5262 3151 5291 Deinen
3169 5262 3272 5291 Namen
3290 5265 3394 5296 nannte,
3424 5263 3451 5297 so
3477 5272 3535 5292 war
3563 5266 3593 5292 es
3610 5271 3666 5297 nur,

2829 5309 2872 5330 um
2891 5301 3003 5330 Deinem
3020 5302 3108 5335 Muth,
3136 5301 3185 5331 den
3211 5301 3258 5332 Du
3286 5303 3323 5331 im
3351 5302 3428 5336 Krieg
3456 5302 3585 5337 bewiesen,
3614 5302 3668 5333 Ge¬

2829 5340 2960 5375 rechtigkeit
2989 5341 3154 5374 widerfahren
3184 5349 3213 5376 zu
3239 5342 3326 5376 lassen.
3344 5356 3379 5362 —
3397 5342 3474 5375 Nein,
3507 5346 3535 5372 es
3561 5343 3611 5376 gab
3636 5342 3668 5371 in

1193 5422 1274 5465 Die
1298 5421 1458 5473 nächste
1485 5422 1695 5464 Nummer
1721 5421 1915 5474 erscheint
1941 5424 2131 5476 Montag
2159 5425 2439 5479 Vormittags
2465 5427 2516 5469 10
2543 5429 2647 5480 Uhr.
