4120 5551
221 119 913 178 Nr. 32 Morgenblatt.
1527 109 2360 174 Der Zürcher Zeitung 122. Jahrgang.
2744 101 3642 151 Freitag, 1. Februar 1901.
191 219 3665 661 Neue Zürcher Zeitung
243 806 1082 849 do. ins Haus gebracht . . . . . . . „ 6.— „ 11.50
205 833 1085 874 Schweiz Bestellung beim Postbureau . . . . „ 6.50 „ 12.50
384 744 1087 778 Abonnementspreise. 3 Monate. 6 Monate.
206 778 1085 818 Zürich wenn die Zeitung abgeholt wird . . . Fr. 5.50 Fr. 10.—
255 857 1081 903 do. mit Bezug unter Privatadresse . . . „ 8.— „ 15.—
207 884 938 928 Deutschland Bestellung beim Postamt . . . Mk. 6.—
207 916 936 949 Oesterreich-Ungarn do. fl. 6. W. 5.66
207 939 1087 983 Italien-Aegypten do. . . . Fr. 8.10 Fr. 15.50
208 974 1085 999 Rußland do. . . . Rbl. 3.06 Rbl. 6.12
207 990 1083 1032 Uebrige Staaten des Weltpostvereins . . . Fr. 12.50 Fr. 24.—
1298 807 2601 953 und schweizerisches Handelsblatt
2969 802 3465 832 Per einspaltige Petitzeile oder deren Raum
2913 832 3506 857 für die Schweiz 25 Rp., für das Ausland 40 Rp.,
2751 859 3674 879 Lokal-Inserate 20 Rp. (exkl. Finanz- u. Chiffre-Anzeigen, sowie f. Aktien-Ges.)
3037 764 3398 789 Insertionspreise:
3059 878 3394 903 Reklamen Fr. 1.— per Zeile
259 1032 917 1063 5 Theaterstr. Redaktionsbureau Goethestr. 10
3037 914 3417 940 Alleinige Inseraten-Annahme:
3075 948 3370 975 Rudolf Mosse
2784 984 3649 1014 Annoncen-Expedition für alle schweizerischen und ausländischen Zeitungen
2998 1006 3450 1044 5 Theaterstr. Zürich Goethestr. 10
205 1142 1054 1188 Die Handelsbeziehungen Frankreichs zur Schweiz
693 1212 1020 1237 Paris, 30. Januar.
278 1254 1054 1301 H. Als man dieser Tage in der Kammer zur
208 1294 1058 1346 Abstimmung über die Tagesordnung Debussy
210 1339 1057 1391 kam, womit die Interpelationsdebatte über
213 1389 1059 1435 die Seidenzölle abgeschlossen wurde, meinte der
219 1431 1056 1481 Präsident des Zollausschusses Trannoy, die
215 1477 1061 1526 Schweiz sollte darin ausdrücklich gewarnt
216 1519 1056 1571 werden; allein zahlreiche Abgeordnete wehrten
216 1567 1052 1616 ab, und es blieb bei der ursprünglichen Fassung,
219 1610 1056 1661 welche nur von der bevorstehenden Erneuerung
214 1656 1059 1704 der Handelsübereinkommen zwischen den Staaten
214 1700 1059 1748 Mitteleuropas spricht. Der kurze Zwischenfall
219 1742 1055 1791 verdient Erwähnung als Symptom der Stim¬
219 1787 1058 1835 mung, die unter der französischen Landesver¬
220 1831 1059 1879 tretung zu Gunsten der Schweiz herrscht. Sogar
219 1875 1061 1924 die Redner, welche die Aenderung des Ab¬
219 1920 1058 1968 kommens von 1895 im Interesse der Lyoner
215 1965 1065 2013 Seidenweber wünschten, verwahrten sich gegen
217 2007 1063 2059 jede unfreundliche Absicht und schienen zu
219 2055 1065 2103 glauben, in der Schweiz würde man die Gründe
222 2101 1065 2147 einer neuen Zollerhöhung zu würdigen wissen
222 2143 1063 2192 und Frankreich dafür nicht entgelten lassen. Nun
222 2187 1062 2238 der südfranzösische Legitimist de Ramel, einer
223 2234 1060 2282 der Freigesprochenen des letzten Staatsgerichts¬
224 2276 1062 2328 prozesses, der den Republikanern daheim und
224 2326 1060 2372 auswärts nichts Gutes zutraut, schlug einen
227 2366 1054 2417 etwas anderen Ton an, indem er den fran¬
222 2412 1061 2462 zösischen Konsul in Zürich, „einen Schweizer",
226 2458 1065 2506 beschuldigte, er habe die französische Regierung
221 2503 1059 2550 über die wahren Verhältnisse ungenau unterrichtet.
229 2548 1062 2595 Er selbst dürfte wohl auch ungenau unterrichtet
227 2589 1065 2640 sein, da der französische Konsul in Zürich
226 2641 638 2675 immer ein Franzose ist.
293 2682 1067 2728 Allein nicht nur in der Form, sondern auch
228 2726 1059 2771 in der Sache behielten diejenigen die Oberhand,
231 2772 1066 2815 welche die Vorteile des Handelsübereinkommens
228 2814 1063 2861 mit der Schweiz für die Masse der französischen
228 2858 1063 2905 Produzenten anerkannten, ziffermäßige Belege
230 2903 1063 2950 für ihre Auffassung beibrachten und entschieden
225 2945 1064 2995 in Abrede stellten, daß die Rückkehr zu den
229 2990 1067 3039 Zolltarifen von 1802 für fertige Seidenstoffe
229 3035 1058 3084 wirksame Abhülfe für die Lyoner Seidenweber,
229 3081 1060 3129 namentlich für die Hausindustrie, schaffen würde.
228 3124 1063 3164 In dieser Beweisführung zeichnete sich der Ab¬
228 3172 1070 3218 geordnete Dubief aus, der die Interessen der
256 3217 1073 3262 Landwirtschaft und des Weinbaus gegen die
228 3262 1073 3307 übertriebenen Ansprüche der „Seidenen", ver¬
230 3308 1068 3352 teidigte. Er ging von dem Satze aus, daß
228 3350 1072 3398 zweimal mehr Kapitalien an der Aufrechter¬
229 3394 1072 3442 haltung der jetzigen Tarife beteiligt sind, als
229 3438 1069 3487 an ihrer Erhöhung. Dabei konnte er sich auf
230 3483 1066 3532 die Erfahrungen beziehen, die in seinem eigenen
235 3533 1073 3576 Departement, Saône-et-Loire, gemacht worden
228 3577 1064 3621 sind, auf die Leiden, sagte er, welche das Zoll¬
235 3622 1070 3665 system von 1892 jener Gegend auferlegte und
232 3666 1069 3710 an denen das ganze Land seinen Anteil hatte.
232 3711 1072 3753 Zwischen 1887 und 1892 hatte die Ausfuhr
231 3754 1070 3798 Frankreichs nach der Schweiz durchschnittlich die
231 3799 1065 3846 Höhe von 226 Millionen ereicht. 1893 sank
231 3847 1070 3890 sie auf 173 und 1894 auf 130 Millionen
230 3891 1069 3935 herab, so daß die Einbuße in zwei Jahren 96
230 3936 1071 3980 Millionen betrug. Alle landwirtschaftlichen Er¬
229 3981 1072 4016 zeugnisse unseres Landes wurden in Mitleiden¬
1098 1104 1939 1153 schaft gezogen, und dieser Zollkrieg, fuhr der
1101 1148 1937 1197 Redner fort, war umso weniger gerechtfertigt,
1100 1189 1939 1242 als wir ihn mit einem befreundeten Nachbar¬
1100 1236 1933 1287 lande führten, an das uns alle Ueberlieferungen
1099 1283 1939 1331 unserer Geschichte, eine altbewährte Freundschaft
1101 1327 1937 1377 und mit den materiellen auch ernste politische
1100 1370 1937 1422 Interessen knüpfen. Wie das Abkommen von
1103 1416 1939 1467 1805 wieder Besserung brachte, schilderte Dubief
1097 1463 1934 1512 sodann: Statt der 19,761 Hektoliter Wein
1099 1505 1937 1557 wurden 1899 deren 132,828 ausgeführt, statt
1100 1552 1937 1602 für 2,019,295 Fr. Vieh für 5,000,900 Fr. im
1099 1595 1935 1646 Jahr 1896 und für 7,900,000 Fr. im Jahr
1104 1642 1936 1691 1898, statt für 2,886,000 Kilogramm grünes
1102 1686 1936 1736 und eingemachtes Gemüse 5,165,000, statt für
1103 1729 1934 1780 522,000 Fr. Zucker für 4,810,000 Fr., statt
1101 1776 1931 1824 für 671,000 Fr. Leder für 3,822,000 Fr.
1104 1821 1939 1868 u. s. w. Er gab zu, daß der Gewinn jenes Ab¬
1104 1865 1937 1912 kommens für Frankreich größer war, als für die
1106 1906 1941 1957 Schweiz, da ihre Ausfuhr nach Frankreich noch
1106 1951 1937 2001 um zwanzig Prozent hinter der von 1892 zurück¬
1107 1997 1936 2047 bleibt, die Frankreichs nach der Schweiz aber
1107 2043 1942 2092 nur um zehn Prozent. Unter solchen Umständen
1108 2087 1940 2137 wäre es nach dem Urteile aller Verständigen
1109 2131 1942 2182 thöricht, wegen eines unsichern Gewinns von
1108 2177 1942 2227 vielleicht sieben, allerhöchstens zehn Millionen
1107 2221 1942 2271 den greifbaren Vorteil von hundert Millionen
1109 2270 1942 2314 jährlich und obendrein des guten Einvernehmens
1111 2309 1703 2350 mit dem Nachbarlande aufzugeben.
1172 2358 1940 2407 Hierüber ist auch die Presse, die nicht zu
1108 2403 1943 2451 Méline schwört, einverstanden und so erntet
1108 2446 1943 2496 der Handelsminister Millerand, der diesen
1109 2490 1943 2541 Standpunkt gegen die Interpelanten und die
1108 2536 1936 2585 sozialistischen Abgeordneten von Lyon vertrat,
1108 2583 1943 2628 Lob von Leuten, von denen er gewöhnlich nur
1108 2629 1513 2663 Tadel zu erwarten hat.
1178 2670 1936 2720 „Der Tag war für das Land ein guter",
1105 2714 1945 2765 schreibt z. B. der „Temps", welcher der
1109 2760 1941 2809 Kammer noch besonders dazu Glück wünscht,
1110 2803 1944 2853 daß sie die allgemeinen Interessen, die nationale
1108 2846 1943 2895 Arbeit über eine Lokalfrage stellte, in der sie
1114 2896 1939 2937 thatsächlich nichts vermag, und es verschmähte,
1109 2930 1948 2986 den Seidenwebern von Lyon durch trügerische
1110 2979 1942 3030 Vorspiegelungen den Wahn beizubringen, man
1110 3025 1945 3075 werde der dortigen Industrie Knall und Fall
1110 3069 1948 3120 aufhelfen können. Die Notlage ließe sich nach
1111 3114 1945 3165 allem, was Sachkundige in der Kammer dar¬
1111 3160 1945 3210 legten, nur ändern, wenn statt der leichten
1112 3204 1947 3255 wieder viele schwere, reich broschierte Seiden¬
1113 3248 1946 3300 stoffe getragen würden, und das hängt von den
1111 3295 1947 3344 Launen der Mode ab. Vorläufig bleibt nichts
1111 3345 1946 3387 anderes übrig, als die Unterstützungen fortzu¬
1113 3381 1949 3435 setzen, dank denen Hunderte von geschickten
1116 3430 1789 3470 Arbeitern ein dürftiges Dasein fristen.
1297 3506 1767 3564 Eidgenossenschaft.
1166 3583 1948 3618 — (Korr.) Wie für die obligatorischen Uebungen
1115 3614 1954 3662 zur Erfüllung der Schießpflicht, so wird auch für die
1115 3654 1956 3701 Schießübungen des militärischen Vor¬
1119 3702 1956 3741 unterrichts alljährlich ein Schießprogramm vom
1116 3735 1955 3784 eidgenössischen Militärdepartement aufgestellt. Da nun
1115 3780 1956 3824 dieses Jahr allgemein die neuen, in Schützenkreisen
1115 3819 1955 3864 übrigens sehr begrüßten, Ordonnanzscheiben (Ringscheibe
1116 3860 1955 3905 und Brustingscheibe) zur Anwendung kommen, mußte
1115 3899 1950 3946 darauf Bedacht genommen werden, auch für den Vor¬
1115 3942 1956 3986 unterricht ein Programm aufzustellen, das die Verwen¬
1117 3980 1956 4017 dung der neuen Scheiben und die Grundsätze im Auge
1981 1096 2811 1129 hat, die maßgebend waren für das Programm für die obliga¬
1977 1137 2813 1178 torischen Uebungen. Nachstehend geben wir das Programm
1984 1174 2813 1218 für den Vorunterricht, das dieses Jahr provisorisch für alle
1981 1214 2812 1258 Sektionen gilt, um genügend Material zu erhalten, das
1980 1251 2809 1299 dann gestattet, ein definitives Programm festzusetzen.
1977 1296 2813 1339 Wir bemerken noch, daß schon 1000 die Sektionen, die
1983 1336 2803 1380 auf das Scheibenmaterial der Infanterieinstruktion an¬
1982 1375 2812 1420 gewiesen sind, dieses Programm durchführen konnten.
1982 1413 2805 1462 Es kam, soviel bekannt, Kanur im nton Bern zur An¬
1979 1463 2113 1493 wendung.
2030 1499 2811 1541 Für die erste Schießklasse wird nur die Ringscheibe
1978 1537 2813 1582 (A) verwendet. (Weiße Scheibe mit rundem Schwarz
1983 1582 2813 1622 von 60 Centimeter Durchmesser.) Es sind sechs Uebungen
1980 1623 2567 1654 mit folgenden Bedingungen vorgesehen:
2014 1667 2777 1702 200 m liegend aufgelegt 9 Punkte 4 Treffer
2013 1703 2728 1734 200 m „ freihändig 7 „ 3  „
2016 1750 2730 1775 200 m knieend „ 7 „ 3 „
2016 1790 2732 1815 300 m liegend aufgelegt 8 „ 4 „
2016 1829 2732 1854 300 m „ freihändig 6 „ 3 „
2017 1869 2734 1893 300 m knieend „ 6 „ 3 „
2035 1907 2816 1942 Es ist ein sichtbates systematisches Weiterschreiten
1984 1942 2817 1982 vom Leichten zum Schwereren erkennbar. Die zweite
1985 1982 2819 2022 Schießklasse hat wieder sechs Uebungen, die ersten drei
1985 2023 2818 2062 gegen die Ringscheibe (A), die zweiten drei gegen die
1985 2063 2815 2102 Brustringscheibe. (Weiße Scheibe mit Kreis von 60 Cm.
1985 2103 2816 2143 Durchmesser, in dem ein liegender Schütze abgebildet ist.)
1991 2144 2822 2184 Dieses Scheibenbild ist natürlich schwieriger anzuvisieren,
1989 2185 2694 2216 weil der Kreis eben nicht ausgefüllt schwarz ist.
2024 2231 2786 2265 300 m liegend aufgelegt  9 Punkte 4 Treffer
2024 2266 2741 2297 300 m „ freihändig 7 „ 3 „
2024 2313 2740 2338 300 m knieend „ 7 „ 3 „
2024 2352 2743 2376 200 m liegend aufgelegt 7 „  3 „
2022 2393 2739 2418 200 m „ freihändig 6 „ 3 „
2024 2434 2742 2458 200 m knieend „ 6 „ 3 „
2040 2474 2819 2509 Wir schließen unsere Mitteilungen über das Schieß¬
1987 2509 2821 2549 programm für den militärischen Vorunterricht mit den
1990 2550 2821 2591 nähern Bestimmungen: Per Mann werden drei Probe¬
1989 2591 2817 2630 schüsse gestattet, welche als Kontrollschüsse zu notieren
1990 2631 2821 2669 sind die Bedingungen sind in fünf aufeinanderfolgenden
1990 2670 2823 2711 Schüssen zu erfüllen; Maximum acht Schüsse per
1991 2711 2821 2742 Uebung; Munition bis auf vierzig Patronen per Mann.
2045 2756 2826 2795 — Die schweizerischen Kavallerieoffi¬
1988 2795 2823 2835 ziere haben Samstag 2. und Sonntag 3. Febr. ihre
1987 2835 2821 2874 Jahresversammlung in Neuenburg. Der Waffenchef,
1987 2875 2822 2914 Oberst Markwalder, und der Oberinstruktor, Oberst
1990 2915 2380 2946 Wildholz, halten Vorträge.
2233 3024 2593 3078 Kantone.
2329 3078 2488 3104 Zürich.
2040 3132 2822 3167 Der Regierungsrat verlangt vom Kantonsrat einen
1990 3167 2827 3207 Kredit von 100,000 Fr. für den Bau einer zweiten
1990 3207 2825 3247 Turnhalle der Kantonsschule. Die Frage
1991 3248 2826 3288 beschäftigt die Behörden seit einer Reihe von Jahren.
1992 3289 2825 3328 Schon 1892 erklärten die beiden Aufsichtskommissionen,
1994 3329 2829 3370 daß die bestehende Turnhalle dem Bedürfnis nicht mehr
1991 3370 2825 3409 genüge. Seitdem ist die Schülerfrequenz noch mehr ge¬
1998 3410 2831 3449 stiegen, und die Uebelstände haben sich von Jahr zu
1995 3450 2828 3492 Jahr gesteigert. Es ergeben sich demzufolge, wenigstens
1989 3492 2821 3532 bei ungünstiger Witterung, im Sommerhalbjahr 82
1996 3533 2830 3574 wöchentliche Turnstunden für die eine Turnhalle. Der
1996 3574 2830 3614 Unterricht mußte demzufolge zum Teil auf Stunden ver¬
1995 3615 2832 3655 legt werden, die aus hygieinischen Gründen beanstandet
1998 3656 2835 3696 werden müssen. Man half sich durch Zusammenziehen
1999 3696 2835 3736 von Parallelklassen, wobei die einzelnen Turnabteilungen
2001 3737 2836 3777 so groß werden, daß an eine individuelle Behandlung
2001 3777 2835 3817 des Turnstoffes, wie sie insbesondere beim Geräteturnen
2000 3817 2834 3857 gefordert werden muß, nicht mehr gedacht werden kann,
2001 3858 2835 3898 abgesehen davon, daß die auf den einzelnen Schüler ent¬
2002 3899 2837 3940 fallende eigentliche Uebungszeit sehr reduziert ausfällt
2000 3941 2836 3979 und die für einen geordneten Turnbetrieb unerläßliche
1999 3980 2835 4012 strenge Handhabung der Disziplin erschwert wird. Es
2856 1095 3687 1130 turnten wohl auch zwei Abteilungen nebeneinander, was
2855 1131 3688 1171 bei guter Witterung im Freien wohl angeht, bei schlech¬
2853 1171 3688 1211 ter im Gebäude nicht. Natürlich übte der Mangel an
2853 1212 3687 1251 Turnräumen auch einen nachteiligen Einfluß auf den
2855 1252 3689 1290 ganzen Stundenplan; an der Industrieschule dauert der
2853 1291 3686 1332 Unterricht häufig bis sechs Uhr abends, was ein ent¬
2860 1332 3215 1363 schiedener Uebelstand ist.
2908 1378 3689 1413 Dem allem soll durch den Bau einer neuen Turn¬
2855 1414 3689 1454 halle abgeholfen werden, für den die Architektenfirma
2855 1455 3692 1494 Kehrer und Knell denn auch bereits die Pläne ausge¬
2857 1495 3032 1524 arbeitet hat.
2910 1540 3696 1575 Die Turnhalle wird in die südwestliche Ecke des
2856 1575 3694 1615 Kantonsschulplatzes, längs der Rämistraße, plaziert. Sie
2857 1615 3695 1655 mißt im Lichten in der Länge 32,25 Meter und in der
2854 1656 3693 1697 Breite 15 Meter; sie hat somit eine Grundfläche von
2856 1697 3694 1737 483,75 Quadratmeter. Die lichte Höhe beträgt vom
2858 1737 3696 1777 Fußboden bis zur Dachschräge 7 Meter, bis zum Dach¬
2859 1778 3694 1818 first 10 Meter; mithin beträgt der kubische Inhalt
2859 1819 3693 1857 4111 Kubikmeter. An die Halle schließen sich die nöti¬
2860 1858 3697 1897 gen Nebenräumlichkeiten an (Zimmer für den Turn¬
2862 1898 3698 1936 lehrer, Aborte, Pissoiranlage, Waschraum); im Ober¬
2862 1937 3699 1978 geschoß befindet sich die Garderobe und eine Tribüne
2864 1978 3699 2018 und sodann im Untergeschoß, welches auch von außen
2864 2019 3700 2060 zugänglich ist, der Heizraum, der Kohlenbehälter und der
2865 2060 3035 2089 Kübelraum.
2919 2105 3707 2140 Für den Boden ist Korkbelag in Aussicht genommen,
2867 2141 3704 2180 für die Heizung eine Niederdruckdampfanlage, für die
2870 2181 3704 2220 Beleuchtung elektrisches Licht. Die Turnhalle wird mit
2867 2221 3704 2263 den für das Knabenturnen notwendigen Gerätschaften
2866 2263 3702 2302 ausgerüstet, wobei vorgesehen ist, daß die letztern all¬
2865 2303 3700 2341 fällig auch für das Turnen von Turnvereinen Verwen¬
2865 2342 3696 2383 dung finden können. Die äußere Ausstattung soll mög¬
2867 2383 3306 2414 lichst einfach gehalten werden.
2919 2430 3702 2464 Der Kantonsrat wird den Kredit ohne Zweifel be¬
2868 2465 3702 2503 willigen. Er bildet den Anfang zu einer Sanierung
2865 2504 3705 2545 eigentlich unhaltbarer Verhältnisse, unter denen unsere
2866 2545 3704 2585 allzu lange baulich vernachlässigte Kantonsschule schwer
2865 2582 2944 2617 leidet.
2918 2636 3704 2671 — Die Schützengesellschaft Uster hat vom
2867 2671 3704 2711 Vorschlag, dessen sie sich rom Kantonalschützen¬
2868 2712 3703 2753 fest erfreute, folgende Schenkungen gemacht: 2500 Fr.
2875 2754 3710 2793 dem Baufonds des Altersasyls, 500 Fr. dem Frauen¬
2868 2793 3701 2833 verein zur Verteilung an bedürftige Kinder der politischen
2866 2833 3701 2872 Gemeinde, 800 Fr. der Sekundarschule für Schulreisen,
2865 2873 3701 2911 200 Fr. dem Armbrustfonds der Sekundarschule Uster,
2865 2912 3703 2951 100 Fr. demjenigen in Nänikon, 280 Fr. dem
2866 2952 3704 2994 Dilettantenorchester, je 200 Fr. dem Sängerbund,
2871 2995 3710 3034 dem Liederkranz, dem Gemischten Chor und dem
2872 3035 3710 3074 Turnverein, 100 Fr. dem Alpenrösli, je 50 Fr. dem
2872 3075 3710 3116 Grütlimännerchor und den Männer- und Töchterchören
2870 3117 3506 3148 von Oberuster, Niederuster und Nänikon.
2921 3172 3705 3207 — Es verlautet, daß unter Leitung des Gemeinde¬
2872 3208 3708 3248 präsidenten Frei in Oerlikon eine größere heimische
2873 3249 3710 3290 Fabrik an der Straße nach Kloten und zwar zwischen
2873 3291 3709 3330 Kloten und Glattbrugg planiert sei. Mit den
2870 3331 3493 3361 Erdarbeiten sei bereits begonnen worden
3235 3388 3342 3412 Bern.
2938 3436 3707 3476 W. Am 10. Februar, auf welchen die Ge¬
2874 3477 3707 3522 meindeabstimmung über die berühmt gewordenen
2876 3523 3700 3568 Kreditüberschreitungen beim Kornhausumbau rc.,
2878 3569 3709 3612 sowie über die Frage der Gaswerkerweiterung
2877 3613 3711 3657 angesetzt ist, hat in der unteren Gemeinde
2881 3658 3713 3703 Bern auch eine Ersatzwahl in den
2880 3704 3711 3748 Großen Rat stattzufinden. Zu ersetzen ist
2879 3749 3703 3792 der jüngst verstorbene Buchdrucker Siebenman,
2881 3793 3711 3838 der bekanntlich dem Generalstab der sozialistischen
2881 3839 3712 3884 Partei angehört, in den letzten Jahren freilich
2883 3885 3713 3929 mehr und mehr zu den stillern Mitgliedern
2882 3930 3710 3973 gezählt hatte. Die untere Gemeinde darf oder
2877 3974 3708 4008 durfte bislang als die eigentliche Domäne der
502 4119 800 4165 Feuilleton.
430 4224 894 4248 Litteratur und Kunst.
227 4280 1075 4317 Aus der Geschichte der Gemeinde Wa¬
301 4317 1074 4356 lenstadt und des Sarganser Landes
302 4357 992 4387 von Dr. Franz Fäh (Walenstadt, 1900).
287 4398 1074 4439 Dr. Franz Fäh in Basel, der sich um seine neue
235 4432 1073 4479 Heimat besonders als Forscher und Darsteller für den
236 4473 1074 4520 hervorragenden Vertreter der eidgenössischen reformierten
236 4514 1070 4560 Städte bei dem Abschuß des westfälischen Friedens,
233 4552 1076 4600 Bürgermeister Wettstein, verdient gemacht hat, ist aber
230 4595 1074 4640 auch seinem Geburtsland am Walensee in seinen
235 4636 1074 4681 Studien treu geblieben. Stets wieder schenkt er von
242 4678 1074 4722 Frist zu Frist seinen Landsleuten im Sarganserlande
235 4717 1074 4762 eine Frucht seines Fleißes in einer vortrefflichen, jeden
236 4759 1074 4804 Liebhaber historischer Lektüre anziehenden Form. So
234 4799 1073 4844 ist jetzt eben auf Wunsch des Walenstadter Orts¬
238 4838 1075 4886 verwaltungsrates das Büchlein erschienen, das sich an
234 4879 1074 4925 die am 9. Dezember 1899 abgehaltene Jahrhundertfeier
234 4926 383 4940 anschliesst.
282 4960 1073 5009 Er bietet in sieben Kapiteln einen kurzen Abriß der
238 5004 1076 5049 Geschichte des Sarganserlandes und besonders der
228 5045 1078 5092 privilegierten, durch ihre Lage an der Handelsstraße
228 5086 1075 5132 bevorzugten Stadt Walenstadt, seit 1482, wo jenes
228 5128 1075 5172 unter die eidgenössische Herrschaft kam, bis auf die
228 5166 1077 5213 letzte Zeit der alten Eidgenossenschaft, dann eingehend
228 5209 1071 5254 die Erzählung der viel bewegten Jahre 1798 und 1799.
228 5247 1075 5297 Aber dieser geht noch die höchst anschauliche Schilderung
228 5289 1076 5337 des so furchtbar von Jahr zu Jahr sich verschlimmernden
228 5328 1073 5378 Zustandes voraus, in den die Walenstadter durch die
228 5374 1074 5409 seit 1762 eingetretene Schwellung des Sees infolge
1118 4079 1951 4115 der Wasserstauung durch die Glarner Linth versetzt
1118 4116 1953 4155 wurden, eines moralischen, ökonomischen, physischen
1122 4156 1957 4194 Verderbens, dem man trotz aller Beratungen der
1120 4195 1956 4236 Tagsatzungen innerhalb der vorrevolutionären Zustände
1118 4237 1953 4277 nicht steuern konnte. Zwar gieng auch aus Walenstadt
1123 4278 1958 4319 selbst, durch den Arzt Dr. Zugenbühler, ein Vorschlag
1121 4320 1954 4358 zur Abhülfe, mit ganz bemerkenswerten Ausführungen,
1118 4359 1955 4399 hervor; aber bekanntlich ist dann ja die Durchführung
1119 4400 1954 4441 des Werkes dem unvergeßlichen Escher von der Linth
1126 4441 1958 4481 übertragen worden. Der nicht ganz leicht zu behandelnde
1123 4481 1958 4521 Walenstadter Ratgeber fand sich durch die Vernach¬
1125 4521 1958 4561 lässigung seiner Person bei Zusammensetzung der
1131 4561 1958 4601 Kommission, dann so beleidigt, daß er nach Paris
1128 4602 1958 4643 übersiedelte, wo er erst 1855 starb. Indessen liegt das
1130 4644 1958 4685 Hauptinteresse des kleinen Buches selbstverständlich in
1123 4686 1958 4726 den Kapiteln III bis VII, der Geschichte der Vor¬
1123 4727 1957 4766 ereignisse der Revolution, der von Parteiung, Krieg,
1120 4767 1957 4807 Heimsuchung aller Art erfüllten zwei Jahre, die schon
1123 4807 1467 4837 hervorgehoben wurden.
1176 4855 1959 4889 Eine einzelne Persönlichkeit aus Walenstadt tritt
1120 4890 1958 4929 dabei so in den Vordergrund, daß man sehr gut das
1125 4930 1959 4970 Ganze um sie gruppieren kann. Das ist der durch
1123 4970 1959 5010 seinen Dichternamen als „Barde von Riva" bekannt
1125 5011 1959 5052 gewordene, 1705 geborene Franz Joseph Benedikt
1119 5052 1955 5092 Bernold, der durch Ernst Götzinger 1890 und 1891 in
1122 5093 1958 5135 einem Neujahrsblatt von St. Gallen und in Mit¬
1122 5135 1959 5175 teilungen aus den nachgelassenen Papieren und aus
1123 5175 1959 5215 der Korrespondenz wieder in den Mittelpunkt der
1123 5216 1959 5256 Aufmerksamkeit gerückt worden war. Der trefflich
1121 5257 1958 5298 gebildete, ideal denkende, schwungvolle und dabei
1119 5299 1955 5337 gewandte und höchst wohlmeinende Mann steht auch in
1120 5337 1711 5368 unserer Schrift ganz im Vordergrunde.
1174 5384 1957 5411 Schon Ende 1794, als es sich unter den von Pfävers
2009 4075 2838 4110 abhängigen Klosterleuten zuerst zu regen begann, war
2002 4111 2836 4152 Bernold, als Sarganser Landeshauptmann und Walen¬
2001 4152 2835 4193 stadter Schultheiß, zwar nicht Teilnehmer an der
2004 4194 2838 4235 Verabredung, aber er wußte doch so viel von der
2004 4236 2838 4275 Sache, daß ihm Bürgermeister von Wyß auf der
2004 4275 2838 4315 Frauenfelder Tagsatzung von 1795 einen „väterlichen
2007 4316 2838 4356 Zuspruch" halten mußte. Nach drei Jahren, als die
2005 4357 2838 4396 Unterthanenverhältnisse dahin gefallen waren, war es
2006 4397 2838 4436 Bernold, der am 22. März 1798 in Heiligkreuz bei
2006 4436 2838 4476 Sargans vor der Landsgemeinde seiner „freien Mit¬
2004 4477 2837 4519 bürger und Landleute" öffentlich die Versammlung
2001 4519 2831 4559 einleitete. Aber als Präsident der neuen provisorischen
2000 4560 2831 4600 Regierung des Sarganserlandes hatte er alsbald Ende
2004 4601 2835 4641 April die Truppen zu beeidigen, welche den bisherigen
2005 4642 2834 4683 herrschenden Kantonen der Urschweiz zu Hülfe gegen
2004 4684 2834 4724 die vorrückenden Franzosen geschickt werden sollten.
2004 4724 2836 4764 Das fruchtete freilich nichts, die Franzosen rückten auch
2008 4764 2838 4804 in diesen Teil der neu gestalteten helvetischen Republik
2001 4805 2832 4846 ein, und die Sarganser mußten es sich gefallen lasen,
2006 4847 2835 4887 innerhalb des Kantons Linth ein Distrikt zu werden,
2006 4888 2835 4928 in dem Bernold die Stelle des Unterstatthalters an¬
2004 4929 2837 4970 nahm. Als solchen suchte er energisch den Schulen
2004 4971 2838 5010 emporzuhelfen. Doch rasch folgten, mit dem Erscheinen
2004 5011 2837 5052 der kaiserlichen Truppen in Graubünden, mit dem
2007 5053 2838 5093 Ausbruche des zweiten Koalitionskrieges neue Wirren,
2007 5094 2838 5135 und die Kriegsereignisse brandeten an die Grenzen des
2006 5136 2838 5176 Meiser Distriktes heran. Bernold legte seine helvetische
2002 5176 2835 5216 Beamtung nieder, mit einem „letzten Wort" an seine
2001 5216 2833 5256 Mitbürger. Nach dem hitzigen Gefechte bei Mols am
2003 5257 2832 5298 19. Mai 1799, wo Pater Paul Styger mitfocht, die
2002 5298 2832 5338 im englischen Solde stehenden Schweizer Rovereas
2003 5339 2833 5380 tapfer schlugen, Frauen und Jungfrauen durch „Steine¬
2003 5381 2834 5412 trölen" den Feind schädigten, mußten die Franzosen
2879 4075 3713 4110 Walenstadt räumen. Doch Bernold war jetzt als
2879 4111 3712 4152 gewesener helvetischer Funktionär verdächtigt, und er
2879 4153 3714 4192 wurde gewungen, sich nach Graubünden in Arrest zu
2879 4193 3716 4231 begeben. Da geschah am 1. Juni in der Nacht ein
2880 4232 3716 4273 furchtbares Unglück. Durch die in Trunkenheit begangene
2878 4274 3712 4316 Unvorsichtigkeit, oder gar durch die Bosheit eines
2878 4317 3713 4357 Berner Soldaten der Roverea-Legion — er soll nachher
2883 4358 3715 4397 standrechtlich erschossen worden sein — kam es zu
2879 4398 3713 4435 einem Brandausbruch in Walenstadt, der nicht nur 66
2880 4435 3711 4475 Gebäude, darunter Bernolds stattliches Haus, zerstörte,
2884 4476 3716 4518 sondern noch den Tod von 85 wackeren Männern aus
2879 4519 3713 4559 der Sarganser Gegend, die zur Hülfe herbeigeeilt
2882 4560 3716 4599 waren, unter einem einstürzenden Gewölbe, nach sich
2881 4600 3718 4639 zog. Dann kamen im Herbst, nach der zweiten Schlacht
2883 4640 3718 4681 bei Zürich, die Franzosen neuerdings in das Land,
2885 4681 3718 4721 und die sprechenden Zahlen des Bordereaus im Anhang
2883 4722 3715 4764 illustrieren deutlich genug alle „Einquartierung,
2885 4765 3718 4806 Lieferungen, Fuhren, Räubereien und aller Arten
2881 4806 3712 4846 Beschädigungen" des ganzen Melser Distriktes vom
2886 4846 3717 4886 September 1798 bis März 1801. So ist in anschaulicher
2880 4887 3710 4929 Weise mit Heranziehung aller erreichbaren Quellen,
2887 4930 3716 4970 auch mündlicher Berichte, ein lebensvolles Bild vor¬
2881 4971 2992 5002 geführt.
2938 5013 3718 5051 Einige wohl ausgewählte illustrative Beigaben
2884 5051 3718 5091 schmücken das Buch, das der Walenstadter Offizin alle
2879 5092 3710 5132 Ehre macht. Neben den Porträts Bernolds und Dr.
2880 5132 3712 5171 Zugenbühlers sind es drei Landschaftsbilder, Walenstadt,
2882 5172 3719 5211 das wohl ummauerte Städtchen, nach einer hübschen
2883 5212 3720 5252 Ansicht aus dem 17. Jahrhundert, der Walensee von
2879 5252 3712 5292 der Sust bei Walenstadt gesehen und der Bommerstein,
2882 5293 3720 5335 die damals noch aufrecht stehende Ruine, am Seege¬
2881 5336 3684 5367 stade, nach zeitgenössischen Aufnahmen. M. v. K.
