3923 5551
190 176 1142 243 Nr. 227 Erstes Abendblatt.
1528 177 2376 248 Der Zürcher Zeitung 117. Jahrgang.
2756 169 3700 245 Montag, 5. Oktober 1896.
183 302 3694 737 Neue Zürcher-Zeitung
348 820 1064 872 Abonnementspreise. 3 Monate. 6 Monate.
172 858 1069 900 Zürich wenn die Zeitung abgeholt wird . . . Fr. 5.50 Fr. 10.—
173 889 1066 919 do. in's Haus gebracht . . . . . . . „ 6.50 „ 11.50
173 917 1068 947 Schweiz Bestellung beim Postbureau . . . . „ 6.50 „ 12.50
226 941 1060 971 do. mit Bezug unter Privatadresse . . . „ 3.— „ 15.—
174 964 915 1002 Deutschtland Bestellung beim Postamt . . . Mk. 6.—
177 998 783 1027 Oesterreich-Ungarn do. fl. d. W. 5.66
199 1017 1068 1054 Italien-Egypten do. . . Fr. 8.10 Fr. 15.50
190 1047 1066 1081 Uebrige Staaten des Weltpostvereins . . . „ 12.50 „ 24.—
228 1083 881 1109 5 Tonhallestr. Redaktionsbureau Göthestr. 10
1300 890 2604 1035 und schweizerisches Handelsblatt.
3090 834 3462 867 Insertionspreise:
3025 872 3531 902 Per einspaltige Peitzeile oder deren Raum
2966 899 3589 921 für die Schweiz 25 Cts., für das Ausland 40 Cts.,
2833 926 3718 956 Local-Ins. 20 Cts. (excl. Finanz- u. Chiffre-Anzeigen, sowie f. Actien-Ges.).
3117 957 3459 977 Reclamen Fr. 1.— per Zeile.
3086 989 3484 1007 Alleinige Inseraten-Annahme:
3132 1015 3436 1045 Rudolf Mosse
2829 1057 3716 1084 Annoncen-Expedition für alle schweizerischen und ausländischen Zeitungen
3034 1085 3498 1110 5 Tonhallestr. Zürich Göthestr. 10
332 1193 869 1254 Tagesbericht
453 1274 747 1308 vom 5. Oktober.
240 1325 1030 1374 Die eidgenössische Abstimmung hat
165 1377 1026 1426 uns keine Enttäuschung und viel rechtschaffene
166 1419 1022 1471 Freude bereitet. Daß die Disziplinarstraford¬
167 1471 1024 1514 nung verworfen würde, darüber konnte von dem
165 1502 1026 1563 Augenblick an kein Zweifel sein, in welchem der
169 1554 1023 1607 erste Referendumsbogen aufgelegt wurde. Straf¬
169 1599 1028 1651 gesetze pflegen nicht populär zu sein und gar
171 1647 1023 1693 eine Disziplinarstrafordnung. Der Name schon
172 1688 1028 1737 ist ominös; es haftet ihm ein Schulgerüchlein
164 1732 1027 1782 an, gegen das die Riechorgane unserer ausge¬
165 1775 1027 1829 wachsenen Referendumsbürger besonders em¬
173 1819 1024 1874 pfindlich sind. Als gerade die Leute der strengen
163 1866 1025 1918 militärischen Observanz gegen das militaristische
166 1914 1031 1964 bürgerfeindliche Gesetz loszogen, wußte man
165 1960 1023 2009 auch, es sei verloren, wenn der Protest in die
163 2004 1025 2050 demokratische Praxis, ein Referendumsbegehren
166 2051 1025 2094 umgesetzt werde. Herr Wullschleger mag nicht
167 2095 1026 2138 übel gelacht haben, als er die Artikel las, in
167 2139 1026 2183 denen die Allgemeine Schweizer Zeitung ihrer
168 2184 1026 2227 Entrüstung über den anticivilistischen Geist des
168 2228 1026 2272 eidg. Militärdepartements Ausdruck gab. Nach¬
169 2273 1026 2316 dem die durchaus natürliche Abneigung des
169 2317 1026 2360 Volkes gegen Disziplin überhaupt und mili¬
168 2361 1026 2405 tärische Disziplin im besondern in dem speziellen
168 2406 1026 2450 Falle die Sanktion unserer Kavalierpartei er¬
168 2451 1026 2494 halten hatte, war an einen Sieg der Militär¬
167 2495 1026 2538 novelle nicht mehr zu denken. Niemand wollte
166 2539 1026 2582 päpstlicher sein als der Papst, niemand die
167 2583 1024 2627 Unpopularität riskieren, die mit der Verteidi¬
166 2628 1024 2672 gung eines von den nächsten Verwandten preis¬
166 2673 1025 2715 gegebenen Gesetzes verbunden war. Die Bedeu¬
170 2716 1023 2758 tung des Entwurfes war zu gering, als daß
164 2759 1025 2802 irgend eine Partei sich für ihn hätte kompro¬
163 2803 1022 2846 mittieren mögen. Darum schwieg man zu Olten
163 2847 1024 2891 von dem Disziplinargesetz, darum haben die
164 2892 1023 2935 kantonalen Versammlungen und Komitees die
162 2936 1022 2979 Abstimmung über dasselbe freigegeben, soweit sie
162 2980 1018 3023 nicht — ein viel weniger riskantes und auf dem
161 3024 1018 3068 direkten Wege, demagogischer Volkstümlichkeit
162 3069 1018 3112 liegendes Unternehmen — zur Verwerfung auf¬
163 3113 326 3146 forderten.
228 3160 1020 3201 Die Resignation, mit der die Freunde des
162 3202 1020 3246 Gesetzes von vornherein seine Verwerfung als
162 3247 1020 3290 besiegelt annahmen, war nicht löblich. Man
162 3291 1019 3334 konnte auch die Beobachtung machen, daß gegen
162 3335 1020 3379 den Abstimmungstag hin Viele sich ihrer
160 3380 1014 3424 schämten und ihr Gewissen durch Kundgebungen
159 3425 1019 3468 zu salvieren suchten, die keine Wirkung mehr
159 3469 1011 3512 üben konnten. Das Gesetz, das bestimmt war,
159 3513 1017 3557 die Härte unserer Militärjustiz und Militär¬
157 3558 1014 3602 polizei zu mildern, wurde mit ungeheurem
158 3603 1014 3646 Mehr vom Volk verworfen. Wir hegen nur den
156 3647 1016 3690 einen Wunsch, daß die Urheber der Referen¬
155 3691 1015 3734 dumsbewegung sich an diesem Erfolg genügen
154 3735 1018 3779 lassen und in Zukunft Lorbeeren suchen, die
154 3780 1016 3823 etwas weniger wohlfeil zu haben sind. Ein
154 3824 1017 3866 Sportreferendum verträgt am wenigsten unser
154 3867 397 3899 Militärwesen.
225 3915 1016 3955 Ueber das Viehhandelsgesetz verlieren wir
156 3956 1014 3997 keine Worte. Die Verwerfung ändert nichts am
154 3998 1015 4034 status quo. Es bleiben die kantonalen Rechte
1075 1168 1923 1207 bestehen, die den Interessenten in den betreffen¬
1075 1204 1927 1253 den Gegenden zu behagen scheinen. Die Bun¬
1076 1254 1926 1297 desversammlung wird abwarten, bis das Be¬
1076 1298 1923 1341 dürfnis nach Einheit sich stärker äußert als jetzt.
1076 1342 1921 1385 Einstweilen ist nur zu sagen, daß die land¬
1077 1384 1925 1431 wirtschaftlichen Freunde des verworfenen Gesetzes
1075 1430 1924 1476 sich nicht stärker zu seinen Gunsten ge¬
1075 1472 1921 1521 rührt haben, als die Schöpfer des Disziplinar¬
1076 1522 1204 1555 gesetzes.
1141 1565 1923 1610 Die Bedeutung des gestrigen Tages liegt
1075 1608 1922 1654 ganz in der Abstimmung über das Eisenbahn¬
1075 1655 1918 1698 rechnungsgesetz, das mit erheblich größerem
1076 1695 1923 1743 Mehr angenommen worden ist, als wir zu
1075 1740 1926 1788 hoffen gewagt hatten. Von den welschen Kan¬
1075 1784 1926 1833 tonen ist nur Waadt annähernd einheitlich gegen
1074 1830 1917 1877 die Vorlage aufgetreten. Neuenburg und na¬
1073 1873 1920 1922 mentlich Genf hatten sehr erhebliche Minder¬
1073 1920 1924 1966 heiten, die nicht gestatten, daß man von einem
1073 1963 1922 2011 Sieg des einen Sprachstammes über den andern
1071 2007 1926 2055 rede. Auch in der Westschweiz scheint es Leute
1073 2051 1926 2100 genug zu geben, die nicht um eines lokalen
1072 2096 1922 2144 rechtlich nicht zu begründenden Vorteils willen
1073 2142 1926 2188 den Bund verhindern wollen, sich Klarheit über
1073 2183 1925 2233 den Wert unserer Bahnen zu verschaffen. Der
1072 2230 1918 2277 Rückkauf ist gestern nicht beschlossen, worden;
1073 2274 1922 2321 es wäre eine Täuschung, wenn man sich das
1073 2318 1922 2366 Gegenteil einreden wollte. Wir freuen uns
1072 2362 1918 2410 aber, daß das öffentliche Interesse über indi¬
1072 2407 1919 2455 viduellen und regionalen Eigennutz gesiegt hat.
1073 2453 1924 2499 Wir gönnen auch Herrn Bundesrat Zemp von
1072 2496 1922 2543 Herzen den ersten Erfolg, den er mit seiner loya¬
1073 2540 1917 2578 len und geraden Eisenbahnpolitik errungen hat.
1139 2591 1919 2632 Von den kantonalen Resultaten haben uns
1072 2630 1913 2676 die von Aargau, Luzern und St. Gallen an¬
1072 2673 1921 2720 genehm überrascht. Das Abstimmungsergebnis
1071 2717 1914 2765 von Kanton und Stadt Zürich überzeugt viel¬
1071 2761 1920 2809 leicht auch die verehrten Kolegen vom Genfer
1070 2805 1913 2853 Journal, daß zwischen Wunsch und Wirklichkeit
1070 2850 1917 2897 ein kleiner Unterschied besteht und daß die Nein
1070 2893 1917 2941 des Politischen Kreisvereins II die welterschüt¬
1068 2938 1913 2984 ternde Bedeutung nicht hatten, die Herr Micheli
1067 2982 1708 3018 ihnen glaubte zuschreiben zu müssen.
1133 3075 1914 3116 Wien, 3. Okt. (J. S. Orig.-Korr.) Die
1068 3113 1910 3161 Pforten des österreichischen Parlamentes
1069 3157 1913 3204 haben sich wieder geöffnet. Einer österreichischen
1069 3202 1912 3248 Gepflogenheit entsprechend hat gleich in der
1067 3249 1915 3292 ersten Sitzung des Abgeordnetenhauses der
1068 3293 1915 3335 Finanzminister Dr. v. Bilinski das Bud¬
1066 3336 1915 3379 get für 1897 unterbreitet. Dieses brachte eine
1068 3380 1916 3423 Ueberraschung. Wohl ist bei einem Einnahmen-
1064 3424 1914 3468 und Ausgabenvoranschlag von rund 692 Mil¬
1066 3468 1916 3510 lionen Gulden ein Ueberschuß von einer halben
1064 3511 1915 3557 Million herausgerechnet. Aber dieses Resultat
1066 3558 1917 3601 wird nur dadurch erzielt, daß der Schatzkanzler
1065 3602 1914 3645 des Ministeriums Badeni einen namhaften Teil
1066 3641 1910 3689 der Ausgaben, darunter nicht bloß vorüber¬
1065 3690 1911 3733 gehende, aus dem regelmäßigen Budget schied
1066 3734 1906 3777 und sie auf das Konto von Investitionen setzte,
1064 3774 1908 3821 zu deren Deckung eine neu zu schaffende Art
1064 3822 1905 3865 von Anleihen, die Investitionsanleihe,
1065 3862 1897 3911 dienen soll. Für das nächste Jahr ist die Ver¬
1063 3905 1911 3955 ausgabung von rund fünfzig Millionen Gulden
1064 3948 1912 4000 dieser neuen Schuldgattung in Aussicht ge¬
1063 3996 1909 4035 nommen, wovon ungefähr die Hälfte zur Be¬
1969 1167 2815 1205 streitung der Investitionen und die andere
1973 1206 2820 1251 Hälfte zur Rückzahlung von Schulden ver¬
1973 1252 2824 1297 wendet werden soll. Da überdies die Ein¬
1976 1298 2825 1340 nahmen für 1897 um beiläufig 25 Millionen
1973 1341 2818 1383 höher als für das laufende Jahr veranschlagt
1968 1384 2818 1427 werden, so haben die Oppositionsorgane nicht
1969 1428 2818 1472 Unrecht, wenn sie erklären, daß, wenn in der
1972 1473 2822 1518 bisherigen Weise der Voranschlag ausgestellt
1971 1519 2816 1563 worden wäre, das Budget nicht mit einem
1974 1564 2821 1607 Ueberfluß, sondern mit einem Defizit von
1975 1608 2818 1653 einem halben hundert Millionen schließen würde.
1971 1654 2821 1696 Diesen Schwarzsehern wird, jedoch entgegen¬
1975 1697 2825 1740 gehalten, daß die thatsächlichen Ergebnisse des
1974 1741 2822 1784 Staatshaushaltes in den letzten Jahren regel¬
1970 1785 2821 1828 mäßig das Budget um viele Milionen über¬
1972 1829 2823 1873 schritten haben, Herr v. Bilinski daher berech¬
1974 1874 2821 1918 tigt sei, die Einnahmeziffern höher anzusetzen.
1973 1919 2820 1963 Auch wird darauf hingewiesen, daß die regel¬
1972 1964 2825 2007 mäßige Schuldentilgung, die sich auf ungefähr
1972 2008 2825 2051 ein Dutzend Millionen jährlich beläuft und bis¬
1975 2052 2825 2096 her größtenteils durch die Ausgabe neuer
1969 2097 2819 2140 Schuldtitel bewirkt wurde, nunmehr in den
1971 2141 2817 2184 Einnahmen ihre Deckung finden sol. Wenn
1969 2185 2817 2229 man die Einzelheiten des Budgets unbefangenen
1970 2230 2821 2274 Blickes betrachtet, so kommt man zu dem Er¬
1972 2275 2823 2318 gebnisse, daß weder zur Schwarzmalerei noch
1968 2319 2816 2363 zur Vertrauensseligkeit Grund vorhanden sei.
1968 2364 2822 2408 Die Ausgaben steigen rasch und auf daß mit
1968 2409 2816 2452 ihnen die Einnahmen gleichen Schritt halten,
1967 2448 2812 2497 muß die Steuerschraube mit aller Kraft ange¬
1964 2495 2821 2540 zogen werden. Diese Finanzkunst ist bald ge¬
1972 2541 2825 2585 troffen und sie ist bisher so ziemlich von allen
1966 2582 2810 2631 österreichischen Finanzministern geübt worden.
1967 2626 2821 2676 Einen eigentümlichen Eindruck macht es, wenn
1966 2670 2812 2720 man sieht, daß ein großer Teil der vorgeschla¬
1966 2715 2819 2764 genen „Investitionen", wiederum Galizien zu
1966 2765 2283 2798 gute kommen soll.
2267 2813 2540 2841 * * *
2037 2850 2821 2889 Zum Abschlusse des italienisch-¬
1965 2890 2817 2933 tunesischen Handelsvertrages, schreibt
1968 2934 2822 2977 unser römischer th. Korrespondent: So sehr die
1964 2978 2817 3020 offiziöse Presse über den „großen Erfolg" des
1963 3021 2814 3064 Kabinetts Rudini Freude heuchelt, so kühl faßt
1972 3065 2822 3109 man im allgemeinen die erlangten „Vorteile"
1965 3110 2822 3155 auf. Was hat man mit diesem Vertrage eigent¬
1962 3156 2815 3198 lich erzielt? Vieleicht große Konzessionen für
1965 3199 2821 3242 den italienischen Handel? Vielleicht moralischen
1965 3243 2819 3287 Gewinn an jenem von Italien stets so sehn¬
1971 3288 2822 3331 süchtig begehrten Gebiete, das Tunis doch ein¬
1967 3332 2817 3375 mal ist? Nichts von alldem. Was den Han¬
1964 3376 2814 3419 del betrifft, so gewährt Frankreich bis zum
1965 3420 2814 3463 Jahre 1905 — also noch auf genau neun
1962 3464 2812 3508 Jahre — den status quo, um nachher, wie es
1966 3509 2818 3553 scheint, durch die Verwirklichung einer fran¬
1966 3554 2817 3597 zösisch-tunesischen Zoll-Union die italienische
1967 3598 2815 3640 Einfuhr vollends lahmzulegen — vorausgesetzt,
1965 3641 2819 3683 daß diese Drohung nicht schon früher in Er¬
1962 3684 2819 3727 füllung geht. In politischer Hinsicht läßt
1958 3728 2815 3770 man es — bis zum Jahre 1905 — gleichfalls
1956 3771 2809 3813 so ziemlich beim Alten, d. h. die von Italien
1958 3814 2812 3857 seiner Zeit „auf Probe" abgeschafften Kapitula¬
1957 3858 2811 3902 tionen bleiben, wenn schon nicht nominell, so
1957 3903 2811 3947 doch faktisch beseitigt und Italien kann froh
1956 3948 2809 3992 sein, daß Frankreich wenigstens die italienischen
1957 3993 2813 4026 Schulen und Vereine bestehen läßt, — bis zum
2871 1171 3724 1210 Jahre 1905, notabene! Dafür hat aber Italien
2869 1211 3720 1254 den Franzosen das Recht der Exequatur-Ver¬
2868 1255 3717 1298 leihung oder Nichtverleihung an die in Tunis
2871 1299 3721 1343 residierenden italienischen Konsuln gewähren
2871 1344 3718 1387 müssen, sowie das bisher nicht bestehende Recht,
2877 1388 3724 1432 die Italiener dort nicht mehr — wie bis dato
2871 1433 3474 1467 — als exterritorial zu behandeln.
2937 1483 3722 1520 Alles in allem, wie man sieht, sehr zweifel¬
2873 1521 3720 1563 hafte Vorteile, die in Italien auch nur wenig
2871 1564 3713 1608 — und keinen freundlichen — Eindruck machen.
2869 1609 3720 1652 Denn man sieht ein, daß die einfache Rückehr
2867 1653 3715 1697 zu den Kapitulationen, deren sich mit Ans¬
2870 1698 3724 1742 nahme Englands sämtliche Staaten im Verkehr
2871 1743 3723 1788 mit Tunis bedienen, den italienischen Interessen
2873 1789 3725 1832 und der Würde des Landes weit ersprießlicher
2871 1833 3724 1876 gewesen wäre. Allerdings hätte es dazu eines
2872 1877 3727 1920 energischen Willens bedurft, der im Kabinett
2873 1921 3480 1956 Rudini leider nicht vorhanden ist.
2962 2045 3638 2081 Von der Berliner Gewerbeausstellung.
3269 2110 3346 2130 XIV.
3199 2158 3405 2181 (Fortsetzung).
2925 2205 3730 2238 Aus dem ernsten Reiche der Gruppe IX tritt
2874 2239 3728 2279 man sofort in ein duftiges, in welchem man sicher ist
2873 2280 3727 2317 immer ein zahlreiches Publikum weiblichen Geschlechts
2875 2318 3728 2357 zu finden: in das Reich der Seife, der Schminke und
2874 2358 3727 2398 des Puders. Drei Sterne erster Größe leuchten an
2877 2399 3730 2439 diesem Himmel: Treu und Kuglisch (ich glaube, daß
2876 2440 3728 2480 ich chronologisch richtig verfahre, wenn ich diesen zuerst
2873 2480 3732 2520 nenne), Gustav Lohse, F. Leichner. Der erste gehört
2870 2520 3723 2559 noch der guten alten vormärzlichen Zeit an, ich glaube,
2878 2560 3732 2599 daß Saphir und Glaßbrenner ihn zu ihren Witzen ge¬
2870 2599 3727 2638 braucht haben, Lohse ist ein höchst vornehmer Mann,
2868 2639 3727 2678 den Hof und Adel immer protegiert haben, Leichner
2872 2678 3732 2718 der Mann der neuen Zeit, dessen größter Trumpf eine
2868 2719 3730 2759 Fettschminke ist, welche die Schauspielerinnen der
2870 2760 3732 2799 ganzen Welt gebrauchen, die ihm von Zeit zu Zeit
2877 2799 3732 2839 ein Zeugnis für deren Unübertrefflichkeit ausstellen.
2872 2839 3730 2878 Ich habe den Mann nie gesehen, aber ich verehre ihn
2872 2879 3728 2917 und ich muß manchmal an ihn denken. Man sagt, daß
2874 2918 3730 2956 jedermann schwer den Geruch seines Handwerkes ver¬
2870 2957 3725 2996 treibt, wie der Schuster nicht den Pechduft. Wie mag
2869 2997 3728 3039 Herr Leichner den Geruch seines Parfums vertreiben?
2866 3040 3715 3079 Ich glaube, wenn er wie der ewige Jude die ganze
2865 3079 3721 3118 Welt durchirrte, könnte er es nicht. Ich verehre aber
2864 3119 3720 3158 auch den Mann, denn während andere von der Presse
2867 3159 3722 3200 protegiert werden, protegiert er die Presse, eine kleine
2874 3200 3721 3239 Wendung, die seinem Genie die höchste Ehre macht
2861 3240 3732 3278 Dankbar für diejenigen, welche ihm zu Reichtum ver¬
2853 3279 3725 3317 holfen, hat er seine Ausstellung in das Modell eines
2865 3318 3721 3359 Theaters gekleidet, in welchem die farbigen Päckchen
2869 3359 3721 3398 seiner Fabrikate wie die aufgeklappten Stühle aussehen.
2866 3399 3721 3437 Aber ich empfinde, daß ich diesem Gebiete auch zu
2868 3438 3722 3478 ferne stehe. Ich habe einmal einen Kaufmann in
2868 3479 3727 3517 Parfum-Artikeln hier gekannt, der in England ge¬
2867 3518 3725 3557 wesen war, eine Engländerin geheiratet und englische
2871 3557 3724 3596 Manieren angenommen hatte. Wenn er den Namen
2867 3597 3722 3636 Nimmel aussprach, welcher damals der Hauptparfumist
2864 3637 3721 3677 Englands war — ich weiß nicht ob heute noch — so
2867 3678 3720 3717 wehte ein Schauer der Andacht durch sein ganzes Ge¬
2865 3718 3720 3757 bein und es trat eine förmliche Stille der Ehrfurcht
2852 3757 3706 3797 ein. Ich glaube die Parfumisten verdienen unter ge¬
2866 3797 3723 3836 wöhnlichen Verhältnissen 300 Prozent. Was mag erst
2865 3837 3720 3875 Nimmel verdient haben? So herrscht an dem einen
2856 3875 3709 3915 Ende der Chemie-Ausstellung die Schauspielerin, am
2863 3915 3718 3955 audern Ende (in der Photographie-Ausstellung) wieder
2862 3956 3714 3996 die Schauspielerin, d. h. in diesem letzteren auch der
2863 3997 3716 4027 Schauspieler, der sich eben so gern wie seine Gehilfin
162 4112 743 4173 2 Feuilleton.
419 4246 761 4277 Vater Seraphin.
245 4308 930 4346 Eine Erzählung aus den Dreißiger Jahren
366 4346 813 4383 von Heinrich Wüscher.
207 4416 1017 4451 Der Pfarrer war unterdessen mit Vreneli auf der
152 4452 786 4483 Anhöhe über dem Bergsee angekommen.
209 4497 1017 4532 Tiefdunkel lag er vor ihnen, ganz umsäumt vom
153 4533 1017 4573 schwarzen Tannnenwald, der sich in der Flut mit
152 4573 1017 4613 seinen kleinsten Einzelheiten spiegelte, nur hin und
149 4614 1016 4654 wieder war seine Fläche vom Abendwine ieis geträu¬
151 4654 1015 4694 felt. — Gegen Süden sahen sie eine braune Halde
150 4694 1017 4734 mit sonnenbeschienenen Gehöften, deren Strohdächer
148 4735 1016 4775 bis zum Boden reichten, und deren Fensterscheiben weit
147 4776 1014 4814 ins Land hinaus blitzten. Die Meiler rauchten auf den
147 4815 1013 4854 Höhen, wie angezündete Opferaltäre der heidnischen
146 4855 1014 4894 Vorfahren und leichte, zerblasene Wölklein von der
146 4895 1011 4935 Farbe der Herbstzeitlosen segelten wie Schiffchen durch
145 4935 1010 4975 den zartgrünlichen, unten rosaangehauchten Himmel;
145 4975 1011 5015 ihre Schatten liefen über das kristallklare Wasser wie
144 5016 632 5047 der Hauch über einen Spiegel.
199 5061 1009 5096 Der Pfarrer, dem sich ein Schmetterling auf seine
144 5096 1009 5136 silbernen Schuhschnallen gesetzt, wagte nicht die Stille
142 5137 1007 5177 zu unterbrechen, die seit Vreneles Schweigen einge¬
142 5177 1007 5217 treten war. Das Kind ar selig, und die Freude
141 5218 1006 5257 leuchtete ihr aus den lauen Vergißmeinnichtaugen. Der
142 5258 1001 5297 ganze Zauber des Waldlebens und der Einsamkeit,
140 5297 1004 5337 das verzauberte Kloster mit den letzten drei übrig¬
140 5338 1001 5378 gebliebenen Heiligen, alles das beschäftigte sie ganz
138 5379 857 5410 und gar und sie träumte mit ossenen Augen.
1122 4096 1915 4136 Der Schmetterling setzte sich jetzt furchtlos auf ihre
1066 4133 1915 4177 Hand und umflatterte sie, als ob er ihr etwas zu sagen
1070 4177 1153 4207 hätte.
1121 4218 1909 4258 „Herr Onkel," brach sie endlich das Schweigen,
1068 4252 1914 4298 „seht doch den schönen Sommervogel! Nein, der ist zu
1067 4294 1784 4328 reizend, der ist gewiß ein verzauberter Prinz"
1121 4342 1912 4377 „Unzweifelhaft," entgegnete der Pfarrer und nahm
1065 4378 1227 4404 eine Prise.
1121 4423 1911 4458 „Gieb nur acht, Schätzle, daß er sich nicht in dich
1066 4459 1202 4484 verliebt."
1118 4503 1908 4539 „Wäre das so schlimm? Eben hat er mir gute
1065 4539 1912 4579 Botschaft gebracht, seht hin, wie er mir schmeichelnd ums
1063 4579 1911 4609 Ohr flattert. Ja, wenn ihr wüßtet, was er mir sagte!"
1119 4623 1912 4656 „Oh, ich weiß es schon du Närrle," lachte der
1066 4657 1912 4698 Pfarrer, „er hat es zuerst meinen Schuhschnallen an¬
1064 4699 1622 4730 vertraut, bevor er zu mir kam! —"
1116 4744 1909 4779 „Nein, seid ihr garstig," erwiderte Vreneli und
1061 4780 1911 4821 that erzürnt, „ihr nüchterner Mann, ihr seid es gar
1062 4822 1910 4862 nicht wert, daß man euch solche Geheimnisse anver¬
1061 4862 1910 4902 traut. Erzählt mir lieber etwas. Ihr wißt, wie ich
1060 4902 1911 4941 Geschichten liebe, aber erzählt mir etwas aus dieser
1059 4942 1906 4981 Gegend, wo wir uns befinden. Die Schaubühne ist da
1057 4982 1909 5021 mit dem schönen Waldhintergrund; laßt die Personen
1057 5022 1423 5050 auftreten, — ich höre."
1111 5066 1908 5102 „Ja, ja" sagte der Pfarrer, „das ist bald gesagt."
1054 5102 1910 5132 — Er räusperte sich einen Augenblick, dann begann er:
1109 5147 1909 5182 „Im Jahre des Herrn 1230 schenkte der Graf
1053 5182 1906 5221 Guntram dem Kloster St. Salvator seine Güter und
1052 5222 1909 5260 Weiler an der Steinach und Wutach. Den 12. Mai
1053 5260 1908 5300 1250 giebt seine Gemahlin Roswita ein Viertel von
1049 5300 1908 5340 allem Hab und Eigen zu Seelenmessen, zu lesen am
1050 5340 1906 5379 Altar der heiligen drei Könige. Die Benediktiner von
1049 5380 1334 5407 Selden — — —"
2018 4096 2812 4129 „Hört auf, hört auf mit eueren historischen Daten,
1960 4129 2815 4168 Onkel Pfarrer! Ihr kommt mir vor, als ob ihr dem
1959 4169 2815 4208 bunten Schmetterling die Flügel putzen wolltet! Tragen
1958 4208 2812 4248 die schönen Tannen um euch auch Aufschriften und
1958 4248 2813 4287 Etiquetten? — Was kümmern mich eure staubigen Ur¬
1959 4288 2534 4318 kunden. Könnt ihr nicht fabulieren?"
2019 4335 2815 4368 Der Pfarrer war ein Schalk, er wollte sie nur
1961 4369 2811 4410 ein Weniges necken. Er zog jetzt seine Uhr hervor und
1961 4411 2047 4442 sagte:
2015 4452 2813 4493 „Schon halb sechs, mein Kind. Es wird spät, ich
1958 4488 2813 4533 möchte nicht vor lauter Fabulieren um die Forellen
1958 4528 2810 4574 kommen. Komm! ich will dir aufstehen helfen, wir
1957 4570 2809 4614 müssen fort. Es zieht noch Schneeluft vom Feld¬
1957 4615 2114 4644 berg her."
2013 4652 2812 4695 „Ich habe gar nicht mehr ans Essen gedacht," sagte
1958 4688 2809 4737 halb unwillig Vrenele und schüttelte sich die Tannen¬
1957 4737 2244 4766 nadeln vom Kleid.
2013 4775 2806 4818 „Ja, so seid ihr eben, ihr ätherischen Geschöpfchen.
1956 4810 2810 4858 Mir materiellem Menschen tanzen die gebackenen Forel¬
1955 4853 2639 4888 len schon seit einer Weile im Kopf herum."
2014 4895 2810 4938 „Während ich so süß träumte, und glaubte, auch
1958 4933 2809 4979 ihr wäret hingerissen vom Zauber der Waldeinsam¬
1956 4975 2465 5008 keit!" wandte sie schmollend ein.
2012 5014 2807 5058 „In der That mein Herzkäfer, wie sagt doch der
1957 5049 2811 5098 Dichter? „Aus Gemeinem ist der Mensch gemacht,
1956 5091 2807 5138 und die Gewohnbeit nennt er seine Amme!" entgeg¬
1956 5133 2450 5169 nete der Pfarrer leicht spottend.
2010 5174 2548 5209 „Nun, so schlimm ists doch nicht."
2013 5225 2151 5248 „Danke."
2009 5250 2807 5297 Sie zogen lachend waldein und nahmen den Rück¬
1956 5297 2300 5328 weg nach dem Kloster.
2008 5333 2807 5378 Während sie so auf dem glatten von Fichtennadeln
1953 5371 2809 5408 übersäten Boden langsam weiterschritten, das Mädchen
2862 4093 3715 4127 leise und behutsam auftretend und die abschüssigen
2865 4127 3717 4166 Stellen wie auf der Eisbahn hinunterglitschend der
2861 4167 3708 4206 würdige Pfarrer mit seinem silberbeschlagenen, Stock
2861 4206 3713 4246 fest und kräftig auftretend, wurde es schnell Abend
2866 4246 3684 4276 und der Himmel überzog sich mit purpurner Pracht.
2912 4293 3710 4327 Die Käuzlein schrieen aus dem Dickicht und der
2860 4328 3715 4366 Specht hackte in regelmäßigen Schlägen. Vreneli hing
2864 4366 3715 4406 sich an den Arm des Onkels, jetzt hätte sie um alles
2859 4406 3711 4446 in der Welt nicht allein sein mögen, die gewaltigen,
2857 4447 3711 4486 altersgrauen Tannen mit ihren silbernen Bärten kamen
2859 4487 3715 4526 ihr recht gespenstig vor. Der leuchtende Abendhimmel
2859 4527 3712 4567 sah blutrot durch die Tannen. Mit dem Gehämmer
2857 4567 3709 4607 des Spechts vernahmen sie auch das Murmeln eines
2857 4607 3706 4647 Bächleins, das unter der dichten grünen Moosdecke
2857 4645 3712 4686 dahinrieselte, um in einer der Schneelachen im finstern
2857 4682 3702 4726 Thalgrund zu verschwinden, und weiter her aus der
2861 4727 3273 4758 Ferne ertönte Hundegebell.
2911 4771 3704 4805 „So jetzt hast du mirs angethan mit deinem Fabu¬
2860 4806 3254 4838 lieren" sagte der Pfarer.
2914 4853 3711 4887 „Jetzt wäre so recht eine Geschichte zum Gruseln
2858 4887 3708 4927 am Platz — eine Heren- und Gespenstergeschichte. —
2856 4927 3706 4968 Dazu brauchts aber eine Beschwörung, wie heißt sie doch?
2998 4969 3493 5010 „Tannhauser im grünnen Wald
3000 5011 3513 5038 Du bist wohl tausend Jahre alt.
3000 5050 3540 5081 Du bist nur da wo Tannen stehen
2998 5082 3600 5109 Läßt dich nur Sontagskindern sehn."
2910 5125 3705 5170 Er wolte es laut wiederholen, aber Vreneli riß ihn
2855 5171 3423 5199 so heftig am Arm, daß er aufhörte.
2909 5205 3707 5249 „Um Gottes Willen, hört auf", rief sie, „ihr macht
2858 5250 3033 5279 mir Angst"
2910 5284 3708 5332 „So, da haben wir sie, die Träumer! — Schämen
2858 5325 3708 5372 sollt ihr euch, ihr fürchtet euch vor eueren eigenen
2854 5366 3538 5402 Kreaturen", brummte der Geistliche lachend.
