3927 5551
108 100 1101 148 Dienstag, 25. September 1928 Blatt 3
1401 117 2134 162 Der Zürcher Zeitung 149. Jahrgang
2788 113 3435 158 Mittagausgabe. Nr. 1729
87 190 3455 566 Neue Zürcher Zeitung
798 570 1109 604 1 3 6 12
295 580 552 611 Abonnemente:
762 601 1144 633 Monat Monate Monate Monate
67 631 1123 661 Zürich bei der Administration oder Ablage abgeholt Fr 2.60 6.80 12.50 25.—
106 662 1122 688 Durch die Austräger ins Haus gebracht . . . . . . . „ 3.30 8.60 16.20 31.—
67 687 1122 718 Schweiz Bestellung beim Postbureau . . . . . . . . . „ 3.30 9.— 16.50 32.—
104 719 1123 748 Bei Bezug unter Privatadresse (Streifband) . . „ 4.— 11.50 22.50 44.—
66 752 738 781 Ausland (ausgen. Brit. Reich und U.S.A.) Bestellung
143 778 737 808 beim Postbureau, das über Preis Auskunft gibt.
104 809 1119 834 Bei Bezug unter Privatadresse (Streifband) . . .  „ 6.50 18.— 34.50 68.—
1357 580 2181 654 und schweizerisches Handelsblatt
1555 663 1987 701 Täglich 3 Ausgaben
1253 711 2277 740 Redaktion: Falkenstraße 11. Tel. Hott. 7100, Brieffach H'bahnhof
1254 743 1991 761 Expedition:  „ 11, „ „ 6109,
1253 768 2280 788 Druckerei: Goethestraße 10, „ „ 4488, Postcheck VIII/5144
1252 792 2264 814 Administration: Theaterstraße 3, „ „ 6090, „ VIII/645
1252 816 2291 841 Fürsorge-Abtlg.: Falkenstraße 11, „ „ 7100, „ VIII/5602
2683 590 2880 614 Annoncen:
2398 623 3222 658 Die einspaltige Grundzeile . . . . . . . . . . 60 Rp.
2398 663 3223 684 Lokale Geschäftsempfehlungen . . . . . . . . . . . 50 Rp.
2398 687 3222 716 Anzeigen ausländischen Ursprungs . . . . . . . . 75 Rp.
2399 722 3224 742 Reklamen per Zeile . . . . . . . . . . . . . . Fr. 2.50
2689 762 2987 779 Annoncen-Abteilung:
2400 786 3474 815 Theaterstraße 3, Telephon Hottingen 6934, Postscheck-Konto VllI/1264
2401 816 3474 839 Filiale (Annoncen und Abonnemente): Bahnhofstr. 64. Telephon Uto 2442
78 946 859 993 Die fascistische Konstituante.
507 1042 844 1066 ♉ Rom, 20. Sept.
106 1095 875 1140 Zum Jahrestag der Bresche von Porta Pia,
47 1133 877 1178 die den Einzug der Italiener ins päpstliche
49 1171 877 1217 Rom versinnbildlicht, hat der Große Rat des
50 1212 875 1255 Fascismus in der verfossenen Nacht nach sechs¬
49 1252 877 1293 stündiger Sitzung ein Gesetz erlassen, das seinem
51 1289 879 1334 Wesen und Wortlaut nach eine grundlegende
49 1327 879 1373 Reform der bisher waltenden italienischen
47 1368 878 1412 Verfassung ist. Die seit langem gewärtigte
49 1407 876 1450 fascistische Konstituante ist somit zur Tatsache
47 1442 879 1489 geworden; der Große Rat, der lediglich die
47 1483 877 1527 Funktionen eines Parteiausschusses hatte, hat
47 1520 879 1566 sich selber dazu gemacht. Er ist nunmehr ein
47 1563 875 1604 konstiutionelles Organ und vertritt die höchste
47 1598 875 1643 gesetzgebende und ausübende Macht im Staate;
50 1637 877 1682 er gilt als eine Spitzenorganisation, der alle
54 1679 878 1720 andern Vertretungen und Führerschaften im
47 1715 876 1759 Staate untertan sind, Parlament und Senat,
47 1755 879 1797 Gewerkschaften und Korporationen, ja sogar
48 1795 879 1834 im Sinn eines Machtausgleichs gewissermaßen
49 1835 318 1861 auch die Krone.
109 1875 880 1912 Der Große Rat als fascistische Konstituante
47 1909 879 1952 ist die reifste Frucht der Oktoberrevolution vom
51 1949 881 1991 Jahre 1922. Gleich nach dem Marsch auf Rom
50 1990 879 2028 war Mussolini bemüht, ein Organ zu schaffen,
51 2029 879 2067 das die Partei, oder besser gesagt den Orden
48 2063 878 2106 der Schwarzhemden vollwertig repräsentieren
49 2107 878 2144 und von den überlebenden Machtkomplexen der
50 2145 877 2183 liberalen Zeit absondern sollte. In sechs
51 2181 878 2222 Jahren hat sich dieses Exekutivkomitee der
49 2221 878 2261 Partei zur höchsten Staatsinstanz entwickelt
48 2260 877 2299 und steht heute, unter dem Zeichen einer Dikta¬
50 2300 877 2338 tur, die das Vertretungssystem in die politische
49 2339 876 2377 Rumpelkammer befördert hat, als einzige
49 2378 876 2415 Macht im Staate da. Und die fascistische
50 2416 877 2454 Konstituante bedeutet mithin die grundsätzliche
48 2455 877 2492 Gleichsetzung zwischen Staat und Regime, die
50 2493 877 2531 Uebertragung aller Macht auf den Großen Rat,
50 2532 877 2569 d. h. in die Hände des Duce. Aeußerlich wird
49 2570 878 2608 noch die Aufteilung der Macht zwischen Dyna¬
49 2609 878 2646 stie und Großem Rat fortbestehen, tatsächlich
50 2647 879 2684 aber identifiziert sich nun Italien mit der Per¬
51 2685 880 2722 son des Diktators, und das Wort Duce gewinnt
50 2723 718 2751 von heute ab einen cäsarischen Klang.
108 2764 880 2798 Im siebten Abschnitt des neuen Statutes
52 2799 881 2837 heißt es, es sei von nun ab dem Großen Rat
50 2838 879 2875 des Fascismus vorbehalten, Gesetzesvorschläge
49 2876 878 2914 über die Thronfolge, die königliche Gewalt und
50 2915 879 2952 die königlichen Vorrechte einzureichen. Diese
51 2953 878 2991 schon an sich überaus wichtige Ankündigung
50 2992 879 3030 hat eine unübersehbare Tragweite, denn damit
50 3031 878 3069 ist die Autonomie des Großen Rates gegen¬
50 3070 878 3108 über der Krone statuiert. Weiterhin erstreckt sich
52 3109 879 3146 das Entscheidungsrecht des Großen Rats über
51 3147 879 3185 Senat und Kammer, über das Gerichtswesen,
52 3186 879 3224 die Syndikate und Korporationen, über die Be¬
52 3225 879 3263 ziehungen zwischen Staat und Kirche und über
52 3264 879 3302 die internationalen Verträge. Alle wirkliche
52 3303 880 3341 Macht ist also im Großen Rat zentralisiert, das
52 3342 880 3379 Wahlsystem ist aus dem politischen Leben Ita¬
52 3380 880 3418 liens definitiv ausgeschaltet, und an seine
52 3419 880 3457 Stelle tritt das Ernennungs- und Einsetzungs¬
53 3458 880 3496 system. Der Große Rat bedeutet mithin die
53 3497 882 3536 geheime Krone Italiens, und die Diktatur hat
53 3536 484 3566 das Königreich überholt.
110 3579 881 3613 Nicht zu unrecht behauptete Mussolini in
53 3614 878 3652 der vorgestrigen Sitzung des Großen Rats:
54 3653 881 3690 „Der Fascismus dauert an und schreitet fort".
53 3691 881 3729 Sicher ist die nun eingetretene, vom italieni¬
54 3730 881 3769 schen Volk noch nicht in ihrer ganzen Trag¬
53 3769 881 3808 weite ermessene Verfassungsänderung die end¬
54 3809 882 3846 gültige Festigung des Regimes. Keine konstitu¬
54 3847 882 3885 tionelle Opposition kann mehr den Großen Rat,
54 3886 882 3916 also die wahre fascistische Vertretung erschüt¬
915 904 1750 938 tern, und Staat, Nation und Monarchie haben
914 939 1751 977 ihren Bedeutungsakzent auf die Diktatur
916 978 1041 1005 verlegt.
974 1020 1750 1055 Dem Großen Rat gehören an die Präsi¬
916 1056 1751 1093 denten des Senats und der Kammer, die Mini¬
914 1094 1750 1131 ster, die Quadrumviren des Marsches auf Rom,
915 1132 1752 1170 vier Unterstaatssekretäre, der Generalstabschef
916 1171 1751 1208 der Miliz, die Direktion der Fascistischen Par¬
915 1209 1751 1247 tei, der jeweilige fascistische Parteisekretär,
916 1248 1752 1285 der Leiter des „Istituto Fascista di Cultura",
915 1286 1751 1324 der Führer der fascistischen Gewerkschaften, der
915 1325 1752 1363 Chef der Industriellenvereinigungen, die Leiter
916 1364 1751 1401 der Korporationen, der Jugendorganisationen
915 1402 1751 1440 nud der „Enti Autarchici" und schließlich der
914 1441 1752 1479 Präsident des fascistischen Sondergerichts. Den
914 1480 1752 1517 Vorsitz führt der Duce, und seinem Ermessen
915 1518 1752 1556 ist es anheimgestellt, weitere Persönlichkeiten
915 1557 1751 1594 nach seiner Wahl zeitweise an den Arbeiten des
916 1595 1752 1633 Rates teilnehmen zu lassen. So laufen alle
916 1634 1752 1672 Zügel in seine Hände, er trägt die allgemeine
916 1673 1752 1710 Verantwortung, er setzt ab und setzt ein, sein
916 1711 1145 1740 Wort ist Tat.
975 1754 1753 1787 Es muß wohl im Innern der Fascistischen
915 1788 1753 1826 Partei selbst ein ungeahntes diplomatisches
917 1827 1753 1865 Aufgebot am Werke gewesen sein, um den Gro¬
916 1866 1753 1895 ßen Rat in seine gegenwärtige Form zu brin¬
915 1908 1753 1942 gen. Einerseits ergab sich für den Ratsvorsitz
937 1943 1753 1980 die Notwendigkeit, sich vor jedem Uebergriff der
917 1981 1754 2019 Partei zu schützen und die Anhänger des Wahl¬
918 2020 1753 2057 systems darin kaltzustellen, anderseits begehr¬
917 2058 1754 2096 ten auch die Syndikate unter Rossoni wieder¬
916 2097 1753 2135 holt auf, und die Vorstöße von gewerkschaft¬
917 2135 1754 2174 licher Seite mußten die richtige Abwehr finden
915 2175 1753 2211 und endlich war noch die gefährlichste Klippe
915 2212 1754 2250 zu umschiffen, nämlich die unantastbaren Ho¬
916 2251 1754 2289 heitsrechte der Monarchie. Das vom Großen
916 2290 1754 2328 Rat in der Nacht zwischen dem 19. und dem
914 2329 1753 2366 20. September erlassene Statut beweist, daß es
914 2367 1754 2405 Mussolini gelungen ist, einen befriedigenden
915 2406 1755 2444 Ausgleich zu schaffen. Die lang ersehnte Auf¬
913 2445 1754 2482 stellung eines konstitutionellen Organs des
916 2483 1423 2512 Fascismus ist nun gelungen.
975 2525 1756 2559 Allerdings könnte sich nun „der Mann auf
918 2560 1755 2598 der Straße" fragen, was ihm weiter Parla¬
916 2599 1755 2636 ment und Senat, Ministerium und dynastische
918 2637 1756 2675 Traditionen bedeuten sollen, wenn der Große
918 2676 1756 2713 Rat die allgemeine Zusammenfassung davon
920 2714 1758 2752 darstellt. Tatsächlich fristen einige der vom
920 2752 1760 2790 „Gran-Consiglio" überholten Institutionen nur
918 2791 1758 2829 noch ein dekoratives Scheindasein. Die Zeit ist
919 2830 1755 2867 aber wohl für eine erschütternde Gesamtab¬
920 2868 1754 2905 setzung der traditionellen Verfassungsorgane
918 2906 1755 2944 noch nicht reif: Mussolini setzt sie einfach auf
919 2945 1753 2982 den Aussterbeetat, gönnt ihnen aber immer¬
917 2983 1752 3021 hin ihr Altersteilchen ... Parlament und Mon¬
918 3022 1751 3059 archie leben weiter, obwohl sie sich in Italien
917 3060 1184 3089 überlebt haben.
980 3179 1691 3219 Völkerbundsversammlung
1030 3255 1642 3278 Beilegung internationaler Konflikte.
972 3307 1753 3338 Genf, 25. Sept. agt. Die Abrüstungskommission
919 3339 1753 3372 der Völkerbundsversammlung hielt am Montag
921 3373 1754 3406 zusammen mit Vertretern der juristischen Kommis¬
920 3407 1754 3441 sion unter dem Vorsitz Carton de Wiarts eine
920 3442 1754 3475 Nachtsitzung ab, um den Bericht Politis' über die
920 3476 1755 3510 friedliche Beilegung internationaler Konflikte ent¬
920 3511 1754 3544 gegenzunehmen. Der Berichterstatter legte die Be¬
921 3545 1754 3578 deutung des Abkommens über die Beilegung
921 3579 1754 3613 internationaler Konflikte, welches das Schlich¬
920 3614 1755 3647 tungs- und Schiedsgerichtsverfahren umfaßt, dar
921 3648 1755 3681 und ging dann auf die sogen. Nichtangriffs¬
920 3682 1755 3716 und Hilfeleistungsverträge über, welche
920 3717 1755 3751 vom Schiedsgerichts- und Sicherheitskomitee aus¬
921 3752 1755 3785 gearbeitet und von der ersten und dritten Kom¬
922 3786 1756 3819 mission in ihre endgültige Fassung gebracht worden
921 3820 1756 3853 waren. Eine interessante Debatte entspann sich
921 3854 1756 3888 über die Aufnahme einer Bestimmung über die
922 3889 1756 3915 militärische Hilfeleistung zugunsten von
1791 905 2614 937 Staaten, die das Opfer eines flagranten Angriffes
1790 938 2616 971 werden. Der jugoslawische Delegierte Fotitsch
1790 972 2615 1005 wies darauf hin, daß den Staaten die Möglichkeit
1790 1006 2615 1040 gegeben werde, in ihren Verträgen eine Bestim¬
1789 1041 2613 1074 mung aufzunehmen, wonach die militärische Hilfe¬
1791 1075 2615 1108 leistung in diesem Falle einsetzen kann, bevor der
1791 1109 2615 1142 Völkerbundsrat entsprechend den Bestimmungen
1791 1143 2616 1176 des Paktes zu dem ausgebrochenen Konflikt Stel¬
1792 1177 2125 1202 lung genommen hat.
1834 1207 2615 1245 Auch die Schaffung entmilitarisierter Zonen,
1786 1246 2614 1280 wie dies besonders von der Interparlamentarischen
1790 1277 2618 1315 Union befürwortet worden war, ist grundsätzlich
1790 1311 2616 1350 zulässig, wird aber nicht für alle Gebiete als ge¬
1790 1349 2614 1384 eignet empfohlen. Was die guten Dienste des
1792 1385 2617 1419 Völkerbundsrates für die Erleichterung des Ab¬
1789 1420 2616 1454 schlusses von Nichtangriffs- und Hilfeleistungsver¬
1788 1455 2614 1489 trägen anbetrifft, so wird entsprechend der von den
1790 1490 2617 1523 ungarischen Delegierten Graf Apponyi und Gene¬
1788 1524 2614 1559 ral Tanczos vorgebrachten Forderung betont, daß
1791 1560 2616 1593 das Eingreifen des Rates nur erfolgen soll, wenn
1789 1594 2617 1629 eine der beteiligten Parteien dies verlangt. Den
1789 1630 2617 1663 Staaten wird ferner der Beitritt zur obligatori¬
1790 1664 2618 1698 schen Schiedsgerichtsbarkeit des Haager Interna¬
1789 1699 2616 1734 tionalen Gerichtshofes wärmstens empfohlen, wie
1790 1735 2618 1769 dies von Bundesrat Motta bereits vor zwei Jah¬
1791 1770 2618 1803 ren beantragt worden war. — Der Bericht Poli¬
1789 1804 2616 1839 tis' wurde schließlich in seiner Gesamtheit mit
1790 1840 2617 1873 einigen Abänderungen endgültig genehmigt.
1792 1874 2618 1909 Er geht damit an das Plenum der Völkerbunds¬
1793 1910 2011 1935 versammlung.
2041 2023 2353 2066 Ausland.
1940 2101 2475 2140 Zum britisch-französischen
2007 2141 2406 2177 Flottenkompromiß.
1855 2212 2623 2247 Washington, 25. Sept. ag (Havas.) Es ist
1795 2248 2622 2287 noch nicht festgelegt, wann die amerikani¬
1795 2288 2622 2327 sche Antwort auf den französisch-englischen
1797 2327 2623 2367 Flottenkompromiß in Paris und London über¬
1798 2367 2624 2407 reicht wird. In den offiziellen Kreisen Washing¬
1798 2407 2624 2446 tons wird immer noch über diese Frage dis¬
1796 2447 2623 2486 kutiert. Der Antwortentwurf liegt noch immer
1799 2483 2626 2525 im Bureau Coolidges. Kellogg besprach am
1796 2526 2624 2565 Montagnachmittag mit Marineminister Wilbur
1798 2562 2623 2605 und den Admirälen Jones und Long die tech¬
1798 2605 2306 2636 nischen Punkte der Antwort.
1853 2660 2628 2693 New-York, 25. Sept. ag. Mehrere Zeitungen
1803 2691 2632 2733 melden aus Washington, die amerikanische Note
1804 2731 2632 2772 zum englisch-französischen Flottenkompromiß ent¬
1801 2770 2626 2811 halte die kategorische Erklärung, daß die Ver¬
1800 2809 2630 2850 einigten Staaten den Kompromiß im wesentlichen
1801 2849 2629 2889 als Mittel ansehen, um Frankreich und Groß¬
1798 2886 2631 2928 britannien zu stärken. Amerika könnte durch seine
1802 2925 2632 2966 Zustimmung nur seine Seeverteidigung schtwächen.
1797 2963 2624 3004 Die Vereinigten Staaten wünschen auch nicht, an
1797 3005 2624 3042 der Vorbereitenden Marineabrüstungskonferenz
1796 3042 2016 3072 teilzunehmen.
1791 3144 2624 3183 Der griechisch-italienische Freundschafts¬
2124 3184 2289 3220 vertrag.
1845 3242 2619 3275 Rom, 24. Sept. pt Der griechisch-italienische
1795 3275 2621 3315 Freundschafts- und Vergleichsvertrag ist auf fünf
1795 3316 2622 3356 Jahre abgeschlossen worden. Er sieht die
1796 3357 2623 3396 automatische Verlängerung vor, wenn ein halbes
1795 3397 2622 3436 Jahr vor Ablauf keine Kündigung erfolgt. Die
1796 3437 2623 3477 Vertragsstaaten verpflichten sich zur gegenseitigen
1796 3477 2623 3517 Unterstützung und freundschaftlichen Zusammen¬
1797 3517 2623 3557 arbeit für die Erhaltung der von den Frie¬
1792 3558 2621 3598 densverträgen bestimmten Ordnung, für die
1794 3598 2622 3638 Achtung und Ausführung der Verpflichtungen
1795 3639 2623 3679 dieser Verträge, soweit diese von ihnen unter¬
1793 3679 2622 3719 schrieben wurden. Falls einer der beiden Staaten
1793 3719 2624 3759 einer Provokation von einer oder mehreren Mäch¬
1795 3759 2626 3799 ten ausgesetzt wäre, verpflichtet sich der Vertrags¬
1795 3800 2624 3840 partner während der ganzen Vertragsdauer, eine
1797 3840 2626 3880 vollständige Neutralität zu wahren. Wenn
1794 3880 2624 3910 Sicherheit und Interessen eines der beiden Staa¬
2654 896 3482 940 ten durch gewaltsamen Eingriff von außen be¬
2656 935 3482 980 droht würden, verpflichten sich die Staaten, ein¬
2657 974 3482 1020 ander ihre politische und diplomatische Unter¬
2657 1015 3485 1060 stützung zu leihen. Wenn im Falle internationaler
2656 1054 3484 1100 Verwicklungen die beiden Staaten übereinstim¬
2656 1095 3484 1140 men, daß ihre gemeinsamen Interessen bedroht
2656 1134 3484 1179 sind oder bedroht werden können, verpflichten sie
2658 1177 3480 1219 sich, sich über die zu ihrem Schutze geeigneten
2658 1213 3485 1259 Maßnahmen miteinander ins Einvernehmen zu
2657 1260 2749 1290 setzen.
2710 1298 3484 1339 Dem in den Artikeln 8 bis 19 vorgesehenen
2657 1335 3488 1378 Schlichtungsverfahren sollen alle Fragen
2656 1377 3486 1417 unterbreitet werden, die auf diplomatischem Wege
2661 1412 3488 1459 nicht beigelegt werden können. Im Falle der Ab¬
2658 1454 3486 1498 lehnung des Schiedsspruches der Schlichtungs¬
2659 1495 3486 1537 kommission kann jede der Parteien verlangen, daß
2656 1531 3487 1578 der Streitfall dem Ständigen Internationalen
2660 1579 3176 1608 Gerichtshof unterbreitet werde.
2950 1686 3198 1711 Deutschland.
2694 1734 3491 1775 Volksbegehren auf Aenderung der Ver¬
2660 1769 3490 1814 fassung. Berlin, 24. Sept. (Tel. unseres
2659 1812 3491 1851 Br.-Korr.) Der Bundesvorstand des „Stahl¬
2659 1848 3489 1891 helms" hat gestern in Magdeburg eine Reso¬
2659 1887 3488 1931 lution gefaßt, in der die Bundesleitung beauf¬
2658 1926 3490 1971 tragt wird, ein Volksbegehren über die Aende¬
2659 1967 3491 2011 rung der Verfassung des Deutschen Reiches vom
2659 2006 3491 2050 11. August 1919 einzuleiten und durchzuführen.
2660 2045 3494 2089 Die Begründung des Auftrages zeigt deutlich,
2660 2085 3496 2129 daß es sich um den Kampf gegen das par¬
2659 2123 3494 2169 lamentarische System handelt, dem zur
2660 2162 3489 2208 Last gelegt wird, daß es durch unwahre Kom¬
2663 2204 3493 2246 promisse die Ursachen des deutschen Niedergangs
2663 2243 3490 2285 verschleiere, die Massen des Volkes irreleite und
2662 2286 3494 2323 eine starke, verantwortungsbewußte Staatsfüh¬
2662 2324 3492 2363 rung unmöglich mache. Diese Begründung trägt
2663 2364 3492 2402 unverkennbar die Züge des antiparlamentari¬
2663 2402 3492 2442 schen Programms von Hugenberg, der in
2665 2442 3491 2481 der letzten Zeit seinen Einfluß im „Stahlhelm"
2665 2482 3493 2521 zu stärken gewußt und als vorläufigen Erfolg
2666 2521 3492 2560 erreicht hat, daß diese halb militärische Organi¬
2664 2561 3493 2599 sation seinen Versuch aufgreift, das parlamenta¬
2666 2600 3495 2639 rische System auf dem Weg des Plebiszits zu
2666 2639 3495 2678 beseitigen. Hugenberg hatte diesen Plan schon
2666 2679 3495 2718 vor einigen Monaten in einem Brief an den ehe¬
2667 2718 3496 2758 maligen Reichskanzler Dr. Luther bekannt ge¬
2669 2758 2772 2789 geben.
2725 2802 3497 2836 Die „Deutsche Zeitung" begrüßt das direkte
2669 2837 3497 2876 Eingreifen des „Stahlhelms" in die Politik
2667 2876 3495 2915 und erwartet, daß der vorläufig noch nicht
2664 2916 3495 2954 bekannt gegebene Wortlaut des Volksbegehrens
2665 2955 3496 2994 eine Stärkung der Macht des Reichspräsidenten
2663 2994 3496 3033 und eine Beschränkung der Parlamente bringen
2664 3034 3496 3073 werde. Das „Berliner Tageblatt" hat aber
2662 3073 3496 3112 wahrscheinlich recht mit seiner Vermutung, daß
2662 3113 3496 3152 die „Stahlhelm"-Kreise selbst noch nicht wissen,
2663 3152 3496 3191 was sie ändern wollen. Mit fast denselben Wor¬
2662 3192 3497 3231 ten wie das demokratische Blatt bedauert auch
2664 3231 3497 3271 die „Germania" den Mißbrauch, den nach den
2665 3271 3499 3310 Konmnunisten nun auch der „Stahlhelm" mit
2665 3311 3498 3350 der Institution des Volksbegehrens inszeniert.
2663 3350 3499 3390 Das Zentrumsorgan ironisiert die unbeholfene
2665 3390 3497 3430 Art, in der der „Stahlhelm" seinen Tatendrang
2665 3430 3499 3469 der Politik bald unter der Parole „Hinein in
2667 3470 3500 3509 den Staat", bald durch haßerfüllte Kundgebun¬
2666 3509 3501 3548 gen gegen den Staat und nun auch noch durch
2665 3549 3500 3588 die Einleitung einer Verfassungsänderung zu¬
2666 3588 3501 3628 gute kommen läßt. Die „Germania" ist über¬
2666 3628 3502 3668 zeugt, daß auch dieser Kampf gegen die deutsche
2665 3668 3278 3699 Demokratie aussichtslos sein wird.
2730 3730 3502 3765 Um die Große Koalition. Berlin,
2667 3766 3504 3804 24. Sept. (Tel. unseres Br.-Korr.) Die „Deutsche
2667 3804 3502 3843 Tageszeitung" beschäftigt sich mit den Ausfüh¬
2668 3844 3503 3883 rungen der „Germania" über die Notwendigkeit
2667 3883 3501 3914 einer stabilen Regierung auf der Basis der Gro¬
73 3992 657 4037 1 Feuilleton.
531 4082 850 4105 Nachdruck
360 4125 590 4150 Feng-Tschu
325 4173 624 4196 Von R. F. Kurz.
112 4220 887 4255 Claude Taley saß auf der offenen Terrasse
59 4255 887 4295 seines Bungalows und winkte mit beiden Händen
60 4296 887 4336 als ich unten vorbei fuhr. Ich wollte zu Morowsky,
59 4336 888 4376 dem Zoologen fahren. Aber mein Rikschakuli
60 4373 889 4417 bog, ohne auf einen Befehl zu warten, in das
60 4413 890 4457 schmale Sträßlein ein, das in mehreren Schlaufen
60 4457 889 4497 durch Taleys wunderbaren Garten führte. Schon
61 4494 889 4538 warf die Sonne lange Schatten. Aber die Hitze
64 4537 892 4578 war noch immer lähmend. Der Blumenduft stieg
60 4576 890 4618 betäubend von der feuchten Erde auf, wie gewöhn¬
59 4619 460 4649 lich um diese Tageszeit.
113 4663 892 4698 Claude Taley saß bei Whisky und Soda und
65 4694 893 4739 war, wie man das nicht anders an ihm kannte,
58 4739 820 4769 in guter Stimmung. Er begrüßte mich laut.
116 4780 894 4821 „Sie fahren zu Morowsky? Sehr schön! Das
66 4819 895 4859 trifft sich. Sagen Sie ihm, daß ich morgen vor¬
60 4855 894 4902 mittag an den Rangunfluß gehe, Krokodile
66 4897 895 4941 schießen. Er hat ja seinen Vetter, den Medizin¬
61 4937 889 4980 mann, auf Besuch. Der wird natürlich auch dabei
62 4981 471 5011 sein wollen. Und Sie?"
115 5024 601 5051 „Leider nicht ... Ich bin ..."
119 5061 895 5101 „Stopp, mein Junge! Heute ist Mittwoch.
66 5102 893 5140 Nächsten Montag reise ich, wie Sie wissen. Es
64 5140 685 5171 wird also unser letzter Ausflug sein."
115 5185 894 5219 Es lag Vorwurf und Bitte in seiner Stimme.
65 5220 823 5250 Und in seinen Augen lag ein seltsames Weh.
118 5270 298 5293 „Nun gut."
116 5306 541 5332 Taley rief auf Malaiisch:
977 3978 1431 4002 „Hadija — noch ein Glas!"
977 4019 1757 4052 Hinter der offenen Tür, dort, wo der Schatten
927 4052 1757 4092 ganz dunkelblau lag, erhob sich etwas, was vorher
927 4092 1758 4132 reglos am Boden kauerte. Hadija kam, schmal in
927 4132 1758 4172 Brust und Hüften, den gelbseidenen Sarong straff
927 4172 1758 4212 um die Schenkel gepreßt. Sie stellte das Glas auf
927 4212 1758 4252 den Rohrtisch. Dabei beugte sie sich ein wenig
927 4253 1758 4293 über Claude Taley und ihre Augen suchten in
927 4293 1760 4333 seinem Gesicht. Auch in ihren Augen lag ein selt¬
927 4333 1124 4364 sames Weh.
980 4380 1758 4413 Für wenige Sekunden bildeten die beiden eine
929 4411 1761 4453 unbewegliche Gruppe. Das schlanke Mädchen,
928 4453 1757 4493 dessen Nacktheit die gelbe Seide kaum verhüllte,
930 4490 1761 4534 dessen Gesicht die Farbe alten Elfenbeins hatte
928 4531 1759 4575 und eine fremde, wilde Begehrlichkeit verriet. Und
928 4570 1760 4615 der Engländer, sehnig und mager, mit kühnem
931 4612 1761 4654 Gesicht, trotz seinen dreißig Jahren schon ergraut
931 4652 1761 4695 an den Schläfen. Man wußte ja, wie Taley mit
929 4692 1758 4734 dem Mädchen stand. Darüber ist kein Wort zu
928 4735 1760 4773 verlieren. In diesem Augenblick kam mir zum
929 4772 1759 4815 ersten Male der Gedanke, es verbinde die beiden
931 4813 1439 4845 irgend etwas Geheimnisvolles.
980 4856 1761 4894 Hadija ging wieder. Sie bewegte sich, so schien
930 4889 1761 4936 es mir, mit zappelnden Gliedmaßen, gleichsam
933 4929 1761 4976 ruckweise, wie die Figuren in einem schlechten
932 4973 1233 5006 Film sich bewegen.
985 5016 1761 5058 Die Hitze drückte in gleicher Weise auf Gehirn
933 5050 1760 5098 und Brust. Die Hitze macht hier alle Wesen toll
934 5091 1760 5138 und erfüllt sie mit ungeheuerlichem Verlangen.
933 5131 1760 5178 Die Hitze verwirrte meine Sinne. Ohne Zweifel,
933 5172 1759 5219 Claude Taley war einer von den vielen Hunderten,
933 5212 1762 5258 die in diesem mit Fruchtbarkeit überladenen
937 5254 1763 5298 Sonnenlande das Glück suchten und fanden. Wie
933 5293 1763 5328 die vielen andern wurde er hier ein Herr, dank
1796 3979 2649 4012 serner Abstammung und den paar Kunstgriffen,
1793 4012 2628 4052 die ihm die abendländische Bildung verschaffte. Er
1797 4052 2628 4092 verdiente viel Geld. Er lebte eine Zeitlang auf
1796 4092 2630 4132 Java. Von dort hat er das schmale Weib her¬
1797 4132 2491 4162 gebracht. Hadija hatte braune Rehaugen.
1850 4179 2629 4212 Noch heute sehe ich das alles genau vor mir.
1797 4212 2631 4252 Ich höre den Klang ihrer Stimme und fühle ihren
1797 4252 2630 4292 Blick wie ein leises Tasten. Wenn ich die Augen
1797 4292 2484 4322 schließe, tritt alles wieder vor mich hin.
1852 4339 2630 4372 Dort unten ist die Straße, die zur kleinen
1798 4372 2630 4412 Bahnstation führt. Dunkler Wald steht auf allen
1798 4412 2630 4452 Seiten. Nicht weit dahinter liegt Singapur. So
1798 4452 2630 4492 nahe liegt die große Stadt, daß die Geschäftsleute
1799 4492 2630 4531 hier draußen wohnen können. In schmalen
1799 4532 2630 4571 Streifen schiebt sich der Wald bis an die Straße,
1799 4571 2630 4611 zwischen Gärten und Ananasplantagen. Eine
1800 4611 2630 4651 dünne Rauchfahne steigt im Osten über die
1799 4651 2630 4691 schtwärzlichen Wipfel der Mangobäume. Dort steht
1799 4691 2629 4731 das prächtige Bungalow Siu Tao-Hsien, des
1798 4731 2630 4771 reichen Chinesen. Wenn die Sonne untergegangen
1800 4771 2630 4811 ist, wird er ein paar Male in die Luft schießen, um
1798 4811 2253 4841 die Räuber zu verscheuchen.
1851 4857 2629 4891 Hadija sitzt nun wieder im Schatten. Sie sitzt
1799 4889 2628 4930 regungslos, und ich kann eigentlich nur ihre Augen
1799 4931 2629 4970 sehen, die auf uns gerichtet sind. Durch den
1799 4970 2629 5010 Garten geht langsam der indische Gärtner, dunkel¬
1798 5008 2626 5050 braun, nur mit einem schmalen Lendenschurz be¬
1799 5051 2630 5089 kleidet. Hinten im Schatten des Wirtschaftsgebäu¬
1799 5088 2631 5131 des haben sich die Diener versammelt, alles Chine¬
1797 5131 2628 5171 sen. Sie unterhalten sich laut in ihrer gurgelnden
1799 5171 2628 5211 Sprache und lachen. Mein Rikschamann steht bei
1801 5211 2630 5251 ihnen und trinkt heißen Tee. Hinter dem Wald
1800 5252 2630 5292 versinkt schnell die kupferrote Sonne. Die Schatten
1801 5293 2630 5323 der Nacht greifen über die Wipfel und verschlingen
2666 3978 3503 4012 die Erde. Ein Ochsenfrosch erhebt seine knarrende
2670 4012 3504 4052 Stimme. Das ist wie ein Signal. Tausendfach
2669 4052 3503 4092 kommt die Antwort. Ringsum im Dunkel ertönt
2667 4092 3503 4132 ein wahrhaft teuflisches Quaken, Krächzen und
2668 4133 2843 4162 Schnarren.
2723 4179 3503 4212 „Hallo, mein Lieber! Sie träumen mit offenen
2669 4212 2798 4242 Augen."
2723 4259 3255 4283 „Hergott — diese ewige Hitze."
2724 4300 3504 4332 „Disse Hitze habe ich jetzt elf Jahre lang ertra¬
2669 4333 3503 4372 gen. Ja, mein Lieber, elf Jahre ist es jetzt, seit
2671 4373 3504 4412 ich von drüben kam. Und in dieser ganzen Zeit
2669 4413 3212 4442 bin ich nicht zu Hause gewesen."
2723 4459 3387 4482 „Warum fahren Sie denn jetzt zurück?"
2722 4499 3451 4522 Claude Taley schaut mich verständnislos an.
2724 4539 3502 4572 „Ich meine, ob Sie vielleicht die Sache hier
2669 4572 2864 4602 satt haben."
2723 4619 3502 4652 „Nun — die letzten Jahre ging es mir hier
2670 4652 3501 4692 gut. Ich will mir jetzt in Schottland eine kleine
2670 4692 3502 4732 Farm kaufen und wieder ein zivilisierter Mensch
2669 4732 3501 4771 werden." Ohne sich umzudrehen ruft er auf
2668 4772 3500 4811 malaiisch: „Hadija, bring mehr Whisky und
2668 4811 2838 4841 Zigarren."
2721 4858 3502 4892 Da steht Hadija wieder bei ihm. Ihr Gesicht
2669 4892 3501 4932 ist ohne Ausdruck. Ihre Augen — das sind die
2666 4932 3503 4972 braunen Augen eines sanften Tiers. Lautlos und
2669 4972 3503 5012 demütig geht sie. Sie gleitet wie ein Schatten
2665 5007 3504 5053 über den Boden, wie ein Stück des großen, dun¬
2665 5050 3503 5093 kelblauen Schattens, aus dem sie auftauchte und
2665 5089 3280 5123 in dem sie wieder sich völlig auflöst.
2724 5137 3505 5174 „Ich habe doch Familie," sagt Claude Talley.
2668 5171 3508 5216 „Und dann, Sie wissen ja ..." Er beugt sich plötz¬
2668 5211 3506 5255 lich zu mir hinüber und flüstert: „Man sehnt sich
2668 5249 3506 5296 schließlich doch nach dem weißen Weibe. Das liegt
2670 5297 2959 5324 uns so im Blut."
