1899 2362
114 222 288 317 N°.
288 222 436 317 93.

1365 237 1733 321 1792.

30 407 542 534 Zürcher

1324 410 1813 545 Zeitung

1356 614 1436 664 den
1449 592 1527 665 21.
1527 592 1805 665 Winterm.

103 607 466 672 Mittwoch,

290 793 652 836 Frankreich.

84 831 247 867 Ronvent,
268 839 343 863 vom
362 844 398 862 10
409 849 448 857 —
462 845 497 864 11
522 838 685 870 Winterm.
726 840 899 873 Dümourier

45 869 141 905 schrieb
161 876 269 902 unterm
288 882 315 911 7.
338 875 360 901 d.
372 874 413 905 M.
430 879 485 904 aus
494 876 584 907 Mons
595 879 678 909 unter
688 881 804 910 anderm
813 882 898 916 nach¬

43 909 181 946 stehendes
197 916 235 939 an
249 913 291 940 die
301 910 494 948 Konvenzion:
514 933 531 946 „
545 915 797 954 Bürgerpräsident
806 920 814 948 !
830 917 899 949 Seit

43 944 111 979 fünf
127 947 224 985 Tagen
239 947 314 984 stund
338 947 378 978 die
392 950 488 980 Armee
509 952 559 989 der
559 952 699 989 Republik
712 955 756 996 im
756 955 898 996 Angesicht

42 986 91 1014 der
103 983 207 1016 Feinde.
249 984 331 1020 Diese
344 989 456 1017 wurden
475 987 526 1020 alle
546 991 630 1029 Tage
644 991 804 1031 geschlagen
812 1004 821 1027 ,
840 994 896 1023 und

43 1021 155 1055 endlich
164 1023 196 1061 ist
216 1022 256 1052 die
264 1023 356 1054 Stadt
376 1025 466 1055 Mons
488 1027 533 1064 die
533 1027 635 1064 Frucht
655 1033 702 1060 des
724 1031 830 1069 Sieges
849 1037 895 1068 ge¬

41 1063 161 1090 worden.
203 1062 276 1091 Man
297 1062 344 1095 hat
362 1067 419 1091 uns
431 1061 513 1100 diesen
529 1066 649 1103 Morgen
657 1068 703 1097 als
712 1068 824 1100 Brüder
836 1069 894 1101 hier

42 1099 268 1136 aufgenommen;
291 1098 329 1129 die
341 1097 632 1135 Volkssouverainität
641 1103 674 1141 ist
683 1104 726 1136 die
731 1105 895 1144 Grundlage

40 1137 108 1165 aller
130 1135 300 1172 öffentlichen
308 1139 507 1174 Meynungen;
526 1145 580 1171 und
601 1142 759 1178 jedermann
770 1145 855 1183 greift
861 1151 894 1183 zu

40 1172 97 1211 den
97 1172 237 1211 Waffen,
256 1180 305 1204 um
326 1174 366 1203 die
376 1169 468 1210 Sache
481 1180 525 1206 der
539 1179 662 1216 Freyheit
682 1187 714 1217 zu
734 1183 894 1215 verfechten.

40 1208 98 1238 Die
106 1203 408 1253 Volksverwaltungen
426 1213 536 1243 werden
547 1211 713 1252 hergestellt;
733 1224 800 1248 man
811 1218 908 1253 wählt

38 1243 142 1275 bereits
161 1244 208 1276 für
228 1244 292 1282 alle
292 1244 497 1282 obrigkeitliche
512 1251 622 1282 Stellen
633 1265 642 1286 ,
662 1256 719 1284 und
741 1253 810 1284 bald
823 1256 893 1285 wird

39 1282 165 1321 zwischen
184 1286 244 1313 dem
254 1284 407 1324 Hennegam
419 1287 475 1317 und
483 1287 569 1319 einem
581 1289 771 1330 französischen
781 1294 892 1329 Depar¬

40 1325 142 1351 tement
160 1319 219 1351 kein
233 1324 398 1358 Unterschied
428 1326 503 1360 mehr
526 1327 595 1365 seyn.
612 1331 628 1344 “
669 1329 736 1360 Nun
768 1330 892 1366 berichtet

39 1355 233 1393 Dümourier,
245 1360 309 1398 daß
330 1368 357 1392 er
378 1361 418 1392 die
434 1362 462 1393 in
470 1362 602 1396 Wäldern
611 1368 665 1397 und
671 1366 825 1406 Gebürgen
831 1375 892 1400 ver¬

39 1395 177 1434 schanzten
196 1400 253 1428 und
273 1400 325 1429 mit
343 1399 439 1430 vielem
453 1402 713 1442 Artilleriegeschütze
733 1406 892 1442 versehenen

38 1434 210 1470 Oestreicher
229 1438 416 1476 angegriffen,
438 1442 493 1469 und
512 1441 580 1477 nach
592 1446 651 1472 dem
673 1444 904 1481 hartnäckigstem

37 1473 227 1507 Widerstande
247 1481 303 1505 aus
323 1476 398 1509 ihren
410 1477 654 1519 Verschanzungen
673 1481 827 1514 vertrieben
845 1486 890 1519 ha¬

36 1510 85 1542 be.
121 1510 176 1541 Die
188 1512 372 1548 ausführliche
380 1514 583 1556 Beschreibung
604 1518 683 1552 dieser
701 1519 822 1554 blutigen
834 1526 891 1552 und

36 1547 252 1581 entscheidenden
268 1551 399 1587 Schlacht
412 1552 514 1588 enthält
535 1555 577 1585 ein
586 1556 684 1592 Brief,
704 1560 753 1591 den
764 1557 889 1589 Dümou¬

35 1584 94 1616 rier
112 1592 153 1615 an
177 1590 226 1617 den
246 1589 472 1628 Kriegsminister
494 1598 531 1621 an
557 1595 615 1624 dem
638 1593 789 1631 nämlichen
810 1597 891 1635 Tage

39 1626 95 1654 aus
109 1623 209 1655 Mons
219 1625 328 1660 schrieb.
376 1628 514 1663 Nachdem
535 1638 562 1661 er
584 1631 683 1663 darinn
704 1632 770 1667 seine
790 1635 890 1665 Bewe¬

34 1665 160 1700 gungen,
182 1662 223 1694 die
243 1671 272 1695 er
291 1670 355 1695 vom
371 1672 432 1702 3ten
452 1666 496 1697 bis
516 1671 591 1707 zum
591 1671 625 1707 5.
647 1672 678 1714 d.
678 1672 730 1714 M.
752 1672 789 1703 im
802 1676 889 1713 Ange¬

34 1699 97 1737 sicht
116 1702 165 1731 des
176 1698 294 1735 Feindes
299 1702 350 1734 mit
369 1701 461 1750 seinen
461 1701 672 1750 verschiedenen
672 1701 897 1750 Truppenkorps

33 1738 158 1773 machte,
180 1738 364 1775 beschrieben,
394 1741 496 1775 kömmt
516 1753 544 1775 er
564 1745 630 1780 auf
630 1745 687 1780 die
698 1750 886 1786 Hauptsache,

32 1779 90 1808 und
110 1775 206 1808 meldet
226 1777 366 1816 folgendes
381 1791 389 1810 :
421 1785 494 1815 „Am
508 1785 542 1824 6.
542 1785 682 1824 Morgens
703 1786 756 1826 ließ
775 1787 814 1824 ich
834 1789 890 1820 mit

34 1821 73 1842 12
83 1815 317 1853 Sechspfündern
344 1822 400 1849 und
422 1828 456 1848 12
480 1820 606 1857 Mörsern
640 1825 798 1861 vorrücken,
828 1828 884 1859 und

33 1852 119 1888 stellte
137 1854 264 1886 dieselben
285 1861 336 1887 vor
357 1856 409 1891 die
409 1856 512 1891 Fronte
534 1861 635 1893 meiner
642 1863 785 1903 Truppen.
823 1867 883 1898 Der

34 1889 167 1932 General
167 1889 311 1932 Harville,
331 1896 444 1931 welcher
462 1900 517 1930 auf
531 1901 586 1930 den
593 1900 724 1936 Anhöhen
743 1903 792 1943 bey
792 1903 884 1943 Ciphy

31 1923 126 1964 stand,
146 1931 213 1969 setzte
234 1936 294 1964 dem
320 1931 421 1973 linken
421 1931 527 1973 Flügel
547 1940 593 1968 der
618 1940 714 1972 Feinde
734 1942 789 1979 zu,
810 1941 902 1978 wäh¬

30 1965 101 1995 rend
120 1964 159 2001 ich
177 1965 253 2004 ihren
271 1972 379 2003 rechten
399 1973 519 2011 angriff,
549 1980 617 2008 und-
627 1977 715 2014 durch
715 1977 771 2014 die
789 1979 843 2011 von
858 1983 901 2018 9

29 2000 213 2037 Batailionen
233 2010 413 2049 unterstützten
436 2011 547 2051 Belgier
569 2015 628 2051 das
628 2015 795 2051 Städtchen
795 2015 900 2051 Cari¬

28 2046 115 2079 gnon
125 2045 296 2080 wegnehmen
316 2050 375 2088 ließ:
416 2051 481 2082 Das
500 2050 618 2084 mittlere
632 2058 686 2086 aus
699 2058 733 2088 18
742 2055 907 2089 Bataillo¬

28 2082 84 2109 nen
106 2079 255 2116 bestehende
267 2088 458 2126 Haupttreffen
477 2088 587 2122 führten
608 2094 655 2126 der
666 2094 880 2129 Generallieute¬

26 2114 108 2151 nant
122 2117 251 2158 Egalite,
285 2128 352 2159 und
366 2126 418 2170 die
418 2126 672 2170 Feldmarschalle
683 2125 900 2174 Stedenhoffe,

942 803 1094 834 Desforets
1114 806 1167 833 und
1185 804 1292 837 Drouet
1311 815 1379 839 an.
1397 809 1458 839 Der
1476 810 1563 851 rechte
1584 807 1680 849 Flügel
1699 810 1795 846 stuhnd

940 845 1026 871 unter
1044 843 1103 870 dem
1124 841 1293 874 Kommando
1314 848 1362 876 des
1392 847 1680 882 Generallieutenants
1702 847 1795 881 Beur-

941 876 1061 908 nonville
1082 881 1136 908 und
1156 883 1204 910 des
1212 880 1435 920 Feldmarschalls
1442 880 1619 921 Dampierre.
1658 879 1803 931 Harville,

940 915 1052 949 welcher
1071 917 1137 948 uns
1137 917 1200 948 mit
1220 918 1303 954 seiner
1317 922 1443 960 Division
1461 923 1598 959 während
1610 927 1658 958 des
1664 918 1803 965 Angriffs

940 960 993 983 nur
1014 958 1064 984 mit
1086 953 1184 990 seinem
1190 956 1400 993 Kanonenfeuer
1421 959 1594 999 unterstützen
1614 959 1725 1006 konnte,
1725 959 1800 1006 war

939 995 992 1021 von
1013 994 1063 1021 den
1084 991 1242 1029 feindlichen
1258 996 1501 1037 Verschanzungen
1521 996 1658 1041 allzuweit
1658 996 1793 1041 entfernt.

938 1027 992 1059 Die
1013 1028 1150 1066 feindliche
1173 1034 1269 1067 Armee
1289 1039 1368 1070 war,
1393 1037 1491 1076 mäßig
1506 1035 1661 1073 berechnet,
1663 1047 1791 1077 20000

938 1067 1031 1098 Mann
1053 1066 1140 1105 stark,
1161 1076 1302 1103 worunter
1313 1082 1388 1109 3500
1399 1075 1553 1110 Kavallerie
1574 1072 1716 1115 begriffen
1716 1072 1803 1115 war.

937 1104 1032 1139 Unsere
1051 1106 1153 1137 Armee
1170 1115 1231 1139 war
1254 1118 1348 1146 30000
1362 1114 1460 1144 Mann
1477 1110 1580 1149 stark.
1594 1112 1651 1146 Die
1671 1110 1793 1150 Oestrei¬

938 1141 996 1177 cher
1017 1141 1164 1180 befanden
1164 1141 1231 1180 sich
1231 1141 1300 1180 in
1300 1141 1402 1180 einer
1402 1141 1627 1180 fürchterlichen
1627 1141 1802 1180 Stellung.

938 1180 1000 1216 Ihr
1013 1172 1112 1214 rechter
1126 1183 1237 1220 Flügel,
1250 1180 1381 1228 beschützt
1385 1186 1473 1220 durch
1483 1189 1535 1220 die
1535 1186 1636 1225 Stadt
1636 1187 1794 1228 Jemappe,

938 1217 1078 1250 formierte
1096 1219 1148 1250 mit
1154 1218 1258 1262 seiner
1258 1218 1371 1262 Fronte
1371 1218 1447 1262 und
1447 1218 1532 1262 dem
1532 1218 1632 1262 linken
1632 1218 1742 1262 Flügel
1742 1218 1799 1262 ei¬

936 1260 989 1284 nen
1001 1252 1120 1286 Winkel:
1159 1257 1215 1288 Sie
1235 1265 1328 1290 waren
1344 1264 1406 1296 auf
1416 1263 1500 1298 einer
1509 1258 1663 1306 waldigten
1663 1258 1804 1306 Anhöhe,

935 1298 978 1321 wo
999 1289 1030 1328 sie
1050 1291 1133 1331 gleich
1153 1293 1239 1326 einem
1253 1299 1453 1335 Amphitheater
1464 1305 1527 1338 drey
1535 1301 1736 1340 übereinander
1744 1306 1805 1337 er¬

934 1328 1045 1365 richtete
1066 1331 1207 1364 Redouten
1226 1335 1362 1373 errichtet
1369 1340 1477 1376 hatten,
1508 1340 1557 1373 die
1574 1342 1636 1380 mit
1636 1342 1719 1380 mehr
1738 1336 1802 1383 als

937 1375 989 1395 100
1001 1368 1234 1408 Artilleriestücken
1260 1372 1395 1415 bepflanzt
1404 1384 1506 1410 waren.
1540 1378 1608 1421 Wir
1608 1378 1709 1421 hatten
1709 1378 1803 1421 zwar

937 1404 1002 1435 eben
1022 1404 1049 1441 so
1069 1407 1123 1438 viel
1136 1408 1265 1448 Geschütz.
1307 1412 1402 1446 Allein
1415 1416 1456 1449 die
1463 1417 1614 1457 Elevazion
1614 1417 1666 1457 des
1679 1409 1804 1460 ihrigen

935 1444 1007 1478 hätte
1026 1444 1108 1478 ihnen
1117 1464 1126 1479 ,
1145 1447 1212 1480 falls
1231 1449 1283 1479 wir
1303 1451 1345 1482 die
1354 1453 1456 1490 Affaire
1477 1456 1564 1496 durch
1564 1456 1786 1496 Kanonenfeuer

935 1481 1029 1515 hätten
1047 1481 1196 1524 beendigen
1215 1487 1332 1521 wollen,
1348 1491 1418 1522 viele
1427 1492 1567 1529 Vortheile
1581 1493 1651 1537 über
1651 1493 1722 1537 uns
1722 1493 1801 1537 ver¬

934 1519 1050 1555 schaffet.
1091 1522 1161 1553 Von
1175 1533 1193 1560 7
1205 1524 1261 1559 Uhr
1273 1527 1411 1567 Morgens
1431 1529 1478 1562 bis
1488 1541 1522 1560 10
1534 1533 1594 1568 Uhr
1609 1524 1712 1572 feuerte
1712 1524 1790 1572 man

932 1561 986 1587 von
1007 1557 1107 1595 beyden
1121 1561 1224 1593 Seiten
1244 1564 1301 1599 sehr
1320 1564 1425 1602 lebhaft
1443 1571 1497 1603 auf
1512 1570 1652 1607 einaneder.
1660 1569 1712 1608 Ich
1727 1571 1802 1610 sah,

933 1595 985 1631 daß
1005 1595 1121 1631 hieraus
1134 1600 1225 1636 nichts
1235 1601 1466 1647 Entscheidendes
1466 1601 1604 1647 erfolgen,
1611 1603 1728 1648 könnte
1728 1603 1790 1648 So

931 1634 984 1664 wie
1003 1635 1041 1669 ich
1061 1635 1107 1667 die
1116 1635 1206 1670 Linien
1226 1636 1375 1680 durchritt,
1399 1644 1541 1686 bezeugten
1560 1645 1619 1680 mir
1631 1643 1676 1682 die
1685 1649 1801 1690 Trup¬

930 1674 982 1707 pen
1003 1675 1055 1703 das
1076 1673 1228 1711 lebhafteste
1236 1679 1419 1720 Verlangen,
1440 1683 1497 1724 mit
1497 1683 1573 1724 dem
1573 1683 1731 1724 Bajonette
1731 1683 1801 1724 auf

930 1712 981 1741 den
994 1710 1073 1743 Feind
1096 1717 1295 1759 einzudringen.
1336 1715 1431 1756 Schon
1450 1727 1533 1761 zuvor
1542 1724 1648 1759 hatten
1668 1724 1711 1756 die
1724 1726 1782 1761 Ge¬

931 1748 1026 1797 nerale
1026 1748 1247 1797 Beurnonville
1247 1748 1311 1797 und
1311 1748 1428 1797 Egalite
1442 1760 1501 1791 mir
1520 1763 1573 1793 das
1584 1760 1694 1797 gleiche
1699 1756 1792 1798 Ver¬

930 1785 1028 1825 langen
1046 1795 1085 1827 zu
1100 1793 1234 1829 verstehen
1246 1794 1372 1834 gegeben.
1411 1795 1467 1835 Ich
1483 1797 1553 1834 hielt
1568 1796 1631 1839 ihre
1631 1796 1708 1839 Hitze
1708 1796 1805 1839 noch

930 1826 993 1868 eine
993 1826 1087 1868 Weile
1087 1826 1200 1868 zurück,
1221 1839 1268 1864 um
1286 1834 1320 1870 sie
1340 1834 1405 1873 noch
1426 1835 1559 1871 lebhafter
1570 1840 1639 1876 und
1639 1840 1788 1876 ungedul¬

928 1863 1005 1902 diger
1015 1872 1058 1905 zu
1079 1868 1203 1904 machen;
1224 1874 1297 1903 denn
1314 1872 1352 1909 ich
1372 1875 1440 1915 war
1440 1875 1530 1915 schon
1530 1875 1589 1915 fest
1598 1877 1777 1915 entschlossen,

927 1902 977 1942 der
977 1902 1090 1942 Affaire
1109 1906 1159 1939 mit
1172 1907 1335 1948 Ersteigung
1355 1916 1403 1944 der
1410 1913 1572 1955 feindlichen
1572 1913 1784 1955 Verschanzun¬

926 1943 990 1979 gen
990 1943 1039 1979 ein
1051 1946 1129 1977 Ende
1149 1952 1188 1984 zu
1200 1947 1318 1984 machen.
1349 1950 1403 1989 Ich
1424 1951 1478 1992 ließ
1495 1952 1554 1990 also
1569 1953 1620 1986 mit
1703 1956 1779 1989 Bat¬

926 1985 1011 2012 terien
1028 1983 1190 2019 vorrücken,
1213 1989 1269 2020 und
1286 1987 1346 2030 gab
1358 1989 1480 2027 Befehl,
1500 1992 1553 2022 das
1563 1991 1720 2032 Städtchen
1720 1991 1798 2032 Ca¬

925 2017 1037 2058 rignon
1058 2023 1250 2061 anzugreifen,
1284 2030 1373 2059 indem
1399 2028 1439 2066 ich
1456 2030 1597 2068 Jemappe
1617 2035 1673 2064 von
1689 2032 1794 2070 dieser

926 2057 1015 2091 Seite
1034 2060 1106 2097 nicht
1130 2066 1275 2104 angreifen
1305 2063 1422 2103 konnte
1454 2068 1522 2103 ohne
1550 2074 1635 2107 zuvor
1659 2069 1798 2109 ersteres

925 2096 1085 2136 Städtchen
1091 2097 1135 2133 in
1135 2097 1249 2133 meiner
1256 2104 1374 2136 Gewalt
1389 2111 1423 2145 zu
1440 2104 1538 2143 haben.
1559 2107 1614 2145 Ich
1629 2107 1796 2145 beorderte

926 2136 975 2176 den
975 2136 1120 2176 Obersten
1133 2138 1318 2182 Thouvenor,
1318 2138 1425 2182 diesen
1435 2145 1553 2186 Angriff
1553 2145 1796 2186 auszuführen,
