1974 2362
208 201 340 285 N°.
340 201 486 285 62.

1406 216 1781 303 1797.

91 394 573 509 Zürcher

1352 400 1843 523 Zeitung

163 581 498 646 Samstag

1385 584 1465 650 den
1465 584 1525 650 5.
1525 584 1792 650 Augstmon.

337 760 746 813 Frankreich

137 799 390 848 Gesetzgeber.
410 804 475 835 Den
486 803 515 841 7.
515 803 675 841 Thermidor
684 803 699 838 (
699 803 748 838 25.
757 802 833 840 Jul.)
843 803 943 840 schickte

101 845 149 872 das
161 842 349 880 Directorium
361 842 401 875 die
416 843 545 878 Beweise
545 843 597 878 ein
597 843 609 878 ,
621 841 720 877 welche
720 841 789 877 man
801 842 858 876 ihm
868 844 897 871 in
907 843 943 872 ei¬

99 887 146 910 ner
160 881 320 918 Bothschaft
334 880 507 917 abgefordert
522 881 605 915 hatte.
627 879 683 912 Sie
698 878 826 915 betreffen
838 884 888 909 das
898 879 942 910 Al¬

101 923 138 948 ter
150 921 198 949 des
209 921 336 952 Barras.
361 919 403 950 Es
413 916 521 950 erhellet
527 919 646 952 daraus,
660 915 712 953 daß
721 923 749 947 er
761 919 811 947 den
821 917 866 953 30.
866 917 943 953 Jun.

101 963 173 993 1755
184 957 303 995 geboren
324 957 357 993 ist
357 957 387 993 ,
387 957 449 993 und
460 956 514 990 also
525 965 563 992 40
576 956 670 992 Jahre
677 957 733 985 und
746 962 761 990 3
777 956 893 986 Monate
903 955 944 987 alt

100 1001 176 1031 war,
193 1000 226 1026 da
237 1002 304 1026 man
316 995 363 1030 ihn
373 999 434 1032 zum
452 991 588 1028 Direktor
588 991 739 1028 ernannte.
766 991 853 1026 Fabre
862 1011 874 1027 ,
888 997 942 1023 aus

100 1037 156 1063 dem
165 1035 490 1070 Aube-Departemente,
511 1032 648 1068 erstattete
662 1033 742 1062 einen
752 1030 865 1066 Bericht
876 1030 946 1062 über

97 1071 144 1106 die
144 1071 202 1106 Art
202 1071 228 1106 ,
228 1071 288 1106 wie
288 1071 372 1106 man
372 1071 440 1106 den
440 1071 579 1106 grösseren
581 1066 751 1104 Gemeinden
768 1069 869 1106 genug
869 1069 943 1106 Ein¬

99 1105 188 1147 künfte
199 1116 232 1148 zu
242 1111 320 1145 ihren
329 1104 487 1146 Ausgaben
487 1104 659 1146 verschaffen
668 1107 765 1139 könne.
786 1107 840 1139 Er
852 1106 950 1145 schlug

97 1153 159 1182 vor,
175 1153 233 1180 und
248 1152 295 1181 der
307 1148 388 1182 Rath
396 1145 530 1183 beschloß,
554 1145 608 1182 daß
621 1142 662 1177 die
671 1140 804 1182 Abgaben
822 1150 877 1175 von
889 1148 938 1175 den

98 1181 351 1218 Comödien-Ball-
367 1187 423 1218 und
441 1183 696 1215 Concert-Billets
712 1183 756 1213 bis
770 1181 813 1219 in
813 1181 871 1219 den
883 1182 940 1216 Fri¬

94 1222 171 1255 märe
185 1227 204 1252 6
206 1245 214 1254 .
228 1221 390 1260 fortdauern
402 1220 494 1257 sollen.
503 1218 566 1259 Der
566 1218 647 1259 Rath
647 1218 819 1259 genehmigte
831 1221 950 1257 hierauf

95 1264 155 1296 eine
164 1263 246 1302 lange
255 1259 418 1297 Resolution
425 1278 434 1293 ,
445 1260 539 1295 welche
553 1259 594 1291 die
606 1254 757 1298 Pachtzinse
768 1257 881 1295 betrifft.

133 1302 200 1333 Den
214 1302 239 1333 8.
253 1298 368 1335 Therm.
368 1298 390 1335 (
390 1298 442 1335 26.
442 1298 516 1335 Jul.)
529 1295 657 1336 begehrte
657 1295 766 1336 Boissy
766 1295 902 1336 d'Anglas
902 1295 936 1336 in

97 1340 169 1370 einer
183 1336 490 1376 Ordnungs-Motion,
505 1336 560 1370 daß
578 1333 622 1372 die
622 1333 881 1372 Schuldgläubiger
890 1338 938 1365 der

97 1377 286 1416 Emigranten
286 1377 344 1416 mit
351 1373 432 1411 ihren
432 1373 657 1411 Schuldbriefen,
670 1373 719 1408 bis
729 1379 777 1411 zur
787 1369 936 1410 schuldigen

97 1416 237 1452 Summe,
237 1416 332 1452 Güter
349 1409 429 1448 dieser
439 1410 633 1451 Emigranten
633 1410 738 1451 kaufen
751 1407 869 1442 können.
869 1407 937 1442 Die¬

97 1457 119 1494 se
130 1456 239 1486 Motion
255 1450 302 1490 soll
320 1450 437 1487 Primidi
457 1453 507 1486 mit
527 1451 614 1488 einem
632 1449 796 1487 Vorschlage
819 1448 935 1487 gleichen

97 1494 212 1531 Inhalts
234 1497 283 1523 des
297 1493 404 1527 Rouzet
420 1489 450 1519 in
466 1489 720 1527 Berathschlagung
741 1493 856 1525 gezogen
871 1494 936 1518 wer¬

97 1539 154 1563 den.
174 1531 308 1569 Pichegru
321 1531 453 1564 erstattete
460 1525 574 1563 Bericht
588 1527 626 1557 im
638 1529 748 1558 Namen
760 1529 805 1556 der
814 1532 936 1557 ernann¬

97 1576 139 1601 ten
151 1570 337 1607 Commission,
346 1572 440 1602 wegen
451 1566 642 1603 Annäherung
663 1569 708 1596 der
719 1565 860 1600 Truppen.
882 1563 936 1595 Die

97 1609 268 1647 Commission
284 1608 314 1644 ist
327 1606 372 1642 fest
386 1604 551 1643 überzeugt,
568 1604 643 1641 sagte
643 1604 699 1641 er,
710 1601 766 1640 daß
766 1601 828 1640 das
828 1601 946 1640 gesetzg.

97 1649 187 1684 Corps
199 1647 210 1683 ,
223 1653 287 1678 vom
300 1643 387 1677 Volke
401 1640 568 1681 unterstüzt,
589 1642 679 1677 nichts
694 1647 752 1671 von
761 1639 936 1677 feindseligen

98 1685 228 1722 Absichten
238 1685 277 1725 zu
287 1683 442 1719 befürchten
448 1682 505 1715 hat
512 1676 524 1714 ;
546 1681 578 1717 sie
599 1681 645 1715 hat
660 1678 709 1715 sich
718 1678 806 1709 damit
822 1673 936 1714 beschäft¬

96 1723 152 1762 tigt,
164 1725 225 1758 fürs
236 1721 359 1759 künftige
369 1727 402 1758 zu
415 1719 556 1753 verhüten,
569 1717 623 1755 daß
638 1716 696 1748 kein
709 1715 845 1752 ähnlicher
845 1715 937 1752 Trup¬

96 1761 248 1798 penmarsch
258 1761 331 1795 mehr
339 1759 403 1796 statt
415 1753 481 1792 habe
497 1759 596 1789 Weder
607 1759 659 1789 das
671 1755 858 1787 Directorium
867 1755 934 1791 noch

97 1802 138 1831 der
146 1799 370 1838 Kriegsminister
378 1796 466 1837 haben
477 1801 531 1827 von
542 1800 586 1827 der
594 1794 786 1830 Annäherung
798 1794 840 1830 der
840 1794 936 1830 Trup¬

94 1844 143 1875 pen
153 1846 238 1877 gegen
251 1837 335 1872 Paris
345 1840 434 1866 etwas
441 1835 565 1873 gewußt.
586 1835 629 1866 Es
639 1832 737 1872 besteht
750 1831 878 1865 demnach
890 1832 940 1862 ein

94 1877 223 1913 geheimes
231 1874 353 1910 Comite,
368 1873 482 1906 welches
493 1875 545 1909 auf
556 1872 636 1908 solche
651 1874 700 1903 Art
713 1871 830 1907 mehrere
841 1871 935 1907 Trup¬

92 1912 229 1951 penkorps
241 1914 291 1946 mir
302 1909 499 1949 ansehnlichen
499 1909 729 1949 Artilleriezügen
729 1909 765 1949 in
765 1909 933 1949 Bewegung

93 1952 149 1989 sezt.
170 1950 254 1990 Jeder
264 1951 378 1990 Krieger
389 1949 468 1987 weiß,
480 1947 535 1986 daß
545 1946 589 1983 ein
589 1946 714 1983 General
714 1946 796 1983 keine
796 1946 932 1983 Truppen

91 1990 175 2027 außer
189 1991 288 2027 seinem
295 1991 471 2021 Commando
483 1988 659 2025 marschiren
670 1986 750 2024 lassen
765 1985 858 2020 kann,
874 1986 933 2015 und

90 2028 146 2062 ihre
156 2028 331 2063 Commission
341 2025 423 2058 kennt
440 2031 476 2064 zu
490 2026 545 2060 sehr
561 2026 601 2056 die
616 2026 775 2060 Verdienste
786 2028 832 2056 des
842 2025 943 2058 Gene¬

89 2067 161 2097 rals,
161 2067 223 2097 von
237 2066 322 2102 dessen
332 2069 428 2096 Armee
441 2069 507 2102 man
515 2064 648 2099 Truppen
664 2057 806 2099 detachirt
806 2057 868 2099 hat,
883 2068 932 2093 um

88 2109 121 2141 zu
133 2103 255 2137 glauben
265 2123 276 2141 ,
287 2102 349 2142 daß
349 2102 387 2142 er
387 2102 441 2142 die
441 2102 532 2142 ersten
542 2101 683 2140 militäris.
683 2101 785 2140 Gesetze
793 2099 881 2139 nicht
881 2099 948 2139 ge¬

80 2133 182 2187 kannt
182 2133 266 2187 habe,
266 2133 343 2187 oder
343 2133 413 2187 daß
413 2133 454 2187 er
454 2133 496 2187 sie
496 2133 574 2187 habe
574 2133 710 2187 verletzen
710 2133 874 2187 wollen.—
874 2133 934 2187 Er¬

990 752 1196 816 kundigungen
1196 752 1324 816 zufolge,
1324 752 1424 816 welche
1424 752 1498 816 man
1498 752 1673 816 eingezogen
1673 752 1757 816 hat,
1757 752 1843 816 sollte

992 810 1023 836 es
1037 807 1175 842 scheinen
1175 807 1226 842 als
1226 807 1265 842 ob
1276 813 1321 840 der
1332 811 1430 847 Befehl
1438 811 1510 850 zum
1510 811 1642 850 Marsche
1642 811 1709 850 vom
1720 815 1833 846 Seemi¬

990 845 1072 883 nister
1092 846 1213 884 gegeben
1213 846 1332 884 worden
1347 849 1400 886 sey.
1432 848 1508 883 Aber
1508 848 1600 883 wenn
1600 848 1684 883 man
1684 848 1752 883 eine
1752 848 1832 883 See-¬

991 883 1153 918 Expedition
1164 886 1310 919 vorhatte,
1328 893 1435 917 warum
1447 888 1496 922 hat
1507 893 1575 920 man
1587 892 1659 920 denn
1673 887 1767 927 schnell
1775 884 1832 923 alle

992 920 1057 956 diese
1070 922 1201 960 Truppen
1212 922 1316 967 wieder
1316 922 1497 967 zurückgehen
1497 922 1604 967 lassen,
1613 925 1702 964 sobald
1711 922 1769 964 wir
1769 922 1847 964 ihre

992 958 1181 998 Annäherung
1192 960 1319 995 erfahren
1331 963 1421 995 hatten
1428 965 1441 993 ?
1461 963 1584 994 Warum
1594 965 1641 999 hat
1652 958 1727 1001 man
1727 958 1779 1001 sie,
1793 965 1840 996 da

991 995 1025 1033 sie
1032 1002 1099 1032 von
1116 998 1228 1030 Namur
1249 1002 1316 1030 nach
1326 1000 1407 1036 Brest
1424 998 1618 1038 marschirten,
1630 995 1743 1036 anstatt
1743 995 1830 1036 nord¬

989 1033 1079 1067 wärts
1094 1036 1186 1070 Paris,
1196 1035 1332 1076 südwärts
1343 1038 1426 1075 dieser
1426 1038 1520 1075 Stadt
1529 1037 1624 1078 ziehen
1624 1037 1718 1078 lassen
1718 1037 1738 1078 ?
1738 1037 1829 1078 War¬

990 1080 1040 1103 um
1052 1071 1119 1110 läßt
1119 1071 1208 1110 man,
1208 1071 1251 1110 da
1259 1074 1321 1109 eine
1321 1074 1350 1109 so
1360 1075 1521 1117 furchtbare
1521 1075 1619 1117 Armee
1619 1075 1670 1117 an
1670 1075 1727 1117 den
1727 1075 1839 1117 Küsten

986 1113 1036 1141 des
1052 1111 1166 1146 Oceans
1178 1109 1262 1149 steht,
1283 1113 1346 1147 von
1346 1113 1386 1147 so
1386 1113 1455 1147 weit
1466 1114 1513 1148 her
1524 1132 1535 1149 ,
1556 1108 1620 1149 und
1620 1108 1685 1149 mit
1685 1108 1714 1149 so
1717 1110 1827 1155 großen

985 1150 1085 1184 Kosten
1097 1150 1116 1186 ,
1116 1150 1202 1186 5000
1202 1150 1321 1186 Mann,
1336 1145 1404 1187 fast
1410 1151 1506 1188 lauter
1515 1145 1678 1195 Kavallerie
1678 1145 1838 1195 kommen?

988 1187 1057 1219 Seit
1067 1194 1147 1218 wenn
1160 1186 1241 1224 schifft
1251 1195 1317 1219 man
1325 1189 1471 1225 Husaren,
1483 1184 1641 1230 Dragoner
1641 1184 1664 1230 ,
1664 1184 1757 1230 leichte
1770 1192 1828 1231 In¬

988 1225 1103 1263 fanterie
1118 1225 1163 1260 für
1172 1225 1230 1256 eine
1237 1226 1405 1262 Expedition
1414 1233 1463 1267 zur
1471 1228 1530 1259 See
1539 1235 1582 1259 ein
1592 1230 1612 1264 ?
1612 1230 1655 1264 —
1665 1223 1733 1263 Wir
1733 1223 1826 1263 haben

984 1261 1132 1303 geglaubt,
1155 1264 1243 1300 einige
1262 1263 1425 1302 Schuldige
1432 1266 1681 1303 wahrzunehmen;
1700 1268 1736 1297 da
1759 1266 1825 1297 aber

987 1302 1062 1333 keine
1083 1300 1183 1339 Gesetze
1196 1301 1264 1333 über
1277 1302 1333 1341 die
1333 1302 1620 1341 Verantwortlichkeit
1640 1307 1687 1340 der
1699 1296 1835 1342 Agenten

986 1343 1038 1371 des
1045 1338 1250 1374 Directoriums
1256 1340 1419 1375 vorhanden
1425 1340 1503 1378 sind,
1516 1335 1548 1383 so
1548 1335 1682 1383 schlagen
1682 1335 1739 1383 wir
1744 1339 1835 1381 keine

985 1377 1131 1415 Maßregel
1155 1381 1296 1415 deswegen
1310 1384 1380 1410 vor.
1397 1379 1491 1419 Keine
1502 1379 1611 1419 Furcht
1611 1379 1663 1419 hat
1677 1372 1729 1419 die
1729 1372 1752 1419 2
1752 1372 1836 1419 Pro¬

985 1417 1052 1454 jecte
1063 1412 1163 1452 dictirt,
1163 1412 1266 1452 welche
1278 1415 1325 1455 die
1325 1415 1518 1455 Commission
1518 1415 1615 1455 Ihnen
1627 1413 1742 1456 vorlegt.
1759 1414 1823 1450 Wir

985 1455 1073 1488 haben
1090 1452 1182 1488 nichts
1195 1459 1251 1490 von
1270 1448 1327 1494 den
1327 1448 1708 1494 Vaterlandsvertheidigern
1731 1451 1765 1493 zu
1779 1453 1835 1488 be¬

982 1492 1124 1528 fürchten.
1124 1492 1185 1528 Nie
1192 1495 1299 1527 werden
1313 1491 1346 1529 sie
1357 1493 1396 1524 die
1405 1492 1539 1529 Absichten
1550 1494 1630 1533 derer
1630 1494 1833 1533 unterstützen,

984 1523 1080 1567 welche
1096 1529 1137 1561 die
1161 1526 1467 1568 Volksrepräsentation
1489 1526 1677 1569 zerstümmeln
1692 1529 1834 1564 möchten.

978 1569 1040 1600 Sie
1054 1567 1203 1605 gehorchen
1218 1565 1299 1603 ihren
1305 1567 1407 1603 Obern
1414 1573 1438 1599 ;
1457 1567 1521 1600 aber
1538 1569 1582 1603 ihr
1594 1569 1742 1604 Gehorsam
1764 1571 1822 1605 hält

984 1605 1032 1644 sich
1043 1605 1193 1642 innerhalb
1193 1605 1254 1642 den
1273 1604 1436 1641 Schranken
1449 1624 1457 1640 ,
1470 1606 1564 1644 welche
1585 1609 1625 1638 der
1637 1608 1832 1644 Constitution

984 1645 1068 1683 gesezt
1081 1645 1136 1680 hat.
1146 1655 1185 1667 —
1207 1644 1285 1678 Nach
1297 1644 1371 1676 einer
1378 1646 1483 1681 Anrede
1501 1651 1538 1675 an
1551 1638 1594 1683 die
1612 1645 1725 1683 Krieger
1736 1646 1822 1684 zeigte

982 1676 1117 1720 Pichegru
1129 1690 1184 1716 an,
1198 1682 1254 1718 daß
1264 1681 1305 1712 die
1315 1681 1385 1719 Zahl
1394 1676 1448 1719 der
1448 1676 1591 1719 Truppen
1591 1676 1645 1719 im
1645 1676 1823 1719 konstituzio¬

982 1719 1079 1757 nellen,
1088 1719 1218 1752 Umkreise
1231 1716 1310 1756 nicht
1310 1716 1450 1756 vermehrt
1462 1723 1574 1754 worden
1586 1719 1658 1765 sey,
1658 1719 1729 1765 und
1729 1719 1832 1765 schlug

983 1760 1059 1790 dann
1071 1759 1150 1789 vor:
1160 1758 1215 1790 Die
1226 1753 1340 1796 Distanz
1357 1756 1408 1795 der
1408 1756 1435 1795 6
1435 1756 1620 1795 Myriameter
1631 1759 1642 1796 (
1651 1768 1685 1788 12
1696 1751 1833 1792 Meilen)

984 1795 1168 1835 abzumessen,
1179 1799 1235 1826 und
1243 1798 1323 1830 durch
1334 1796 1431 1831 Pfähle
1442 1795 1604 1834 abzustecken
1619 1815 1628 1830 ,
1636 1798 1694 1834 auf
1703 1794 1839 1839 welchen

984 1835 1074 1870 steht:
1090 1832 1343 1870 Constitutionelle
1352 1834 1490 1869 Grenzen
1503 1829 1555 1869 für
1555 1829 1603 1869 die
1613 1830 1834 1879 Annäherung

981 1872 1040 1910 der
1040 1872 1195 1910 Truppen.
1226 1875 1268 1904 An
1280 1872 1366 1908 diesen
1382 1867 1498 1912 Pfählen
1498 1867 1617 1912 machen
1617 1867 1684 1912 die
1684 1867 1840 1912 Truppen

976 1903 1068 1948 Halt,
1082 1914 1139 1941 und
1149 1912 1232 1951 gehen
1240 1910 1313 1944 nicht
1323 1911 1455 1947 weiters,
1475 1908 1520 1941 bis
1531 1910 1573 1942 die
1583 1908 1688 1947 nächste
1694 1913 1820 1944 Canton¬

981 1947 1192 1985 Municipalität
1205 1949 1287 1983 ihnen
1301 1948 1348 1984 die
1348 1948 1539 1984 Autorisation
1548 1942 1608 1993 des
1608 1942 1720 1993 gesetzg.
1720 1942 1840 1993 Corps

981 1986 1152 2025 vorgelesen,
1164 1985 1256 2023 welche
1267 1986 1347 2020 ihnen
1362 1986 1493 2022 erlaubt,
1513 1984 1580 2018 über
1590 1987 1662 2028 diese
1662 1987 1779 2028 Grenze
1779 1987 1817 2028 zu

982 2029 1092 2057 treten.
1108 2027 1192 2063 Jeder
1204 2026 1428 2060 Commandant,
1441 2028 1487 2057 der
1503 2028 1622 2063 dagegen
1632 2024 1758 2060 handelt,
1771 2023 1827 2069 soll

981 2064 1024 2095 als
1032 2058 1296 2100 Staatsverbrecher
1311 2062 1425 2099 bestraft
1425 2062 1547 2099 werden.
1571 2063 1673 2101 Solche
1681 2067 1816 2103 Truppen

980 2103 1089 2134 werden
1104 2099 1297 2136 verabschiedet
1321 2105 1379 2131 und
1399 2101 1519 2136 erhalten
1539 2101 1631 2134 keinen
1645 2102 1718 2132 Sold
1729 2104 1815 2136 mehr.

980 2142 1070 2175 Druck
1090 2138 1148 2177 des
1148 2138 1287 2177 Berichts
1287 2138 1351 2177 und
1364 2139 1544 2178 Austheilung
1563 2145 1599 2178 zu
1608 2138 1630 2172 6
1630 2138 1760 2172 Stüclem
1769 2141 1816 2178 für
