1900 2362
137 138 301 234 Nro.
340 140 476 254 93.

1320 131 1627 252 1807.

53 306 517 426 Zürcher

1216 288 1740 429 Zeitung

208 449 437 508 Freytag

1284 451 1348 490 den
1366 456 1423 492 20.
1434 451 1629 486 November.

286 595 401 623 Gedruckt
422 592 468 621 und
486 599 513 624 zu
531 592 613 625 finden
631 592 655 619 in
673 590 714 619 der
732 587 922 623 Buchhandlung
938 594 983 616 von
1001 587 1111 618 Orell,
1129 586 1223 620 Füßli
1240 584 1289 613 und
1308 583 1511 618 Compagnie.

97 683 195 712 Türkey
212 682 265 714 (die
277 682 413 714 Engländer
427 679 542 710 verlassen
558 678 723 707 Alexandrien
734 678 802 707 durch
816 676 1012 708 Kapitulation).
1046 675 1161 708 Rußland
1174 672 1373 706 (wahrscheinlich
1383 672 1457 702 naher
1465 671 1546 700 Bruch
1556 669 1604 696 mit
1613 666 1747 699 England).

133 717 274 744 Schweden.
308 715 454 744 Dänemark.
489 711 705 744 Großbrittanien.
738 710 901 744 Deutschland
915 709 1112 742 (merkwürdiger
1123 705 1388 742 Hamburger-Artikel.
1423 704 1527 735 Gerücht
1538 710 1586 730 von
1601 702 1666 731 einer
1683 700 1748 732 fran¬

134 748 244 781 zösischen
257 748 408 777 Konvention
422 748 468 775 mit
479 747 614 779 Preussen).
649 744 785 779 Frankreich
799 743 967 776 (Endschicksal
984 743 1031 776 von
1031 743 1181 776 Portugal).
1217 741 1353 776 Neuestes.

384 818 576 848 Türkey.

99 860 148 892 Im
162 857 288 890 französ.
297 858 449 886 Amtsblatte
467 856 529 884 liest
544 862 617 885 man,
635 857 708 883 unter
725 851 772 882 der
772 851 893 882 Rubrick:

65 900 284 931 Dardanellen,
306 905 344 932 14.
356 900 413 926 Oct.
448 896 521 930 „Die
535 896 669 929 englische
682 894 789 922 Eskadre
804 895 845 926 hat
856 889 895 923 sich

66 938 188 970 entfernt.
223 937 281 966 Lord
301 939 394 971 Paget
412 938 488 969 zahlte
506 936 544 964 die
561 935 733 969 Reisespesen,
751 934 799 961 und
818 932 897 964 kehrte

62 980 124 1010 nach
140 979 245 1007 Malta
260 978 345 1008 zurück.
388 977 489 1010 Diesem
507 975 649 1008 Gesandten
669 975 718 1002 will
734 974 800 1002 keine
822 972 897 1004 seiner

65 1018 297 1050 Unterhandlungen
307 1018 427 1050 gelingen.
461 1017 616 1050 Englands
630 1013 784 1046 Diplomatie
797 1012 845 1040 und
856 1011 899 1043 sei¬

63 1065 112 1088 ner
123 1058 269 1087 Landarmee
281 1057 309 1089 ist
321 1057 360 1090 ihr
374 1056 450 1090 Spiel
462 1056 534 1088 gleich
546 1056 684 1083 verdorben.
720 1055 778 1081 Den
792 1052 899 1084 jüngsten

66 1098 229 1131 Nachrichten
251 1099 296 1127 aus
308 1099 447 1132 Egypten
459 1096 551 1129 zufolge
565 1096 592 1129 ist
611 1095 651 1123 die
667 1095 744 1126 letztre
756 1093 803 1121 mit
820 1092 901 1125 Spott

64 1140 118 1169 und
138 1139 257 1169 Schande
269 1138 388 1166 bedeckt."

102 1180 141 1213 Zu
157 1177 338 1210 Beurkundung
360 1178 434 1208 dessen
450 1176 511 1209 folgt
530 1176 627 1207 hierauf
639 1174 692 1203 eine
704 1179 758 1202 vom
773 1183 815 1200 21.
824 1172 901 1203 Sept.

66 1218 164 1245 datirte
175 1217 337 1249 ausführliche
353 1218 472 1250 Depesche
491 1217 534 1244 des
549 1216 726 1244 Gouverneurs
738 1220 783 1241 von
801 1213 901 1246 Egyp¬

65 1260 116 1285 ten
126 1256 472 1290 Muhameb-Ali-Pascha
487 1262 519 1283 an
536 1256 581 1283 des
590 1251 901 1285 Caimakan-Pascha's

66 1294 179 1327 Kaiserl.
190 1294 297 1327 Hoheit,
316 1297 398 1327 welche
414 1297 462 1329 also
481 1296 586 1327 anhebt:
606 1296 694 1327 „Dem
711 1292 815 1325 höchsten
829 1290 903 1320 Wille

67 1337 120 1366 Gr.
138 1333 244 1364 Kaiserl.
260 1335 351 1366 Hoheit
367 1337 473 1368 zufolge,
496 1335 542 1367 daß
562 1334 661 1366 nämlich
683 1333 721 1361 die
737 1331 835 1361 unreine
854 1331 904 1359 Ge¬

65 1374 182 1410 genwart
196 1371 236 1399 der
249 1373 408 1407 ungläubigen
430 1373 586 1407 (infideles?)
605 1376 791 1406 Engländer,
811 1372 850 1399 die
862 1370 902 1402 sich

67 1415 152 1452 seiner
159 1411 214 1447 Zeit
220 1413 426 1443 Alexandriens
432 1415 500 1442 durch
508 1413 696 1444 Ueberraschung
705 1410 843 1443 bemächtigt
850 1409 901 1442 hat¬

65 1460 130 1486 ten,
148 1453 214 1483 nicht
225 1452 313 1480 wieder
319 1451 402 1485 diesen
414 1452 501 1480 Boden
510 1451 712 1484 verunreinigen,
728 1450 777 1477 und
789 1448 903 1477 ermeldte

69 1492 173 1525 Stadt,
191 1491 236 1517 mit
247 1492 370 1522 Beystand
382 1493 425 1519 des
434 1491 620 1524 Allerhöchsten,
638 1497 666 1522 zu
674 1490 746 1523 Hand
758 1489 826 1522 ihres
834 1488 904 1519 recht¬

67 1531 188 1566 mäßigen
204 1529 351 1557 Souveräns
366 1530 452 1558 wieder
464 1530 645 1562 eingenommen
662 1530 738 1558 werde
748 1545 782 1550 —
793 1530 847 1562 hab'
863 1528 905 1558 ich,

69 1574 155 1605 einem
170 1570 192 1602 so
206 1569 328 1598 achtbaren
344 1572 432 1603 Befehl
448 1571 541 1605 (noble
559 1570 789 1605 commandement)
805 1568 906 1603 gemäß,

65 1613 152 1645 dessen
170 1609 301 1643 Aufschrift
315 1610 496 1645 (Frontispice)
507 1610 554 1638 mit
565 1611 619 1639 dem
630 1609 776 1643 geheiligten
787 1609 904 1637 Karakter

69 1651 117 1682 der
139 1650 245 1681 Kaiserl.
261 1649 331 1683 Hand
347 1650 452 1683 geziert,
476 1652 525 1678 und
540 1657 571 1677 an
582 1648 809 1679 Unterzeichneten,
836 1648 903 1676 Dero

69 1691 269 1724 unterthänigen
284 1692 395 1720 Sklaven
407 1692 520 1725 gerichtet
536 1697 601 1720 war,
619 1690 676 1721 mich
686 1689 772 1719 beeilt,
790 1690 858 1717 Alles
867 1694 903 1718 zu¬

69 1737 184 1771 sammen
202 1738 230 1762 zu
243 1730 357 1763 bringen,
376 1735 427 1760 was
440 1738 492 1763 zum
507 1730 646 1762 glücklichen
657 1729 742 1761 Erfolg
751 1728 829 1761 dieses
838 1727 905 1762 Feld¬

69 1776 136 1809 zugs
158 1771 242 1804 nöthig
262 1771 316 1804 seyn
331 1773 428 1801 mochte.
465 1770 553 1800 Somit
572 1769 662 1801 verließ
679 1769 712 1798 ich
731 1769 756 1796 in
773 1769 817 1797 den
833 1769 905 1801 ersten

68 1819 162 1846 Tagen
182 1813 226 1840 des
242 1813 352 1842 Monats
371 1810 660 1844 Djemazi-ul-Oughra
678 1810 764 1840 (gegen
776 1815 800 1838 8.
812 1809 904 1840 Sept.)

70 1853 282 1886 Groß-Cairo
298 1860 329 1880 an
350 1853 391 1881 der
409 1853 493 1886 Spitze
504 1852 547 1879 der
562 1856 651 1883 ganzen
668 1847 818 1877 Kavallerie,
842 1848 906 1878 nebst

69 1896 145 1927 einer
156 1893 258 1925 Truppe
271 1895 438 1926 auserlesenen
451 1892 586 1927 Fußvolks,
604 1891 653 1919 und
666 1896 706 1921 zog
717 1887 793 1915 damit
804 1887 905 1920 geraden

68 1937 154 1968 Wegs
172 1934 224 1961 dem
241 1932 317 1967 Feind
338 1936 483 1967 entgegen."

107 1974 219 2014 Hierauf
230 1974 291 2006 folgt
305 1972 344 2001 die
362 1973 538 2005 Beschreibung
552 1973 593 2000 der
607 1970 735 2003 Anstalten
746 1975 785 2000 zur
804 1969 905 2000 Belage¬

66 2019 153 2046 rung,
176 2014 259 2044 welche
278 2013 333 2050 (fast
346 2012 501 2046 unglaublich
501 2012 537 2046 zu
554 2012 656 2043 hören!)
672 2012 727 2041 nach
739 2009 847 2042 wenigen
858 2010 905 2036 aus

65 2058 129 2085 dem
146 2052 213 2086 Platz
227 2058 376 2087 ergangenen
390 2052 646 2085 Kanonen-Schüssen
665 2051 727 2083 (und
741 2051 802 2081 ohne
813 2051 906 2081 vorher¬

63 2098 211 2133 gegangene
228 2093 418 2128 Aufforderung)
436 2100 476 2127 zur
496 2094 568 2128 Folge
583 2094 684 2125 hatten,
703 2091 747 2123 daß
761 2090 801 2119 der
817 2095 906 2122 zweyte

66 2133 210 2171 englische
224 2134 344 2166 General,
364 2135 410 2165 mit
421 2135 558 2169 Vollmacht
571 2134 696 2168 versehen,
715 2131 755 2162 ins
772 2132 902 2166 türkische

919 813 993 845 Lager
1003 814 1070 841 kam,
1088 811 1138 839 und
1149 812 1194 838 den
1204 808 1370 841 Muhamed
1381 807 1432 838 Ali
1446 804 1554 839 Pascha
1570 800 1620 835 also
1631 800 1747 829 anredte:

954 854 1043 887 „Geht
1060 853 1123 883 nicht
1136 851 1185 885 Ihr
1196 848 1322 882 Begehren
1339 847 1374 875 im
1383 849 1481 876 Namen
1489 845 1537 873 Sr.
1547 842 1651 876 Hoheit,
1669 840 1750 873 Ihres

920 892 1051 925 mächtigen
1057 892 1158 924 Kaisers
1166 891 1254 922 dahin,
1273 888 1318 920 daß
1330 893 1376 915 wir
1384 888 1429 915 den
1435 886 1499 920 Platz
1506 890 1552 911 von
1557 880 1752 913 Alexandrien

920 922 1098 966 zurückstellen?
1116 932 1201 961 Geben
1221 929 1271 959 Sie
1291 931 1339 956 uns
1357 926 1397 954 die
1418 924 1593 957 Gefangenen,
1611 921 1649 948 die
1661 918 1713 947 Sie
1725 917 1752 944 in

922 973 966 1001 den
981 973 1069 1005 beyden
1082 972 1181 1005 Treffen
1194 977 1239 999 von
1249 968 1366 1003 Rosetta
1379 966 1484 999 gemacht
1495 963 1585 996 haben,
1599 959 1690 991 zurück,
1703 958 1752 985 und

922 1014 966 1042 wir
981 1014 1114 1046 übergeben
1125 1014 1209 1045 Ihnen
1223 1004 1423 1041 Alexandrien.
1456 1005 1521 1035 Auch
1536 1003 1577 1031 die
1590 1002 1647 1032 drey
1659 997 1754 1029 Schiffe

924 1054 970 1081 Sr.
985 1052 1074 1086 Hoheit
1092 1051 1176 1084 hätten
1191 1051 1237 1078 wir
1252 1050 1337 1081 Ihnen
1354 1044 1539 1078 zurückgestellt,
1566 1040 1638 1069 allein
1654 1037 1685 1070 sie
1704 1037 1754 1069 sind

924 1094 980 1125 nach
992 1093 1131 1127 England
1143 1091 1242 1124 gesandt
1251 1088 1362 1119 worden;
1380 1085 1414 1117 ich
1424 1083 1558 1116 verpflichte
1569 1079 1629 1111 mich
1639 1078 1695 1105 aber
1706 1076 1758 1108 hie¬

925 1134 973 1161 nach
987 1129 1109 1165 förmlich,
1127 1130 1247 1164 dieselben
1261 1128 1351 1157 direkte
1363 1133 1395 1155 an
1407 1125 1445 1154 die
1457 1122 1537 1157 Hohe
1549 1120 1656 1154 Pforte
1668 1115 1758 1147 zurück-

926 1171 1072 1207 zusenden."

959 1212 1066 1246 Hierauf
1079 1211 1158 1243 folgen
1174 1210 1213 1239 die
1228 1208 1395 1241 Erwägungen
1409 1205 1453 1234 des
1470 1202 1531 1232 über
1539 1199 1602 1234 diese
1614 1194 1758 1230 Vorschläge

926 1253 1067 1285 gehaltenen
1081 1251 1251 1283 Kriegsraths.

926 1306 959 1312 —
977 1292 1071 1324 „Also,
1089 1291 1116 1318 in
1131 1289 1285 1322 Erwägung:
1311 1287 1370 1319 Daß
1388 1285 1428 1314 die
1446 1281 1610 1315 Ungläubigen
1628 1274 1759 1307 immerhin

928 1332 973 1365 List
986 1331 1035 1361 und
1042 1330 1126 1359 Ränke
1137 1331 1248 1360 brauchen
1260 1326 1432 1360 mögen—der
1439 1323 1518 1353 Sabel
1526 1321 1569 1350 des
1578 1320 1674 1353 wahren
1681 1317 1761 1346 Glau¬

927 1373 988 1399 bens
1002 1373 1061 1399 aber
1074 1371 1128 1400 doch
1145 1372 1206 1402 stets
1224 1370 1268 1396 den
1287 1367 1354 1399 Sieg
1368 1365 1483 1396 behält:"

925 1423 957 1429 —
974 1409 1055 1442 „Daß
1069 1409 1134 1436 dann
1149 1408 1206 1436 aber
1221 1413 1267 1436 von
1284 1407 1329 1435 der
1342 1406 1434 1434 andern
1444 1403 1525 1433 Seite
1540 1400 1646 1430 bemerkt
1660 1395 1758 1424 wurde:

926 1450 986 1481 Daß
998 1450 1041 1477 der
1053 1450 1142 1481 Posten
1154 1448 1224 1478 Sed
1240 1453 1287 1475 nur
1304 1446 1374 1478 durch
1398 1444 1453 1474 eine
1465 1441 1559 1474 dortige
1573 1438 1761 1471 Truppen-Lan¬

929 1491 993 1522 dung
1009 1494 1151 1522 genommen
1164 1488 1257 1517 werden
1274 1487 1351 1515 kann,
1373 1481 1424 1513 und
1441 1483 1497 1512 aber
1512 1481 1575 1513 diese
1587 1479 1630 1510 der
1649 1477 1703 1504 dem
1721 1480 1763 1509 ge¬

929 1530 1091 1563 genwärtigen
1101 1528 1213 1557 mittlern
1224 1526 1390 1558 Nil-Stand
1407 1521 1564 1554 unerhältlich
1580 1520 1638 1555 seyn
1651 1517 1764 1548 dürfte.”

927 1583 961 1590 —
978 1590 994 1602 „
1000 1568 1059 1600 Daß
1078 1569 1143 1597 dann
1160 1568 1257 1600 freylich
1270 1569 1299 1593 es
1316 1565 1414 1598 möglich
1432 1562 1495 1592 wäre
1502 1579 1510 1591 ,
1528 1563 1585 1591 auch
1596 1560 1650 1590 noch
1665 1555 1716 1589 auf
1728 1556 1765 1585 ei¬

929 1615 984 1637 nem
999 1609 1088 1636 andern
1102 1609 1165 1639 Weg
1173 1608 1251 1637 Rache
1261 1612 1305 1632 von
1317 1605 1404 1637 unsern
1416 1602 1523 1639 Feinden
1535 1609 1563 1632 zu
1578 1601 1697 1631 nehmen;
1716 1596 1763 1628 daß

928 1650 1004 1679 aber,
1020 1649 1102 1677 indem
1116 1648 1161 1675 wir
1175 1647 1249 1679 ihnen
1260 1645 1318 1679 Zeit
1332 1645 1412 1677 gaben
1419 1661 1428 1673 ,
1446 1642 1478 1676 sie
1494 1641 1610 1673 vielleicht
1624 1637 1698 1672 Hülf
1711 1637 1762 1665 und

928 1689 1087 1721 Verstärkung
1103 1689 1212 1719 erhalten
1231 1684 1367 1715 könnten."

964 1730 1052 1763 „Nach
1070 1730 1132 1757 allen
1151 1728 1233 1759 diesen
1245 1727 1443 1758 Betrachtungen
1462 1720 1626 1756 beschränkten
1643 1718 1689 1749 wir
1704 1718 1765 1747 uns,

932 1770 1011 1802 einige
1026 1769 1102 1797 andre
1118 1768 1301 1801 (ungenannte)
1313 1765 1489 1797 Bedingungen
1502 1768 1530 1792 zu
1540 1756 1652 1792 fördern,
1670 1757 1767 1789 worauf

931 1812 971 1839 der
986 1809 1111 1842 Vergleich
1126 1808 1264 1842 geschlossen
1279 1806 1372 1833 ward."

965 1850 1089 1884 „Diesem
1102 1850 1196 1882 zufolge
1206 1847 1256 1879 ließ
1271 1845 1312 1877 ich
1312 1845 1394 1877 sofort
1406 1843 1476 1873 durch
1487 1841 1587 1871 meinen
1597 1838 1688 1871 Kiahia
1700 1839 1763 1872 (In¬

931 1889 1216 1921 tendant-Lieutenant)
1232 1885 1305 1918 Besitz
1318 1892 1364 1912 von
1377 1884 1430 1912 dem
1438 1883 1519 1919 Platz,
1536 1882 1577 1910 der
1587 1882 1701 1915 Festung,
1716 1880 1765 1908 Ar¬

931 1929 1021 1959 tillerie
1037 1930 1085 1959 und
1096 1927 1284 1961 Kriegsvorrath
1300 1928 1327 1954 u.
1341 1924 1360 1958 s.
1373 1930 1404 1954 w.
1419 1923 1497 1956 Besitz
1511 1923 1610 1954 nehmen
1617 1937 1625 1949 ,
1642 1919 1692 1946 und
1700 1915 1765 1950 hielt

930 1971 994 1999 dann
1004 1972 1089 2004 heute,
1107 1969 1150 1997 den
1167 1976 1204 2000 19.
1219 1968 1266 1995 des
1276 1967 1388 1996 Monats
1395 1964 1496 1998 Radjeb
1512 1964 1566 1996 (21.
1579 1960 1674 1993 Sept.)
1687 1958 1766 1992 selber

931 2011 1025 2040 meinen
1041 2008 1130 2041 Einzug
1146 2008 1172 2036 in
1185 2007 1249 2040 diese
1262 2007 1361 2037 Stadt,
1380 2005 1462 2038 welche
1473 2003 1597 2035 dergestalt
1609 2007 1657 2029 von
1672 2000 1719 2027 den
1725 1997 1765 2032 sie

931 2049 1085 2084 befleckenden
1102 2047 1271 2081 Ungläubigen
1288 2047 1418 2080 gesäubert
1433 2043 1547 2073 worden,
1564 2042 1616 2070 und
1626 2040 1669 2074 sich
1679 2045 1767 2072 gegen¬

930 2090 1016 2121 wärtig
1037 2087 1125 2116 wieder
1147 2088 1172 2115 in
1193 2086 1428 2122 Muselmännischer
1446 2084 1518 2118 Hand
1539 2083 1654 2118 befindet.
1701 2079 1766 2114 Ehre

929 2131 968 2165 sey
982 2131 1048 2159 Gott
1067 2127 1094 2158 in
1113 2128 1160 2157 den
1179 2127 1305 2163 Höhen!"
