2680 3484
213 67 540 111 Vorausbezahlung.

2129 63 2483 106 Einrückungsgebühr.

1191 105 1451 158 Nro. 70.
154 133 271 166 Jährlich
274 134 513 162 ...........64
528 132 582 165 Btz.

155 170 512 201 Vierteljährlich......16
527 169 582 202 Btz.

2038 128 2091 157 Die
2105 129 2277 163 Petit-Zeile
2277 129 2297 163 5
2304 127 2540 166 Zürcher-Kreuzer.

2083 166 2172 196 Briefe
2191 167 2242 193 und
2263 166 2357 198 Gelder
2376 166 2498 196 franko.

345 248 864 422 Neue
977 241 2339 468 Zürcher-Zeitung.

214 562 400 612 Montag

835 611 940 648 (Druck
961 611 1016 639 und
1038 607 1132 646 Verlag
1152 609 1209 638 von
1229 609 1355 646 Orell,
1375 607 1507 637 Füssli
1539 609 1592 636 und
1612 605 1872 645 Kompagnie.)

2006 555 2085 595 den
2116 553 2180 599 11.
2207 558 2320 599 Juni
2350 557 2488 601 1838.

162 731 247 764 Diese
268 732 387 770 Zeitung
416 729 548 768 erscheint
575 728 746 767 wöchentliec
768 728 844 766 drei
871 729 961 763 Mal:
997 728 1168 766 Montag,
1199 725 1397 765 Mittwoch
1427 731 1481 757 und
1509 725 1669 765 Freitag.
1726 724 1790 756 Älle
1817 724 1954 764 Anzeigen
1980 727 2082 755 werden
2114 725 2203 763 daher
2223 726 2322 764 schnell
2343 726 2380 756 im
2400 727 2545 765 Publikum

276 788 430 820 verbreitet;
462 790 506 819 für
528 785 693 824 diejenigen,
715 786 809 823 welche
830 785 862 816 in
884 785 944 820 zwei
966 785 1279 822 aufeinanderfolgenden
1301 787 1444 817 Nummern
1465 782 1631 820 erscheinen,
1653 780 1718 813 wird
1739 784 1789 819 das
1811 780 1897 819 zweite
1918 782 1985 811 Mal
2006 790 2057 810 nur
2080 780 2099 811 3
2121 782 2159 811 kr.
2180 791 2226 819 per
2247 781 2318 812 Zeile
2340 784 2448 822 bezahlt.

201 896 334 932 Zürich.
377 894 733 933 Kunstausstellung.
774 893 832 926 Die
866 893 957 924 beiden
990 893 1217 934 vorhergehenden
1253 895 1339 930 Jahre

157 942 196 979 ha
210 942 292 973 tkeine
308 941 611 978 Gemäldeausstellung
623 940 716 973 Statt
736 939 881 976 gefunden.
925 939 1011 973 Desto
1025 939 1227 971 willkommener
1247 940 1278 971 ist
1299 939 1339 969 die

156 989 377 1026 gegenwärtige.
421 988 467 1020 Es
489 988 573 1022 haben
603 987 641 1017 48
662 984 791 1020 Künstler
818 985 958 1020 (darunter
978 989 1017 1017 43
1037 990 1088 1017 aus
1111 987 1213 1020 unserer
1235 986 1339 1021 Stadt)

155 1035 220 1065 440
242 1035 374 1068 Gemälde
407 1033 579 1069 dargeboten.
620 1032 679 1063 Die
708 1040 772 1062 neue
803 1033 879 1062 Aula
910 1032 948 1061 im
977 1031 1277 1069 Universitätsgebäude
1307 1032 1339 1066 ist

156 1080 260 1115 dafür,
290 1081 316 1108 in
347 1079 428 1110 vieler
457 1078 637 1116 Beziehung,
671 1076 795 1115 glücklich
825 1077 963 1116 gewählt
993 1078 1047 1108 und
1078 1078 1138 1113 der,
1174 1078 1340 1116 keineswegs

159 1125 307 1163 übergroße
330 1125 424 1157 Raum
453 1125 507 1160 sehr
530 1123 703 1161 zweckmäßig
724 1124 837 1159 benutzt.
882 1123 967 1159 Jedes
990 1123 1034 1153 der
1058 1123 1121 1159 fünf
1141 1124 1250 1160 Fenster
1281 1124 1340 1162 gibt

158 1173 226 1206 nach
246 1172 333 1207 seinen
355 1170 449 1202 beiden
474 1171 574 1203 Seiten
607 1170 653 1206 hin
683 1169 732 1199 den
754 1169 953 1206 koulissenartig
973 1169 1155 1207 ausgestellten
1177 1171 1341 1208 Staffeleien

159 1218 369 1254 vortheilhaftes
390 1218 476 1250 Licht.
518 1216 678 1252 Innerhalb
699 1216 742 1246 der
764 1216 899 1252 einzelnen
921 1215 1143 1253 Gruppirungen
1173 1214 1272 1249 möchte
1293 1217 1341 1253 sich

155 1264 209 1300 hin
238 1264 294 1295 und
321 1262 418 1294 wieder
446 1264 491 1294 ein
520 1262 655 1294 Gemälde
686 1262 888 1298 vortheilhafter
915 1262 1031 1297 plaziren
1064 1262 1161 1298 lassen,
1195 1262 1248 1293 und
1277 1265 1341 1297 noch

157 1310 225 1344 eine
225 1310 317 1344 halbe
339 1310 473 1345 Staffelei
502 1317 538 1338 an
562 1309 613 1338 der
634 1308 853 1341 Kathederwand
883 1308 1062 1346 angebracht,
1096 1306 1186 1340 würde
1208 1310 1342 1345 manchem

161 1354 265 1389 Stücke
287 1356 361 1386 einen
385 1355 494 1391 freieren
515 1355 612 1385 Raum
633 1354 790 1393 gewähren.

202 1405 285 1433 Unter
313 1403 361 1434 den
378 1400 643 1437 Landschaften
674 1400 789 1438 gebührt
819 1400 862 1430 der
893 1400 955 1435 erste
973 1401 1059 1435 Preis
1089 1400 1146 1431 dem
1170 1401 1343 1440 Oelgemälde

161 1447 251 1486 (Nro.
276 1448 329 1486 96)
350 1448 398 1477 des
421 1448 495 1485 Hrn.
518 1447 637 1483 Jakob
660 1447 773 1482 Ulrich
804 1452 858 1477 von
880 1445 994 1484 Zürich,
1026 1447 1247 1484 „windstille
1269 1450 1343 1480 See

159 1501 202 1524 an
226 1492 282 1523 der
303 1493 572 1529 holländischen
595 1490 733 1524 Küste."
774 1493 839 1525 Den
862 1494 970 1524 Kenner
991 1495 1132 1529 verweisen
1155 1495 1205 1524 wir
1226 1495 1274 1530 auf
1293 1494 1342 1524 den

161 1539 331 1576 wahrhaften
355 1538 538 1575 Kunstgehalt
569 1537 650 1572 dieses
671 1538 795 1569 Werkes.
837 1539 912 1570 Dem
943 1539 1113 1577 unkundigen
1143 1539 1222 1571 Laien
1252 1542 1343 1577 rathen

159 1586 235 1620 wir,
266 1586 313 1620 sich
338 1586 366 1615 in
390 1584 429 1614 die
453 1584 570 1620 einfache
593 1582 749 1620 Schönheit
778 1584 858 1619 dieses
881 1584 1032 1615 Gemäldes
1061 1593 1094 1622 zu
1121 1587 1259 1620 vertiefen.
1301 1586 1344 1616 Er

160 1630 233 1662 wird
255 1632 283 1663 in
306 1632 430 1668 wenigen
454 1627 656 1668 Augenblicken
685 1631 735 1660 das
757 1632 844 1665 wahre
867 1630 964 1664 Wesen
993 1630 1038 1660 der
1059 1631 1178 1661 Malerei
1207 1632 1341 1666 erkennen,

159 1677 220 1708 und
241 1677 338 1708 andere
360 1676 493 1710 Gemälde
514 1677 565 1706 mit
585 1675 735 1711 Kunstsinn
757 1671 920 1711 beurtheilen
944 1674 1059 1726 können.

200 1725 263 1755 Der
284 1723 378 1753 Maler
402 1723 497 1753 breitet
516 1729 567 1752 vor
586 1725 642 1752 uns
662 1721 703 1752 die
725 1721 843 1755 Nordsee
865 1719 931 1751 aus.
972 1707 1038 1752 Den
1049 1714 1202 1756 äußersten
1224 1721 1344 1751 Wellen¬

160 1770 287 1807 horizont
309 1769 383 1805 sehen
408 1769 477 1804 wir,
504 1770 581 1804 etwa
581 1770 679 1804 gegen
695 1765 863 1802 Südwesten
886 1767 952 1802 hin,
974 1766 1109 1804 glänzend
1122 1767 1343 1801 verschwimmen.

157 1814 309 1850 Linksher,
341 1815 369 1844 in
391 1814 492 1852 einiger
514 1813 713 1849 Entfernung,
743 1815 807 1849 ragt
835 1813 878 1842 ein
910 1812 1007 1843 kleiner
1027 1812 1108 1847 Theil
1137 1812 1181 1842 der
1211 1812 1345 1850 niedrigen

158 1859 360 1896 holländischen
379 1858 485 1891 Küsten
506 1860 550 1888 als
569 1858 762 1889 Molendamm
791 1857 819 1887 in
841 1857 890 1887 den
912 1857 1118 1895 Wellenspiegel
1146 1858 1247 1894 hinein.
1290 1858 1346 1889 Die

156 1906 266 1938 Sonne
287 1904 373 1940 steht,
394 1907 465 1934 etwa
488 1905 515 1935 in
537 1904 581 1934 der
597 1904 684 1935 Mitte
706 1904 754 1934 des
769 1903 948 1939 Lufttheiles,
970 1902 1033 1939 noch
1056 1912 1101 1934 um
1121 1905 1234 1939 mehrere
1246 1904 1346 1935 Stun¬

157 1951 221 1983 den
233 1952 307 1987 ihres
322 1951 421 1986 Laufes
441 1948 506 1981 über
527 1950 584 1979 dem
602 1951 769 1986 Horizonte,
792 1950 854 1979 aber
876 1947 992 1985 verhüllt
1007 1956 1059 1981 von
1076 1950 1190 1984 leichtem
1207 1947 1345 1981 Gewölke.

160 1998 208 2031 Es
239 1998 323 2034 haben
355 1998 404 2034 sich
433 2004 485 2027 von
508 1995 552 2026 der
574 1997 668 2026 weiten
692 1996 880 2033 Wasserfläche
912 1994 1020 2030 Dünste
1051 1996 1276 2033 emporgehoben,
1306 2005 1345 2027 an

159 2045 297 2083 einzelnen
322 2044 436 2075 Stellen
467 2050 499 2080 zu
521 2040 639 2075 Gewölk
670 2042 832 2079 verdichtet,
865 2042 991 2080 zwischen
1023 2042 1081 2073 dem
1110 2043 1157 2080 sich
1180 2044 1220 2078 hie
1241 2042 1295 2072 und
1311 2037 1348 2072 da

162 2091 207 2121 der
229 2092 307 2121 blaue
329 2089 450 2127 Himmel
472 2089 555 2127 zeigt.
596 2089 679 2120 Ueber
701 2088 759 2119 dem
782 2087 996 2126 Vordergrunde
1021 2088 1112 2124 stehen
1134 2089 1174 2119 die
1191 2088 1347 2123 dunkelsten

163 2138 296 2173 Wolken,
320 2136 376 2168 und
399 2137 523 2172 ertheilen
548 2135 604 2166 dem
623 2135 732 2171 Wasser
754 2137 834 2165 unter
855 2135 904 2171 sich
927 2143 962 2165 an
983 2134 1060 2169 dieser
1082 2136 1175 2167 Stelle
1195 2134 1237 2165 die
1260 2136 1347 2170 Spie¬

163 2185 288 2221 gelkraft.
331 2183 399 2214 Das
421 2180 538 2213 Gewölk
571 2190 619 2212 vor
650 2183 693 2212 der
723 2182 829 2214 Sonne
857 2181 928 2211 wird
960 2188 1012 2211 von
1042 2182 1085 2218 ihr
1115 2181 1166 2211 mit
1193 2182 1348 2220 gelblichem

163 2229 282 2265 Strahle
311 2228 526 2264 durchleuchtet,
563 2227 624 2264 doch
656 2228 688 2263 ist
717 2235 771 2259 nur
800 2229 842 2262 ihr
863 2226 1066 2263 Standpunkt,
1098 2227 1168 2263 nicht
1189 2225 1245 2263 ihre
1266 2227 1348 2262 Form

164 2273 321 2307 erkennbar.
366 2276 438 2306 Aber
460 2274 559 2307 breite,
583 2275 653 2309 sanft
677 2275 712 2305 im
733 2274 842 2308 Dunste
862 2272 1122 2309 verschwimmende,
1140 2274 1348 2312 Strahlenkegel

168 2319 269 2358 senken
269 2319 331 2358 sich
354 2322 403 2357 auf
422 2321 463 2351 die
486 2321 564 2351 kaum
574 2317 704 2357 bewegte
726 2320 922 2356 Wasserebene.

204 2366 273 2398 Das
295 2367 513 2406 eigenthümliche
534 2365 632 2400 Grün
632 2365 688 2400 der
709 2363 830 2399 Nordsee
850 2366 943 2399 mischt
964 2365 1012 2401 sich
1034 2364 1128 2400 durch
1128 2364 1199 2400 diese
1213 2366 1344 2398 Beleuch¬

164 2413 248 2448 tung,
256 2412 311 2442 mit
328 2412 387 2444 dem
412 2414 513 2449 sanften
530 2412 744 2450 Strahlengelb.
781 2411 845 2444 Die
866 2419 953 2450 ganze
971 2412 1155 2448 Wassermasse
1177 2412 1232 2443 und
1253 2412 1350 2448 Fläche

162 2458 282 2488 verklärt
302 2458 352 2493 sich
369 2467 435 2494 zum
453 2462 544 2491 reinen
567 2459 675 2496 Träger
696 2459 752 2489 und
773 2456 881 2494 Körper
909 2459 958 2488 des
978 2458 1086 2494 Lichts,
1116 2465 1171 2489 von
1193 2459 1268 2495 ihm,
1300 2458 1349 2489 wie

164 2503 210 2535 die
230 2504 305 2536 Rede
324 2511 389 2535 vom
402 2505 517 2544 Geiste,
542 2505 760 2544 durchdrungen.
804 2505 862 2537 Ein
885 2504 1000 2543 großer,
1024 2504 1205 2541 flimmernder
1214 2505 1349 2543 Spiegel¬

163 2550 270 2587 strahl,
293 2551 332 2581 die
354 2550 519 2588 Zentralidee
552 2553 630 2586 dieser
651 2550 911 2590 Farbendichtung,
943 2552 998 2589 legt
1028 2548 1076 2587 sich
1107 2548 1172 2582 über
1193 2551 1260 2583 die
1260 2551 1351 2583 Mitte

164 2596 211 2627 der
232 2598 444 2634 Meereebene,
471 2604 523 2629 von
554 2601 612 2630 dem
626 2598 771 2634 äußersten
794 2597 944 2637 Horizonte
975 2597 1020 2628 bis
1042 2605 1104 2636 zum
1125 2597 1350 2636 Vordergrunde.

164 2640 266 2677 Dieser
278 2640 387 2681 Strahl
409 2642 479 2678 senkt
500 2644 547 2679 sich
572 2647 599 2677 in
623 2645 673 2677 das
693 2644 889 2683 empfängliche
904 2643 1009 2680 Wasser
1030 2644 1137 2681 hinein,
1160 2644 1352 2681 durchleuchtet

166 2687 200 2716 es
225 2688 273 2720 bis
301 2691 332 2722 in
361 2690 449 2726 einige
470 2689 549 2726 Tiefe
579 2692 646 2729 hin,
679 2691 735 2723 und
764 2690 859 2729 glänzt
888 2689 963 2721 dann
994 2690 1090 2721 wieder
1117 2691 1218 2722 daraus
1246 2692 1351 2727 hervor.

166 2731 229 2764 Der
249 2734 409 2774 Horizont,
432 2735 473 2767 die
494 2736 631 2774 eigentlich
652 2738 710 2775 sog.
734 2739 798 2774 hohe
821 2737 902 2773 See,
935 2736 995 2767 weil
1017 2737 1050 2773 sie
1070 2736 1098 2767 in
1120 2736 1164 2768 der
1186 2738 1282 2769 Natur
1302 2737 1352 2773 sich

162 2777 228 2809 dort
248 2779 354 2816 hinauf
366 2790 400 2820 zu
433 2779 538 2814 wölben
568 2782 684 2819 scheint,
716 2783 748 2816 ist
778 2788 831 2814 von
859 2783 944 2812 einem
974 2783 1073 2820 langen
1096 2782 1280 2819 Glanzsaume
1310 2784 1352 2814 be¬

163 2824 291 2860 leuchtet.
327 2827 472 2865 Darüber
472 2827 572 2865 haben
592 2828 632 2859 die
653 2827 853 2865 Wasserdünste
881 2829 959 2859 einen
977 2829 1084 2866 sanften
1105 2829 1354 2867 Purpurschimmer

168 2873 1018 2912 angenommen, der den Wellenabhang leise schattirt.
205 2919 277 2951 Von
298 2917 366 2948 dem
379 2919 437 2956 tief
437 2919 720 2956 herausleuchtenden
737 2921 932 2959 Hauptstrahle
953 2921 1016 2956 nach
1038 2920 1123 2957 seinen
1144 2921 1236 2953 beiden
1250 2922 1353 2955 Seiten

158 2966 234 3003 hin,
257 2963 359 3006 nimmt
359 2963 430 3006 die
430 2963 715 3006 Glanzbeleuchtung
734 2967 784 2999 des
808 2967 1029 3004 Wasserspiegels
1059 2967 1212 3007 allmählich
1212 2967 1275 3007 ab,
1307 2969 1354 3001 bis

165 3011 201 3047 sie
223 3012 260 3043 in
268 3012 319 3043 den
335 3012 513 3049 allgemeinen
520 3010 761 3052 gelblich-grünen
774 3015 932 3051 Schimmer
949 3013 1094 3051 übergeht.
1134 3016 1185 3047 So
1195 3011 1351 3053 beherrscht,

163 3056 251 3088 einem
268 3059 362 3093 echten
383 3056 558 3093 Kunstwerke
579 3060 694 3098 gemäß,
718 3060 777 3090 eine
789 3059 955 3097 Hauptidee,
981 3059 1035 3095 hier
1055 3059 1101 3090 der
1121 3060 1353 3098 meerdurchleuch¬

159 3102 243 3131 tende
259 3103 379 3141 Strahl,
400 3105 456 3136 alle
471 3102 601 3143 übrigen
601 3102 704 3143 Theile
721 3105 774 3137 mit
795 3102 937 3143 allmählig
957 3104 1150 3143 abnehmender
1170 3108 1276 3145 Kraft,
1297 3107 1355 3139 und

158 3147 315 3184 vereinigt
315 3147 367 3184 sie
386 3152 426 3189 so
426 3152 500 3189 zum
522 3153 652 3189 Ganzen.
692 3154 737 3190 Zu
770 3152 850 3187 dieser
867 3150 1016 3187 einfachen
1048 3152 1203 3188 Schönheit
1234 3156 1280 3192 hat
1303 3153 1355 3187 der

162 3191 297 3228 Künstler
318 3193 371 3224 das
390 3196 539 3232 Erhobene
557 3197 616 3229 und
638 3196 695 3228 das
704 3198 900 3238 Interessante
921 3204 954 3237 zu
976 3193 1059 3235 fügen
1079 3200 1202 3237 gewußt.

200 3240 306 3275 Einem
340 3239 443 3275 solchen
456 3241 595 3278 Künstler
626 3244 702 3276 wäre
702 3244 748 3276 es
768 3245 946 3283 gelungen
946 3245 1017 3283 auch
1046 3245 1145 3283 einem
1145 3245 1264 3283 Landsee
1289 3246 1355 3283 diese

162 3285 404 3324 Lichtverklärung
435 3288 468 3322 zu
490 3288 593 3325 geben;
622 3291 690 3323 aber
711 3298 737 3322 er
758 3293 807 3329 hat
826 3289 894 3329 mit
894 3289 1051 3329 richtigem
1051 3289 1166 3329 Gefühl
1194 3291 1245 3322 das
1265 3294 1348 3325 Welt¬

157 3341 230 3365 meer
245 3332 380 3373 gewählt.
425 3333 484 3366 Die
504 3333 689 3373 unabsehliche
704 3337 891 3376 Wassermasse
914 3336 978 3375 hebt
995 3340 1053 3369 uns
1073 3338 1154 3376 durch
1176 3338 1231 3377 ihre
1251 3338 1348 3377 schran¬

1379 893 1477 926 kenlose
1493 890 1587 926 Größe
1609 891 1672 922 über
1691 892 1742 921 alle
1756 890 1887 925 kleinliche
1902 890 2039 928 Gefühle,
2063 891 2230 929 Gedanken,
2252 892 2396 928 Wünsche.
2411 906 2448 915 —
2462 893 2542 927 Doch

1378 947 1441 969 man
1465 939 1527 973 muß
1548 939 1634 974 Jahre
1657 939 1722 974 lang
1743 938 1791 973 auf
1811 937 1873 968 oder
1893 945 1927 968 an
1950 937 1993 968 der
2014 937 2075 970 See
2095 939 2181 975 gelebt
2203 939 2305 974 haben,
2335 946 2380 968 um
2401 937 2465 972 diese
2486 947 2543 969 ma¬

1378 985 1461 1023 gische
1483 986 1595 1017 Gewalt
1616 984 1660 1014 der
1681 984 1906 1017 Meeresaussicht
1930 992 2000 1022 ganz
2021 991 2054 1021 zu
2075 984 2237 1020 empfinden.
2280 985 2342 1016 Mit
2363 984 2546 1015 bedeutendem

1378 1025 1502 1064 Talente
1511 1032 1560 1068 hat
1582 1033 1635 1068 Hr.
1657 1033 1692 1060 U.
1715 1031 1756 1060 dir
1776 1029 1948 1067 Perspektive
1979 1030 2165 1067 gehandhabt,
2197 1038 2243 1060 um
2264 1033 2317 1060 uns
2339 1031 2368 1061 in
2391 1030 2431 1061 die
2450 1030 2546 1061 weiten

1376 1077 1488 1112 Räume
1519 1077 1609 1112 hinein
1631 1085 1663 1114 zu
1685 1077 1815 1112 versetzen.
1850 1076 1932 1108 Man
1961 1077 2063 1113 glaubt
2077 1077 2117 1107 die
2138 1077 2253 1112 Seeluft
2282 1085 2315 1114 zu
2336 1079 2460 1113 athmen,
2490 1076 2548 1107 und

1376 1122 1442 1154 über
1466 1123 1513 1154 den
1535 1124 1772 1161 glanzgesäumten
1793 1122 1929 1161 Horizont
1959 1124 2057 1158 hinaus
2085 1124 2150 1153 eilen
2171 1123 2211 1153 die
2233 1123 2381 1154 Gedanken
2411 1123 2474 1158 nach
2496 1122 2546 1153 den

1380 1170 1472 1204 fernen
1492 1166 1593 1204 Küsten
1626 1169 1680 1199 und
1708 1170 1806 1205 Inseln
1837 1169 1976 1204 tropischer
1996 1169 2099 1207 Zonen.
2141 1170 2197 1200 Die
2227 1170 2370 1207 gewaltige
2391 1169 2475 1203 Kraft
2502 1169 2548 1199 der

1380 1216 1565 1251 Wassermasse
1585 1218 1647 1250 ruht
1667 1216 1729 1246 aber
1749 1216 1777 1246 in
1798 1216 1867 1253 ihrer
1887 1216 1993 1254 eigenen
2013 1215 2162 1253 mächtigen
2184 1216 2278 1252 Tiefe,
2304 1224 2353 1246 um
2368 1215 2419 1246 der
2438 1214 2548 1253 Träger

1381 1263 1429 1292 des
1450 1263 1539 1297 Lichts
1560 1270 1593 1299 zu
1616 1263 1681 1296 sein.

1422 1309 1470 1341 Es
1486 1309 1519 1343 ist
1539 1308 1695 1343 Windstille
1717 1308 1889 1345 eingetreten.
1932 1308 1989 1340 Ein
2011 1308 2130 1346 mäßiger
2151 1306 2297 1340 Südwind
2324 1310 2369 1344 hat
2390 1309 2483 1345 vorher
2504 1315 2549 1346 ge¬

1380 1351 1471 1391 weht,
1491 1355 1560 1386 denn
1582 1358 1637 1386 von
1657 1352 1760 1388 Süden
1781 1356 1826 1390 her
1848 1357 1931 1389 nahen
1949 1355 2002 1390 sich
2024 1354 2104 1391 große
2111 1355 2234 1391 Schiffe.
2278 1355 2362 1391 Ganz
2384 1355 2420 1385 im
2434 1355 2546 1394 Hinter¬

1382 1402 1486 1440 grunde
1507 1410 1589 1439 gegen
1605 1401 1644 1432 die
1660 1401 1749 1432 Mitte
1769 1402 1858 1439 zeigen
1881 1401 1928 1436 sich
1943 1401 2027 1438 einige
2042 1401 2123 1436 weiße
2140 1402 2348 1438 Segelformen,
2371 1400 2410 1431 die
2422 1402 2547 1438 Schiffs¬

1383 1446 1473 1484 körper
1494 1448 1549 1483 sind
1570 1451 1633 1478 noch
1654 1448 1727 1482 nicht
1746 1451 1797 1478 aus
1819 1447 1878 1477 dem
1893 1448 2047 1485 Horizonte
2070 1449 2297 1485 hervorgetaucht.
2340 1447 2443 1480 Etwas
2464 1448 2547 1482 näher

1379 1494 1473 1530 links,
1499 1495 1560 1525 aber
1588 1494 1653 1526 noch
1670 1493 1708 1525 im
1732 1493 1956 1531 Hintergrunde,
1982 1494 2126 1528 schwimmt
2155 1494 2195 1523 ein
2225 1493 2370 1531 mächtiger
2387 1493 2547 1526 Ostindien¬

1383 1541 1472 1575 fahrer
1491 1543 1582 1575 heran.
1625 1541 1686 1571 Der
1706 1540 1794 1570 Wind
1814 1548 1871 1570 war
1892 1540 1945 1574 ihm
1966 1540 2010 1569 bis
2031 1539 2111 1574 dahin
2132 1537 2259 1577 günstig,
2289 1540 2358 1570 denn
2379 1541 2430 1570 alle
2449 1540 2546 1571 Raaen

1384 1587 1441 1621 sind
1470 1587 1654 1623 vollgebraßt,
1692 1594 1720 1615 er
1750 1593 1806 1615 war
1834 1585 1943 1621 mäßig,
1977 1585 2046 1615 denn
2073 1585 2148 1619 selbst
2176 1585 2216 1615 die
2246 1586 2463 1623 Oberbramsegel
2494 1586 2551 1622 sind

1383 1632 1540 1669 aufgehisst.
1581 1631 1688 1664 Rechts
1711 1632 1748 1660 im
1769 1630 1973 1667 Hintergrunde
2000 1630 2056 1665 sind
2085 1631 2214 1666 ebenfalls
2243 1632 2329 1668 einige
2356 1625 2451 1669 Segel
2478 1630 2546 1663 über

1381 1676 1441 1706 dem
1463 1677 1627 1713 Horizonte,
1650 1676 1694 1706 bis
1715 1675 1794 1711 dahin
1816 1673 1924 1713 günstig
1946 1674 2060 1713 gefüllt,
2092 1676 2161 1706 denn
2181 1677 2256 1710 selbst
2276 1677 2390 1714 Leesegel
2417 1678 2473 1713 sind
2488 1678 2547 1709 bei¬

1383 1721 1484 1758 gesetzt.
1526 1720 1610 1758 Ganz
1638 1729 1670 1758 zu
1699 1721 1802 1755 äußerst
1830 1721 1918 1757 kreuzt
1945 1722 1986 1752 ein
2007 1722 2104 1758 großes
2125 1723 2310 1760 Dampfschiff
2337 1723 2385 1755 den
2408 1724 2478 1759 Lauf
2505 1725 2550 1755 der

1385 1766 1510 1805 übrigen.
1552 1767 1597 1798 Es
1625 1767 1717 1801 steuert
1743 1765 1836 1804 gerade
1864 1768 1926 1800 nach
1948 1767 2055 1801 Westen
2089 1769 2146 1803 hin.
2189 1768 2234 1800 Es
2264 1770 2358 1804 spottet
2384 1770 2429 1801 der
2451 1770 2552 1802 Wind¬

1385 1813 1471 1849 stille,
1495 1814 1559 1847 seine
1581 1813 1662 1849 Fock-
1694 1813 1749 1843 und
1770 1814 1930 1850 Besansegel
1958 1813 2015 1849 sind
2035 1815 2173 1851 regelrecht
2191 1815 2241 1850 auf
2260 1815 2301 1846 dir
2321 1816 2418 1848 Raaen
2450 1818 2552 1854 gebun¬

1386 1860 1451 1895 den,
1476 1859 1542 1894 seine
1561 1857 1655 1891 Räder
1675 1859 1775 1896 greifen
1798 1859 1913 1901 mächtig
1934 1860 1963 1890 in
1985 1860 2025 1890 die
2044 1859 2121 1895 Tiefe
2128 1882 2138 1897 ,
2167 1868 2235 1891 man
2257 1861 2320 1897 sieht
2339 1869 2393 1893 von
2416 1863 2500 1899 ferne
2500 1863 2552 1899 her

1386 1905 1436 1936 den
1469 1905 1568 1940 weißen
1600 1905 1727 1939 Schaum
1758 1913 1800 1935 am
1832 1905 2093 1937 Steuerbordsrade.
2142 1907 2197 1938 Die
2227 1908 2342 1938 mittlere
2363 1908 2479 1946 Gegend
2508 1908 2553 1939 der

1384 1952 1567 1987 Wasserebene
1605 1951 1637 1985 ist
1665 1952 1715 1982 mit
1746 1951 1799 1981 drei
1830 1951 1911 1988 näher
1939 1953 2079 1990 gelangten
2112 1953 2236 1989 Schiffen
2275 1954 2368 1985 belebt.
2433 1951 2478 1992 In
2510 1955 2555 1986 der

1386 1999 1476 2029 Mitte
1495 1998 1537 2028 ein
1553 1998 1717 2032 Dreimaster
1738 1998 1787 2027 mit
1807 1998 2006 2036 vollgebraßten
2022 2000 2144 2036 Segeln,
2168 1999 2217 2030 den
2233 2000 2302 2038 Bug
2325 2003 2379 2031 uns
2401 2001 2552 2039 zugekehrt,

1387 2046 1513 2081 Bram-,
1536 2044 1693 2075 Vormars-
1715 2044 1770 2075 und
1792 2043 1924 2081 Focksegel
1945 2045 2049 2082 hängen
2070 2047 2136 2080 ohne
2157 2047 2207 2076 alle
2227 2045 2389 2084 Wölbung,
2407 2047 2467 2077 und
2488 2056 2556 2079 erre¬

1387 2099 1438 2128 gen
1460 2092 1485 2125 so
1505 2098 1575 2128 ganz
1597 2091 1644 2121 den
1665 2089 1801 2122 Eindruck
1821 2090 1865 2121 der
1886 2090 2057 2126 Windstille,
2090 2092 2136 2121 den
2156 2101 2221 2122 man
2241 2093 2290 2127 auf
2311 2093 2367 2123 dem
2389 2092 2473 2127 Decke
2493 2096 2552 2133 hat,

1388 2145 1465 2168 wenn
1489 2137 1527 2168 bei
1550 2137 1597 2166 den
1619 2137 1716 2175 langen
1737 2137 1903 2175 Wallungen
1926 2137 1972 2166 des
1995 2139 2102 2169 Meeres
2123 2137 2172 2168 das
2194 2138 2292 2176 Schiff
2319 2138 2390 2174 sanft
2410 2140 2550 2176 schwankt,

1389 2183 1442 2213 und
1464 2183 1503 2213 die
1525 2184 1614 2221 Segel
1636 2184 1693 2216 leise
1712 2191 1747 2213 an
1763 2182 1840 2216 Mast
1862 2183 1917 2213 und
1937 2183 2016 2215 Taue
2036 2185 2165 2222 schlagen.
2210 2186 2273 2216 Mit
2292 2185 2335 2215 der
2353 2187 2555 2219 Steuerbords¬

1388 2229 1446 2263 seite
1477 2229 1561 2263 streift
1592 2229 1641 2259 das
1662 2225 1762 2265 Schiff
1789 2230 1837 2258 den
1866 2228 2032 2266 glänzenden
2060 2231 2257 2268 Hauptstrahl,
2291 2231 2348 2263 und
2379 2233 2423 2262 der
2454 2233 2559 2272 farbige

1389 2276 1479 2313 Gang
1507 2277 1587 2306 unter
1617 2275 1665 2305 den
1689 2273 1791 2309 Rüften
1823 2275 1952 2305 bekommt
1981 2282 2035 2306 von
2057 2280 2140 2306 unten
2170 2279 2213 2310 her
2243 2278 2320 2308 einen
2351 2278 2556 2314 schimmernden

1386 2321 1590 2357 Wiederstrahl.
1643 2321 1747 2355 Rechts
1779 2327 1833 2351 von
1867 2319 1925 2351 dem
1958 2322 2077 2358 großen
2077 2322 2196 2358 Schiffe
2231 2322 2264 2357 ist
2294 2325 2349 2353 eine
2380 2323 2557 2361 holländische

1390 2367 1528 2403 Schmaak
1556 2367 1614 2397 dem
1636 2365 1722 2399 Lande
1751 2367 1911 2405 zugekehrt;
1934 2368 2004 2397 links
2025 2374 2076 2398 von
2098 2367 2154 2397 dem
2175 2369 2306 2399 mittleren
2329 2367 2456 2407 Schiffe,
2486 2368 2554 2406 nahe

1389 2422 1433 2444 am
1454 2414 1558 2450 Lande,
1592 2414 1620 2448 so
1635 2413 1703 2450 daß
1703 2413 1827 2450 einzelne
1846 2412 1992 2447 Menschen
2023 2414 2071 2448 auf
2098 2414 2155 2444 dem
2177 2414 2379 2446 Molendamme
2406 2415 2461 2452 ihm
2482 2417 2558 2453 schon

1390 2464 1518 2499 entgegen
1539 2462 1657 2495 warten,
1691 2460 1731 2490 ein
1754 2459 1864 2490 anderes
1887 2459 1989 2489 kleines
2009 2459 2123 2497 Schiff,
2153 2461 2202 2491 mit
2230 2462 2299 2492 allen
2320 2461 2559 2499 Nationalformen

1393 2506 1437 2536 der
1458 2506 1650 2543 holländischen
1670 2503 1875 2542 Küstenfahrer.

1430 2553 1497 2584 Den
1511 2553 1709 2590 Vordergrund
1731 2552 1815 2583 belebt
1836 2552 1878 2582 ein
1900 2551 1997 2582 kleines
2012 2551 2201 2588 holländisches
2218 2549 2450 2595 Schmaakschiff,
2462 2553 2555 2591 dessen

1391 2600 1539 2637 Stagsegel
1567 2606 1626 2635 zum
1647 2598 1728 2634 Theil
1755 2598 1807 2629 das
1829 2599 1944 2629 mittlere
1963 2599 2043 2636 große
2061 2599 2159 2636 Schiff
2187 2599 2319 2635 verdeckt,
2349 2601 2438 2636 seinen
2464 2599 2561 2634 Kours

1384 2644 1600 2682 durchkreuzend
1620 2644 1677 2675 dem
1700 2644 1786 2676 Lande
1808 2652 1851 2681 zu.
1893 2644 1937 2676 Es
1958 2644 2026 2675 wird
2045 2652 2098 2676 von
2119 2646 2211 2679 seinem
2233 2648 2322 2678 Boote
2341 2642 2459 2684 bugsirt.
2499 2648 2558 2680 Die

1391 2689 1455 2729 fünf
1474 2691 1574 2722 Mann
1574 2691 1665 2722 darin
1688 2690 1746 2732 sind
1767 2691 1793 2721 in
1815 2692 1869 2727 echt
1890 2691 2101 2727 seemännischem
2124 2692 2271 2728 Charakter
2298 2693 2431 2731 gehalten.
2474 2692 2559 2730 Ganz

1391 2746 1452 2769 vom
1473 2736 1685 2775 Vordergrunde
1706 2739 1751 2774 her
1771 2736 1867 2768 rudern
1889 2738 1954 2775 zwei
1973 2737 2069 2769 Mann
2100 2738 2129 2768 in
2150 2738 2233 2769 einem
2253 2738 2353 2770 andern
2376 2740 2467 2771 Boote
2494 2746 2558 2776 zum

1393 2784 1491 2822 Schiff
1508 2785 1600 2820 heran.
1640 2784 1686 2820 In
1707 2783 1751 2813 der
1771 2782 1963 2821 Behandlung
1977 2783 2056 2819 dieser
2077 2783 2354 2823 Vordergrundtheile
2375 2787 2422 2822 hat
2442 2786 2496 2828 Hr.
2519 2788 2555 2816 U.

1393 2830 1510 2866 dasselbe
1528 2830 1631 2863 Talent
1649 2831 1696 2860 der
1716 2828 1974 2867 Raumdarstellung
1996 2828 2161 2865 entwickelt,
2183 2830 2234 2860 das
2255 2831 2306 2861 wir
2325 2831 2355 2862 in
2371 2831 2461 2866 seinen
2483 2828 2558 2863 übri¬

1391 2885 1443 2915 gen
1465 2877 1577 2909 Werken
1608 2876 1683 2914 (und
1711 2876 1761 2907 mit
1781 2876 1948 2914 allgemeiner
1968 2875 2238 2914 Uebereinstimmung
2270 2877 2313 2907 bei
2330 2877 2417 2912 seiner
2434 2877 2557 2908 Winter¬

1393 2923 1539 2959 landschaft
1569 2924 1619 2954 mit
1648 2922 1706 2953 dem
1728 2922 1845 2959 Fuchse)
1871 2921 2052 2954 bewundern.
2093 2922 2161 2954 Das
2188 2920 2341 2958 körperliche
2367 2923 2561 2960 Heraustreten

1392 2969 1442 3000 des
1463 2969 1604 3006 Schifftes,
1626 2968 1670 3000 der
1691 2968 1782 2999 beiden
1797 2965 1874 3001 Böte
1874 2965 1947 3001 und
1968 2968 2012 2998 der
2031 2968 2165 3006 einzelnen
2186 2968 2307 3008 Figuren
2326 2964 2361 3004 ist
2381 2966 2559 3008 unübertreff¬

1392 3013 1471 3053 ilch,
1471 3013 1559 3053 dabei
1571 3013 1620 3046 die
1640 3014 1887 3050 selbstvertrauende
1908 3014 2127 3053 Sorglosigkeit,
2150 3015 2242 3050 welche
2263 3015 2310 3051 sich
2332 3016 2360 3047 in
2382 3014 2431 3047 den
2445 3010 2558 3048 Matro¬

1393 3056 1583 3101 sengesichtern
1600 3061 1656 3092 und
1676 3062 1848 3100 Stellungen
1877 3050 2059 3102 ausdrückt,
2065 3060 2109 3092 die
2135 3060 2260 3097 erhabene
2281 3061 2364 3099 Ruhe
2392 3061 2447 3098 des
2458 3062 2558 3100 großen

1394 3109 1553 3142 Elementes
1573 3107 1737 3146 genießend,
1763 3107 1815 3139 mit
1833 3107 1918 3144 dessen
1940 3108 2134 3145 Riesenwogen
2163 3107 2197 3144 sie
2217 3107 2242 3143 so
2262 3107 2302 3143 oft
2318 3100 2457 3153 gekämpft
2463 3107 2496 3146 ,
2503 3107 2561 3141 und

1393 3156 1522 3199 vielleicht
1541 3155 1570 3185 in
1586 3153 1640 3185 den
1662 3154 1783 3188 nächsten
1804 3154 1942 3187 Stunden
1962 3152 2058 3185 wieder
2078 3161 2112 3191 zu
2134 3153 2257 3192 kämpfen
2279 3150 2392 3190 haben.

1432 3201 1492 3234 Ein
1514 3200 1641 3235 Seestück
1669 3202 1718 3237 hat
1743 3200 1903 3237 hinsichtlich
1931 3199 1975 3231 der
1995 3197 2129 3239 Staffage
2158 3201 2212 3231 wol
2240 3201 2333 3231 immer
2360 3198 2409 3231 den
2431 3199 2560 3236 Vortheil

1393 3251 1512 3282 voraus,
1533 3246 1586 3281 daß
1607 3246 1641 3282 sie
1661 3247 1711 3283 sich
1732 3242 1789 3277 dem
1810 3246 1954 3284 Charakter
1984 3245 2031 3277 des
2051 3246 2168 3284 Ganzen
2199 3247 2262 3278 weit
2282 3247 2389 3284 inniger
2408 3246 2561 3283 anschließt.

1387 3292 1458 3330 Auf
1475 3293 1527 3325 das
1547 3287 1639 3331 Meer,
1658 3293 1820 3328 namentlich
1840 3293 1870 3324 in
1891 3293 1936 3323 der
1957 3293 2038 3329 Nähe
2058 3291 2102 3324 der
2122 3290 2205 3328 Küste
2216 3315 2227 3331 ,
2249 3290 2362 3331 gehören
2384 3299 2441 3324 nun
2459 3293 2560 3324 einmal

1388 3334 1506 3378 Schiffe
1534 3338 1594 3378 hin.
1635 3340 1680 3376 In
1711 3338 1900 3377 Landschaften
1932 3338 1980 3371 des
2009 3339 2089 3377 festen
2119 3336 2224 3372 Landes
2253 3338 2323 3376 weiß
2353 3332 2418 3372 man
2446 3338 2488 3371 bei
2516 3336 2562 3371 der
