<?xml version="1.0" encoding="UTF-8" standalone="yes"?>
<PcGts xmlns="http://schema.primaresearch.org/PAGE/gts/pagecontent/2013-07-15" xmlns:xsi="http://www.w3.org/2001/XMLSchema-instance" xsi:schemaLocation="http://schema.primaresearch.org/PAGE/gts/pagecontent/2013-07-15 http://schema.primaresearch.org/PAGE/gts/pagecontent/2013-07-15/pagecontent.xsd">
    <Metadata>
        <Creator></Creator>
        <Created>2017-12-08T13:17:02.024+01:00</Created>
        <LastChange>2018-12-21T15:21:27.850+01:00</LastChange>
        <Comments>
                Measurement unit: pixel
                PrimaryLanguage: German
                Language: GermanStandard
                Producer: ABBYY FineReader Engine 11</Comments>
<!--         _TranskribusMetadata docId="49765" pageId="2140841" pageNr="40" tsid="6559594" status="GT" userId="10620" imgUrl="https://dbis-thure.uibk.ac.at/f/Get?id=FXCUCRJEJZJUHWLLDCKDNYXK&amp;fileType=view" xmlUrl="https://dbis-thure.uibk.ac.at/f/Get?id=IZVCVIDSBXTQDTQHMKONPQTK" imageId="1322299"/_ -->
    </Metadata>
    <Page imageFilename="0040_nzz_18191109_0_0_a1_p1_1.tif" imageWidth="2120" imageHeight="2480">
        <PrintSpace>
            <Coords points="0,0 2120,0 2120,2480 0,2480"/>
        </PrintSpace>
        <ReadingOrder>
            <OrderedGroup id="ro_1547249142279" caption="Regions reading order">
                <RegionRefIndexed index="1" regionRef="region_1513468411905_3236"/>
                <RegionRefIndexed index="2" regionRef="region_1513468415104_3238"/>
                <RegionRefIndexed index="3" regionRef="region_1513468418817_3240"/>
                <RegionRefIndexed index="4" regionRef="region_1513468424048_3242"/>
                <RegionRefIndexed index="5" regionRef="r_2_1"/>
                <RegionRefIndexed index="7" regionRef="r_4_1"/>
                <RegionRefIndexed index="8" regionRef="r_5_1"/>
                <RegionRefIndexed index="9" regionRef="r_6_1"/>
                <RegionRefIndexed index="10" regionRef="r_6_2"/>
                <RegionRefIndexed index="11" regionRef="r_6_3"/>
                <RegionRefIndexed index="12" regionRef="r_6_4"/>
                <RegionRefIndexed index="13" regionRef="r_7_1"/>
                <RegionRefIndexed index="14" regionRef="r_12_2"/>
                <RegionRefIndexed index="15" regionRef="r_12_3"/>
            </OrderedGroup>
        </ReadingOrder>
        <GraphicRegion id="r_1" custom="readingOrder {index:0;}">
            <Coords points="719,62 1350,70 1350,574 719,566"/>
        </GraphicRegion>
        <TextRegion id="region_1513468411905_3236" custom="readingOrder {index:1;}">
            <Coords points="238,159 238,210 617,210 617,159"/>
            <TextLine id="line_1513468411920_3237" custom="readingOrder {index:0;}">
                <Coords points="239,103 618,104 617,210 238,209"/>
                <Baseline points="238,204 617,205"/>
                <Word id="word_1513468432546_3244" custom="readingOrder {index:0;}">
                    <Coords points="228,105 404,105 404,205 228,205"/>
                    <TextEquiv>
                        <Unicode>Nro.</Unicode>
                    </TextEquiv>
                </Word>
                <Word id="word_1513468435281_3245" custom="readingOrder {index:1;}">
                    <Coords points="471,141 615,141 615,223 471,223"/>
                    <TextEquiv>
                        <Unicode>90.</Unicode>
                    </TextEquiv>
                </Word>
                <TextEquiv>
                    <Unicode>Nro. 90.</Unicode>
                </TextEquiv>
            </TextLine>
            <TextEquiv>
                <Unicode>Nro. 90.</Unicode>
            </TextEquiv>
        </TextRegion>
        <TextRegion id="region_1513468415104_3238" custom="readingOrder {index:2;}">
            <Coords points="1489,162 1489,212 1818,212 1818,162"/>
            <TextLine id="line_1513468415116_3239" custom="readingOrder {index:0;}">
                <Coords points="1486,118 1815,118 1818,212 1489,212"/>
                <Baseline points="1489,207 1818,207"/>
                <Word id="word_1513468439281_3246" custom="readingOrder {index:0;}">
                    <Coords points="1486,121 1828,121 1828,236 1486,236"/>
                    <TextEquiv>
                        <Unicode>1819.</Unicode>
                    </TextEquiv>
                </Word>
                <TextEquiv>
                    <Unicode>1819.</Unicode>
                </TextEquiv>
            </TextLine>
            <TextEquiv>
                <Unicode>1819.</Unicode>
            </TextEquiv>
        </TextRegion>
        <TextRegion id="region_1513468418817_3240" custom="readingOrder {index:3;}">
            <Coords points="126,351 126,405 715,405 715,351"/>
            <TextLine id="line_1513468418834_3241" custom="readingOrder {index:0;}">
                <Coords points="128,271 717,267 716,425 127,429"/>
                <Baseline points="126,400 715,396"/>
                <Word id="word_1513468444231_3247" custom="readingOrder {index:0;}">
                    <Coords points="126,276 728,276 728,420 126,420"/>
                    <TextEquiv>
                        <Unicode>Zürcher-</Unicode>
                    </TextEquiv>
                </Word>
                <TextEquiv>
                    <Unicode>Zürcher-</Unicode>
                </TextEquiv>
            </TextLine>
            <TextEquiv>
                <Unicode>Zürcher-</Unicode>
            </TextEquiv>
        </TextRegion>
        <TextRegion id="region_1513468424048_3242" custom="readingOrder {index:4;}">
            <Coords points="1360,363 1360,417 1939,417 1939,363"/>
            <TextLine id="line_1513468424063_3243" custom="readingOrder {index:0;}">
                <Coords points="1360,286 1939,290 1939,417 1360,413"/>
                <Baseline points="1360,408 1939,412"/>
                <Word id="word_1513468449748_3248" custom="readingOrder {index:0;}">
                    <Coords points="1368,287 1946,287 1946,434 1368,434"/>
                    <TextEquiv>
                        <Unicode>Zeitung.</Unicode>
                    </TextEquiv>
                </Word>
                <TextEquiv>
                    <Unicode>Zeitung.</Unicode>
                </TextEquiv>
            </TextLine>
            <TextEquiv>
                <Unicode>Zeitung.</Unicode>
            </TextEquiv>
        </TextRegion>
        <TextRegion type="paragraph" id="r_2_1" custom="readingOrder {index:5;}">
            <Coords points="284,458 603,455 607,504 284,508"/>
            <TextLine id="tl_1" primaryLanguage="German" custom="readingOrder {index:0;}">
                <Coords points="285,459 599,456 599,504 285,507"/>
                <Baseline points="285,501 602,500"/>
                <Word id="w_w1aab1b3b2b1b1ab1" language="German" custom="readingOrder {index:0;}">
                    <Coords points="285,459 566,459 566,507 285,507"/>
                    <TextEquiv>
                        <Unicode>Dienstag,</Unicode>
                    </TextEquiv>
                    <TextStyle fontFamily="Arial" fontSize="15.0" bold="true"/>
                </Word>
                <TextEquiv>
                    <Unicode>Dienstag,</Unicode>
                </TextEquiv>
                <TextStyle fontFamily="Arial" fontSize="15.0" bold="true"/>
            </TextLine>
            <TextEquiv>
                <Unicode>Dienstag,</Unicode>
            </TextEquiv>
        </TextRegion>
        <GraphicRegion id="r_3" custom="readingOrder {index:6;}">
            <Coords points="1360,0 2120,0 2120,576 1360,576"/>
        </GraphicRegion>
        <TextRegion type="paragraph" id="r_4_1" custom="readingOrder {index:7;}">
            <Coords points="1481,459 1847,459 1847,511 1481,511"/>
            <TextLine id="tl_2" primaryLanguage="German" custom="readingOrder {index:0;}">
                <Coords points="1482,460 1846,460 1846,510 1482,510"/>
                <Baseline points="1482,503 1846,503"/>
                <Word id="w_w1aab1b7b2b1b1ab1" language="German" custom="readingOrder {index:0;}">
                    <Coords points="1482,464 1544,464 1544,505 1482,505"/>
                    <TextEquiv>
                        <Unicode>den</Unicode>
                    </TextEquiv>
                    <TextStyle fontFamily="Arial" fontSize="16.0" bold="true"/>
                </Word>
                <Word id="w_w1aab1b7b2b1b1ab9" language="German" custom="readingOrder {index:1;}">
                    <Coords points="1568,472 1605,472 1605,510 1568,510"/>
                    <TextEquiv>
                        <Unicode>9.</Unicode>
                    </TextEquiv>
                    <TextStyle fontFamily="Arial" fontSize="16.0" bold="true"/>
                </Word>
                <Word id="w_w1aab1b7b2b1b1ac15" language="German" custom="readingOrder {index:2;}">
                    <Coords points="1630,460 1846,460 1846,505 1630,505"/>
                    <TextEquiv>
                        <Unicode>November.</Unicode>
                    </TextEquiv>
                    <TextStyle fontFamily="Arial" fontSize="16.0" bold="true"/>
                </Word>
                <TextEquiv>
                    <Unicode>den 9. November.</Unicode>
                </TextEquiv>
                <TextStyle fontFamily="Arial" fontSize="16.0" bold="true"/>
            </TextLine>
            <TextEquiv>
                <Unicode>den 9. November.</Unicode>
            </TextEquiv>
        </TextRegion>
        <TextRegion type="paragraph" id="r_5_1" custom="readingOrder {index:8;}">
            <Coords points="168,594 1954,594 1954,781 168,781"/>
            <TextLine id="tl_3" primaryLanguage="German" custom="readingOrder {index:0;}">
                <Coords points="169,595 1951,595 1951,634 169,634"/>
                <Baseline points="169,626 1951,626"/>
                <Word id="w_w1aab1b9b2b1b1ab1" language="German" custom="readingOrder {index:0;}">
                    <Coords points="169,595 292,595 292,629 169,629"/>
                    <TextEquiv>
                        <Unicode>Spanien</Unicode>
                    </TextEquiv>
                    <TextStyle fontFamily="Arial" fontSize="10.0"/>
                </Word>
                <Word id="w_w1aab1b9b2b1b1ac17" language="German" custom="readingOrder {index:1;}">
                    <Coords points="314,595 506,595 506,629 314,629"/>
                    <TextEquiv>
                        <Unicode>(Stiergefecht</Unicode>
                    </TextEquiv>
                    <TextStyle fontFamily="Arial" fontSize="10.0"/>
                </Word>
                <Word id="w_w1aab1b9b2b1b1ac45" language="German" custom="readingOrder {index:2;}">
                    <Coords points="520,603 548,603 548,628 520,628"/>
                    <TextEquiv>
                        <Unicode>zu</Unicode>
                    </TextEquiv>
                    <TextStyle fontFamily="Arial" fontSize="10.0"/>
                </Word>
                <Word id="w_w1aab1b9b2b1b1ac51" language="German" custom="readingOrder {index:3;}">
                    <Coords points="563,598 648,598 648,629 563,629"/>
                    <TextEquiv>
                        <Unicode>Ehren</Unicode>
                    </TextEquiv>
                    <TextStyle fontFamily="Arial" fontSize="10.0"/>
                </Word>
                <Word id="w_w1aab1b9b2b1b1ac63" language="German" custom="readingOrder {index:4;}">
                    <Coords points="661,598 704,598 704,628 661,628"/>
                    <TextEquiv>
                        <Unicode>der</Unicode>
                    </TextEquiv>
                    <TextStyle fontFamily="Arial" fontSize="10.0"/>
                </Word>
                <Word id="w_w1aab1b9b2b1b1ac71" language="German" custom="readingOrder {index:5;}">
                    <Coords points="716,598 821,598 821,633 716,633"/>
                    <TextEquiv>
                        <Unicode>königl.</Unicode>
                    </TextEquiv>
                    <TextStyle fontFamily="Arial" fontSize="10.0"/>
                </Word>
                <Word id="w_w1aab1b9b2b1b1ac87" language="German" custom="readingOrder {index:6;}">
                    <Coords points="831,600 947,600 947,634 831,634"/>
                    <TextEquiv>
                        <Unicode>Braut).</Unicode>
                    </TextEquiv>
                    <TextStyle fontFamily="Arial" fontSize="10.0"/>
                </Word>
                <Word id="w_w1aab1b9b2b1b1ad103" language="German" custom="readingOrder {index:7;}">
                    <Coords points="985,599 1211,599 1211,633 985,633"/>
                    <TextEquiv>
                        <Unicode>Großbritannien</Unicode>
                    </TextEquiv>
                    <TextStyle fontFamily="Arial" fontSize="10.0"/>
                </Word>
                <Word id="w_w1aab1b9b2b1b1ad133" language="German" custom="readingOrder {index:8;}">
                    <Coords points="1230,599 1347,599 1347,634 1230,634"/>
                    <TextEquiv>
                        <Unicode>(Gefahr</Unicode>
                    </TextEquiv>
                    <TextStyle fontFamily="Arial" fontSize="10.0"/>
                </Word>
                <Word id="w_w1aab1b9b2b1b1ad149" language="German" custom="readingOrder {index:9;}">
                    <Coords points="1359,599 1403,599 1403,628 1359,628"/>
                    <TextEquiv>
                        <Unicode>der</Unicode>
                    </TextEquiv>
                    <TextStyle fontFamily="Arial" fontSize="10.0"/>
                </Word>
                <Word id="w_w1aab1b9b2b1b1ad157" language="German" custom="readingOrder {index:10;}">
                    <Coords points="1416,598 1538,598 1538,633 1416,633"/>
                    <TextEquiv>
                        <Unicode>Freyheit</Unicode>
                    </TextEquiv>
                    <TextStyle fontFamily="Arial" fontSize="10.0"/>
                </Word>
                <Word id="w_w1aab1b9b2b1b1ad175" language="German" custom="readingOrder {index:11;}">
                    <Coords points="1550,599 1623,599 1623,629 1550,629"/>
                    <TextEquiv>
                        <Unicode>durch</Unicode>
                    </TextEquiv>
                    <TextStyle fontFamily="Arial" fontSize="10.0"/>
                </Word>
                <Word id="w_w1aab1b9b2b1b1ad187" language="German" custom="readingOrder {index:12;}">
                    <Coords points="1635,596 1758,596 1758,627 1635,627"/>
                    <TextEquiv>
                        <Unicode>Anarchie</Unicode>
                    </TextEquiv>
                    <TextStyle fontFamily="Arial" fontSize="10.0"/>
                </Word>
                <Word id="word_1513468622015_3250" language="German" custom="readingOrder {index:13;}">
                    <Coords points="1840,627 1771,627 1771,597 1840,597"/>
                    <TextEquiv>
                        <Unicode>oder</Unicode>
                    </TextEquiv>
                    <TextStyle fontFamily="Arial" fontSize="10.0"/>
                </Word>
                <Word id="word_1513468622015_3249" language="German" custom="readingOrder {index:14;}">
                    <Coords points="1951,627 1840,627 1840,597 1951,597"/>
                    <TextEquiv>
                        <Unicode>Despo¬</Unicode>
                    </TextEquiv>
                    <TextStyle fontFamily="Arial" fontSize="10.0"/>
                </Word>
                <TextEquiv>
                    <Unicode>Spanien (Stiergefecht zu Ehren der königl. Braut). Großbritannien (Gefahr der Freyheit durch Anarchie oder Despo¬</Unicode>
                </TextEquiv>
                <TextStyle fontFamily="Arial" fontSize="10.0"/>
            </TextLine>
            <TextLine id="tl_4" primaryLanguage="German" custom="readingOrder {index:1;}">
                <Coords points="206,630 1951,630 1951,671 206,671"/>
                <Baseline points="206,662 1951,662"/>
                <Word id="w_w1aab1b9b2b1b3ab1" language="German" custom="readingOrder {index:0;}">
                    <Coords points="206,632 332,632 332,666 206,666"/>
                    <TextEquiv>
                        <Unicode>tismus).</Unicode>
                    </TextEquiv>
                    <TextStyle fontFamily="Arial" fontSize="10.0"/>
                </Word>
                <Word id="w_w1aab1b9b2b1b3ac19" language="German" custom="readingOrder {index:1;}">
                    <Coords points="370,632 518,632 518,667 370,667"/>
                    <TextEquiv>
                        <Unicode>Frankreich</Unicode>
                    </TextEquiv>
                    <TextStyle fontFamily="Arial" fontSize="10.0"/>
                </Word>
                <Word id="w_w1aab1b9b2b1b3ac41" language="German" custom="readingOrder {index:2;}">
                    <Coords points="538,634 591,634 591,667 538,667"/>
                    <TextEquiv>
                        <Unicode>(Er</Unicode>
                    </TextEquiv>
                    <TextStyle fontFamily="Arial" fontSize="10.0"/>
                </Word>
                <Word id="w_w1aab1b9b2b1b3ac49" language="German" custom="readingOrder {index:3;}">
                    <Coords points="607,634 664,634 664,668 607,668"/>
                    <TextEquiv>
                        <Unicode>gibt</Unicode>
                    </TextEquiv>
                    <TextStyle fontFamily="Arial" fontSize="10.0"/>
                </Word>
                <Word id="w_w1aab1b9b2b1b3ac59" language="German" custom="readingOrder {index:4;}">
                    <Coords points="679,634 748,634 748,664 679,664"/>
                    <TextEquiv>
                        <Unicode>keine</Unicode>
                    </TextEquiv>
                    <TextStyle fontFamily="Arial" fontSize="10.0"/>
                </Word>
                <Word id="w_w1aab1b9b2b1b3ac71" language="German" custom="readingOrder {index:5;}">
                    <Coords points="763,635 890,635 890,665 763,665"/>
                    <TextEquiv>
                        <Unicode>Bailli's,</Unicode>
                    </TextEquiv>
                    <TextStyle fontFamily="Arial" fontSize="10.0"/>
                </Word>
                <Word id="w_w1aab1b9b2b1b3ac91" language="German" custom="readingOrder {index:6;}">
                    <Coords points="911,644 929,644 929,665 911,665"/>
                    <TextEquiv>
                        <Unicode>u.</Unicode>
                    </TextEquiv>
                    <TextStyle fontFamily="Arial" fontSize="10.0"/>
                </Word>
                <Word id="w_w1aab1b9b2b1b3ac95" language="German" custom="readingOrder {index:7;}">
                    <Coords points="946,643 971,643 971,666 946,666"/>
                    <TextEquiv>
                        <Unicode>a.</Unicode>
                    </TextEquiv>
                    <TextStyle fontFamily="Arial" fontSize="10.0"/>
                </Word>
                <Word id="w_w1aab1b9b2b1b3ad101" language="German" custom="readingOrder {index:8;}">
                    <Coords points="982,636 1033,636 1033,671 982,671"/>
                    <TextEquiv>
                        <Unicode>dgl.</Unicode>
                    </TextEquiv>
                    <TextStyle fontFamily="Arial" fontSize="10.0"/>
                </Word>
                <Word id="w_w1aab1b9b2b1b3ad111" language="German" custom="readingOrder {index:9;}">
                    <Coords points="1046,636 1135,636 1135,671 1046,671"/>
                    <TextEquiv>
                        <Unicode>Dinge</Unicode>
                    </TextEquiv>
                    <TextStyle fontFamily="Arial" fontSize="10.0"/>
                </Word>
                <Word id="w_w1aab1b9b2b1b3ad123" language="German" custom="readingOrder {index:10;}">
                    <Coords points="1150,636 1216,636 1216,666 1150,666"/>
                    <TextEquiv>
                        <Unicode>nicht</Unicode>
                    </TextEquiv>
                    <TextStyle fontFamily="Arial" fontSize="10.0"/>
                </Word>
                <Word id="w_w1aab1b9b2b1b3ad135" language="German" custom="readingOrder {index:11;}">
                    <Coords points="1228,637 1321,637 1321,669 1228,669"/>
                    <TextEquiv>
                        <Unicode>mehr).</Unicode>
                    </TextEquiv>
                    <TextStyle fontFamily="Arial" fontSize="10.0"/>
                </Word>
                <Word id="w_w1aab1b9b2b1b3ad149" language="German" custom="readingOrder {index:12;}">
                    <Coords points="1360,635 1532,635 1532,668 1360,668"/>
                    <TextEquiv>
                        <Unicode>Deutschland</Unicode>
                    </TextEquiv>
                    <TextStyle fontFamily="Arial" fontSize="10.0"/>
                </Word>
                <Word id="w_w1aab1b9b2b1b3ad173" language="German" custom="readingOrder {index:13;}">
                    <Coords points="1553,630 1672,630 1672,666 1553,666"/>
                    <TextEquiv>
                        <Unicode>(Gericht</Unicode>
                    </TextEquiv>
                    <TextStyle fontFamily="Arial" fontSize="10.0"/>
                </Word>
                <Word id="w_w1aab1b9b2b1b3ad191" language="German" custom="readingOrder {index:14;}">
                    <Coords points="1686,634 1748,634 1748,662 1686,662"/>
                    <TextEquiv>
                        <Unicode>über</Unicode>
                    </TextEquiv>
                    <TextStyle fontFamily="Arial" fontSize="10.0"/>
                </Word>
                <Word id="w_w1aab1b9b2b1b3ad201" language="German" custom="readingOrder {index:15;}">
                    <Coords points="1760,634 1807,634 1807,661 1760,661"/>
                    <TextEquiv>
                        <Unicode>alle</Unicode>
                    </TextEquiv>
                    <TextStyle fontFamily="Arial" fontSize="10.0"/>
                </Word>
                <Word id="w_w1aab1b9b2b1b3ad211" language="German" custom="readingOrder {index:16;}">
                    <Coords points="1820,631 1951,631 1951,663 1820,663"/>
                    <TextEquiv>
                        <Unicode>Gerichte.</Unicode>
                    </TextEquiv>
                    <TextStyle fontFamily="Arial" fontSize="10.0"/>
                </Word>
                <TextEquiv>
                    <Unicode>tismus). Frankreich (Er gibt keine Bailli's, u. a. dgl. Dinge nicht mehr). Deutschland (Gericht über alle Gerichte.</Unicode>
                </TextEquiv>
                <TextStyle fontFamily="Arial" fontSize="10.0"/>
            </TextLine>
            <TextLine id="tl_5" primaryLanguage="German" custom="readingOrder {index:2;}">
                <Coords points="206,668 1952,668 1952,708 206,708"/>
                <Baseline points="206,699 1952,699"/>
                <Word id="w_w1aab1b9b2b1b5ab1" language="German" custom="readingOrder {index:0;}">
                    <Coords points="206,669 230,669 230,699 206,699"/>
                    <TextEquiv>
                        <Unicode>C.</Unicode>
                    </TextEquiv>
                    <TextStyle fontFamily="Arial" fontSize="10.0"/>
                </Word>
                <Word id="w_w1aab1b9b2b1b5ab5" language="German" custom="readingOrder {index:1;}">
                    <Coords points="260,670 285,670 285,699 260,699"/>
                    <TextEquiv>
                        <Unicode>L.</Unicode>
                    </TextEquiv>
                    <TextStyle fontFamily="Arial" fontSize="10.0"/>
                </Word>
                <Word id="w_w1aab1b9b2b1b5ac11" language="German" custom="readingOrder {index:2;}">
                    <Coords points="303,670 390,670 390,698 303,698"/>
                    <TextEquiv>
                        <Unicode>Sand.</Unicode>
                    </TextEquiv>
                    <TextStyle fontFamily="Arial" fontSize="10.0"/>
                </Word>
                <Word id="w_w1aab1b9b2b1b5ac23" language="German" custom="readingOrder {index:3;}">
                    <Coords points="427,669 513,669 513,703 427,703"/>
                    <TextEquiv>
                        <Unicode>Wuth</Unicode>
                    </TextEquiv>
                    <TextStyle fontFamily="Arial" fontSize="10.0"/>
                </Word>
                <Word id="w_w1aab1b9b2b1b5ac33" language="German" custom="readingOrder {index:4;}">
                    <Coords points="532,674 610,674 610,700 532,700"/>
                    <TextEquiv>
                        <Unicode>unter</Unicode>
                    </TextEquiv>
                    <TextStyle fontFamily="Arial" fontSize="10.0"/>
                </Word>
                <Word id="word_1513468710431_3252" language="German" custom="readingOrder {index:5;}">
                    <Coords points="683,707 629,707 629,670 683,670"/>
                    <TextEquiv>
                        <Unicode>den</Unicode>
                    </TextEquiv>
                    <TextStyle fontFamily="Arial" fontSize="10.0"/>
                </Word>
                <Word id="word_1513468710431_3251" language="German" custom="readingOrder {index:6;}">
                    <Coords points="832,707 683,707 683,670 832,670"/>
                    <TextEquiv>
                        <Unicode>Füchsen).</Unicode>
                    </TextEquiv>
                    <TextStyle fontFamily="Arial" fontSize="10.0"/>
                </Word>
                <Word id="w_w1aab1b9b2b1b5ac73" language="German" custom="readingOrder {index:7;}">
                    <Coords points="867,672 1003,672 1003,706 867,706"/>
                    <TextEquiv>
                        <Unicode>Rußland.</Unicode>
                    </TextEquiv>
                    <TextStyle fontFamily="Arial" fontSize="10.0"/>
                </Word>
                <Word id="w_w1aab1b9b2b1b5ac91" language="German" custom="readingOrder {index:8;}">
                    <Coords points="1042,673 1147,673 1147,708 1042,708"/>
                    <TextEquiv>
                        <Unicode>Italien</Unicode>
                    </TextEquiv>
                    <TextStyle fontFamily="Arial" fontSize="10.0"/>
                </Word>
                <Word id="w_w1aab1b9b2b1b5ad107" language="German" custom="readingOrder {index:9;}">
                    <Coords points="1167,672 1273,672 1273,706 1167,706"/>
                    <TextEquiv>
                        <Unicode>(Wofür</Unicode>
                    </TextEquiv>
                    <TextStyle fontFamily="Arial" fontSize="10.0"/>
                </Word>
                <Word id="w_w1aab1b9b2b1b5ad121" language="German" custom="readingOrder {index:10;}">
                    <Coords points="1294,674 1363,674 1363,703 1294,703"/>
                    <TextEquiv>
                        <Unicode>Rom</Unicode>
                    </TextEquiv>
                    <TextStyle fontFamily="Arial" fontSize="10.0"/>
                </Word>
                <Word id="w_w1aab1b9b2b1b5ad129" language="German" custom="readingOrder {index:11;}">
                    <Coords points="1383,671 1423,671 1423,700 1383,700"/>
                    <TextEquiv>
                        <Unicode>die</Unicode>
                    </TextEquiv>
                    <TextStyle fontFamily="Arial" fontSize="10.0"/>
                </Word>
                <Word id="w_w1aab1b9b2b1b5ad137" language="German" custom="readingOrder {index:12;}">
                    <Coords points="1443,670 1620,670 1620,705 1443,705"/>
                    <TextEquiv>
                        <Unicode>Evangelische</Unicode>
                    </TextEquiv>
                    <TextStyle fontFamily="Arial" fontSize="10.0"/>
                </Word>
                <Word id="w_w1aab1b9b2b1b5ad163" language="German" custom="readingOrder {index:13;}">
                    <Coords points="1637,668 1952,668 1952,703 1637,703"/>
                    <TextEquiv>
                        <Unicode>Religionsvereinigung</Unicode>
                    </TextEquiv>
                    <TextStyle fontFamily="Arial" fontSize="10.0"/>
                </Word>
                <TextEquiv>
                    <Unicode>C. L. Sand. Wuth unter den Füchsen). Rußland. Italien (Wofür Rom die Evangelische Religionsvereinigung</Unicode>
                </TextEquiv>
                <TextStyle fontFamily="Arial" fontSize="10.0"/>
            </TextLine>
            <TextLine id="tl_6" primaryLanguage="German" custom="readingOrder {index:3;}">
                <Coords points="205,704 1953,704 1953,744 205,744"/>
                <Baseline points="205,735 1953,735"/>
                <Word id="w_w1aab1b9b2b1b7ab1" language="German" custom="readingOrder {index:0;}">
                    <Coords points="205,704 233,704 233,734 205,734"/>
                    <TextEquiv>
                        <Unicode>in</Unicode>
                    </TextEquiv>
                    <TextStyle fontFamily="Arial" fontSize="10.0"/>
                </Word>
                <Word id="w_w1aab1b9b2b1b7ab7" language="German" custom="readingOrder {index:1;}">
                    <Coords points="249,705 421,705 421,738 249,738"/>
                    <TextEquiv>
                        <Unicode>Deutschland</Unicode>
                    </TextEquiv>
                    <TextStyle fontFamily="Arial" fontSize="10.0"/>
                </Word>
                <Word id="w_w1aab1b9b2b1b7ac31" language="German" custom="readingOrder {index:2;}">
                    <Coords points="441,704 563,704 563,740 441,740"/>
                    <TextEquiv>
                        <Unicode>ansieht).</Unicode>
                    </TextEquiv>
                    <TextStyle fontFamily="Arial" fontSize="10.0"/>
                </Word>
                <Word id="w_w1aab1b9b2b1b7ac51" language="German" custom="readingOrder {index:3;}">
                    <Coords points="602,708 718,708 718,740 602,740"/>
                    <TextEquiv>
                        <Unicode>Schweiz</Unicode>
                    </TextEquiv>
                    <TextStyle fontFamily="Arial" fontSize="10.0"/>
                </Word>
                <Word id="w_w1aab1b9b2b1b7ac67" language="German" custom="readingOrder {index:4;}">
                    <Coords points="737,710 844,710 844,741 737,741"/>
                    <TextEquiv>
                        <Unicode>(Luzern</Unicode>
                    </TextEquiv>
                    <TextStyle fontFamily="Arial" fontSize="10.0"/>
                </Word>
                <Word id="w_w1aab1b9b2b1b7ac83" language="German" custom="readingOrder {index:5;}">
                    <Coords points="862,709 954,709 954,739 862,739"/>
                    <TextEquiv>
                        <Unicode>erklärt</Unicode>
                    </TextEquiv>
                    <TextStyle fontFamily="Arial" fontSize="10.0"/>
                </Word>
                <Word id="w_w1aab1b9b2b1b7ac99" language="German" custom="readingOrder {index:6;}">
                    <Coords points="970,716 1047,716 1047,744 970,744"/>
                    <TextEquiv>
                        <Unicode>gegen</Unicode>
                    </TextEquiv>
                    <TextStyle fontFamily="Arial" fontSize="10.0"/>
                </Word>
                <Word id="w_w1aab1b9b2b1b7ad111" language="German" custom="readingOrder {index:7;}">
                    <Coords points="1062,710 1131,710 1131,739 1062,739"/>
                    <TextEquiv>
                        <Unicode>Rom</Unicode>
                    </TextEquiv>
                    <TextStyle fontFamily="Arial" fontSize="10.0"/>
                </Word>
                <Word id="w_w1aab1b9b2b1b7ad119" language="German" custom="readingOrder {index:8;}">
                    <Coords points="1144,709 1215,709 1215,743 1144,743"/>
                    <TextEquiv>
                        <Unicode>jedes</Unicode>
                    </TextEquiv>
                    <TextStyle fontFamily="Arial" fontSize="10.0"/>
                </Word>
                <Word id="w_w1aab1b9b2b1b7ad131" language="German" custom="readingOrder {index:9;}">
                    <Coords points="1234,715 1298,715 1298,738 1234,738"/>
                    <TextEquiv>
                        <Unicode>neue</Unicode>
                    </TextEquiv>
                    <TextStyle fontFamily="Arial" fontSize="10.0"/>
                </Word>
                <Word id="w_w1aab1b9b2b1b7ad141" language="German" custom="readingOrder {index:10;}">
                    <Coords points="1311,707 1491,707 1491,743 1311,743"/>
                    <TextEquiv>
                        <Unicode>Provisorium</Unicode>
                    </TextEquiv>
                    <TextStyle fontFamily="Arial" fontSize="10.0"/>
                </Word>
                <Word id="w_w1aab1b9b2b1b7ad165" language="German" custom="readingOrder {index:11;}">
                    <Coords points="1507,707 1535,707 1535,736 1507,736"/>
                    <TextEquiv>
                        <Unicode>in</Unicode>
                    </TextEquiv>
                    <TextStyle fontFamily="Arial" fontSize="10.0"/>
                </Word>
                <Word id="w_w1aab1b9b2b1b7ad171" language="German" custom="readingOrder {index:12;}">
                    <Coords points="1548,709 1591,709 1591,736 1548,736"/>
                    <TextEquiv>
                        <Unicode>der</Unicode>
                    </TextEquiv>
                    <TextStyle fontFamily="Arial" fontSize="10.0"/>
                </Word>
                <Word id="w_w1aab1b9b2b1b7ad179" language="German" custom="readingOrder {index:13;}">
                    <Coords points="1606,706 1796,706 1796,740 1606,740"/>
                    <TextEquiv>
                        <Unicode>Bischofssache</Unicode>
                    </TextEquiv>
                    <TextStyle fontFamily="Arial" fontSize="10.0"/>
                </Word>
                <Word id="w_w1aab1b9b2b1b7ad207" language="German" custom="readingOrder {index:14;}">
                    <Coords points="1812,704 1853,704 1853,736 1812,736"/>
                    <TextEquiv>
                        <Unicode>für</Unicode>
                    </TextEquiv>
                    <TextStyle fontFamily="Arial" fontSize="10.0"/>
                </Word>
                <Word id="w_w1aab1b9b2b1b7ad215" language="German" custom="readingOrder {index:15;}">
                    <Coords points="1870,712 1953,712 1953,734 1870,734"/>
                    <TextEquiv>
                        <Unicode>unan¬</Unicode>
                    </TextEquiv>
                    <TextStyle fontFamily="Arial" fontSize="10.0"/>
                </Word>
                <TextEquiv>
                    <Unicode>in Deutschland ansieht). Schweiz (Luzern erklärt gegen Rom jedes neue Provisorium in der Bischofssache für unan¬</Unicode>
                </TextEquiv>
                <TextStyle fontFamily="Arial" fontSize="10.0"/>
            </TextLine>
            <TextLine id="tl_7" primaryLanguage="German" custom="readingOrder {index:4;}">
                <Coords points="208,741 1873,741 1873,780 208,780"/>
                <Baseline points="208,773 1873,773"/>
                <Word id="w_w1aab1b9b2b1b9ab1" language="German" custom="readingOrder {index:0;}">
                    <Coords points="208,741 343,741 343,776 208,776"/>
                    <TextEquiv>
                        <Unicode>nehmlich.</Unicode>
                    </TextEquiv>
                    <TextStyle fontFamily="Arial" fontSize="10.0"/>
                </Word>
                <Word id="w_w1aab1b9b2b1b9ac21" language="German" custom="readingOrder {index:1;}">
                    <Coords points="380,743 439,743 439,773 380,773"/>
                    <TextEquiv>
                        <Unicode>Der</Unicode>
                    </TextEquiv>
                    <TextStyle fontFamily="Arial" fontSize="10.0"/>
                </Word>
                <Word id="w_w1aab1b9b2b1b9ac29" language="German" custom="readingOrder {index:2;}">
                    <Coords points="457,742 629,742 629,777 457,777"/>
                    <TextEquiv>
                        <Unicode>zersplitterte</Unicode>
                    </TextEquiv>
                    <TextStyle fontFamily="Arial" fontSize="10.0"/>
                </Word>
                <Word id="w_w1aab1b9b2b1b9ac57" language="German" custom="readingOrder {index:3;}">
                    <Coords points="648,744 698,744 698,773 648,773"/>
                    <TextEquiv>
                        <Unicode>und</Unicode>
                    </TextEquiv>
                    <TextStyle fontFamily="Arial" fontSize="10.0"/>
                </Word>
                <Word id="w_w1aab1b9b2b1b9ac65" language="German" custom="readingOrder {index:4;}">
                    <Coords points="712,744 807,744 807,776 712,776"/>
                    <TextEquiv>
                        <Unicode>wieder</Unicode>
                    </TextEquiv>
                    <TextStyle fontFamily="Arial" fontSize="10.0"/>
                </Word>
                <Word id="w_w1aab1b9b2b1b9ac79" language="German" custom="readingOrder {index:5;}">
                    <Coords points="827,745 937,745 937,779 827,779"/>
                    <TextEquiv>
                        <Unicode>geheilte</Unicode>
                    </TextEquiv>
                    <TextStyle fontFamily="Arial" fontSize="10.0"/>
                </Word>
                <Word id="w_w1aab1b9b2b1b9ac97" language="German" custom="readingOrder {index:6;}">
                    <Coords points="954,746 1151,746 1151,780 954,780"/>
                    <TextEquiv>
                        <Unicode>Schweizersche</Unicode>
                    </TextEquiv>
                    <TextStyle fontFamily="Arial" fontSize="10.0"/>
                </Word>
                <Word id="w_w1aab1b9b2b1b9ad125" language="German" custom="readingOrder {index:7;}">
                    <Coords points="1169,746 1324,746 1324,778 1169,778"/>
                    <TextEquiv>
                        <Unicode>Löwenkopf.</Unicode>
                    </TextEquiv>
                    <TextStyle fontFamily="Arial" fontSize="10.0"/>
                </Word>
                <Word id="w_w1aab1b9b2b1b9ad147" language="German" custom="readingOrder {index:8;}">
                    <Coords points="1363,745 1520,745 1520,779 1363,779"/>
                    <TextEquiv>
                        <Unicode>Demoiselle</Unicode>
                    </TextEquiv>
                    <TextStyle fontFamily="Arial" fontSize="10.0"/>
                </Word>
                <Word id="w_w1aab1b9b2b1b9ad169" language="German" custom="readingOrder {index:9;}">
                    <Coords points="1540,744 1699,744 1699,779 1540,779"/>
                    <TextEquiv>
                        <Unicode>Hartmeyer</Unicode>
                    </TextEquiv>
                    <TextStyle fontFamily="Arial" fontSize="10.0"/>
                </Word>
                <Word id="w_w1aab1b9b2b1b9ad189" language="German" custom="readingOrder {index:10;}">
                    <Coords points="1718,742 1747,742 1747,772 1718,772"/>
                    <TextEquiv>
                        <Unicode>in</Unicode>
                    </TextEquiv>
                    <TextStyle fontFamily="Arial" fontSize="10.0"/>
                </Word>
                <Word id="w_w1aab1b9b2b1b9ad195" language="German" custom="readingOrder {index:11;}">
                    <Coords points="1768,742 1873,742 1873,774 1768,774"/>
                    <TextEquiv>
                        <Unicode>Wien).</Unicode>
                    </TextEquiv>
                    <TextStyle fontFamily="Arial" fontSize="10.0"/>
                </Word>
                <TextEquiv>
                    <Unicode>nehmlich. Der zersplitterte und wieder geheilte Schweizersche Löwenkopf. Demoiselle Hartmeyer in Wien).</Unicode>
                </TextEquiv>
                <TextStyle fontFamily="Arial" fontSize="10.0"/>
            </TextLine>
            <TextEquiv>
                <Unicode>Spanien (Stiergefecht zu Ehren der königl. Braut). Großbritannien (Gefahr der Freyheit durch Anarchie oder Despo¬
tismus). Frankreich (Er gibt keine Bailli's, u. a. dgl. Dinge nicht mehr). Deutschland (Gericht über alle Gerichte.
C. L. Sand. Wuth unter den Füchsen). Rußland. Italien (Wofür Rom die Evangelische Religionsvereinigung
in Deutschland ansieht). Schweiz (Luzern erklärt gegen Rom jedes neue Provisorium in der Bischofssache für unan¬
nehmlich. Der zersplitterte und wieder geheilte Schweizersche Löwenkopf. Demoiselle Hartmeyer in Wien).</Unicode>
            </TextEquiv>
        </TextRegion>
        <TextRegion type="paragraph" id="r_6_1" custom="readingOrder {index:9;}">
            <Coords points="457,827 705,827 705,863 457,863"/>
            <TextLine id="tl_8" primaryLanguage="German" custom="readingOrder {index:0;}">
                <Coords points="458,828 704,828 704,862 458,862"/>
                <Baseline points="458,859 704,859"/>
                <Word id="w_w1aab1c11b2b1b1ab1" language="German" custom="readingOrder {index:0;}">
                    <Coords points="458,828 704,828 704,862 458,862"/>
                    <TextEquiv>
                        <Unicode>Spanien.</Unicode>
                    </TextEquiv>
                    <TextStyle fontFamily="Arial" fontSize="11.5" bold="true"/>
                </Word>
                <TextEquiv>
                    <Unicode>Spanien.</Unicode>
                </TextEquiv>
                <TextStyle fontFamily="Arial" fontSize="11.5" bold="true"/>
            </TextLine>
            <TextEquiv>
                <Unicode>Spanien.</Unicode>
            </TextEquiv>
        </TextRegion>
        <TextRegion type="paragraph" id="r_6_2" custom="readingOrder {index:10;}">
            <Coords points="115,869 1034,869 1034,1429 115,1429"/>
            <TextLine id="tl_9" primaryLanguage="German" custom="readingOrder {index:0;}">
                <Coords points="172,870 1027,870 1027,911 172,911"/>
                <Baseline points="172,903 1027,903"/>
                <Word id="w_w1aab1c11b2b3b1ab1" language="German" custom="readingOrder {index:0;}">
                    <Coords points="172,870 226,870 226,901 172,901"/>
                    <TextEquiv>
                        <Unicode>Die</Unicode>
                    </TextEquiv>
                    <TextStyle fontFamily="Arial" fontSize="11.0" bold="true"/>
                </Word>
                <Word id="w_w1aab1c11b2b3b1ab9" language="German" custom="readingOrder {index:1;}">
                    <Coords points="243,871 358,871 358,906 243,906"/>
                    <TextEquiv>
                        <Unicode>Königin</Unicode>
                    </TextEquiv>
                    <TextStyle fontFamily="Arial" fontSize="11.0" bold="true"/>
                </Word>
                <Word id="w_w1aab1c11b2b3b1ac25" language="German" custom="readingOrder {index:2;}">
                    <Coords points="376,870 445,870 445,901 376,901"/>
                    <TextEquiv>
                        <Unicode>reist</Unicode>
                    </TextEquiv>
                    <TextStyle fontFamily="Arial" fontSize="11.0" bold="true"/>
                </Word>
                <Word id="w_w1aab1c11b2b3b1ac37" language="German" custom="readingOrder {index:3;}">
                    <Coords points="461,871 593,871 593,907 461,907"/>
                    <TextEquiv>
                        <Unicode>langsam;</Unicode>
                    </TextEquiv>
                    <TextStyle fontFamily="Arial" fontSize="11.0" bold="true"/>
                </Word>
                <Word id="w_w1aab1c11b2b3b1ac55" language="German" custom="readingOrder {index:4;}">
                    <Coords points="614,871 646,871 646,906 614,906"/>
                    <TextEquiv>
                        <Unicode>sie</Unicode>
                    </TextEquiv>
                    <TextStyle fontFamily="Arial" fontSize="11.0" bold="true"/>
                </Word>
                <Word id="w_w1aab1c11b2b3b1ac63" language="German" custom="readingOrder {index:5;}">
                    <Coords points="663,874 761,874 761,907 663,907"/>
                    <TextEquiv>
                        <Unicode>brachte</Unicode>
                    </TextEquiv>
                    <TextStyle fontFamily="Arial" fontSize="11.0" bold="true"/>
                </Word>
                <Word id="w_w1aab1c11b2b3b1ac79" language="German" custom="readingOrder {index:6;}">
                    <Coords points="780,875 827,875 827,911 780,911"/>
                    <TextEquiv>
                        <Unicode>den</Unicode>
                    </TextEquiv>
                    <TextStyle fontFamily="Arial" fontSize="11.0" bold="true"/>
                </Word>
                <Word id="w_w1aab1c11b2b3b1b1b1" language="German" custom="readingOrder {index:7;}">
                    <Coords points="849,885 866,885 866,911 849,911"/>
                    <TextEquiv>
                        <Unicode>7</Unicode>
                    </TextEquiv>
                    <TextStyle fontFamily="Arial" fontSize="10.0"/>
                </Word>
                <Word id="w_w1aab1c11b2b3b1b2b1" language="German" custom="readingOrder {index:8;}">
                    <Coords points="868,897 875,897 875,905 868,905"/>
                    <TextEquiv>
                        <Unicode>.</Unicode>
                    </TextEquiv>
                    <TextStyle fontFamily="Arial" fontSize="11.0" bold="true"/>
                </Word>
                <Word id="w_w1aab1c11b2b3b1b2b5" language="German" custom="readingOrder {index:9;}">
                    <Coords points="889,883 916,883 916,910 889,910"/>
                    <TextEquiv>
                        <Unicode>u.</Unicode>
                    </TextEquiv>
                    <TextStyle fontFamily="Arial" fontSize="11.0" bold="true"/>
                </Word>
                <Word id="w_w1aab1c11b2b3b1b3b1" language="German" custom="readingOrder {index:10;}">
                    <Coords points="927,884 944,884 944,910 927,910"/>
                    <TextEquiv>
                        <Unicode>8</Unicode>
                    </TextEquiv>
                    <TextStyle fontFamily="Arial" fontSize="10.0"/>
                </Word>
                <Word id="w_w1aab1c11b2b3b1b4b1" language="German" custom="readingOrder {index:11;}">
                    <Coords points="948,897 954,897 954,905 948,905"/>
                    <TextEquiv>
                        <Unicode>.</Unicode>
                    </TextEquiv>
                    <TextStyle fontFamily="Arial" fontSize="11.0" bold="true"/>
                </Word>
                <Word id="w_w1aab1c11b2b3b1b4b5" language="German" custom="readingOrder {index:12;}">
                    <Coords points="964,878 1027,878 1027,907 964,907"/>
                    <TextEquiv>
                        <Unicode>Oct.</Unicode>
                    </TextEquiv>
                    <TextStyle fontFamily="Arial" fontSize="11.0" bold="true"/>
                </Word>
                <TextEquiv>
                    <Unicode>Die Königin reist langsam; sie brachte den 7 . u. 8 . Oct.</Unicode>
                </TextEquiv>
            </TextLine>
            <TextLine id="tl_10" primaryLanguage="German" custom="readingOrder {index:1;}">
                <Coords points="134,914 1028,914 1028,954 134,954"/>
                <Baseline points="134,946 1028,946"/>
                <Word id="w_w1aab1c11b2b3b3ab1" language="German" custom="readingOrder {index:0;}">
                    <Coords points="134,921 164,921 164,948 134,948"/>
                    <TextEquiv>
                        <Unicode>zu</Unicode>
                    </TextEquiv>
                    <TextStyle fontFamily="Arial" fontSize="11.0" bold="true"/>
                </Word>
                <Word id="w_w1aab1c11b2b3b3ab7" language="German" custom="readingOrder {index:1;}">
                    <Coords points="175,915 316,915 316,946 175,946"/>
                    <TextEquiv>
                        <Unicode>Vittoria</Unicode>
                    </TextEquiv>
                    <TextStyle fontFamily="Arial" fontSize="11.0" bold="true"/>
                </Word>
                <Word id="w_w1aab1c11b2b3b3ac25" language="German" custom="readingOrder {index:2;}">
                    <Coords points="327,923 373,923 373,948 327,948"/>
                    <TextEquiv>
                        <Unicode>zu,</Unicode>
                    </TextEquiv>
                    <TextStyle fontFamily="Arial" fontSize="11.0" bold="true"/>
                </Word>
                <Word id="w_w1aab1c11b2b3b3ac33" language="German" custom="readingOrder {index:3;}">
                    <Coords points="393,922 431,922 431,944 393,944"/>
                    <TextEquiv>
                        <Unicode>wo</Unicode>
                    </TextEquiv>
                    <TextStyle fontFamily="Arial" fontSize="11.0" bold="true"/>
                </Word>
                <Word id="w_w1aab1c11b2b3b3ac39" language="German" custom="readingOrder {index:4;}">
                    <Coords points="443,914 475,914 475,947 443,947"/>
                    <TextEquiv>
                        <Unicode>sie</Unicode>
                    </TextEquiv>
                    <TextStyle fontFamily="Arial" fontSize="11.0" bold="true"/>
                </Word>
                <Word id="w_w1aab1c11b2b3b3ac47" language="German" custom="readingOrder {index:5;}">
                    <Coords points="486,915 535,915 535,944 486,944"/>
                    <TextEquiv>
                        <Unicode>das</Unicode>
                    </TextEquiv>
                    <TextStyle fontFamily="Arial" fontSize="11.0" bold="true"/>
                </Word>
                <Word id="w_w1aab1c11b2b3b3ac55" language="German" custom="readingOrder {index:6;}">
                    <Coords points="548,915 588,915 588,948 548,948"/>
                    <TextEquiv>
                        <Unicode>ihr</Unicode>
                    </TextEquiv>
                    <TextStyle fontFamily="Arial" fontSize="11.0" bold="true"/>
                </Word>
                <Word id="w_w1aab1c11b2b3b3ac63" language="German" custom="readingOrder {index:7;}">
                    <Coords points="601,923 638,923 638,948 601,948"/>
                    <TextEquiv>
                        <Unicode>zu.</Unicode>
                    </TextEquiv>
                    <TextStyle fontFamily="Arial" fontSize="11.0" bold="true"/>
                </Word>
                <Word id="w_w1aab1c11b2b3b3ac71" language="German" custom="readingOrder {index:8;}">
                    <Coords points="644,918 729,918 729,949 644,949"/>
                    <TextEquiv>
                        <Unicode>Ehren</Unicode>
                    </TextEquiv>
                    <TextStyle fontFamily="Arial" fontSize="11.0" bold="true"/>
                </Word>
                <Word id="w_w1aab1c11b2b3b3ac83" language="German" custom="readingOrder {index:9;}">
                    <Coords points="742,920 923,920 923,954 742,954"/>
                    <TextEquiv>
                        <Unicode>veranstaltete</Unicode>
                    </TextEquiv>
                    <TextStyle fontFamily="Arial" fontSize="11.0" bold="true"/>
                </Word>
                <Word id="w_w1aab1c11b2b3b3ad111" language="German" custom="readingOrder {index:10;}">
                    <Coords points="937,919 1028,919 1028,950 937,950"/>
                    <TextEquiv>
                        <Unicode>Stier¬</Unicode>
                    </TextEquiv>
                    <TextStyle fontFamily="Arial" fontSize="11.0" bold="true"/>
                </Word>
                <TextEquiv>
                    <Unicode>zu Vittoria zu, wo sie das ihr zu. Ehren veranstaltete Stier¬</Unicode>
                </TextEquiv>
                <TextStyle fontFamily="Arial" fontSize="11.0" bold="true"/>
            </TextLine>
            <TextLine id="tl_11" primaryLanguage="German" custom="readingOrder {index:2;}">
                <Coords points="134,958 1031,958 1031,998 134,998"/>
                <Baseline points="134,989 1031,989"/>
                <Word id="w_w1aab1c11b2b3b5ab1" language="German" custom="readingOrder {index:0;}">
                    <Coords points="134,958 229,958 229,992 134,992"/>
                    <TextEquiv>
                        <Unicode>gefecht</Unicode>
                    </TextEquiv>
                    <TextStyle fontFamily="Arial" fontSize="11.0" bold="true"/>
                </Word>
                <Word id="w_w1aab1c11b2b3b5ac17" language="German" custom="readingOrder {index:1;}">
                    <Coords points="245,959 320,959 320,993 245,993"/>
                    <TextEquiv>
                        <Unicode>gleich</Unicode>
                    </TextEquiv>
                    <TextStyle fontFamily="Arial" fontSize="11.0" bold="true"/>
                </Word>
                <Word id="w_w1aab1c11b2b3b5ac31" language="German" custom="readingOrder {index:2;}">
                    <Coords points="339,960 402,960 402,987 339,987"/>
                    <TextEquiv>
                        <Unicode>nach</Unicode>
                    </TextEquiv>
                    <TextStyle fontFamily="Arial" fontSize="11.0" bold="true"/>
                </Word>
                <Word id="w_w1aab1c11b2b3b5ac41" language="German" custom="readingOrder {index:3;}">
                    <Coords points="418,958 478,958 478,987 418,987"/>
                    <TextEquiv>
                        <Unicode>dem</Unicode>
                    </TextEquiv>
                    <TextStyle fontFamily="Arial" fontSize="11.0" bold="true"/>
                </Word>
                <Word id="word_1513468899936_3254" language="German" custom="readingOrder {index:4;}">
                    <Coords points="568,994 490,994 490,959 568,959"/>
                    <TextEquiv>
                        <Unicode>Fallen</Unicode>
                    </TextEquiv>
                    <TextStyle fontFamily="Arial" fontSize="11.0" bold="true"/>
                </Word>
                <Word id="word_1513468899936_3253" language="German" custom="readingOrder {index:5;}">
                    <Coords points="625,994 568,994 568,959 625,959"/>
                    <TextEquiv>
                        <Unicode>des</Unicode>
                    </TextEquiv>
                    <TextStyle fontFamily="Arial" fontSize="11.0" bold="true"/>
                </Word>
                <Word id="w_w1aab1c11b2b3b5ac69" language="German" custom="readingOrder {index:6;}">
                    <Coords points="645,962 723,962 723,994 645,994"/>
                    <TextEquiv>
                        <Unicode>ersten</Unicode>
                    </TextEquiv>
                    <TextStyle fontFamily="Arial" fontSize="11.0" bold="true"/>
                </Word>
                <Word id="w_w1aab1c11b2b3b5ac83" language="German" custom="readingOrder {index:7;}">
                    <Coords points="742,962 857,962 857,993 742,993"/>
                    <TextEquiv>
                        <Unicode>Stiers,</Unicode>
                    </TextEquiv>
                    <TextStyle fontFamily="Arial" fontSize="11.0" bold="true"/>
                </Word>
                <Word id="w_w1aab1c11b2b3b5ac99" language="German" custom="readingOrder {index:8;}">
                    <Coords points="877,963 924,963 924,997 877,997"/>
                    <TextEquiv>
                        <Unicode>der</Unicode>
                    </TextEquiv>
                    <TextStyle fontFamily="Arial" fontSize="11.0" bold="true"/>
                </Word>
                <Word id="w_w1aab1c11b2b3b5ad107" language="German" custom="readingOrder {index:9;}">
                    <Coords points="938,963 1031,963 1031,998 938,998"/>
                    <TextEquiv>
                        <Unicode>vorher</Unicode>
                    </TextEquiv>
                    <TextStyle fontFamily="Arial" fontSize="11.0" bold="true"/>
                </Word>
                <TextEquiv>
                    <Unicode>gefecht gleich nach dem Fallen des ersten Stiers, der vorher</Unicode>
                </TextEquiv>
                <TextStyle fontFamily="Arial" fontSize="11.0" bold="true"/>
            </TextLine>
            <TextLine id="tl_12" primaryLanguage="German" custom="readingOrder {index:3;}">
                <Coords points="136,1001 1030,1001 1030,1037 136,1037"/>
                <Baseline points="136,1033 1030,1033"/>
                <Word id="w_w1aab1c11b2b3b7ab1" language="German" custom="readingOrder {index:0;}">
                    <Coords points="136,1001 196,1001 196,1035 136,1035"/>
                    <TextEquiv>
                        <Unicode>fünf</Unicode>
                    </TextEquiv>
                    <TextStyle fontFamily="Arial" fontSize="11.0" bold="true"/>
                </Word>
                <Word id="w_w1aab1c11b2b3b7ac11" language="German" custom="readingOrder {index:1;}">
                    <Coords points="215,1002 309,1002 309,1036 215,1036"/>
                    <TextEquiv>
                        <Unicode>Pferde</Unicode>
                    </TextEquiv>
                    <TextStyle fontFamily="Arial" fontSize="11.0" bold="true"/>
                </Word>
                <Word id="w_w1aab1c11b2b3b7ac25" language="German" custom="readingOrder {index:2;}">
                    <Coords points="327,1001 440,1001 440,1036 327,1036"/>
                    <TextEquiv>
                        <Unicode>getötet</Unicode>
                    </TextEquiv>
                    <TextStyle fontFamily="Arial" fontSize="11.0" bold="true"/>
                </Word>
                <Word id="w_w1aab1c11b2b3b7ac43" language="German" custom="readingOrder {index:3;}">
                    <Coords points="459,1002 561,1002 561,1034 459,1034"/>
                    <TextEquiv>
                        <Unicode>hatte,</Unicode>
                    </TextEquiv>
                    <TextStyle fontFamily="Arial" fontSize="11.0" bold="true"/>
                </Word>
                <Word id="w_w1aab1c11b2b3b7ac59" language="German" custom="readingOrder {index:4;}">
                    <Coords points="576,1002 690,1002 690,1037 576,1037"/>
                    <TextEquiv>
                        <Unicode>verließ,</Unicode>
                    </TextEquiv>
                    <TextStyle fontFamily="Arial" fontSize="11.0" bold="true"/>
                </Word>
                <Word id="w_w1aab1c11b2b3b7ac77" language="German" custom="readingOrder {index:5;}">
                    <Coords points="717,1006 773,1006 773,1035 717,1035"/>
                    <TextEquiv>
                        <Unicode>und</Unicode>
                    </TextEquiv>
                    <TextStyle fontFamily="Arial" fontSize="11.0" bold="true"/>
                </Word>
                <Word id="w_w1aab1c11b2b3b7ac85" language="German" custom="readingOrder {index:6;}">
                    <Coords points="792,1005 863,1005 863,1036 792,1036"/>
                    <TextEquiv>
                        <Unicode>nicht</Unicode>
                    </TextEquiv>
                    <TextStyle fontFamily="Arial" fontSize="11.0" bold="true"/>
                </Word>
                <Word id="w_w1aab1c11b2b3b7ac97" language="German" custom="readingOrder {index:7;}">
                    <Coords points="878,1005 973,1005 973,1037 878,1037"/>
                    <TextEquiv>
                        <Unicode>wieder</Unicode>
                    </TextEquiv>
                    <TextStyle fontFamily="Arial" fontSize="11.0" bold="true"/>
                </Word>
                <Word id="w_w1aab1c11b2b3b7ad111" language="German" custom="readingOrder {index:8;}">
                    <Coords points="991,1012 1030,1012 1030,1036 991,1036"/>
                    <TextEquiv>
                        <Unicode>er¬</Unicode>
                    </TextEquiv>
                    <TextStyle fontFamily="Arial" fontSize="11.0" bold="true"/>
                </Word>
                <TextEquiv>
                    <Unicode>fünf Pferde getötet hatte, verließ, und nicht wieder er¬</Unicode>
                </TextEquiv>
                <TextStyle fontFamily="Arial" fontSize="11.0" bold="true"/>
            </TextLine>
            <TextLine id="tl_13" primaryLanguage="German" custom="readingOrder {index:4;}">
                <Coords points="137,1045 1031,1045 1031,1083 137,1083"/>
                <Baseline points="137,1076 1031,1076"/>
                <Word id="w_w1aab1c11b2b3b9ab1" language="German" custom="readingOrder {index:0;}">
                    <Coords points="137,1045 226,1045 226,1078 137,1078"/>
                    <TextEquiv>
                        <Unicode>schien.</Unicode>
                    </TextEquiv>
                    <TextStyle fontFamily="Arial" fontSize="11.0" bold="true"/>
                </Word>
                <Word id="w_w1aab1c11b2b3b9ac17" language="German" custom="readingOrder {index:1;}">
                    <Coords points="265,1045 319,1045 319,1078 265,1078"/>
                    <TextEquiv>
                        <Unicode>Sie</Unicode>
                    </TextEquiv>
                    <TextStyle fontFamily="Arial" fontSize="11.0" bold="true"/>
                </Word>
                <Word id="w_w1aab1c11b2b3b9ac25" language="German" custom="readingOrder {index:2;}">
                    <Coords points="338,1046 423,1046 423,1075 338,1075"/>
                    <TextEquiv>
                        <Unicode>wollte</Unicode>
                    </TextEquiv>
                    <TextStyle fontFamily="Arial" fontSize="11.0" bold="true"/>
                </Word>
                <Word id="w_w1aab1c11b2b3b9ac39" language="German" custom="readingOrder {index:3;}">
                    <Coords points="444,1051 491,1051 491,1073 444,1073"/>
                    <TextEquiv>
                        <Unicode>am</Unicode>
                    </TextEquiv>
                    <TextStyle fontFamily="Arial" fontSize="11.0" bold="true"/>
                </Word>
                <Word id="word_1513468937780_3255" language="German" custom="readingOrder {index:4;}">
                    <Coords points="520,1055 536,1055 536,1072 515,1074 503,1074 503,1056"/>
                    <TextEquiv>
                        <Unicode>10</Unicode>
                    </TextEquiv>
                    <TextStyle fontFamily="Arial" fontSize="11.0" bold="true"/>
                </Word>
                <Word id="w_w1aab1c11b2b3b9b2b1" language="German" custom="readingOrder {index:5;}">
                    <Coords points="539,1065 546,1065 546,1074 539,1074"/>
                    <TextEquiv>
                        <Unicode>.</Unicode>
                    </TextEquiv>
                    <TextStyle fontFamily="Arial" fontSize="11.0" bold="true"/>
                </Word>
                <Word id="w_w1aab1c11b2b3b9b2b5" language="German" custom="readingOrder {index:6;}">
                    <Coords points="566,1052 598,1052 598,1077 566,1077"/>
                    <TextEquiv>
                        <Unicode>zu</Unicode>
                    </TextEquiv>
                    <TextStyle fontFamily="Arial" fontSize="11.0" bold="true"/>
                </Word>
                <Word id="w_w1aab1c11b2b3b9b2c11" language="German" custom="readingOrder {index:7;}">
                    <Coords points="618,1047 752,1047 752,1083 618,1083"/>
                    <TextEquiv>
                        <Unicode>Zelada,</Unicode>
                    </TextEquiv>
                    <TextStyle fontFamily="Arial" fontSize="11.0" bold="true"/>
                </Word>
                <Word id="w_w1aab1c11b2b3b9b2c27" language="German" custom="readingOrder {index:8;}">
                    <Coords points="771,1056 814,1056 814,1079 771,1079"/>
                    <TextEquiv>
                        <Unicode>am</Unicode>
                    </TextEquiv>
                    <TextStyle fontFamily="Arial" fontSize="11.0" bold="true"/>
                </Word>
                <Word id="word_1513469198508_3257" language="German" custom="readingOrder {index:9;}">
                    <Coords points="889,1082 838,1082 838,1057 889,1057"/>
                    <TextEquiv>
                        <Unicode>11.</Unicode>
                    </TextEquiv>
                    <TextStyle fontFamily="Arial" fontSize="11.0" bold="true"/>
                </Word>
                <Word id="word_1513469198507_3256" language="German" custom="readingOrder {index:10;}">
                    <Coords points="927,1082 889,1082 889,1057 927,1057"/>
                    <TextEquiv>
                        <Unicode>zu</Unicode>
                    </TextEquiv>
                    <TextStyle fontFamily="Arial" fontSize="11.0" bold="true"/>
                </Word>
                <Word id="w_w1aab1c11b2b3b9b4b3" language="German" custom="readingOrder {index:11;}">
                    <Coords points="945,1049 1031,1049 1031,1082 945,1082"/>
                    <TextEquiv>
                        <Unicode>Bur¬</Unicode>
                    </TextEquiv>
                    <TextStyle fontFamily="Arial" fontSize="11.0" bold="true"/>
                </Word>
                <TextEquiv>
                    <Unicode>schien. Sie wollte am 10. zu Zelada, am 11. zu Bur¬</Unicode>
                </TextEquiv>
            </TextLine>
            <TextLine id="tl_14" primaryLanguage="German" custom="readingOrder {index:5;}">
                <Coords points="135,1087 1030,1087 1030,1128 135,1128"/>
                <Baseline points="135,1120 1030,1120"/>
                <Word id="w_w1aab1c11b2b3c11ab1" language="German" custom="readingOrder {index:0;}">
                    <Coords points="135,1096 212,1096 212,1125 135,1125"/>
                    <TextEquiv>
                        <Unicode>gos,</Unicode>
                    </TextEquiv>
                    <TextStyle fontFamily="Arial" fontSize="11.0" bold="true"/>
                </Word>
                <Word id="w_w1aab1c11b2b3c11ac11" language="German" custom="readingOrder {index:1;}">
                    <Coords points="234,1094 270,1094 270,1117 234,1117"/>
                    <TextEquiv>
                        <Unicode>wo</Unicode>
                    </TextEquiv>
                    <TextStyle fontFamily="Arial" fontSize="11.0" bold="true"/>
                </Word>
                <Word id="w_w1aab1c11b2b3c11ac17" language="German" custom="readingOrder {index:2;}">
                    <Coords points="288,1087 363,1087 363,1121 288,1121"/>
                    <TextEquiv>
                        <Unicode>große</Unicode>
                    </TextEquiv>
                    <TextStyle fontFamily="Arial" fontSize="11.0" bold="true"/>
                </Word>
                <Word id="w_w1aab1c11b2b3c11ac29" language="German" custom="readingOrder {index:3;}">
                    <Coords points="379,1088 513,1088 513,1120 379,1120"/>
                    <TextEquiv>
                        <Unicode>Anstalten</Unicode>
                    </TextEquiv>
                    <TextStyle fontFamily="Arial" fontSize="11.0" bold="true"/>
                </Word>
                <Word id="w_w1aab1c11b2b3c11ac49" language="German" custom="readingOrder {index:4;}">
                    <Coords points="535,1088 564,1088 564,1120 535,1120"/>
                    <TextEquiv>
                        <Unicode>zu</Unicode>
                    </TextEquiv>
                    <TextStyle fontFamily="Arial" fontSize="11.0" bold="true"/>
                </Word>
                <Word id="w_w1aab1c11b2b3c11ac55" language="German" custom="readingOrder {index:5;}">
                    <Coords points="580,1088 663,1088 663,1122 580,1122"/>
                    <TextEquiv>
                        <Unicode>ihrem</Unicode>
                    </TextEquiv>
                    <TextStyle fontFamily="Arial" fontSize="11.0" bold="true"/>
                </Word>
                <Word id="w_w1aab1c11b2b3c11ac67" language="German" custom="readingOrder {index:6;}">
                    <Coords points="678,1091 829,1091 829,1125 678,1125"/>
                    <TextEquiv>
                        <Unicode>feyerlichen</Unicode>
                    </TextEquiv>
                    <TextStyle fontFamily="Arial" fontSize="11.0" bold="true"/>
                </Word>
                <Word id="w_w1aab1c11b2b3c11ac91" language="German" custom="readingOrder {index:7;}">
                    <Coords points="848,1094 977,1094 977,1128 848,1128"/>
                    <TextEquiv>
                        <Unicode>Empfang</Unicode>
                    </TextEquiv>
                    <TextStyle fontFamily="Arial" fontSize="11.0" bold="true"/>
                </Word>
                <Word id="w_w1aab1c11b2b3c11ad107" language="German" custom="readingOrder {index:8;}">
                    <Coords points="990,1100 1030,1100 1030,1128 990,1128"/>
                    <TextEquiv>
                        <Unicode>ge¬</Unicode>
                    </TextEquiv>
                    <TextStyle fontFamily="Arial" fontSize="11.0" bold="true"/>
                </Word>
                <TextEquiv>
                    <Unicode>gos, wo große Anstalten zu ihrem feyerlichen Empfang ge¬</Unicode>
                </TextEquiv>
                <TextStyle fontFamily="Arial" fontSize="11.0" bold="true"/>
            </TextLine>
            <TextLine id="tl_15" primaryLanguage="German" custom="readingOrder {index:6;}">
                <Coords points="135,1128 1030,1128 1030,1168 135,1168"/>
                <Baseline points="135,1162 1030,1162"/>
                <Word id="w_w1aab1c11b2b3c13ab1" language="German" custom="readingOrder {index:0;}">
                    <Coords points="135,1136 217,1136 217,1162 135,1162"/>
                    <TextEquiv>
                        <Unicode>macht</Unicode>
                    </TextEquiv>
                    <TextStyle fontFamily="Arial" fontSize="11.0" bold="true"/>
                </Word>
                <Word id="w_w1aab1c11b2b3c13ac11" language="German" custom="readingOrder {index:1;}">
                    <Coords points="232,1132 351,1132 351,1162 232,1162"/>
                    <TextEquiv>
                        <Unicode>wurden,</Unicode>
                    </TextEquiv>
                    <TextStyle fontFamily="Arial" fontSize="11.0" bold="true"/>
                </Word>
                <Word id="w_w1aab1c11b2b3c13ac27" language="German" custom="readingOrder {index:2;}">
                    <Coords points="371,1131 423,1131 423,1161 371,1161"/>
                    <TextEquiv>
                        <Unicode>und</Unicode>
                    </TextEquiv>
                    <TextStyle fontFamily="Arial" fontSize="11.0" bold="true"/>
                </Word>
                <Word id="w_w1aab1c11b2b3c13ac35" language="German" custom="readingOrder {index:3;}">
                    <Coords points="439,1138 487,1138 487,1160 439,1160"/>
                    <TextEquiv>
                        <Unicode>am</Unicode>
                    </TextEquiv>
                    <TextStyle fontFamily="Arial" fontSize="11.0" bold="true"/>
                </Word>
                <Word id="w_w1aab1c11b2b3c13b1b1" language="German" custom="readingOrder {index:4;}">
                    <Coords points="499,1141 535,1141 535,1160 499,1160"/>
                    <TextEquiv>
                        <Unicode>20</Unicode>
                    </TextEquiv>
                    <TextStyle fontFamily="Arial" fontSize="10.0"/>
                </Word>
                <Word id="w_w1aab1c11b2b3c13b2b1" language="German" custom="readingOrder {index:5;}">
                    <Coords points="539,1154 543,1154 543,1160 539,1160"/>
                    <TextEquiv>
                        <Unicode>.</Unicode>
                    </TextEquiv>
                    <TextStyle fontFamily="Arial" fontSize="11.0" bold="true"/>
                </Word>
                <Word id="w_w1aab1c11b2b3c13b2b5" language="German" custom="readingOrder {index:6;}">
                    <Coords points="558,1128 755,1128 755,1166 558,1166"/>
                    <TextEquiv>
                        <Unicode>wahrscheinlich</Unicode>
                    </TextEquiv>
                    <TextStyle fontFamily="Arial" fontSize="11.0" bold="true"/>
                </Word>
                <Word id="w_w1aab1c11b2b3c13b2c35" language="German" custom="readingOrder {index:7;}">
                    <Coords points="772,1143 802,1143 802,1168 772,1168"/>
                    <TextEquiv>
                        <Unicode>zu</Unicode>
                    </TextEquiv>
                    <TextStyle fontFamily="Arial" fontSize="11.0" bold="true"/>
                </Word>
                <Word id="word_1513469237761_3259" language="German" custom="readingOrder {index:8;}">
                    <Coords points="972,1167 820,1167 820,1136 972,1136"/>
                    <TextEquiv>
                        <Unicode>Madrid</Unicode>
                    </TextEquiv>
                    <TextStyle fontFamily="Arial" fontSize="11.0" bold="true"/>
                </Word>
                <Word id="word_1513469237760_3258" language="German" custom="readingOrder {index:9;}">
                    <Coords points="1030,1167 972,1167 972,1136 1030,1136"/>
                    <TextEquiv>
                        <Unicode>ein¬</Unicode>
                    </TextEquiv>
                    <TextStyle fontFamily="Arial" fontSize="11.0" bold="true"/>
                </Word>
                <TextEquiv>
                    <Unicode>macht wurden, und am 20. wahrscheinlich zu Madrid ein¬</Unicode>
                </TextEquiv>
            </TextLine>
            <TextLine id="tl_16" primaryLanguage="German" custom="readingOrder {index:7;}">
                <Coords points="135,1174 1033,1174 1033,1213 135,1213"/>
                <Baseline points="135,1206 1033,1206"/>
                <Word id="w_w1aab1c11b2b3c15ab1" language="German" custom="readingOrder {index:0;}">
                    <Coords points="135,1175 240,1175 240,1210 135,1210"/>
                    <TextEquiv>
                        <Unicode>treffen.</Unicode>
                    </TextEquiv>
                    <TextStyle fontFamily="Arial" fontSize="11.0" bold="true"/>
                </Word>
                <Word id="w_w1aab1c11b2b3c15ac19" language="German" custom="readingOrder {index:1;}">
                    <Coords points="258,1189 293,1189 293,1196 258,1196"/>
                    <TextEquiv>
                        <Unicode>—</Unicode>
                    </TextEquiv>
                    <TextStyle fontFamily="Arial" fontSize="11.0" bold="true"/>
                </Word>
                <Word id="w_w1aab1c11b2b3c15ac23" language="German" custom="readingOrder {index:2;}">
                    <Coords points="314,1174 364,1174 364,1204 314,1204"/>
                    <TextEquiv>
                        <Unicode>Ein</Unicode>
                    </TextEquiv>
                    <TextStyle fontFamily="Arial" fontSize="11.0" bold="true"/>
                </Word>
                <Word id="w_w1aab1c11b2b3c15ac31" language="German" custom="readingOrder {index:3;}">
                    <Coords points="378,1174 499,1174 499,1205 378,1205"/>
                    <TextEquiv>
                        <Unicode>Cirkular</Unicode>
                    </TextEquiv>
                    <TextStyle fontFamily="Arial" fontSize="11.0" bold="true"/>
                </Word>
                <Word id="w_w1aab1c11b2b3c15ac49" language="German" custom="readingOrder {index:4;}">
                    <Coords points="513,1174 558,1174 558,1204 513,1204"/>
                    <TextEquiv>
                        <Unicode>des</Unicode>
                    </TextEquiv>
                    <TextStyle fontFamily="Arial" fontSize="11.0" bold="true"/>
                </Word>
                <Word id="w_w1aab1c11b2b3c15ac57" language="German" custom="readingOrder {index:5;}">
                    <Coords points="569,1175 857,1175 857,1212 569,1212"/>
                    <TextEquiv>
                        <Unicode>Finanzministeriums</Unicode>
                    </TextEquiv>
                    <TextStyle fontFamily="Arial" fontSize="11.0" bold="true"/>
                </Word>
                <Word id="w_w1aab1c11b2b3c15ac95" language="German" custom="readingOrder {index:6;}">
                    <Coords points="870,1178 969,1178 969,1213 870,1213"/>
                    <TextEquiv>
                        <Unicode>befreyt</Unicode>
                    </TextEquiv>
                    <TextStyle fontFamily="Arial" fontSize="11.0" bold="true"/>
                </Word>
                <Word id="w_w1aab1c11b2b3c15ad111" language="German" custom="readingOrder {index:7;}">
                    <Coords points="981,1179 1033,1179 1033,1209 981,1209"/>
                    <TextEquiv>
                        <Unicode>die¬</Unicode>
                    </TextEquiv>
                    <TextStyle fontFamily="Arial" fontSize="11.0" bold="true"/>
                </Word>
                <TextEquiv>
                    <Unicode>treffen. — Ein Cirkular des Finanzministeriums befreyt die¬</Unicode>
                </TextEquiv>
                <TextStyle fontFamily="Arial" fontSize="11.0" bold="true"/>
            </TextLine>
            <TextLine id="tl_17" primaryLanguage="German" custom="readingOrder {index:8;}">
                <Coords points="133,1217 1033,1217 1033,1254 133,1254"/>
                <Baseline points="133,1252 1033,1252"/>
                <Word id="word_1513469281465_3271" language="German" custom="readingOrder {index:0;}">
                    <Coords points="265,1254 133,1254 133,1217 265,1217"/>
                    <TextEquiv>
                        <Unicode>jenigen,</Unicode>
                    </TextEquiv>
                    <TextStyle fontFamily="Arial" fontSize="11.0" bold="true"/>
                </Word>
                <Word id="word_1513469281464_3270" language="German" custom="readingOrder {index:1;}">
                    <Coords points="372,1254 265,1254 265,1217 372,1217"/>
                    <TextEquiv>
                        <Unicode>welche</Unicode>
                    </TextEquiv>
                    <TextStyle fontFamily="Arial" fontSize="11.0" bold="true"/>
                </Word>
                <Word id="word_1513469280080_3268" language="German" custom="readingOrder {index:2;}">
                    <Coords points="537,1254 372,1254 372,1217 537,1217"/>
                    <TextEquiv>
                        <Unicode>unbebaute</Unicode>
                    </TextEquiv>
                    <TextStyle fontFamily="Arial" fontSize="11.0" bold="true"/>
                </Word>
                <Word id="word_1513469278497_3266" language="German" custom="readingOrder {index:3;}">
                    <Coords points="715,1254 537,1254 537,1217 715,1217"/>
                    <TextEquiv>
                        <Unicode>Ländereyen</Unicode>
                    </TextEquiv>
                    <TextStyle fontFamily="Arial" fontSize="11.0" bold="true"/>
                </Word>
                <Word id="word_1513469276381_3264" language="German" custom="readingOrder {index:4;}">
                    <Coords points="805,1254 715,1254 715,1217 805,1217"/>
                    <TextEquiv>
                        <Unicode>urbar</Unicode>
                    </TextEquiv>
                    <TextStyle fontFamily="Arial" fontSize="11.0" bold="true"/>
                </Word>
                <Word id="word_1513469275137_3262" language="German" custom="readingOrder {index:5;}">
                    <Coords points="955,1254 805,1254 805,1217 955,1217"/>
                    <TextEquiv>
                        <Unicode>machen,</Unicode>
                    </TextEquiv>
                    <TextStyle fontFamily="Arial" fontSize="11.0" bold="true"/>
                </Word>
                <Word id="word_1513469273716_3260" language="German" custom="readingOrder {index:6;}">
                    <Coords points="1033,1254 955,1254 955,1217 1033,1217"/>
                    <TextEquiv>
                        <Unicode>beym</Unicode>
                    </TextEquiv>
                    <TextStyle fontFamily="Arial" fontSize="11.0" bold="true"/>
                </Word>
                <TextEquiv>
                    <Unicode>jenigen, welche unbebaute Ländereyen urbar machen, beym</Unicode>
                </TextEquiv>
                <TextStyle fontFamily="Arial" fontSize="11.0" bold="true"/>
            </TextLine>
            <TextLine id="tl_18" primaryLanguage="German" custom="readingOrder {index:9;}">
                <Coords points="136,1257 1033,1257 1033,1300 136,1300"/>
                <Baseline points="136,1290 1033,1290"/>
                <Word id="w_w1aab1c11b2b3c19ab1" language="German" custom="readingOrder {index:0;}">
                    <Coords points="136,1260 231,1260 231,1292 136,1292"/>
                    <TextEquiv>
                        <Unicode>Anbau</Unicode>
                    </TextEquiv>
                    <TextStyle fontFamily="Arial" fontSize="11.0" bold="true"/>
                </Word>
                <Word id="w_w1aab1c11b2b3c19ac13" language="German" custom="readingOrder {index:1;}">
                    <Coords points="251,1267 300,1267 300,1290 251,1290"/>
                    <TextEquiv>
                        <Unicode>von</Unicode>
                    </TextEquiv>
                    <TextStyle fontFamily="Arial" fontSize="11.0" bold="true"/>
                </Word>
                <Word id="w_w1aab1c11b2b3c19ac21" language="German" custom="readingOrder {index:2;}">
                    <Coords points="320,1257 446,1257 446,1291 320,1291"/>
                    <TextEquiv>
                        <Unicode>Getreide</Unicode>
                    </TextEquiv>
                    <TextStyle fontFamily="Arial" fontSize="11.0" bold="true"/>
                </Word>
                <Word id="w_w1aab1c11b2b3c19ac39" language="German" custom="readingOrder {index:3;}">
                    <Coords points="466,1260 514,1260 514,1295 466,1295"/>
                    <TextEquiv>
                        <Unicode>auf</Unicode>
                    </TextEquiv>
                    <TextStyle fontFamily="Arial" fontSize="11.0" bold="true"/>
                </Word>
                <Word id="w_w1aab1c11b2b3c19b1b1" language="German" custom="readingOrder {index:4;}">
                    <Coords points="533,1266 549,1266 549,1295 533,1295"/>
                    <TextEquiv>
                        <Unicode>4</Unicode>
                    </TextEquiv>
                    <TextStyle fontFamily="Arial" fontSize="10.0"/>
                </Word>
                <Word id="w_w1aab1c11b2b3c19b2b1" language="German" custom="readingOrder {index:5;}">
                    <Coords points="558,1276 567,1276 567,1292 558,1292"/>
                    <TextEquiv>
                        <Unicode>,</Unicode>
                    </TextEquiv>
                    <TextStyle fontFamily="Arial" fontSize="11.0" bold="true"/>
                </Word>
                <Word id="w_w1aab1c11b2b3c19b2b5" language="German" custom="readingOrder {index:6;}">
                    <Coords points="587,1262 633,1262 633,1292 587,1292"/>
                    <TextEquiv>
                        <Unicode>bey</Unicode>
                    </TextEquiv>
                    <TextStyle fontFamily="Arial" fontSize="11.0" bold="true"/>
                </Word>
                <Word id="w_w1aab1c11b2b3c19b2c13" language="German" custom="readingOrder {index:7;}">
                    <Coords points="652,1262 856,1262 856,1298 652,1298"/>
                    <TextEquiv>
                        <Unicode>Fruchtbäumen</Unicode>
                    </TextEquiv>
                    <TextStyle fontFamily="Arial" fontSize="11.0" bold="true"/>
                </Word>
                <Word id="word_1513469350733_3273" language="German" custom="readingOrder {index:8;}">
                    <Coords points="943,1300 868,1300 868,1260 943,1260"/>
                    <TextEquiv>
                        <Unicode>und</Unicode>
                    </TextEquiv>
                    <TextStyle fontFamily="Arial" fontSize="11.0" bold="true"/>
                </Word>
                <Word id="word_1513469350733_3272" language="German" custom="readingOrder {index:9;}">
                    <Coords points="1033,1300 943,1300 943,1260 1033,1260"/>
                    <TextEquiv>
                        <Unicode>Wein¬</Unicode>
                    </TextEquiv>
                    <TextStyle fontFamily="Arial" fontSize="11.0" bold="true"/>
                </Word>
                <TextEquiv>
                    <Unicode>Anbau von Getreide auf 4, bey Fruchtbäumen und Wein¬</Unicode>
                </TextEquiv>
            </TextLine>
            <TextLine id="tl_19" primaryLanguage="German" custom="readingOrder {index:10;}">
                <Coords points="116,1303 1033,1303 1033,1342 116,1342"/>
                <Baseline points="116,1334 1033,1334"/>
                <Word id="w_w1aab1c11b2b3c21ab5" language="German" custom="readingOrder {index:0;}">
                    <Coords points="136,1304 214,1304 214,1334 136,1334"/>
                    <TextEquiv>
                        <Unicode>reben</Unicode>
                    </TextEquiv>
                    <TextStyle fontFamily="Arial" fontSize="11.0" bold="true"/>
                </Word>
                <Word id="w_w1aab1c11b2b3c21ac17" language="German" custom="readingOrder {index:1;}">
                    <Coords points="232,1303 279,1303 279,1338 232,1338"/>
                    <TextEquiv>
                        <Unicode>auf</Unicode>
                    </TextEquiv>
                    <TextStyle fontFamily="Arial" fontSize="11.0" bold="true"/>
                </Word>
                <Word id="w_w1aab1c11b2b3c21b1b1" language="German" custom="readingOrder {index:2;}">
                    <Coords points="299,1312 314,1312 314,1338 299,1338"/>
                    <TextEquiv>
                        <Unicode>7</Unicode>
                    </TextEquiv>
                    <TextStyle fontFamily="Arial" fontSize="10.0"/>
                </Word>
                <Word id="w_w1aab1c11b2b3c21b2b1" language="German" custom="readingOrder {index:3;}">
                    <Coords points="322,1319 331,1319 331,1335 322,1335"/>
                    <TextEquiv>
                        <Unicode>,</Unicode>
                    </TextEquiv>
                    <TextStyle fontFamily="Arial" fontSize="11.0" bold="true"/>
                </Word>
                <Word id="w_w1aab1c11b2b3c21b2b5" language="German" custom="readingOrder {index:4;}">
                    <Coords points="352,1303 397,1303 397,1336 352,1336"/>
                    <TextEquiv>
                        <Unicode>bey</Unicode>
                    </TextEquiv>
                    <TextStyle fontFamily="Arial" fontSize="11.0" bold="true"/>
                </Word>
                <Word id="word_1513469379698_3274" language="German" custom="readingOrder {index:5;}">
                    <Coords points="502,1303 669,1303 669,1336 502,1336 416,1333 416,1304"/>
                    <TextEquiv>
                        <Unicode>Maulbeerbäumen</Unicode>
                    </TextEquiv>
                    <TextStyle fontFamily="Arial" fontSize="11.0" bold="true"/>
                </Word>
                <Word id="w_w1aab1c11b2b3c21b2c45" language="German" custom="readingOrder {index:6;}">
                    <Coords points="689,1306 742,1306 742,1342 689,1342"/>
                    <TextEquiv>
                        <Unicode>auf</Unicode>
                    </TextEquiv>
                    <TextStyle fontFamily="Arial" fontSize="11.0" bold="true"/>
                </Word>
                <Word id="w_w1aab1c11b2b3c21b3b1" language="German" custom="readingOrder {index:7;}">
                    <Coords points="754,1320 785,1320 785,1337 754,1337"/>
                    <TextEquiv>
                        <Unicode>12</Unicode>
                    </TextEquiv>
                    <TextStyle fontFamily="Arial" fontSize="10.0"/>
                </Word>
                <Word id="w_w1aab1c11b2b3c21b4b3" language="German" custom="readingOrder {index:8;}">
                    <Coords points="796,1324 806,1324 806,1339 796,1339"/>
                    <TextEquiv>
                        <Unicode>,</Unicode>
                    </TextEquiv>
                    <TextStyle fontFamily="Arial" fontSize="11.0" bold="true"/>
                </Word>
                <Word id="w_w1aab1c11b2b3c21b4b7" language="German" custom="readingOrder {index:9;}">
                    <Coords points="836,1307 882,1307 882,1341 836,1341"/>
                    <TextEquiv>
                        <Unicode>bey</Unicode>
                    </TextEquiv>
                    <TextStyle fontFamily="Arial" fontSize="11.0" bold="true"/>
                </Word>
                <Word id="w_w1aab1c11b2b3c21b4c15" language="German" custom="readingOrder {index:10;}">
                    <Coords points="900,1308 963,1308 963,1338 900,1338"/>
                    <TextEquiv>
                        <Unicode>Oel-</Unicode>
                    </TextEquiv>
                    <TextStyle fontFamily="Arial" fontSize="11.0" bold="true"/>
                </Word>
                <Word id="w_w1aab1c11b2b3c21b4c25" language="German" custom="readingOrder {index:11;}">
                    <Coords points="981,1308 1033,1308 1033,1337 981,1337"/>
                    <TextEquiv>
                        <Unicode>und</Unicode>
                    </TextEquiv>
                    <TextStyle fontFamily="Arial" fontSize="11.0" bold="true"/>
                </Word>
                <TextEquiv>
                    <Unicode>reben auf 7, bey Maulbeerbäumen auf 12, bey Oel- und</Unicode>
                </TextEquiv>
            </TextLine>
            <TextLine id="tl_20" primaryLanguage="German" custom="readingOrder {index:11;}">
                <Coords points="125,1346 1033,1346 1033,1386 125,1386"/>
                <Baseline points="125,1377 1033,1377"/>
                <Word id="w_w1aab1c11b2b3c23ab1" language="German" custom="readingOrder {index:0;}">
                    <Coords points="125,1346 444,1346 444,1382 125,1382"/>
                    <TextEquiv>
                        <Unicode>Johannisbrodbäumen</Unicode>
                    </TextEquiv>
                    <TextStyle fontFamily="Arial" fontSize="11.0" bold="true"/>
                </Word>
                <Word id="w_w1aab1c11b2b3c23ac41" language="German" custom="readingOrder {index:1;}">
                    <Coords points="456,1347 504,1347 504,1379 456,1379"/>
                    <TextEquiv>
                        <Unicode>auf</Unicode>
                    </TextEquiv>
                    <TextStyle fontFamily="Arial" fontSize="11.0" bold="true"/>
                </Word>
                <Word id="w_w1aab1c11b2b3c23b1b1" language="German" custom="readingOrder {index:2;}">
                    <Coords points="515,1357 549,1357 549,1375 515,1375"/>
                    <TextEquiv>
                        <Unicode>20</Unicode>
                    </TextEquiv>
                    <TextStyle fontFamily="Arial" fontSize="10.0"/>
                </Word>
                <Word id="w_w1aab1c11b2b3c23b2b3" language="German" custom="readingOrder {index:3;}">
                    <Coords points="569,1349 653,1349 653,1383 569,1383"/>
                    <TextEquiv>
                        <Unicode>Jahre</Unicode>
                    </TextEquiv>
                    <TextStyle fontFamily="Arial" fontSize="11.0" bold="true"/>
                </Word>
                <Word id="word_1513469420164_3276" language="German" custom="readingOrder {index:4;}">
                    <Coords points="728,1386 664,1386 664,1350 728,1350"/>
                    <TextEquiv>
                        <Unicode>vom</Unicode>
                    </TextEquiv>
                    <TextStyle fontFamily="Arial" fontSize="11.0" bold="true"/>
                </Word>
                <Word id="word_1513469420164_3275" language="German" custom="readingOrder {index:5;}">
                    <Coords points="859,1386 728,1386 728,1350 859,1350"/>
                    <TextEquiv>
                        <Unicode>Zehnten.</Unicode>
                    </TextEquiv>
                    <TextStyle fontFamily="Arial" fontSize="11.0" bold="true"/>
                </Word>
                <Word id="word_1513469431501_3278" language="German" custom="readingOrder {index:6;}">
                    <Coords points="952,1386 891,1386 891,1350 952,1350"/>
                    <TextEquiv>
                        <Unicode>Der</Unicode>
                    </TextEquiv>
                    <TextStyle fontFamily="Arial" fontSize="11.0" bold="true"/>
                </Word>
                <Word id="word_1513469431500_3277" language="German" custom="readingOrder {index:7;}">
                    <Coords points="1033,1386 952,1386 952,1350 1033,1350"/>
                    <TextEquiv>
                        <Unicode>Papst</Unicode>
                    </TextEquiv>
                    <TextStyle fontFamily="Arial" fontSize="11.0" bold="true"/>
                </Word>
                <TextEquiv>
                    <Unicode>Johannisbrodbäumen auf 20 Jahre vom Zehnten. Der Papst</Unicode>
                </TextEquiv>
            </TextLine>
            <TextLine id="tl_21" primaryLanguage="German" custom="readingOrder {index:12;}">
                <Coords points="137,1389 948,1389 948,1428 137,1428"/>
                <Baseline points="137,1421 948,1421"/>
                <Word id="w_w1aab1c11b2b3c25ab1" language="German" custom="readingOrder {index:0;}">
                    <Coords points="137,1391 184,1391 184,1428 137,1428"/>
                    <TextEquiv>
                        <Unicode>hat</Unicode>
                    </TextEquiv>
                    <TextStyle fontFamily="Arial" fontSize="11.0" bold="true"/>
                </Word>
                <Word id="w_w1aab1c11b2b3c25ab9" language="German" custom="readingOrder {index:1;}">
                    <Coords points="203,1391 276,1391 276,1426 203,1426"/>
                    <TextEquiv>
                        <Unicode>durch</Unicode>
                    </TextEquiv>
                    <TextStyle fontFamily="Arial" fontSize="11.0" bold="true"/>
                </Word>
                <Word id="w_w1aab1c11b2b3c25ac21" language="German" custom="readingOrder {index:2;}">
                    <Coords points="296,1390 337,1390 337,1422 296,1422"/>
                    <TextEquiv>
                        <Unicode>ein</Unicode>
                    </TextEquiv>
                    <TextStyle fontFamily="Arial" fontSize="11.0" bold="true"/>
                </Word>
                <Word id="w_w1aab1c11b2b3c25ac29" language="German" custom="readingOrder {index:3;}">
                    <Coords points="357,1392 447,1392 447,1421 357,1421"/>
                    <TextEquiv>
                        <Unicode>Breve</Unicode>
                    </TextEquiv>
                    <TextStyle fontFamily="Arial" fontSize="11.0" bold="true"/>
                </Word>
                <Word id="w_w1aab1c11b2b3c25ac41" language="German" custom="readingOrder {index:4;}">
                    <Coords points="470,1389 496,1389 496,1419 470,1419"/>
                    <TextEquiv>
                        <Unicode>in</Unicode>
                    </TextEquiv>
                    <TextStyle fontFamily="Arial" fontSize="11.0" bold="true"/>
                </Word>
                <Word id="w_w1aab1c11b2b3c25ac47" language="German" custom="readingOrder {index:5;}">
                    <Coords points="518,1391 585,1391 585,1423 518,1423"/>
                    <TextEquiv>
                        <Unicode>diese</Unicode>
                    </TextEquiv>
                    <TextStyle fontFamily="Arial" fontSize="11.0" bold="true"/>
                </Word>
                <Word id="w_w1aab1c11b2b3c25ac59" language="German" custom="readingOrder {index:6;}">
                    <Coords points="605,1393 792,1393 792,1427 605,1427"/>
                    <TextEquiv>
                        <Unicode>Verfügungen</Unicode>
                    </TextEquiv>
                    <TextStyle fontFamily="Arial" fontSize="11.0" bold="true"/>
                </Word>
                <Word id="w_w1aab1c11b2b3c25ac83" language="German" custom="readingOrder {index:7;}">
                    <Coords points="812,1392 948,1392 948,1428 812,1428"/>
                    <TextEquiv>
                        <Unicode>gewilligt.</Unicode>
                    </TextEquiv>
                    <TextStyle fontFamily="Arial" fontSize="11.0" bold="true"/>
                </Word>
                <TextEquiv>
                    <Unicode>hat durch ein Breve in diese Verfügungen gewilligt.</Unicode>
                </TextEquiv>
                <TextStyle fontFamily="Arial" fontSize="11.0" bold="true"/>
            </TextLine>
            <TextEquiv>
                <Unicode>Die Königin reist langsam; sie brachte den 7 . u. 8 . Oct.
zu Vittoria zu, wo sie das ihr zu. Ehren veranstaltete Stier¬
gefecht gleich nach dem Fallen des ersten Stiers, der vorher
fünf Pferde getötet hatte, verließ, und nicht wieder er¬
schien. Sie wollte am 10. zu Zelada, am 11. zu Bur¬
gos, wo große Anstalten zu ihrem feyerlichen Empfang ge¬
macht wurden, und am 20. wahrscheinlich zu Madrid ein¬
treffen. — Ein Cirkular des Finanzministeriums befreyt die¬
jenigen, welche unbebaute Ländereyen urbar machen, beym
Anbau von Getreide auf 4, bey Fruchtbäumen und Wein¬
reben auf 7, bey Maulbeerbäumen auf 12, bey Oel- und
Johannisbrodbäumen auf 20 Jahre vom Zehnten. Der Papst
hat durch ein Breve in diese Verfügungen gewilligt.</Unicode>
            </TextEquiv>
        </TextRegion>
        <TextRegion type="paragraph" id="r_6_3" custom="readingOrder {index:11;}">
            <Coords points="130,1432 1017,1432 1017,1472 130,1472"/>
            <TextLine id="line_1524475639392_104" primaryLanguage="German" custom="readingOrder {index:0;}">
                <Coords points="837,1471 334,1471 334,1433 837,1433"/>
                <Baseline points="334,1464 837,1464"/>
                <Word id="word_1524475639439_106" language="German" custom="readingOrder {index:0;}">
                    <Coords points="837,1469 698,1469 464,1467 348,1465 348,1437 464,1433 478,1433 837,1434"/>
                    <TextEquiv>
                        <Unicode>Großbritannien.</Unicode>
                    </TextEquiv>
                    <TextStyle fontFamily="Arial" fontSize="10.0"/>
                </Word>
                <TextEquiv>
                    <Unicode>Großbritannien.</Unicode>
                </TextEquiv>
            </TextLine>
            <TextEquiv>
                <Unicode>Großbritannien.</Unicode>
            </TextEquiv>
        </TextRegion>
        <TextRegion type="paragraph" id="r_6_4" custom="readingOrder {index:12;}">
            <Coords points="127,1472 1036,1472 1040,2307 131,2307"/>
            <TextLine id="tl_23" primaryLanguage="German" custom="readingOrder {index:0;}">
                <Coords points="129,1473 1033,1473 1033,1515 129,1515"/>
                <Baseline points="129,1509 1033,1509"/>
                <Word id="w_w1aab1c11b2b7b1ab5" language="German" custom="readingOrder {index:0;}">
                    <Coords points="176,1481 326,1481 326,1513 176,1513"/>
                    <TextEquiv>
                        <Unicode>London,</Unicode>
                    </TextEquiv>
                    <TextStyle fontFamily="Arial" fontSize="10.0"/>
                </Word>
                <Word id="w_w1aab1c11b2b7b1ac21" language="German" custom="readingOrder {index:1;}">
                    <Coords points="353,1486 380,1486 380,1515 353,1515"/>
                    <TextEquiv>
                        <Unicode>8.</Unicode>
                    </TextEquiv>
                    <TextStyle fontFamily="Arial" fontSize="10.0"/>
                </Word>
                <Word id="w_w1aab1c11b2b7b1ac27" language="German" custom="readingOrder {index:2;}">
                    <Coords points="399,1481 462,1481 462,1510 399,1510"/>
                    <TextEquiv>
                        <Unicode>Oct.</Unicode>
                    </TextEquiv>
                    <TextStyle fontFamily="Arial" fontSize="10.0"/>
                </Word>
                <Word id="w_w1aab1c11b2b7b1ac37" language="German" custom="readingOrder {index:3;}">
                    <Coords points="500,1478 593,1478 593,1514 500,1514"/>
                    <TextEquiv>
                        <Unicode>Unsere</Unicode>
                    </TextEquiv>
                    <TextStyle fontFamily="Arial" fontSize="10.0"/>
                </Word>
                <Word id="w_w1aab1c11b2b7b1ac51" language="German" custom="readingOrder {index:4;}">
                    <Coords points="615,1482 678,1482 678,1514 615,1514"/>
                    <TextEquiv>
                        <Unicode>Lage</Unicode>
                    </TextEquiv>
                    <TextStyle fontFamily="Arial" fontSize="10.0"/>
                </Word>
                <Word id="w_w1aab1c11b2b7b1ac61" language="German" custom="readingOrder {index:5;}">
                    <Coords points="702,1478 766,1478 766,1508 702,1508"/>
                    <TextEquiv>
                        <Unicode>wird</Unicode>
                    </TextEquiv>
                    <TextStyle fontFamily="Arial" fontSize="10.0"/>
                </Word>
                <Word id="w_w1aab1c11b2b7b1ac71" language="German" custom="readingOrder {index:6;}">
                    <Coords points="785,1473 836,1473 836,1509 785,1509"/>
                    <TextEquiv>
                        <Unicode>mit</Unicode>
                    </TextEquiv>
                    <TextStyle fontFamily="Arial" fontSize="10.0"/>
                </Word>
                <Word id="w_w1aab1c11b2b7b1ac79" language="German" custom="readingOrder {index:7;}">
                    <Coords points="856,1478 939,1478 939,1514 856,1514"/>
                    <TextEquiv>
                        <Unicode>jedem</Unicode>
                    </TextEquiv>
                    <TextStyle fontFamily="Arial" fontSize="10.0"/>
                </Word>
                <Word id="w_w1aab1c11b2b7b1ac91" language="German" custom="readingOrder {index:8;}">
                    <Coords points="958,1480 1033,1480 1033,1515 958,1515"/>
                    <TextEquiv>
                        <Unicode>Tage</Unicode>
                    </TextEquiv>
                    <TextStyle fontFamily="Arial" fontSize="10.0"/>
                </Word>
                <TextEquiv>
                    <Unicode>London, 8. Oct. Unsere Lage wird mit jedem Tage</Unicode>
                </TextEquiv>
                <TextStyle fontFamily="Arial" fontSize="10.0"/>
            </TextLine>
            <TextLine id="tl_24" primaryLanguage="German" custom="readingOrder {index:1;}">
                <Coords points="138,1521 1033,1521 1033,1557 138,1557"/>
                <Baseline points="138,1552 1033,1552"/>
                <Word id="w_w1aab1c11b2b7b3ab1" language="German" custom="readingOrder {index:0;}">
                    <Coords points="138,1523 315,1523 315,1555 138,1555"/>
                    <TextEquiv>
                        <Unicode>bedenklicher.</Unicode>
                    </TextEquiv>
                    <TextStyle fontFamily="Arial" fontSize="10.0"/>
                </Word>
                <Word id="w_w1aab1c11b2b7b3ac29" language="German" custom="readingOrder {index:1;}">
                    <Coords points="354,1524 413,1524 413,1553 354,1553"/>
                    <TextEquiv>
                        <Unicode>Der</Unicode>
                    </TextEquiv>
                    <TextStyle fontFamily="Arial" fontSize="10.0"/>
                </Word>
                <Word id="w_w1aab1c11b2b7b3ac37" language="German" custom="readingOrder {index:2;}">
                    <Coords points="417,1522 501,1522 501,1556 417,1556"/>
                    <TextEquiv>
                        <Unicode>Geist</Unicode>
                    </TextEquiv>
                    <TextStyle fontFamily="Arial" fontSize="10.0"/>
                </Word>
                <Word id="w_w1aab1c11b2b7b3ac49" language="German" custom="readingOrder {index:3;}">
                    <Coords points="517,1524 559,1524 559,1551 517,1551"/>
                    <TextEquiv>
                        <Unicode>der</Unicode>
                    </TextEquiv>
                    <TextStyle fontFamily="Arial" fontSize="10.0"/>
                </Word>
                <Word id="w_w1aab1c11b2b7b3ac57" language="German" custom="readingOrder {index:4;}">
                    <Coords points="570,1522 795,1522 795,1556 570,1556"/>
                    <TextEquiv>
                        <Unicode>Unzufriedenheit</Unicode>
                    </TextEquiv>
                    <TextStyle fontFamily="Arial" fontSize="10.0"/>
                </Word>
                <Word id="w_w1aab1c11b2b7b3ac89" language="German" custom="readingOrder {index:5;}">
                    <Coords points="807,1524 861,1524 861,1552 807,1552"/>
                    <TextEquiv>
                        <Unicode>und</Unicode>
                    </TextEquiv>
                    <TextStyle fontFamily="Arial" fontSize="10.0"/>
                </Word>
                <Word id="w_w1aab1c11b2b7b3ac97" language="German" custom="readingOrder {index:6;}">
                    <Coords points="871,1524 913,1524 913,1553 871,1553"/>
                    <TextEquiv>
                        <Unicode>der</Unicode>
                    </TextEquiv>
                    <TextStyle fontFamily="Arial" fontSize="10.0"/>
                </Word>
                <Word id="w_w1aab1c11b2b7b3ad105" language="German" custom="readingOrder {index:7;}">
                    <Coords points="923,1521 1033,1521 1033,1557 923,1557"/>
                    <TextEquiv>
                        <Unicode>Wunsch</Unicode>
                    </TextEquiv>
                    <TextStyle fontFamily="Arial" fontSize="10.0"/>
                </Word>
                <TextEquiv>
                    <Unicode>bedenklicher. Der Geist der Unzufriedenheit und der Wunsch</Unicode>
                </TextEquiv>
                <TextStyle fontFamily="Arial" fontSize="10.0"/>
            </TextLine>
            <TextLine id="tl_25" primaryLanguage="German" custom="readingOrder {index:2;}">
                <Coords points="137,1565 1034,1565 1034,1601 137,1601"/>
                <Baseline points="137,1596 1034,1596"/>
                <Word id="w_w1aab1c11b2b7b5ab1" language="German" custom="readingOrder {index:0;}">
                    <Coords points="137,1569 197,1569 197,1598 137,1598"/>
                    <TextEquiv>
                        <Unicode>nach</Unicode>
                    </TextEquiv>
                    <TextStyle fontFamily="Arial" fontSize="10.0"/>
                </Word>
                <Word id="w_w1aab1c11b2b7b5ac11" language="German" custom="readingOrder {index:1;}">
                    <Coords points="217,1566 288,1566 288,1596 217,1596"/>
                    <TextEquiv>
                        <Unicode>einer</Unicode>
                    </TextEquiv>
                    <TextStyle fontFamily="Arial" fontSize="10.0"/>
                </Word>
                <Word id="w_w1aab1c11b2b7b5ac23" language="German" custom="readingOrder {index:2;}">
                    <Coords points="310,1566 476,1566 476,1598 310,1598"/>
                    <TextEquiv>
                        <Unicode>Umwälzung</Unicode>
                    </TextEquiv>
                    <TextStyle fontFamily="Arial" fontSize="10.0"/>
                </Word>
                <Word id="w_w1aab1c11b2b7b5ac43" language="German" custom="readingOrder {index:3;}">
                    <Coords points="495,1566 641,1566 641,1597 495,1597"/>
                    <TextEquiv>
                        <Unicode>verbreiten</Unicode>
                    </TextEquiv>
                    <TextStyle fontFamily="Arial" fontSize="10.0"/>
                </Word>
                <Word id="w_w1aab1c11b2b7b5ac65" language="German" custom="readingOrder {index:4;}">
                    <Coords points="665,1565 706,1565 706,1601 665,1601"/>
                    <TextEquiv>
                        <Unicode>sich</Unicode>
                    </TextEquiv>
                    <TextStyle fontFamily="Arial" fontSize="10.0"/>
                </Word>
                <Word id="w_w1aab1c11b2b7b5ac75" language="German" custom="readingOrder {index:5;}">
                    <Coords points="732,1567 823,1567 823,1597 732,1597"/>
                    <TextEquiv>
                        <Unicode>immer</Unicode>
                    </TextEquiv>
                    <TextStyle fontFamily="Arial" fontSize="10.0"/>
                </Word>
                <Word id="w_w1aab1c11b2b7b5ac87" language="German" custom="readingOrder {index:6;}">
                    <Coords points="845,1567 916,1567 916,1600 845,1600"/>
                    <TextEquiv>
                        <Unicode>mehr</Unicode>
                    </TextEquiv>
                    <TextStyle fontFamily="Arial" fontSize="10.0"/>
                </Word>
                <Word id="w_w1aab1c11b2b7b5ac97" language="German" custom="readingOrder {index:7;}">
                    <Coords points="939,1566 965,1566 965,1596 939,1596"/>
                    <TextEquiv>
                        <Unicode>in</Unicode>
                    </TextEquiv>
                    <TextStyle fontFamily="Arial" fontSize="10.0"/>
                </Word>
                <Word id="w_w1aab1c11b2b7b5ad103" language="German" custom="readingOrder {index:8;}">
                    <Coords points="986,1567 1034,1567 1034,1596 986,1596"/>
                    <TextEquiv>
                        <Unicode>den</Unicode>
                    </TextEquiv>
                    <TextStyle fontFamily="Arial" fontSize="10.0"/>
                </Word>
                <TextEquiv>
                    <Unicode>nach einer Umwälzung verbreiten sich immer mehr in den</Unicode>
                </TextEquiv>
                <TextStyle fontFamily="Arial" fontSize="10.0"/>
            </TextLine>
            <TextLine id="tl_26" primaryLanguage="German" custom="readingOrder {index:3;}">
                <Coords points="138,1604 1034,1604 1034,1648 138,1648"/>
                <Baseline points="138,1638 1034,1638"/>
                <Word id="w_w1aab1c11b2b7b7ab1" language="German" custom="readingOrder {index:0;}">
                    <Coords points="138,1610 247,1610 247,1640 138,1640"/>
                    <TextEquiv>
                        <Unicode>niedern</Unicode>
                    </TextEquiv>
                    <TextStyle fontFamily="Arial" fontSize="10.0"/>
                </Word>
                <Word id="w_w1aab1c11b2b7b7ac17" language="German" custom="readingOrder {index:1;}">
                    <Coords points="257,1608 404,1608 404,1642 257,1642"/>
                    <TextEquiv>
                        <Unicode>Ständen;</Unicode>
                    </TextEquiv>
                    <TextStyle fontFamily="Arial" fontSize="10.0"/>
                </Word>
                <Word id="w_w1aab1c11b2b7b7ac35" language="German" custom="readingOrder {index:2;}">
                    <Coords points="424,1611 501,1611 501,1638 424,1638"/>
                    <TextEquiv>
                        <Unicode>Unter</Unicode>
                    </TextEquiv>
                    <TextStyle fontFamily="Arial" fontSize="10.0"/>
                </Word>
                <Word id="w_w1aab1c11b2b7b7ac47" language="German" custom="readingOrder {index:3;}">
                    <Coords points="521,1608 577,1608 577,1637 521,1637"/>
                    <TextEquiv>
                        <Unicode>dem</Unicode>
                    </TextEquiv>
                    <TextStyle fontFamily="Arial" fontSize="10.0"/>
                </Word>
                <Word id="w_w1aab1c11b2b7b7ac55" language="German" custom="readingOrder {index:4;}">
                    <Coords points="597,1611 687,1611 687,1648 597,1648"/>
                    <TextEquiv>
                        <Unicode>harten</Unicode>
                    </TextEquiv>
                    <TextStyle fontFamily="Arial" fontSize="10.0"/>
                </Word>
                <Word id="w_w1aab1c11b2b7b7ac69" language="German" custom="readingOrder {index:5;}">
                    <Coords points="709,1611 791,1611 791,1640 709,1640"/>
                    <TextEquiv>
                        <Unicode>Druck</Unicode>
                    </TextEquiv>
                    <TextStyle fontFamily="Arial" fontSize="10.0"/>
                </Word>
                <Word id="w_w1aab1c11b2b7b7ac81" language="German" custom="readingOrder {index:6;}">
                    <Coords points="808,1610 851,1610 851,1639 808,1639"/>
                    <TextEquiv>
                        <Unicode>der</Unicode>
                    </TextEquiv>
                    <TextStyle fontFamily="Arial" fontSize="10.0"/>
                </Word>
                <Word id="w_w1aab1c11b2b7b7ac89" language="German" custom="readingOrder {index:7;}">
                    <Coords points="864,1611 975,1611 975,1647 864,1647"/>
                    <TextEquiv>
                        <Unicode>Zeiten,</Unicode>
                    </TextEquiv>
                    <TextStyle fontFamily="Arial" fontSize="10.0"/>
                </Word>
                <Word id="w_w1aab1c11b2b7b7ad105" language="German" custom="readingOrder {index:8;}">
                    <Coords points="994,1604 1034,1604 1034,1640 994,1640"/>
                    <TextEquiv>
                        <Unicode>be¬</Unicode>
                    </TextEquiv>
                    <TextStyle fontFamily="Arial" fontSize="10.0"/>
                </Word>
                <TextEquiv>
                    <Unicode>niedern Ständen; Unter dem harten Druck der Zeiten, be¬</Unicode>
                </TextEquiv>
                <TextStyle fontFamily="Arial" fontSize="10.0"/>
            </TextLine>
            <TextLine id="tl_27" primaryLanguage="German" custom="readingOrder {index:4;}">
                <Coords points="139,1649 1034,1649 1034,1688 139,1688"/>
                <Baseline points="139,1681 1034,1681"/>
                <Word id="w_w1aab1c11b2b7b9ab1" language="German" custom="readingOrder {index:0;}">
                    <Coords points="139,1653 245,1653 245,1688 139,1688"/>
                    <TextEquiv>
                        <Unicode>sonders</Unicode>
                    </TextEquiv>
                    <TextStyle fontFamily="Arial" fontSize="10.0"/>
                </Word>
                <Word id="w_w1aab1c11b2b7b9ac17" language="German" custom="readingOrder {index:1;}">
                    <Coords points="263,1656 340,1656 340,1682 263,1682"/>
                    <TextEquiv>
                        <Unicode>unter</Unicode>
                    </TextEquiv>
                    <TextStyle fontFamily="Arial" fontSize="10.0"/>
                </Word>
                <Word id="w_w1aab1c11b2b7b9ac29" language="German" custom="readingOrder {index:2;}">
                    <Coords points="358,1652 400,1652 400,1680 358,1680"/>
                    <TextEquiv>
                        <Unicode>der</Unicode>
                    </TextEquiv>
                    <TextStyle fontFamily="Arial" fontSize="10.0"/>
                </Word>
                <Word id="w_w1aab1c11b2b7b9ac37" language="German" custom="readingOrder {index:3;}">
                    <Coords points="416,1649 522,1649 522,1685 416,1685"/>
                    <TextEquiv>
                        <Unicode>Menge</Unicode>
                    </TextEquiv>
                    <TextStyle fontFamily="Arial" fontSize="10.0"/>
                </Word>
                <Word id="w_w1aab1c11b2b7b9ac49" language="German" custom="readingOrder {index:4;}">
                    <Coords points="536,1658 584,1658 584,1681 536,1681"/>
                    <TextEquiv>
                        <Unicode>von</Unicode>
                    </TextEquiv>
                    <TextStyle fontFamily="Arial" fontSize="10.0"/>
                </Word>
                <Word id="w_w1aab1c11b2b7b9ac57" language="German" custom="readingOrder {index:5;}">
                    <Coords points="600,1653 718,1653 718,1687 600,1687"/>
                    <TextEquiv>
                        <Unicode>Abgaben</Unicode>
                    </TextEquiv>
                    <TextStyle fontFamily="Arial" fontSize="10.0"/>
                </Word>
                <Word id="w_w1aab1c11b2b7b9ac73" language="German" custom="readingOrder {index:6;}">
                    <Coords points="733,1653 879,1653 879,1688 733,1688"/>
                    <TextEquiv>
                        <Unicode>erliegend,</Unicode>
                    </TextEquiv>
                    <TextStyle fontFamily="Arial" fontSize="10.0"/>
                </Word>
                <Word id="w_w1aab1c11b2b7b9ac95" language="German" custom="readingOrder {index:7;}">
                    <Coords points="900,1654 979,1654 979,1688 900,1688"/>
                    <TextEquiv>
                        <Unicode>seufzt</Unicode>
                    </TextEquiv>
                    <TextStyle fontFamily="Arial" fontSize="10.0"/>
                </Word>
                <Word id="w_w1aab1c11b2b7b9ad109" language="German" custom="readingOrder {index:8;}">
                    <Coords points="991,1654 1034,1654 1034,1684 991,1684"/>
                    <TextEquiv>
                        <Unicode>der</Unicode>
                    </TextEquiv>
                    <TextStyle fontFamily="Arial" fontSize="10.0"/>
                </Word>
                <TextEquiv>
                    <Unicode>sonders unter der Menge von Abgaben erliegend, seufzt der</Unicode>
                </TextEquiv>
                <TextStyle fontFamily="Arial" fontSize="10.0"/>
            </TextLine>
            <TextLine id="tl_28" primaryLanguage="German" custom="readingOrder {index:5;}">
                <Coords points="139,1694 1034,1694 1034,1733 139,1733"/>
                <Baseline points="139,1725 1034,1725"/>
                <Word id="w_w1aab1c11b2b7c11ab1" language="German" custom="readingOrder {index:0;}">
                    <Coords points="139,1695 243,1695 243,1730 139,1730"/>
                    <TextEquiv>
                        <Unicode>größere</Unicode>
                    </TextEquiv>
                    <TextStyle fontFamily="Arial" fontSize="10.0"/>
                </Word>
                <Word id="w_w1aab1c11b2b7c11ac17" language="German" custom="readingOrder {index:1;}">
                    <Coords points="259,1695 337,1695 337,1729 259,1729"/>
                    <TextEquiv>
                        <Unicode>Theil</Unicode>
                    </TextEquiv>
                    <TextStyle fontFamily="Arial" fontSize="10.0"/>
                </Word>
                <Word id="w_w1aab1c11b2b7c11ac29" language="German" custom="readingOrder {index:2;}">
                    <Coords points="356,1695 400,1695 400,1724 356,1724"/>
                    <TextEquiv>
                        <Unicode>der</Unicode>
                    </TextEquiv>
                    <TextStyle fontFamily="Arial" fontSize="10.0"/>
                </Word>
                <Word id="w_w1aab1c11b2b7c11ac37" language="German" custom="readingOrder {index:3;}">
                    <Coords points="417,1694 519,1694 519,1725 417,1725"/>
                    <TextEquiv>
                        <Unicode>Nation</Unicode>
                    </TextEquiv>
                    <TextStyle fontFamily="Arial" fontSize="10.0"/>
                </Word>
                <Word id="w_w1aab1c11b2b7c11ac51" language="German" custom="readingOrder {index:4;}">
                    <Coords points="538,1698 595,1698 595,1724 538,1724"/>
                    <TextEquiv>
                        <Unicode>nach</Unicode>
                    </TextEquiv>
                    <TextStyle fontFamily="Arial" fontSize="10.0"/>
                </Word>
                <Word id="w_w1aab1c11b2b7c11ac59" language="German" custom="readingOrder {index:5;}">
                    <Coords points="616,1695 686,1695 686,1725 616,1725"/>
                    <TextEquiv>
                        <Unicode>einer</Unicode>
                    </TextEquiv>
                    <TextStyle fontFamily="Arial" fontSize="10.0"/>
                </Word>
                <Word id="w_w1aab1c11b2b7c11ac71" language="German" custom="readingOrder {index:6;}">
                    <Coords points="699,1697 906,1697 906,1733 699,1733"/>
                    <TextEquiv>
                        <Unicode>Veränderung,</Unicode>
                    </TextEquiv>
                    <TextStyle fontFamily="Arial" fontSize="10.0"/>
                </Word>
                <Word id="w_w1aab1c11b2b7c11ac97" language="German" custom="readingOrder {index:7;}">
                    <Coords points="926,1696 967,1696 967,1727 926,1727"/>
                    <TextEquiv>
                        <Unicode>die</Unicode>
                    </TextEquiv>
                    <TextStyle fontFamily="Arial" fontSize="10.0"/>
                </Word>
                <Word id="w_w1aab1c11b2b7c11ad105" language="German" custom="readingOrder {index:8;}">
                    <Coords points="981,1697 1034,1697 1034,1728 981,1728"/>
                    <TextEquiv>
                        <Unicode>ihm</Unicode>
                    </TextEquiv>
                    <TextStyle fontFamily="Arial" fontSize="10.0"/>
                </Word>
                <TextEquiv>
                    <Unicode>größere Theil der Nation nach einer Veränderung, die ihm</Unicode>
                </TextEquiv>
                <TextStyle fontFamily="Arial" fontSize="10.0"/>
            </TextLine>
            <TextLine id="tl_29" primaryLanguage="German" custom="readingOrder {index:6;}">
                <Coords points="140,1737 1034,1737 1034,1775 140,1775"/>
                <Baseline points="140,1768 1034,1768"/>
                <Word id="w_w1aab1c11b2b7c13ab1" language="German" custom="readingOrder {index:0;}">
                    <Coords points="140,1739 332,1739 332,1775 140,1775"/>
                    <TextEquiv>
                        <Unicode>Erleichterung</Unicode>
                    </TextEquiv>
                    <TextStyle fontFamily="Arial" fontSize="10.0"/>
                </Word>
                <Word id="w_w1aab1c11b2b7c13ac29" language="German" custom="readingOrder {index:1;}">
                    <Coords points="353,1738 487,1738 487,1773 353,1773"/>
                    <TextEquiv>
                        <Unicode>gewähren</Unicode>
                    </TextEquiv>
                    <TextStyle fontFamily="Arial" fontSize="10.0"/>
                </Word>
                <Word id="w_w1aab1c11b2b7c13ac47" language="German" custom="readingOrder {index:2;}">
                    <Coords points="508,1738 563,1738 563,1773 508,1773"/>
                    <TextEquiv>
                        <Unicode>soll.</Unicode>
                    </TextEquiv>
                    <TextStyle fontFamily="Arial" fontSize="10.0"/>
                </Word>
                <Word id="w_w1aab1c11b2b7c13ac59" language="German" custom="readingOrder {index:3;}">
                    <Coords points="601,1737 696,1737 696,1772 601,1772"/>
                    <TextEquiv>
                        <Unicode>Dieser</Unicode>
                    </TextEquiv>
                    <TextStyle fontFamily="Arial" fontSize="10.0"/>
                </Word>
                <Word id="w_w1aab1c11b2b7c13ac73" language="German" custom="readingOrder {index:4;}">
                    <Coords points="714,1741 834,1741 834,1773 714,1773"/>
                    <TextEquiv>
                        <Unicode>Tendenz</Unicode>
                    </TextEquiv>
                    <TextStyle fontFamily="Arial" fontSize="10.0"/>
                </Word>
                <Word id="w_w1aab1c11b2b7c13ac89" language="German" custom="readingOrder {index:5;}">
                    <Coords points="852,1741 963,1741 963,1771 852,1771"/>
                    <TextEquiv>
                        <Unicode>arbeiret</Unicode>
                    </TextEquiv>
                    <TextStyle fontFamily="Arial" fontSize="10.0"/>
                </Word>
                <Word id="w_w1aab1c11b2b7c13ad107" language="German" custom="readingOrder {index:6;}">
                    <Coords points="982,1749 1034,1749 1034,1770 982,1770"/>
                    <TextEquiv>
                        <Unicode>nun</Unicode>
                    </TextEquiv>
                    <TextStyle fontFamily="Arial" fontSize="10.0"/>
                </Word>
                <TextEquiv>
                    <Unicode>Erleichterung gewähren soll. Dieser Tendenz arbeiret nun</Unicode>
                </TextEquiv>
                <TextStyle fontFamily="Arial" fontSize="10.0"/>
            </TextLine>
            <TextLine id="tl_30" primaryLanguage="German" custom="readingOrder {index:7;}">
                <Coords points="128,1780 1035,1780 1035,1819 128,1819"/>
                <Baseline points="128,1812 1035,1812"/>
                <Word id="w_w1aab1c11b2b7c15ab1" language="German" custom="readingOrder {index:0;}">
                    <Coords points="128,1780 242,1780 242,1815 128,1815"/>
                    <TextEquiv>
                        <Unicode>freylich</Unicode>
                    </TextEquiv>
                    <TextStyle fontFamily="Arial" fontSize="10.0"/>
                </Word>
                <Word id="w_w1aab1c11b2b7c15ac21" language="German" custom="readingOrder {index:1;}">
                    <Coords points="257,1783 298,1783 298,1812 257,1812"/>
                    <TextEquiv>
                        <Unicode>die</Unicode>
                    </TextEquiv>
                    <TextStyle fontFamily="Arial" fontSize="10.0"/>
                </Word>
                <Word id="w_w1aab1c11b2b7c15ac29" language="German" custom="readingOrder {index:2;}">
                    <Coords points="317,1782 468,1782 468,1816 317,1816"/>
                    <TextEquiv>
                        <Unicode>Regierung</Unicode>
                    </TextEquiv>
                    <TextStyle fontFamily="Arial" fontSize="10.0"/>
                </Word>
                <Word id="w_w1aab1c11b2b7c15ac49" language="German" custom="readingOrder {index:3;}">
                    <Coords points="483,1782 534,1782 534,1811 483,1811"/>
                    <TextEquiv>
                        <Unicode>mit</Unicode>
                    </TextEquiv>
                    <TextStyle fontFamily="Arial" fontSize="10.0"/>
                </Word>
                <Word id="w_w1aab1c11b2b7c15ac57" language="German" custom="readingOrder {index:4;}">
                    <Coords points="549,1782 630,1782 630,1816 549,1816"/>
                    <TextEquiv>
                        <Unicode>ihrem</Unicode>
                    </TextEquiv>
                    <TextStyle fontFamily="Arial" fontSize="10.0"/>
                </Word>
                <Word id="w_w1aab1c11b2b7c15ac69" language="German" custom="readingOrder {index:5;}">
                    <Coords points="647,1784 807,1784 807,1818 647,1818"/>
                    <TextEquiv>
                        <Unicode>ungeheuern</Unicode>
                    </TextEquiv>
                    <TextStyle fontFamily="Arial" fontSize="10.0"/>
                </Word>
                <Word id="w_w1aab1c11b2b7c15ac91" language="German" custom="readingOrder {index:6;}">
                    <Coords points="827,1785 937,1785 937,1819 827,1819"/>
                    <TextEquiv>
                        <Unicode>Anhang</Unicode>
                    </TextEquiv>
                    <TextStyle fontFamily="Arial" fontSize="10.0"/>
                </Word>
                <Word id="w_w1aab1c11b2b7c15ad105" language="German" custom="readingOrder {index:7;}">
                    <Coords points="955,1784 1035,1784 1035,1817 955,1817"/>
                    <TextEquiv>
                        <Unicode>heim¬</Unicode>
                    </TextEquiv>
                    <TextStyle fontFamily="Arial" fontSize="10.0"/>
                </Word>
                <TextEquiv>
                    <Unicode>freylich die Regierung mit ihrem ungeheuern Anhang heim¬</Unicode>
                </TextEquiv>
                <TextStyle fontFamily="Arial" fontSize="10.0"/>
            </TextLine>
            <TextLine id="tl_31" primaryLanguage="German" custom="readingOrder {index:8;}">
                <Coords points="138,1824 1034,1824 1034,1864 138,1864"/>
                <Baseline points="138,1855 1034,1855"/>
                <Word id="w_w1aab1c11b2b7c17ab1" language="German" custom="readingOrder {index:0;}">
                    <Coords points="138,1824 185,1824 185,1855 138,1855"/>
                    <TextEquiv>
                        <Unicode>lich</Unicode>
                    </TextEquiv>
                    <TextStyle fontFamily="Arial" fontSize="10.0"/>
                </Word>
                <Word id="w_w1aab1c11b2b7c17ac11" language="German" custom="readingOrder {index:1;}">
                    <Coords points="205,1827 258,1827 258,1856 205,1856"/>
                    <TextEquiv>
                        <Unicode>und</Unicode>
                    </TextEquiv>
                    <TextStyle fontFamily="Arial" fontSize="10.0"/>
                </Word>
                <Word id="w_w1aab1c11b2b7c17ac19" language="German" custom="readingOrder {index:2;}">
                    <Coords points="280,1825 406,1825 406,1859 280,1859"/>
                    <TextEquiv>
                        <Unicode>öffentlich</Unicode>
                    </TextEquiv>
                    <TextStyle fontFamily="Arial" fontSize="10.0"/>
                </Word>
                <Word id="w_w1aab1c11b2b7c17ac41" language="German" custom="readingOrder {index:3;}">
                    <Coords points="424,1826 557,1826 557,1860 424,1860"/>
                    <TextEquiv>
                        <Unicode>entgegen.</Unicode>
                    </TextEquiv>
                    <TextStyle fontFamily="Arial" fontSize="10.0"/>
                </Word>
                <Word id="w_w1aab1c11b2b7c17ac61" language="German" custom="readingOrder {index:4;}">
                    <Coords points="599,1826 657,1826 657,1856 599,1856"/>
                    <TextEquiv>
                        <Unicode>Die</Unicode>
                    </TextEquiv>
                    <TextStyle fontFamily="Arial" fontSize="10.0"/>
                </Word>
                <Word id="w_w1aab1c11b2b7c17ac69" language="German" custom="readingOrder {index:5;}">
                    <Coords points="673,1827 788,1827 788,1864 673,1864"/>
                    <TextEquiv>
                        <Unicode>Whigs</Unicode>
                    </TextEquiv>
                    <TextStyle fontFamily="Arial" fontSize="10.0"/>
                </Word>
                <Word id="w_w1aab1c11b2b7c17ac81" language="German" custom="readingOrder {index:6;}">
                    <Coords points="797,1843 805,1843 805,1858 797,1858"/>
                    <TextEquiv>
                        <Unicode>,</Unicode>
                    </TextEquiv>
                    <TextStyle fontFamily="Arial" fontSize="10.0"/>
                </Word>
                <Word id="w_w1aab1c11b2b7c17ac85" language="German" custom="readingOrder {index:7;}">
                    <Coords points="827,1824 923,1824 923,1857 827,1857"/>
                    <TextEquiv>
                        <Unicode>denen</Unicode>
                    </TextEquiv>
                    <TextStyle fontFamily="Arial" fontSize="10.0"/>
                </Word>
                <Word id="word_1513469591432_3281" language="German" custom="readingOrder {index:8;}">
                    <Coords points="979,1857 939,1857 939,1830 979,1830"/>
                    <TextEquiv>
                        <Unicode>es</Unicode>
                    </TextEquiv>
                    <TextStyle fontFamily="Arial" fontSize="10.0"/>
                </Word>
                <Word id="word_1513469591431_3280" language="German" custom="readingOrder {index:9;}">
                    <Coords points="1034,1857 979,1857 979,1830 1034,1830"/>
                    <TextEquiv>
                        <Unicode>nur</Unicode>
                    </TextEquiv>
                    <TextStyle fontFamily="Arial" fontSize="10.0"/>
                </Word>
                <TextEquiv>
                    <Unicode>lich und öffentlich entgegen. Die Whigs, denen es nur</Unicode>
                </TextEquiv>
                <TextStyle fontFamily="Arial" fontSize="10.0"/>
            </TextLine>
            <TextLine id="line_1513469642547_3285" primaryLanguage="German" custom="readingOrder {index:9;}">
                <Coords points="1038,1910 137,1910 137,1868 1038,1868"/>
                <Baseline points="137,1900 1038,1900"/>
                <Word id="w_w1aab1c17b2b1b1ab1" language="German" custom="readingOrder {index:0;}">
                    <Coords points="137,1875 184,1875 184,1899 137,1899"/>
                    <TextEquiv>
                        <Unicode>um</Unicode>
                    </TextEquiv>
                    <TextStyle fontFamily="Arial" fontSize="10.0"/>
                </Word>
                <Word id="w_w1aab1c17b2b1b1ab7" language="German" custom="readingOrder {index:1;}">
                    <Coords points="203,1870 308,1870 308,1905 203,1905"/>
                    <TextEquiv>
                        <Unicode>Einfluß</Unicode>
                    </TextEquiv>
                    <TextStyle fontFamily="Arial" fontSize="10.0"/>
                </Word>
                <Word id="w_w1aab1c17b2b1b1ac23" language="German" custom="readingOrder {index:2;}">
                    <Coords points="324,1877 358,1877 358,1902 324,1902"/>
                    <TextEquiv>
                        <Unicode>zu</Unicode>
                    </TextEquiv>
                    <TextStyle fontFamily="Arial" fontSize="10.0"/>
                </Word>
                <Word id="w_w1aab1c17b2b1b1ac29" language="German" custom="readingOrder {index:3;}">
                    <Coords points="372,1870 435,1870 435,1901 372,1901"/>
                    <TextEquiv>
                        <Unicode>thun</Unicode>
                    </TextEquiv>
                    <TextStyle fontFamily="Arial" fontSize="10.0"/>
                </Word>
                <Word id="w_w1aab1c17b2b1b1ac39" language="German" custom="readingOrder {index:4;}">
                    <Coords points="453,1869 566,1869 566,1904 453,1904"/>
                    <TextEquiv>
                        <Unicode>scheint,</Unicode>
                    </TextEquiv>
                    <TextStyle fontFamily="Arial" fontSize="10.0"/>
                </Word>
                <Word id="w_w1aab1c17b2b1b1ac57" language="German" custom="readingOrder {index:5;}">
                    <Coords points="586,1869 674,1869 674,1904 586,1904"/>
                    <TextEquiv>
                        <Unicode>suchen</Unicode>
                    </TextEquiv>
                    <TextStyle fontFamily="Arial" fontSize="10.0"/>
                </Word>
                <Word id="w_w1aab1c17b2b1b1ac71" language="German" custom="readingOrder {index:6;}">
                    <Coords points="693,1871 741,1871 741,1899 693,1899"/>
                    <TextEquiv>
                        <Unicode>den</Unicode>
                    </TextEquiv>
                    <TextStyle fontFamily="Arial" fontSize="10.0"/>
                </Word>
                <Word id="w_w1aab1c17b2b1b1ac79" language="German" custom="readingOrder {index:7;}">
                    <Coords points="761,1871 892,1871 892,1905 761,1905"/>
                    <TextEquiv>
                        <Unicode>wichtigen</Unicode>
                    </TextEquiv>
                    <TextStyle fontFamily="Arial" fontSize="10.0"/>
                </Word>
                <Word id="word_1513469642550_3287" language="German" custom="readingOrder {index:8;}">
                    <Coords points="1038,1904 909,1904 909,1868 1038,1868"/>
                    <TextEquiv>
                        <Unicode>Moment</Unicode>
                    </TextEquiv>
                    <TextStyle fontFamily="Arial" fontSize="10.0"/>
                </Word>
                <TextEquiv>
                    <Unicode>um Einfluß zu thun scheint, suchen den wichtigen Moment</Unicode>
                </TextEquiv>
                <TextStyle fontFamily="Arial" fontSize="10.0"/>
            </TextLine>
            <TextLine id="line_1513469642550_3289" primaryLanguage="German" custom="readingOrder {index:10;}">
                <Coords points="1038,1951 137,1951 137,1909 1038,1909"/>
                <Baseline points="137,1944 1038,1944"/>
                <Word id="w_w1aab1c17b2b1b3ab1" language="German" custom="readingOrder {index:0;}">
                    <Coords points="137,1919 169,1919 169,1946 137,1946"/>
                    <TextEquiv>
                        <Unicode>zu</Unicode>
                    </TextEquiv>
                    <TextStyle fontFamily="Arial" fontSize="10.0"/>
                </Word>
                <Word id="w_w1aab1c17b2b1b3ab7" language="German" custom="readingOrder {index:1;}">
                    <Coords points="189,1912 305,1912 305,1947 189,1947"/>
                    <TextEquiv>
                        <Unicode>benutzen</Unicode>
                    </TextEquiv>
                    <TextStyle fontFamily="Arial" fontSize="10.0"/>
                </Word>
                <Word id="w_w1aab1c17b2b1b3ac25" language="German" custom="readingOrder {index:2;}">
                    <Coords points="317,1934 325,1934 325,1947 317,1947"/>
                    <TextEquiv>
                        <Unicode>,</Unicode>
                    </TextEquiv>
                    <TextStyle fontFamily="Arial" fontSize="10.0"/>
                </Word>
                <Word id="w_w1aab1c17b2b1b3ac29" language="German" custom="readingOrder {index:3;}">
                    <Coords points="354,1919 399,1919 399,1943 354,1943"/>
                    <TextEquiv>
                        <Unicode>um</Unicode>
                    </TextEquiv>
                    <TextStyle fontFamily="Arial" fontSize="10.0"/>
                </Word>
                <Word id="w_w1aab1c17b2b1b3ac35" language="German" custom="readingOrder {index:4;}">
                    <Coords points="420,1919 459,1919 459,1943 420,1943"/>
                    <TextEquiv>
                        <Unicode>wo</Unicode>
                    </TextEquiv>
                    <TextStyle fontFamily="Arial" fontSize="10.0"/>
                </Word>
                <Word id="w_w1aab1c17b2b1b3ac41" language="German" custom="readingOrder {index:5;}">
                    <Coords points="481,1911 585,1911 585,1948 481,1948"/>
                    <TextEquiv>
                        <Unicode>möglich</Unicode>
                    </TextEquiv>
                    <TextStyle fontFamily="Arial" fontSize="10.0"/>
                </Word>
                <Word id="w_w1aab1c17b2b1b3ac57" language="German" custom="readingOrder {index:6;}">
                    <Coords points="609,1909 651,1909 651,1945 609,1945"/>
                    <TextEquiv>
                        <Unicode>sich</Unicode>
                    </TextEquiv>
                    <TextStyle fontFamily="Arial" fontSize="10.0"/>
                </Word>
                <Word id="w_w1aab1c17b2b1b3ac67" language="German" custom="readingOrder {index:7;}">
                    <Coords points="672,1912 765,1912 765,1942 672,1942"/>
                    <TextEquiv>
                        <Unicode>wieder</Unicode>
                    </TextEquiv>
                    <TextStyle fontFamily="Arial" fontSize="10.0"/>
                </Word>
                <Word id="w_w1aab1c17b2b1b3ac81" language="German" custom="readingOrder {index:8;}">
                    <Coords points="787,1912 832,1912 832,1944 787,1944"/>
                    <TextEquiv>
                        <Unicode>ins</Unicode>
                    </TextEquiv>
                    <TextStyle fontFamily="Arial" fontSize="10.0"/>
                </Word>
                <Word id="w_w1aab1c17b2b1b3ac89" language="German" custom="readingOrder {index:9;}">
                    <Coords points="853,1913 1036,1913 1036,1947 853,1947"/>
                    <TextEquiv>
                        <Unicode>Ministerium</Unicode>
                    </TextEquiv>
                    <TextStyle fontFamily="Arial" fontSize="10.0"/>
                </Word>
                <TextEquiv>
                    <Unicode>zu benutzen, um wo möglich sich wieder ins Ministerium</Unicode>
                </TextEquiv>
                <TextStyle fontFamily="Arial" fontSize="10.0"/>
            </TextLine>
            <TextLine id="tl_58" primaryLanguage="German" custom="readingOrder {index:11;}">
                <Coords points="133,1954 1039,1954 1039,2001 133,2001"/>
                <Baseline points="133,1985 1039,1985"/>
                <Word id="w_w1aab1c19b2b1b1ab1" language="German" custom="readingOrder {index:0;}">
                    <Coords points="133,1963 169,1963 169,1989 133,1989"/>
                    <TextEquiv>
                        <Unicode>zu</Unicode>
                    </TextEquiv>
                    <TextStyle fontFamily="Arial" fontSize="10.0"/>
                </Word>
                <Word id="w_w1aab1c19b2b1b1ab7" language="German" custom="readingOrder {index:1;}">
                    <Coords points="190,1954 338,1954 338,2001 190,2001"/>
                    <TextEquiv>
                        <Unicode>schwingen.</Unicode>
                    </TextEquiv>
                    <TextStyle fontFamily="Arial" fontSize="10.0"/>
                </Word>
                <Word id="w_w1aab1c19b2b1b1ac33" language="German" custom="readingOrder {index:2;}">
                    <Coords points="377,1955 433,1955 433,1987 377,1987"/>
                    <TextEquiv>
                        <Unicode>Die</Unicode>
                    </TextEquiv>
                    <TextStyle fontFamily="Arial" fontSize="10.0"/>
                </Word>
                <Word id="w_w1aab1c19b2b1b1ac41" language="German" custom="readingOrder {index:3;}">
                    <Coords points="452,1957 537,1957 537,1990 452,1990"/>
                    <TextEquiv>
                        <Unicode>wahre</Unicode>
                    </TextEquiv>
                    <TextStyle fontFamily="Arial" fontSize="10.0"/>
                </Word>
                <Word id="w_w1aab1c19b2b1b1ac53" language="German" custom="readingOrder {index:4;}">
                    <Coords points="548,1955 670,1955 670,1993 548,1993"/>
                    <TextEquiv>
                        <Unicode>Freyheit</Unicode>
                    </TextEquiv>
                    <TextStyle fontFamily="Arial" fontSize="10.0"/>
                </Word>
                <Word id="word_1513469923567_3297" language="German" custom="readingOrder {index:5;}">
                    <Coords points="763,1993 686,1993 686,1957 763,1957"/>
                    <TextEquiv>
                        <Unicode>kann</Unicode>
                    </TextEquiv>
                    <TextStyle fontFamily="Arial" fontSize="10.0"/>
                </Word>
                <Word id="word_1513469923567_3296" language="German" custom="readingOrder {index:6;}">
                    <Coords points="816,1993 763,1993 763,1957 816,1957"/>
                    <TextEquiv>
                        <Unicode>bey</Unicode>
                    </TextEquiv>
                    <TextStyle fontFamily="Arial" fontSize="10.0"/>
                </Word>
                <Word id="w_w1aab1c19b2b1b1ac91" language="German" custom="readingOrder {index:7;}">
                    <Coords points="837,1956 931,1956 931,1990 837,1990"/>
                    <TextEquiv>
                        <Unicode>diesem</Unicode>
                    </TextEquiv>
                    <TextStyle fontFamily="Arial" fontSize="10.0"/>
                </Word>
                <Word id="w_w1aab1c19b2b1b1ad105" language="German" custom="readingOrder {index:8;}">
                    <Coords points="942,1957 1039,1957 1039,1991 942,1991"/>
                    <TextEquiv>
                        <Unicode>Kampf</Unicode>
                    </TextEquiv>
                    <TextStyle fontFamily="Arial" fontSize="10.0"/>
                </Word>
                <TextEquiv>
                    <Unicode>zu schwingen. Die wahre Freyheit kann bey diesem Kampf</Unicode>
                </TextEquiv>
                <TextStyle fontFamily="Arial" fontSize="10.0"/>
            </TextLine>
            <TextLine id="tl_59" primaryLanguage="German" custom="readingOrder {index:12;}">
                <Coords points="139,1997 1039,1997 1039,2041 139,2041"/>
                <Baseline points="139,2031 1039,2031"/>
                <Word id="w_w1aab1c19b2b1b3ab1" language="German" custom="readingOrder {index:0;}">
                    <Coords points="139,1998 224,1998 224,2032 139,2032"/>
                    <TextEquiv>
                        <Unicode>nichts</Unicode>
                    </TextEquiv>
                    <TextStyle fontFamily="Arial" fontSize="10.0"/>
                </Word>
                <Word id="w_w1aab1c19b2b1b3ac15" language="German" custom="readingOrder {index:1;}">
                    <Coords points="244,1997 395,1997 395,2033 244,2033"/>
                    <TextEquiv>
                        <Unicode>gewinnen,</Unicode>
                    </TextEquiv>
                    <TextStyle fontFamily="Arial" fontSize="10.0"/>
                </Word>
                <Word id="w_w1aab1c19b2b1b3ac35" language="German" custom="readingOrder {index:2;}">
                    <Coords points="413,2000 539,2000 539,2035 413,2035"/>
                    <TextEquiv>
                        <Unicode>vielmehr</Unicode>
                    </TextEquiv>
                    <TextStyle fontFamily="Arial" fontSize="10.0"/>
                </Word>
                <Word id="w_w1aab1c19b2b1b3ac53" language="German" custom="readingOrder {index:3;}">
                    <Coords points="557,1999 632,1999 632,2031 557,2031"/>
                    <TextEquiv>
                        <Unicode>droht</Unicode>
                    </TextEquiv>
                    <TextStyle fontFamily="Arial" fontSize="10.0"/>
                </Word>
                <Word id="w_w1aab1c19b2b1b3ac65" language="German" custom="readingOrder {index:4;}">
                    <Coords points="650,1999 689,1999 689,2041 650,2041"/>
                    <TextEquiv>
                        <Unicode>ihr</Unicode>
                    </TextEquiv>
                    <TextStyle fontFamily="Arial" fontSize="10.0"/>
                </Word>
                <Word id="w_w1aab1c19b2b1b3ac73" language="German" custom="readingOrder {index:5;}">
                    <Coords points="709,2000 894,2000 894,2036 709,2036"/>
                    <TextEquiv>
                        <Unicode>Vernichtung,</Unicode>
                    </TextEquiv>
                    <TextStyle fontFamily="Arial" fontSize="10.0"/>
                </Word>
                <Word id="word_1513469949708_3299" language="German" custom="readingOrder {index:6;}">
                    <Coords points="964,2032 904,2032 904,2002 964,2002"/>
                    <TextEquiv>
                        <Unicode>von</Unicode>
                    </TextEquiv>
                    <TextStyle fontFamily="Arial" fontSize="10.0"/>
                </Word>
                <Word id="word_1513469949708_3298" language="German" custom="readingOrder {index:7;}">
                    <Coords points="1039,2032 964,2032 964,2002 1039,2002"/>
                    <TextEquiv>
                        <Unicode>allen</Unicode>
                    </TextEquiv>
                    <TextStyle fontFamily="Arial" fontSize="10.0"/>
                </Word>
                <TextEquiv>
                    <Unicode>nichts gewinnen, vielmehr droht ihr Vernichtung, von allen</Unicode>
                </TextEquiv>
                <TextStyle fontFamily="Arial" fontSize="10.0"/>
            </TextLine>
            <TextLine id="tl_60" primaryLanguage="German" custom="readingOrder {index:13;}">
                <Coords points="140,2033 1037,2033 1037,2076 140,2076"/>
                <Baseline points="140,2073 1037,2073"/>
                <Word id="w_w1aab1c19b2b1b5ab1" language="German" custom="readingOrder {index:0;}">
                    <Coords points="140,2041 261,2041 261,2073 140,2073"/>
                    <TextEquiv>
                        <Unicode>Seiten,</Unicode>
                    </TextEquiv>
                    <TextStyle fontFamily="Arial" fontSize="10.0"/>
                </Word>
                <Word id="w_w1aab1c19b2b1b5ac17" language="German" custom="readingOrder {index:1;}">
                    <Coords points="280,2042 408,2042 408,2071 280,2071"/>
                    <TextEquiv>
                        <Unicode>entweder</Unicode>
                    </TextEquiv>
                    <TextStyle fontFamily="Arial" fontSize="10.0"/>
                </Word>
                <Word id="w_w1aab1c19b2b1b5ac35" language="German" custom="readingOrder {index:2;}">
                    <Coords points="425,2043 500,2043 500,2074 425,2074"/>
                    <TextEquiv>
                        <Unicode>durch</Unicode>
                    </TextEquiv>
                    <TextStyle fontFamily="Arial" fontSize="10.0"/>
                </Word>
                <Word id="w_w1aab1c19b2b1b5ac47" language="German" custom="readingOrder {index:3;}">
                    <Coords points="521,2044 645,2044 645,2076 521,2076"/>
                    <TextEquiv>
                        <Unicode>Anarchie</Unicode>
                    </TextEquiv>
                    <TextStyle fontFamily="Arial" fontSize="10.0"/>
                </Word>
                <Word id="w_w1aab1c19b2b1b5ac65" language="German" custom="readingOrder {index:4;}">
                    <Coords points="662,2044 721,2044 721,2072 662,2072"/>
                    <TextEquiv>
                        <Unicode>oder</Unicode>
                    </TextEquiv>
                    <TextStyle fontFamily="Arial" fontSize="10.0"/>
                </Word>
                <Word id="w_w1aab1c19b2b1b5ac75" language="German" custom="readingOrder {index:5;}">
                    <Coords points="738,2033 810,2033 810,2074 738,2074"/>
                    <TextEquiv>
                        <Unicode>durch</Unicode>
                    </TextEquiv>
                    <TextStyle fontFamily="Arial" fontSize="10.0"/>
                </Word>
                <Word id="w_w1aab1c19b2b1b5ac87" language="German" custom="readingOrder {index:6;}">
                    <Coords points="832,2043 1037,2043 1037,2076 832,2076"/>
                    <TextEquiv>
                        <Unicode>Despotismus.</Unicode>
                    </TextEquiv>
                    <TextStyle fontFamily="Arial" fontSize="10.0"/>
                </Word>
                <TextEquiv>
                    <Unicode>Seiten, entweder durch Anarchie oder durch Despotismus.</Unicode>
                </TextEquiv>
                <TextStyle fontFamily="Arial" fontSize="10.0"/>
            </TextLine>
            <TextLine id="tl_61" primaryLanguage="German" custom="readingOrder {index:14;}">
                <Coords points="138,2084 1039,2084 1039,2122 138,2122"/>
                <Baseline points="138,2116 1039,2116"/>
                <Word id="w_w1aab1c19b2b1b7ab1" language="German" custom="readingOrder {index:0;}">
                    <Coords points="138,2085 223,2085 223,2122 138,2122"/>
                    <TextEquiv>
                        <Unicode>Jeder</Unicode>
                    </TextEquiv>
                    <TextStyle fontFamily="Arial" fontSize="10.0"/>
                </Word>
                <Word id="w_w1aab1c19b2b1b7ac13" language="German" custom="readingOrder {index:1;}">
                    <Coords points="248,2084 433,2084 433,2121 248,2121"/>
                    <TextEquiv>
                        <Unicode>Engländer</Unicode>
                    </TextEquiv>
                    <TextStyle fontFamily="Arial" fontSize="10.0"/>
                </Word>
                <Word id="w_w1aab1c19b2b1b7ac33" language="German" custom="readingOrder {index:2;}">
                    <Coords points="455,2086 546,2086 546,2119 455,2119"/>
                    <TextEquiv>
                        <Unicode>fühlt,</Unicode>
                    </TextEquiv>
                    <TextStyle fontFamily="Arial" fontSize="10.0"/>
                </Word>
                <Word id="w_w1aab1c19b2b1b7ac47" language="German" custom="readingOrder {index:3;}">
                    <Coords points="577,2088 625,2088 625,2122 577,2122"/>
                    <TextEquiv>
                        <Unicode>daß</Unicode>
                    </TextEquiv>
                    <TextStyle fontFamily="Arial" fontSize="10.0"/>
                </Word>
                <Word id="w_w1aab1c19b2b1b7ac55" language="German" custom="readingOrder {index:4;}">
                    <Coords points="654,2093 681,2093 681,2117 654,2117"/>
                    <TextEquiv>
                        <Unicode>er</Unicode>
                    </TextEquiv>
                    <TextStyle fontFamily="Arial" fontSize="10.0"/>
                </Word>
                <Word id="w_w1aab1c19b2b1b7ac61" language="German" custom="readingOrder {index:5;}">
                    <Coords points="711,2087 738,2087 738,2117 711,2117"/>
                    <TextEquiv>
                        <Unicode>in</Unicode>
                    </TextEquiv>
                    <TextStyle fontFamily="Arial" fontSize="10.0"/>
                </Word>
                <Word id="w_w1aab1c19b2b1b7ac67" language="German" custom="readingOrder {index:6;}">
                    <Coords points="770,2084 853,2084 853,2122 770,2122"/>
                    <TextEquiv>
                        <Unicode>dieser</Unicode>
                    </TextEquiv>
                    <TextStyle fontFamily="Arial" fontSize="10.0"/>
                </Word>
                <Word id="w_w1aab1c19b2b1b7ac81" language="German" custom="readingOrder {index:7;}">
                    <Coords points="872,2087 956,2087 956,2122 872,2122"/>
                    <TextEquiv>
                        <Unicode>Krisis</Unicode>
                    </TextEquiv>
                    <TextStyle fontFamily="Arial" fontSize="10.0"/>
                </Word>
                <Word id="w_w1aab1c19b2b1b7ac95" language="German" custom="readingOrder {index:8;}">
                    <Coords points="983,2088 1039,2088 1039,2119 983,2119"/>
                    <TextEquiv>
                        <Unicode>eine</Unicode>
                    </TextEquiv>
                    <TextStyle fontFamily="Arial" fontSize="10.0"/>
                </Word>
                <TextEquiv>
                    <Unicode>Jeder Engländer fühlt, daß er in dieser Krisis eine</Unicode>
                </TextEquiv>
                <TextStyle fontFamily="Arial" fontSize="10.0"/>
            </TextLine>
            <TextLine id="tl_62" primaryLanguage="German" custom="readingOrder {index:15;}">
                <Coords points="137,2127 1038,2127 1038,2168 137,2168"/>
                <Baseline points="137,2160 1038,2160"/>
                <Word id="w_w1aab1c19b2b1b9ab1" language="German" custom="readingOrder {index:0;}">
                    <Coords points="137,2129 237,2129 237,2165 137,2165"/>
                    <TextEquiv>
                        <Unicode>Partey</Unicode>
                    </TextEquiv>
                    <TextStyle fontFamily="Arial" fontSize="10.0"/>
                </Word>
                <Word id="w_w1aab1c19b2b1b9ac15" language="German" custom="readingOrder {index:1;}">
                    <Coords points="257,2127 382,2127 382,2164 257,2164"/>
                    <TextEquiv>
                        <Unicode>ergreifen</Unicode>
                    </TextEquiv>
                    <TextStyle fontFamily="Arial" fontSize="10.0"/>
                </Word>
                <Word id="w_w1aab1c19b2b1b9ac35" language="German" custom="readingOrder {index:2;}">
                    <Coords points="403,2128 495,2128 495,2163 403,2163"/>
                    <TextEquiv>
                        <Unicode>müsse,</Unicode>
                    </TextEquiv>
                    <TextStyle fontFamily="Arial" fontSize="10.0"/>
                </Word>
                <Word id="w_w1aab1c19b2b1b9ac49" language="German" custom="readingOrder {index:3;}">
                    <Coords points="516,2130 581,2130 581,2160 516,2160"/>
                    <TextEquiv>
                        <Unicode>und</Unicode>
                    </TextEquiv>
                    <TextStyle fontFamily="Arial" fontSize="10.0"/>
                </Word>
                <Word id="w_w1aab1c19b2b1b9ac59" language="German" custom="readingOrder {index:4;}">
                    <Coords points="591,2131 647,2131 647,2168 591,2168"/>
                    <TextEquiv>
                        <Unicode>doch</Unicode>
                    </TextEquiv>
                    <TextStyle fontFamily="Arial" fontSize="10.0"/>
                </Word>
                <Word id="w_w1aab1c19b2b1b9ac69" language="German" custom="readingOrder {index:5;}">
                    <Coords points="667,2131 751,2131 751,2168 667,2168"/>
                    <TextEquiv>
                        <Unicode>wissen</Unicode>
                    </TextEquiv>
                    <TextStyle fontFamily="Arial" fontSize="10.0"/>
                </Word>
                <Word id="w_w1aab1c19b2b1b9ac83" language="German" custom="readingOrder {index:6;}">
                    <Coords points="771,2131 812,2131 812,2161 771,2161"/>
                    <TextEquiv>
                        <Unicode>die</Unicode>
                    </TextEquiv>
                    <TextStyle fontFamily="Arial" fontSize="10.0"/>
                </Word>
                <Word id="word_1513469997723_3301" language="German" custom="readingOrder {index:7;}">
                    <Coords points="943,2168 833,2168 833,2131 943,2131"/>
                    <TextEquiv>
                        <Unicode>meisten</Unicode>
                    </TextEquiv>
                    <TextStyle fontFamily="Arial" fontSize="10.0"/>
                </Word>
                <Word id="word_1513469997722_3300" language="German" custom="readingOrder {index:8;}">
                    <Coords points="1038,2168 943,2168 943,2131 1038,2131"/>
                    <TextEquiv>
                        <Unicode>nicht,</Unicode>
                    </TextEquiv>
                    <TextStyle fontFamily="Arial" fontSize="10.0"/>
                </Word>
                <TextEquiv>
                    <Unicode>Partey ergreifen müsse, und doch wissen die meisten nicht,</Unicode>
                </TextEquiv>
                <TextStyle fontFamily="Arial" fontSize="10.0"/>
            </TextLine>
            <TextLine id="line_1513469782070_3293" primaryLanguage="German" custom="readingOrder {index:16;}">
                <Coords points="1040,2213 138,2213 138,2168 1040,2168"/>
                <Baseline points="138,2205 1040,2205"/>
                <Word id="w_w1aab1c25b2b1b1ab1" language="German" custom="readingOrder {index:0;}">
                    <Coords points="138,2172 200,2172 200,2205 138,2205"/>
                    <TextEquiv>
                        <Unicode>auf,</Unicode>
                    </TextEquiv>
                    <TextStyle fontFamily="Arial" fontSize="10.0"/>
                </Word>
                <Word id="w_w1aab1c25b2b1b1ac11" language="German" custom="readingOrder {index:1;}">
                    <Coords points="208,2172 296,2172 296,2205 208,2205"/>
                    <TextEquiv>
                        <Unicode>welche</Unicode>
                    </TextEquiv>
                    <TextStyle fontFamily="Arial" fontSize="10.0"/>
                </Word>
                <Word id="w_w1aab1c25b2b1b1ac25" language="German" custom="readingOrder {index:2;}">
                    <Coords points="312,2171 394,2171 394,2203 312,2203"/>
                    <TextEquiv>
                        <Unicode>Seite</Unicode>
                    </TextEquiv>
                    <TextStyle fontFamily="Arial" fontSize="10.0"/>
                </Word>
                <Word id="w_w1aab1c25b2b1b1ac37" language="German" custom="readingOrder {index:3;}">
                    <Coords points="418,2170 451,2170 451,2207 418,2207"/>
                    <TextEquiv>
                        <Unicode>sie</Unicode>
                    </TextEquiv>
                    <TextStyle fontFamily="Arial" fontSize="10.0"/>
                </Word>
                <Word id="w_w1aab1c25b2b1b1ac45" language="German" custom="readingOrder {index:4;}">
                    <Coords points="468,2171 513,2171 513,2207 468,2207"/>
                    <TextEquiv>
                        <Unicode>sich</Unicode>
                    </TextEquiv>
                    <TextStyle fontFamily="Arial" fontSize="10.0"/>
                </Word>
                <Word id="w_w1aab1c25b2b1b1ac55" language="German" custom="readingOrder {index:5;}">
                    <Coords points="531,2174 641,2174 641,2208 531,2208"/>
                    <TextEquiv>
                        <Unicode>schlagen</Unicode>
                    </TextEquiv>
                    <TextStyle fontFamily="Arial" fontSize="10.0"/>
                </Word>
                <Word id="w_w1aab1c25b2b1b1ac73" language="German" custom="readingOrder {index:6;}">
                    <Coords points="660,2174 746,2174 746,2207 660,2207"/>
                    <TextEquiv>
                        <Unicode>sollen.</Unicode>
                    </TextEquiv>
                    <TextStyle fontFamily="Arial" fontSize="10.0"/>
                </Word>
                <Word id="w_w1aab1c25b2b1b1ac89" language="German" custom="readingOrder {index:7;}">
                    <Coords points="796,2168 858,2168 858,2205 796,2205"/>
                    <TextEquiv>
                        <Unicode>Nur</Unicode>
                    </TextEquiv>
                    <TextStyle fontFamily="Arial" fontSize="10.0"/>
                </Word>
                <Word id="word_1513469782071_3295" language="German" custom="readingOrder {index:8;}">
                    <Coords points="1040,2210 957,2210 957,2176 1040,2176"/>
                    <TextEquiv>
                        <Unicode>deren</Unicode>
                    </TextEquiv>
                    <TextStyle fontFamily="Arial" fontSize="10.0"/>
                </Word>
                <TextEquiv>
                    <Unicode>auf, welche Seite sie sich schlagen sollen. Nur deren</Unicode>
                </TextEquiv>
                <TextStyle fontFamily="Arial" fontSize="10.0"/>
            </TextLine>
            <TextLine id="tl_63" primaryLanguage="German" custom="readingOrder {index:17;}">
                <Coords points="135,2215 1039,2215 1039,2259 135,2259"/>
                <Baseline points="135,2248 1039,2248"/>
                <Word id="w_w1aab1c21b2b1b1ab1" language="German" custom="readingOrder {index:0;}">
                    <Coords points="135,2216 250,2216 250,2252 135,2252"/>
                    <TextEquiv>
                        <Unicode>Daseyn</Unicode>
                    </TextEquiv>
                    <TextStyle fontFamily="Arial" fontSize="10.5"/>
                </Word>
                <Word id="w_w1aab1c21b2b1b1ac15" language="German" custom="readingOrder {index:1;}">
                    <Coords points="267,2222 320,2222 320,2246 267,2246"/>
                    <TextEquiv>
                        <Unicode>von</Unicode>
                    </TextEquiv>
                    <TextStyle fontFamily="Arial" fontSize="10.5"/>
                </Word>
                <Word id="w_w1aab1c21b2b1b1ac23" language="German" custom="readingOrder {index:2;}">
                    <Coords points="344,2216 389,2216 389,2248 344,2248"/>
                    <TextEquiv>
                        <Unicode>der</Unicode>
                    </TextEquiv>
                    <TextStyle fontFamily="Arial" fontSize="10.5"/>
                </Word>
                <Word id="word_1513470047998_3303" language="German" custom="readingOrder {index:3;}">
                    <Coords points="628,2259 406,2259 406,2215 628,2215"/>
                    <TextEquiv>
                        <Unicode>gegenwärtigen</Unicode>
                    </TextEquiv>
                    <TextStyle fontFamily="Arial" fontSize="10.5"/>
                </Word>
                <Word id="word_1513470047998_3302" language="German" custom="readingOrder {index:4;}">
                    <Coords points="708,2259 628,2259 628,2215 708,2215"/>
                    <TextEquiv>
                        <Unicode>Lage</Unicode>
                    </TextEquiv>
                    <TextStyle fontFamily="Arial" fontSize="10.5"/>
                </Word>
                <Word id="w_w1aab1c21b2b1b1ac69" language="German" custom="readingOrder {index:5;}">
                    <Coords points="731,2218 775,2218 775,2251 731,2251"/>
                    <TextEquiv>
                        <Unicode>der</Unicode>
                    </TextEquiv>
                    <TextStyle fontFamily="Arial" fontSize="10.5"/>
                </Word>
                <Word id="w_w1aab1c21b2b1b1ac77" language="German" custom="readingOrder {index:6;}">
                    <Coords points="797,2218 887,2218 887,2254 797,2254"/>
                    <TextEquiv>
                        <Unicode>Dinge</Unicode>
                    </TextEquiv>
                    <TextStyle fontFamily="Arial" fontSize="10.5"/>
                </Word>
                <Word id="w_w1aab1c21b2b1b1ac89" language="German" custom="readingOrder {index:7;}">
                    <Coords points="910,2218 1039,2218 1039,2258 910,2258"/>
                    <TextEquiv>
                        <Unicode>abhängt,</Unicode>
                    </TextEquiv>
                    <TextStyle fontFamily="Arial" fontSize="10.5"/>
                </Word>
                <TextEquiv>
                    <Unicode>Daseyn von der gegenwärtigen Lage der Dinge abhängt,</Unicode>
                </TextEquiv>
                <TextStyle fontFamily="Arial" fontSize="10.5"/>
            </TextLine>
            <TextLine id="tl_64" primaryLanguage="German" custom="readingOrder {index:18;}">
                <Coords points="138,2260 1038,2260 1038,2302 138,2302"/>
                <Baseline points="138,2295 1038,2295"/>
                <Word id="w_w1aab1c21b2b1b3ab1" language="German" custom="readingOrder {index:0;}">
                    <Coords points="138,2260 192,2260 192,2296 138,2296"/>
                    <TextEquiv>
                        <Unicode>und</Unicode>
                    </TextEquiv>
                    <TextStyle fontFamily="Arial" fontSize="10.5"/>
                </Word>
                <Word id="w_w1aab1c21b2b1b3ab9" language="German" custom="readingOrder {index:1;}">
                    <Coords points="212,2260 271,2260 271,2299 212,2299"/>
                    <TextEquiv>
                        <Unicode>die,</Unicode>
                    </TextEquiv>
                    <TextStyle fontFamily="Arial" fontSize="10.5"/>
                </Word>
                <Word id="w_w1aab1c21b2b1b3ac19" language="German" custom="readingOrder {index:2;}">
                    <Coords points="289,2261 379,2261 379,2299 289,2299"/>
                    <TextEquiv>
                        <Unicode>welche</Unicode>
                    </TextEquiv>
                    <TextStyle fontFamily="Arial" fontSize="10.5"/>
                </Word>
                <Word id="w_w1aab1c21b2b1b3ac33" language="German" custom="readingOrder {index:3;}">
                    <Coords points="397,2262 445,2262 445,2298 397,2298"/>
                    <TextEquiv>
                        <Unicode>auf</Unicode>
                    </TextEquiv>
                    <TextStyle fontFamily="Arial" fontSize="10.5"/>
                </Word>
                <Word id="w_w1aab1c21b2b1b3ac41" language="German" custom="readingOrder {index:4;}">
                    <Coords points="461,2261 533,2261 533,2296 461,2296"/>
                    <TextEquiv>
                        <Unicode>keine</Unicode>
                    </TextEquiv>
                    <TextStyle fontFamily="Arial" fontSize="10.5"/>
                </Word>
                <Word id="w_w1aab1c21b2b1b3ac53" language="German" custom="readingOrder {index:5;}">
                    <Coords points="546,2263 633,2263 633,2300 546,2300"/>
                    <TextEquiv>
                        <Unicode>Weise</Unicode>
                    </TextEquiv>
                    <TextStyle fontFamily="Arial" fontSize="10.5"/>
                </Word>
                <Word id="w_w1aab1c21b2b1b3ac65" language="German" custom="readingOrder {index:6;}">
                    <Coords points="655,2266 737,2266 737,2297 655,2297"/>
                    <TextEquiv>
                        <Unicode>etwas</Unicode>
                    </TextEquiv>
                    <TextStyle fontFamily="Arial" fontSize="10.5"/>
                </Word>
                <Word id="w_w1aab1c21b2b1b3ac77" language="German" custom="readingOrder {index:7;}">
                    <Coords points="753,2272 784,2272 784,2299 753,2299"/>
                    <TextEquiv>
                        <Unicode>zu</Unicode>
                    </TextEquiv>
                    <TextStyle fontFamily="Arial" fontSize="10.5"/>
                </Word>
                <Word id="w_w1aab1c21b2b1b3ac83" language="German" custom="readingOrder {index:8;}">
                    <Coords points="803,2261 930,2261 930,2298 803,2298"/>
                    <TextEquiv>
                        <Unicode>verlieren</Unicode>
                    </TextEquiv>
                    <TextStyle fontFamily="Arial" fontSize="10.5"/>
                </Word>
                <Word id="w_w1aab1c21b2b1b3ad103" language="German" custom="readingOrder {index:9;}">
                    <Coords points="947,2261 1038,2261 1038,2302 947,2302"/>
                    <TextEquiv>
                        <Unicode>haben,</Unicode>
                    </TextEquiv>
                    <TextStyle fontFamily="Arial" fontSize="10.5"/>
                </Word>
                <TextEquiv>
                    <Unicode>und die, welche auf keine Weise etwas zu verlieren haben,</Unicode>
                </TextEquiv>
                <TextStyle fontFamily="Arial" fontSize="10.5"/>
            </TextLine>
            <TextEquiv>
                <Unicode>London, 8. Oct. Unsere Lage wird mit jedem Tage
bedenklicher. Der Geist der Unzufriedenheit und der Wunsch
nach einer Umwälzung verbreiten sich immer mehr in den
niedern Ständen; Unter dem harten Druck der Zeiten, be¬
sonders unter der Menge von Abgaben erliegend, seufzt der
größere Theil der Nation nach einer Veränderung, die ihm
Erleichterung gewähren soll. Dieser Tendenz arbeiret nun
freylich die Regierung mit ihrem ungeheuern Anhang heim¬
lich und öffentlich entgegen. Die Whigs, denen es nur
um Einfluß zu thun scheint, suchen den wichtigen Moment
zu benutzen, um wo möglich sich wieder ins Ministerium
zu schwingen. Die wahre Freyheit kann bey diesem Kampf
nichts gewinnen, vielmehr droht ihr Vernichtung, von allen
Seiten, entweder durch Anarchie oder durch Despotismus.
Jeder Engländer fühlt, daß er in dieser Krisis eine
Partey ergreifen müsse, und doch wissen die meisten nicht,
auf, welche Seite sie sich schlagen sollen. Nur deren
Daseyn von der gegenwärtigen Lage der Dinge abhängt,
und die, welche auf keine Weise etwas zu verlieren haben,</Unicode>
            </TextEquiv>
        </TextRegion>
        <TextRegion type="paragraph" id="r_7_1" custom="readingOrder {index:13;}">
            <Coords points="1053,827 1971,827 1988,1994 1070,1994"/>
            <TextLine id="tl_32" primaryLanguage="German" custom="readingOrder {index:0;}">
                <Coords points="1057,828 1952,828 1952,866 1057,866"/>
                <Baseline points="1057,861 1952,861"/>
                <Word id="word_1513470095015_3305" language="German" custom="readingOrder {index:0;}">
                    <Coords points="1183,866 1057,866 1057,832 1183,832"/>
                    <TextEquiv>
                        <Unicode>scheinen</Unicode>
                    </TextEquiv>
                    <TextStyle fontFamily="Arial" fontSize="10.0"/>
                </Word>
                <Word id="word_1513470095015_3304" language="German" custom="readingOrder {index:1;}">
                    <Coords points="1233,866 1183,866 1183,832 1233,832"/>
                    <TextEquiv>
                        <Unicode>sich</Unicode>
                    </TextEquiv>
                    <TextStyle fontFamily="Arial" fontSize="10.0"/>
                </Word>
                <Word id="w_w1aab1c13b2b1b1ac29" language="German" custom="readingOrder {index:2;}">
                    <Coords points="1254,832 1383,832 1383,866 1254,866"/>
                    <TextEquiv>
                        <Unicode>bestimmt</Unicode>
                    </TextEquiv>
                    <TextStyle fontFamily="Arial" fontSize="10.0"/>
                </Word>
                <Word id="w_w1aab1c13b2b1b1ac47" language="German" custom="readingOrder {index:3;}">
                    <Coords points="1405,831 1562,831 1562,863 1405,863"/>
                    <TextEquiv>
                        <Unicode>entschieden</Unicode>
                    </TextEquiv>
                    <TextStyle fontFamily="Arial" fontSize="10.0"/>
                </Word>
                <Word id="w_w1aab1c13b2b1b1ac71" language="German" custom="readingOrder {index:4;}">
                    <Coords points="1586,839 1616,839 1616,865 1586,865"/>
                    <TextEquiv>
                        <Unicode>zu</Unicode>
                    </TextEquiv>
                    <TextStyle fontFamily="Arial" fontSize="10.0"/>
                </Word>
                <Word id="w_w1aab1c13b2b1b1ac77" language="German" custom="readingOrder {index:5;}">
                    <Coords points="1641,831 1722,831 1722,863 1641,863"/>
                    <TextEquiv>
                        <Unicode>haben</Unicode>
                    </TextEquiv>
                    <TextStyle fontFamily="Arial" fontSize="10.0"/>
                </Word>
                <Word id="w_w1aab1c13b2b1b1ac89" language="German" custom="readingOrder {index:6;}">
                    <Coords points="1742,845 1776,845 1776,852 1742,852"/>
                    <TextEquiv>
                        <Unicode>—</Unicode>
                    </TextEquiv>
                    <TextStyle fontFamily="Arial" fontSize="10.0"/>
                </Word>
                <Word id="w_w1aab1c13b2b1b1ac93" language="German" custom="readingOrder {index:7;}">
                    <Coords points="1798,830 1853,830 1853,859 1798,859"/>
                    <TextEquiv>
                        <Unicode>eine</Unicode>
                    </TextEquiv>
                    <TextStyle fontFamily="Arial" fontSize="10.0"/>
                </Word>
                <Word id="w_w1aab1c13b2b1b1ad103" language="German" custom="readingOrder {index:8;}">
                    <Coords points="1875,828 1952,828 1952,864 1875,864"/>
                    <TextEquiv>
                        <Unicode>große</Unicode>
                    </TextEquiv>
                    <TextStyle fontFamily="Arial" fontSize="10.0"/>
                </Word>
                <TextEquiv>
                    <Unicode>scheinen sich bestimmt entschieden zu haben — eine große</Unicode>
                </TextEquiv>
                <TextStyle fontFamily="Arial" fontSize="10.0"/>
            </TextLine>
            <TextLine id="tl_33" primaryLanguage="German" custom="readingOrder {index:1;}">
                <Coords points="1055,872 1952,872 1952,910 1055,910"/>
                <Baseline points="1055,904 1952,904"/>
                <Word id="w_w1aab1c13b2b1b3ab1" language="German" custom="readingOrder {index:0;}">
                    <Coords points="1055,876 1160,876 1160,909 1055,909"/>
                    <TextEquiv>
                        <Unicode>Masse,</Unicode>
                    </TextEquiv>
                    <TextStyle fontFamily="Arial" fontSize="10.0"/>
                </Word>
                <Word id="w_w1aab1c13b2b1b3ac15" language="German" custom="readingOrder {index:1;}">
                    <Coords points="1190,877 1250,877 1250,906 1190,906"/>
                    <TextEquiv>
                        <Unicode>aber</Unicode>
                    </TextEquiv>
                    <TextStyle fontFamily="Arial" fontSize="10.0"/>
                </Word>
                <Word id="w_w1aab1c13b2b1b3ac25" language="German" custom="readingOrder {index:2;}">
                    <Coords points="1272,875 1328,875 1328,908 1272,908"/>
                    <TextEquiv>
                        <Unicode>doch</Unicode>
                    </TextEquiv>
                    <TextStyle fontFamily="Arial" fontSize="10.0"/>
                </Word>
                <Word id="w_w1aab1c13b2b1b3ac39" language="German" custom="readingOrder {index:3;}">
                    <Coords points="1353,877 1411,877 1411,906 1353,906"/>
                    <TextEquiv>
                        <Unicode>noch</Unicode>
                    </TextEquiv>
                    <TextStyle fontFamily="Arial" fontSize="10.0"/>
                </Word>
                <Word id="w_w1aab1c13b2b1b3ac49" language="German" custom="readingOrder {index:4;}">
                    <Coords points="1436,875 1503,875 1503,905 1436,905"/>
                    <TextEquiv>
                        <Unicode>nicht</Unicode>
                    </TextEquiv>
                    <TextStyle fontFamily="Arial" fontSize="10.0"/>
                </Word>
                <Word id="w_w1aab1c13b2b1b3ac61" language="German" custom="readingOrder {index:5;}">
                    <Coords points="1522,875 1563,875 1563,905 1522,905"/>
                    <TextEquiv>
                        <Unicode>die</Unicode>
                    </TextEquiv>
                    <TextStyle fontFamily="Arial" fontSize="10.0"/>
                </Word>
                <Word id="w_w1aab1c13b2b1b3ac69" language="German" custom="readingOrder {index:6;}">
                    <Coords points="1586,874 1676,874 1676,910 1586,910"/>
                    <TextEquiv>
                        <Unicode>größte</Unicode>
                    </TextEquiv>
                    <TextStyle fontFamily="Arial" fontSize="10.0"/>
                </Word>
                <Word id="w_w1aab1c13b2b1b3ac83" language="German" custom="readingOrder {index:7;}">
                    <Coords points="1700,888 1736,888 1736,895 1700,895"/>
                    <TextEquiv>
                        <Unicode>—</Unicode>
                    </TextEquiv>
                    <TextStyle fontFamily="Arial" fontSize="10.0"/>
                </Word>
                <Word id="w_w1aab1c13b2b1b3ac87" language="German" custom="readingOrder {index:8;}">
                    <Coords points="1762,873 1802,873 1802,903 1762,903"/>
                    <TextEquiv>
                        <Unicode>die</Unicode>
                    </TextEquiv>
                    <TextStyle fontFamily="Arial" fontSize="10.0"/>
                </Word>
                <Word id="w_w1aab1c13b2b1b3ac95" language="German" custom="readingOrder {index:9;}">
                    <Coords points="1825,872 1952,872 1952,908 1825,908"/>
                    <TextEquiv>
                        <Unicode>Uebrigen</Unicode>
                    </TextEquiv>
                    <TextStyle fontFamily="Arial" fontSize="10.0"/>
                </Word>
                <TextEquiv>
                    <Unicode>Masse, aber doch noch nicht die größte — die Uebrigen</Unicode>
                </TextEquiv>
                <TextStyle fontFamily="Arial" fontSize="10.0"/>
            </TextLine>
            <TextLine id="tl_34" primaryLanguage="German" custom="readingOrder {index:2;}">
                <Coords points="1055,916 1956,916 1956,952 1055,952"/>
                <Baseline points="1055,947 1956,947"/>
                <Word id="w_w1aab1c13b2b1b5ab1" language="German" custom="readingOrder {index:0;}">
                    <Coords points="1055,920 1198,920 1198,952 1055,952"/>
                    <TextEquiv>
                        <Unicode>schwanken</Unicode>
                    </TextEquiv>
                    <TextStyle fontFamily="Arial" fontSize="10.0"/>
                </Word>
                <Word id="w_w1aab1c13b2b1b5ac21" language="German" custom="readingOrder {index:1;}">
                    <Coords points="1212,918 1328,918 1328,952 1212,952"/>
                    <TextEquiv>
                        <Unicode>zwischen</Unicode>
                    </TextEquiv>
                    <TextStyle fontFamily="Arial" fontSize="10.0"/>
                </Word>
                <Word id="w_w1aab1c13b2b1b5ac39" language="German" custom="readingOrder {index:2;}">
                    <Coords points="1346,918 1476,918 1476,951 1346,951"/>
                    <TextEquiv>
                        <Unicode>Loyalität</Unicode>
                    </TextEquiv>
                    <TextStyle fontFamily="Arial" fontSize="10.0"/>
                </Word>
                <Word id="w_w1aab1c13b2b1b5ac59" language="German" custom="readingOrder {index:3;}">
                    <Coords points="1496,919 1547,919 1547,947 1496,947"/>
                    <TextEquiv>
                        <Unicode>und</Unicode>
                    </TextEquiv>
                    <TextStyle fontFamily="Arial" fontSize="10.0"/>
                </Word>
                <Word id="w_w1aab1c13b2b1b5ac67" language="German" custom="readingOrder {index:4;}">
                    <Coords points="1562,918 1689,918 1689,950 1562,950"/>
                    <TextEquiv>
                        <Unicode>Reform,</Unicode>
                    </TextEquiv>
                    <TextStyle fontFamily="Arial" fontSize="10.0"/>
                </Word>
                <Word id="w_w1aab1c13b2b1b5ac83" language="German" custom="readingOrder {index:5;}">
                    <Coords points="1710,917 1822,917 1822,951 1710,951"/>
                    <TextEquiv>
                        <Unicode>mäßiger</Unicode>
                    </TextEquiv>
                    <TextStyle fontFamily="Arial" fontSize="10.0"/>
                </Word>
                <Word id="w_w1aab1c13b2b1b5ac99" language="German" custom="readingOrder {index:6;}">
                    <Coords points="1840,916 1956,916 1956,949 1840,949"/>
                    <TextEquiv>
                        <Unicode>Reform</Unicode>
                    </TextEquiv>
                    <TextStyle fontFamily="Arial" fontSize="10.0"/>
                </Word>
                <TextEquiv>
                    <Unicode>schwanken zwischen Loyalität und Reform, mäßiger Reform</Unicode>
                </TextEquiv>
                <TextStyle fontFamily="Arial" fontSize="10.0"/>
            </TextLine>
            <TextLine id="tl_35" primaryLanguage="German" custom="readingOrder {index:3;}">
                <Coords points="1055,954 1952,954 1952,999 1055,999"/>
                <Baseline points="1055,990 1952,990"/>
                <Word id="w_w1aab1c13b2b1b7ab1" language="German" custom="readingOrder {index:0;}">
                    <Coords points="1055,964 1105,964 1105,992 1055,992"/>
                    <TextEquiv>
                        <Unicode>und</Unicode>
                    </TextEquiv>
                    <TextStyle fontFamily="Arial" fontSize="10.0"/>
                </Word>
                <Word id="w_w1aab1c13b2b1b7ab9" language="German" custom="readingOrder {index:1;}">
                    <Coords points="1120,962 1363,962 1363,994 1120,994"/>
                    <TextEquiv>
                        <Unicode>Radikal-Refom.</Unicode>
                    </TextEquiv>
                    <TextStyle fontFamily="Arial" fontSize="10.0"/>
                </Word>
                <Word id="w_w1aab1c13b2b1b7ac41" language="German" custom="readingOrder {index:2;}">
                    <Coords points="1402,959 1452,959 1452,991 1402,991"/>
                    <TextEquiv>
                        <Unicode>Eia</Unicode>
                    </TextEquiv>
                    <TextStyle fontFamily="Arial" fontSize="10.0"/>
                </Word>
                <Word id="w_w1aab1c13b2b1b7ac49" language="German" custom="readingOrder {index:3;}">
                    <Coords points="1469,962 1559,962 1559,994 1469,994"/>
                    <TextEquiv>
                        <Unicode>solcher</Unicode>
                    </TextEquiv>
                    <TextStyle fontFamily="Arial" fontSize="10.0"/>
                </Word>
                <Word id="w_w1aab1c13b2b1b7ac65" language="German" custom="readingOrder {index:4;}">
                    <Coords points="1571,954 1710,954 1710,999 1571,999"/>
                    <TextEquiv>
                        <Unicode>Zeitpunkt</Unicode>
                    </TextEquiv>
                    <TextStyle fontFamily="Arial" fontSize="10.0"/>
                </Word>
                <Word id="w_w1aab1c13b2b1b7ac85" language="German" custom="readingOrder {index:5;}">
                    <Coords points="1723,961 1811,961 1811,996 1723,996"/>
                    <TextEquiv>
                        <Unicode>mußte</Unicode>
                    </TextEquiv>
                    <TextStyle fontFamily="Arial" fontSize="10.0"/>
                </Word>
                <Word id="w_w1aab1c13b2b1b7ac97" language="German" custom="readingOrder {index:6;}">
                    <Coords points="1825,962 1952,962 1952,993 1825,993"/>
                    <TextEquiv>
                        <Unicode>kommen,</Unicode>
                    </TextEquiv>
                    <TextStyle fontFamily="Arial" fontSize="10.0"/>
                </Word>
                <TextEquiv>
                    <Unicode>und Radikal-Refom. Eia solcher Zeitpunkt mußte kommen,</Unicode>
                </TextEquiv>
                <TextStyle fontFamily="Arial" fontSize="10.0"/>
            </TextLine>
            <TextLine id="tl_36" primaryLanguage="German" custom="readingOrder {index:4;}">
                <Coords points="1054,1003 1954,1003 1954,1041 1054,1041"/>
                <Baseline points="1054,1034 1954,1034"/>
                <Word id="w_w1aab1c13b2b1b9ab1" language="German" custom="readingOrder {index:0;}">
                    <Coords points="1054,1007 1103,1007 1103,1035 1054,1035"/>
                    <TextEquiv>
                        <Unicode>das</Unicode>
                    </TextEquiv>
                    <TextStyle fontFamily="Arial" fontSize="10.0"/>
                </Word>
                <Word id="w_w1aab1c13b2b1b9ab9" language="German" custom="readingOrder {index:1;}">
                    <Coords points="1127,1011 1181,1011 1181,1036 1127,1036"/>
                    <TextEquiv>
                        <Unicode>war</Unicode>
                    </TextEquiv>
                    <TextStyle fontFamily="Arial" fontSize="10.0"/>
                </Word>
                <Word id="w_w1aab1c13b2b1b9ac17" language="German" custom="readingOrder {index:2;}">
                    <Coords points="1206,1005 1431,1005 1431,1041 1206,1041"/>
                    <TextEquiv>
                        <Unicode>vorauszusehen;</Unicode>
                    </TextEquiv>
                    <TextStyle fontFamily="Arial" fontSize="10.0"/>
                </Word>
                <Word id="w_w1aab1c13b2b1b9ac47" language="German" custom="readingOrder {index:3;}">
                    <Coords points="1459,1005 1503,1005 1503,1034 1459,1034"/>
                    <TextEquiv>
                        <Unicode>die</Unicode>
                    </TextEquiv>
                    <TextStyle fontFamily="Arial" fontSize="10.0"/>
                </Word>
                <Word id="w_w1aab1c13b2b1b9ac55" language="German" custom="readingOrder {index:4;}">
                    <Coords points="1528,1004 1693,1004 1693,1040 1528,1040"/>
                    <TextEquiv>
                        <Unicode>unglückliche</Unicode>
                    </TextEquiv>
                    <TextStyle fontFamily="Arial" fontSize="10.0"/>
                </Word>
                <Word id="w_w1aab1c13b2b1b9ac79" language="German" custom="readingOrder {index:5;}">
                    <Coords points="1716,1003 1895,1003 1895,1039 1716,1039"/>
                    <TextEquiv>
                        <Unicode>Begebenheit</Unicode>
                    </TextEquiv>
                    <TextStyle fontFamily="Arial" fontSize="10.0"/>
                </Word>
                <Word id="w_w1aab1c13b2b1b9ad103" language="German" custom="readingOrder {index:6;}">
                    <Coords points="1921,1010 1954,1010 1954,1036 1921,1036"/>
                    <TextEquiv>
                        <Unicode>zu</Unicode>
                    </TextEquiv>
                    <TextStyle fontFamily="Arial" fontSize="10.0"/>
                </Word>
                <TextEquiv>
                    <Unicode>das war vorauszusehen; die unglückliche Begebenheit zu</Unicode>
                </TextEquiv>
                <TextStyle fontFamily="Arial" fontSize="10.0"/>
            </TextLine>
            <TextLine id="tl_37" primaryLanguage="German" custom="readingOrder {index:5;}">
                <Coords points="1057,1044 1954,1044 1954,1088 1057,1088"/>
                <Baseline points="1057,1078 1954,1078"/>
                <Word id="w_w1aab1c13b2b1c11ab1" language="German" custom="readingOrder {index:0;}">
                    <Coords points="1057,1047 1255,1047 1255,1085 1057,1085"/>
                    <TextEquiv>
                        <Unicode>Manchester</Unicode>
                    </TextEquiv>
                    <TextStyle fontFamily="Arial" fontSize="10.0"/>
                </Word>
                <Word id="w_w1aab1c13b2b1c11ac23" language="German" custom="readingOrder {index:1;}">
                    <Coords points="1270,1044 1357,1044 1357,1083 1270,1083"/>
                    <TextEquiv>
                        <Unicode>führte</Unicode>
                    </TextEquiv>
                    <TextStyle fontFamily="Arial" fontSize="10.0"/>
                </Word>
                <Word id="w_w1aab1c13b2b1c11ac37" language="German" custom="readingOrder {index:2;}">
                    <Coords points="1377,1048 1421,1048 1421,1082 1377,1082"/>
                    <TextEquiv>
                        <Unicode>ihn</Unicode>
                    </TextEquiv>
                    <TextStyle fontFamily="Arial" fontSize="10.0"/>
                </Word>
                <Word id="w_w1aab1c13b2b1c11ac45" language="German" custom="readingOrder {index:3;}">
                    <Coords points="1438,1054 1491,1054 1491,1080 1438,1080"/>
                    <TextEquiv>
                        <Unicode>nur</Unicode>
                    </TextEquiv>
                    <TextStyle fontFamily="Arial" fontSize="10.0"/>
                </Word>
                <Word id="w_w1aab1c13b2b1c11ac53" language="German" custom="readingOrder {index:4;}">
                    <Coords points="1506,1047 1596,1047 1596,1082 1506,1082"/>
                    <TextEquiv>
                        <Unicode>früher</Unicode>
                    </TextEquiv>
                    <TextStyle fontFamily="Arial" fontSize="10.0"/>
                </Word>
                <Word id="w_w1aab1c13b2b1c11ac67" language="German" custom="readingOrder {index:5;}">
                    <Coords points="1618,1048 1719,1048 1719,1081 1618,1081"/>
                    <TextEquiv>
                        <Unicode>herbey.</Unicode>
                    </TextEquiv>
                    <TextStyle fontFamily="Arial" fontSize="10.0"/>
                </Word>
                <Word id="w_w1aab1c13b2b1c11ac89" language="German" custom="readingOrder {index:6;}">
                    <Coords points="1757,1046 1954,1046 1954,1082 1757,1082"/>
                    <TextEquiv>
                        <Unicode>Unglücklicher¬</Unicode>
                    </TextEquiv>
                    <TextStyle fontFamily="Arial" fontSize="10.0"/>
                </Word>
                <TextEquiv>
                    <Unicode>Manchester führte ihn nur früher herbey. Unglücklicher¬</Unicode>
                </TextEquiv>
                <TextStyle fontFamily="Arial" fontSize="10.0"/>
            </TextLine>
            <TextLine id="tl_38" primaryLanguage="German" custom="readingOrder {index:6;}">
                <Coords points="1055,1089 1956,1089 1956,1128 1055,1128"/>
                <Baseline points="1055,1120 1956,1120"/>
                <Word id="w_w1aab1c13b2b1c13ab1" language="German" custom="readingOrder {index:0;}">
                    <Coords points="1055,1090 1130,1090 1130,1127 1055,1127"/>
                    <TextEquiv>
                        <Unicode>weise</Unicode>
                    </TextEquiv>
                    <TextStyle fontFamily="Arial" fontSize="10.0"/>
                </Word>
                <Word id="w_w1aab1c13b2b1c13ac13" language="German" custom="readingOrder {index:1;}">
                    <Coords points="1151,1095 1205,1095 1205,1123 1151,1123"/>
                    <TextEquiv>
                        <Unicode>kam</Unicode>
                    </TextEquiv>
                    <TextStyle fontFamily="Arial" fontSize="10.0"/>
                </Word>
                <Word id="w_w1aab1c13b2b1c13ac21" language="German" custom="readingOrder {index:2;}">
                    <Coords points="1229,1094 1272,1094 1272,1123 1229,1123"/>
                    <TextEquiv>
                        <Unicode>der</Unicode>
                    </TextEquiv>
                    <TextStyle fontFamily="Arial" fontSize="10.0"/>
                </Word>
                <Word id="w_w1aab1c13b2b1c13ac29" language="German" custom="readingOrder {index:3;}">
                    <Coords points="1291,1092 1492,1092 1492,1128 1291,1128"/>
                    <TextEquiv>
                        <Unicode>Friedensbruch</Unicode>
                    </TextEquiv>
                    <TextStyle fontFamily="Arial" fontSize="10.0"/>
                </Word>
                <Word id="w_w1aab1c13b2b1c13ac57" language="German" custom="readingOrder {index:4;}">
                    <Coords points="1512,1098 1563,1098 1563,1120 1512,1120"/>
                    <TextEquiv>
                        <Unicode>von</Unicode>
                    </TextEquiv>
                    <TextStyle fontFamily="Arial" fontSize="10.0"/>
                </Word>
                <Word id="w_w1aab1c13b2b1c13ac65" language="German" custom="readingOrder {index:5;}">
                    <Coords points="1581,1090 1651,1090 1651,1120 1581,1120"/>
                    <TextEquiv>
                        <Unicode>einer</Unicode>
                    </TextEquiv>
                    <TextStyle fontFamily="Arial" fontSize="10.0"/>
                </Word>
                <Word id="w_w1aab1c13b2b1c13ac77" language="German" custom="readingOrder {index:6;}">
                    <Coords points="1665,1089 1763,1089 1763,1121 1665,1121"/>
                    <TextEquiv>
                        <Unicode>Seite,</Unicode>
                    </TextEquiv>
                    <TextStyle fontFamily="Arial" fontSize="10.0"/>
                </Word>
                <Word id="w_w1aab1c13b2b1c13ac91" language="German" custom="readingOrder {index:7;}">
                    <Coords points="1781,1096 1832,1096 1832,1120 1781,1120"/>
                    <TextEquiv>
                        <Unicode>von</Unicode>
                    </TextEquiv>
                    <TextStyle fontFamily="Arial" fontSize="10.0"/>
                </Word>
                <Word id="w_w1aab1c13b2b1c13ac99" language="German" custom="readingOrder {index:8;}">
                    <Coords points="1847,1090 1956,1090 1956,1119 1847,1119"/>
                    <TextEquiv>
                        <Unicode>welcher</Unicode>
                    </TextEquiv>
                    <TextStyle fontFamily="Arial" fontSize="10.0"/>
                </Word>
                <TextEquiv>
                    <Unicode>weise kam der Friedensbruch von einer Seite, von welcher</Unicode>
                </TextEquiv>
                <TextStyle fontFamily="Arial" fontSize="10.0"/>
            </TextLine>
            <TextLine id="tl_39" primaryLanguage="German" custom="readingOrder {index:7;}">
                <Coords points="1056,1133 1952,1133 1952,1170 1056,1170"/>
                <Baseline points="1056,1164 1952,1164"/>
                <Word id="w_w1aab1c13b2b1c15ab1" language="German" custom="readingOrder {index:0;}">
                    <Coords points="1056,1140 1084,1140 1084,1166 1056,1166"/>
                    <TextEquiv>
                        <Unicode>er</Unicode>
                    </TextEquiv>
                    <TextStyle fontFamily="Arial" fontSize="10.0"/>
                </Word>
                <Word id="w_w1aab1c13b2b1c15ab7" language="German" custom="readingOrder {index:1;}">
                    <Coords points="1103,1136 1145,1136 1145,1166 1103,1166"/>
                    <TextEquiv>
                        <Unicode>nie</Unicode>
                    </TextEquiv>
                    <TextStyle fontFamily="Arial" fontSize="10.0"/>
                </Word>
                <Word id="w_w1aab1c13b2b1c15ac15" language="German" custom="readingOrder {index:2;}">
                    <Coords points="1165,1136 1238,1136 1238,1169 1165,1169"/>
                    <TextEquiv>
                        <Unicode>hätte</Unicode>
                    </TextEquiv>
                    <TextStyle fontFamily="Arial" fontSize="10.0"/>
                </Word>
                <Word id="w_w1aab1c13b2b1c15ac27" language="German" custom="readingOrder {index:3;}">
                    <Coords points="1258,1138 1371,1138 1371,1166 1258,1166"/>
                    <TextEquiv>
                        <Unicode>kommen</Unicode>
                    </TextEquiv>
                    <TextStyle fontFamily="Arial" fontSize="10.0"/>
                </Word>
                <Word id="w_w1aab1c13b2b1c15ac41" language="German" custom="readingOrder {index:4;}">
                    <Coords points="1396,1136 1491,1136 1491,1170 1396,1170"/>
                    <TextEquiv>
                        <Unicode>sollen!</Unicode>
                    </TextEquiv>
                    <TextStyle fontFamily="Arial" fontSize="10.0"/>
                </Word>
                <Word id="w_w1aab1c13b2b1c15ac57" language="German" custom="readingOrder {index:5;}">
                    <Coords points="1518,1133 1600,1133 1600,1165 1518,1165"/>
                    <TextEquiv>
                        <Unicode>Wäre</Unicode>
                    </TextEquiv>
                    <TextStyle fontFamily="Arial" fontSize="10.0"/>
                </Word>
                <Word id="w_w1aab1c13b2b1c15ac67" language="German" custom="readingOrder {index:6;}">
                    <Coords points="1622,1134 1666,1134 1666,1163 1622,1163"/>
                    <TextEquiv>
                        <Unicode>der</Unicode>
                    </TextEquiv>
                    <TextStyle fontFamily="Arial" fontSize="10.0"/>
                </Word>
                <Word id="w_w1aab1c13b2b1c15ac75" language="German" custom="readingOrder {index:7;}">
                    <Coords points="1691,1135 1753,1135 1753,1167 1691,1167"/>
                    <TextEquiv>
                        <Unicode>erste</Unicode>
                    </TextEquiv>
                    <TextStyle fontFamily="Arial" fontSize="10.0"/>
                </Word>
                <Word id="w_w1aab1c13b2b1c15ac87" language="German" custom="readingOrder {index:8;}">
                    <Coords points="1776,1133 1883,1133 1883,1169 1776,1169"/>
                    <TextEquiv>
                        <Unicode>Angriff</Unicode>
                    </TextEquiv>
                    <TextStyle fontFamily="Arial" fontSize="10.0"/>
                </Word>
                <Word id="w_w1aab1c13b2b1c15ad103" language="German" custom="readingOrder {index:9;}">
                    <Coords points="1902,1140 1952,1140 1952,1164 1902,1164"/>
                    <TextEquiv>
                        <Unicode>von</Unicode>
                    </TextEquiv>
                    <TextStyle fontFamily="Arial" fontSize="10.0"/>
                </Word>
                <TextEquiv>
                    <Unicode>er nie hätte kommen sollen! Wäre der erste Angriff von</Unicode>
                </TextEquiv>
                <TextStyle fontFamily="Arial" fontSize="10.0"/>
            </TextLine>
            <TextLine id="tl_40" primaryLanguage="German" custom="readingOrder {index:8;}">
                <Coords points="1056,1166 1956,1166 1956,1218 1056,1218"/>
                <Baseline points="1056,1208 1956,1208"/>
                <Word id="w_w1aab1c13b2b1c17ab1" language="German" custom="readingOrder {index:0;}">
                    <Coords points="1056,1180 1138,1180 1138,1210 1056,1210"/>
                    <TextEquiv>
                        <Unicode>Seite</Unicode>
                    </TextEquiv>
                    <TextStyle fontFamily="Arial" fontSize="10.0"/>
                </Word>
                <Word id="w_w1aab1c13b2b1c17ac13" language="German" custom="readingOrder {index:1;}">
                    <Coords points="1151,1181 1196,1181 1196,1218 1151,1218"/>
                    <TextEquiv>
                        <Unicode>der</Unicode>
                    </TextEquiv>
                    <TextStyle fontFamily="Arial" fontSize="10.0"/>
                </Word>
                <Word id="w_w1aab1c13b2b1c17ac21" language="German" custom="readingOrder {index:2;}">
                    <Coords points="1205,1180 1407,1180 1407,1214 1205,1214"/>
                    <TextEquiv>
                        <Unicode>Reformatoren</Unicode>
                    </TextEquiv>
                    <TextStyle fontFamily="Arial" fontSize="10.0"/>
                </Word>
                <Word id="word_1513470208450_3309" language="German" custom="readingOrder {index:3;}">
                    <Coords points="1566,1218 1420,1218 1420,1171 1566,1171"/>
                    <TextEquiv>
                        <Unicode>geschehen,</Unicode>
                    </TextEquiv>
                    <TextStyle fontFamily="Arial" fontSize="10.0"/>
                </Word>
                <Word id="word_1513470208449_3308" language="German" custom="readingOrder {index:4;}">
                    <Coords points="1626,1218 1566,1218 1566,1171 1626,1171"/>
                    <TextEquiv>
                        <Unicode>so</Unicode>
                    </TextEquiv>
                    <TextStyle fontFamily="Arial" fontSize="10.0"/>
                </Word>
                <Word id="word_1513470207783_3306" language="German" custom="readingOrder {index:5;}">
                    <Coords points="1717,1218 1626,1218 1626,1171 1717,1171"/>
                    <TextEquiv>
                        <Unicode>wären</Unicode>
                    </TextEquiv>
                    <TextStyle fontFamily="Arial" fontSize="10.0"/>
                </Word>
                <Word id="w_w1aab1c13b2b1c17b1b1" language="German" custom="readingOrder {index:6;}">
                    <Coords points="1718,1166 1774,1166 1774,1215 1718,1215"/>
                    <TextEquiv>
                        <Unicode>die</Unicode>
                    </TextEquiv>
                    <TextStyle fontFamily="Arial" fontSize="10.0" strikethrough="true"/>
                </Word>
                <Word id="word_1513470241235_3310" language="German" custom="readingOrder {index:7;}">
                    <Coords points="1819,1178 1828,1178 1844,1179 1876,1185 1876,1207 1858,1212 1845,1212 1844,1212 1828,1212 1804,1205 1804,1182"/>
                    <TextEquiv>
                        <Unicode>Folgen</Unicode>
                    </TextEquiv>
                    <TextStyle fontFamily="Arial" fontSize="10.0"/>
                </Word>
                <Word id="w_w1aab1c13b2b1c17b6b5" language="German" custom="readingOrder {index:8;}">
                    <Coords points="1886,1180 1956,1180 1956,1211 1886,1211"/>
                    <TextEquiv>
                        <Unicode>ganz</Unicode>
                    </TextEquiv>
                    <TextStyle fontFamily="Arial" fontSize="10.0"/>
                </Word>
                <TextEquiv>
                    <Unicode>Seite der Reformatoren geschehen, so wären die Folgen ganz</Unicode>
                </TextEquiv>
            </TextLine>
            <TextLine id="tl_41" primaryLanguage="German" custom="readingOrder {index:9;}">
                <Coords points="1056,1212 1953,1212 1953,1257 1056,1257"/>
                <Baseline points="1056,1250 1953,1250"/>
                <Word id="word_1513470279037_3312" language="German" custom="readingOrder {index:0;}">
                    <Coords points="1234,1257 1056,1257 1056,1220 1234,1220"/>
                    <TextEquiv>
                        <Unicode>verschieden</Unicode>
                    </TextEquiv>
                    <TextStyle fontFamily="Arial" fontSize="10.0"/>
                </Word>
                <Word id="word_1513470279037_3311" language="German" custom="readingOrder {index:1;}">
                    <Coords points="1367,1257 1234,1257 1234,1220 1367,1220"/>
                    <TextEquiv>
                        <Unicode>gewesen;</Unicode>
                    </TextEquiv>
                    <TextStyle fontFamily="Arial" fontSize="10.0"/>
                </Word>
                <Word id="w_w1aab1c13b2b1c19ac43" language="German" custom="readingOrder {index:2;}">
                    <Coords points="1399,1212 1454,1212 1454,1251 1399,1251"/>
                    <TextEquiv>
                        <Unicode>die</Unicode>
                    </TextEquiv>
                    <TextStyle fontFamily="Arial" fontSize="10.0"/>
                </Word>
                <Word id="w_w1aab1c13b2b1c19ac53" language="German" custom="readingOrder {index:3;}">
                    <Coords points="1463,1219 1732,1219 1732,1256 1463,1256"/>
                    <TextEquiv>
                        <Unicode>Eigenthumsbesitzer</Unicode>
                    </TextEquiv>
                    <TextStyle fontFamily="Arial" fontSize="10.0"/>
                </Word>
                <Word id="w_w1aab1c13b2b1c19ac91" language="German" custom="readingOrder {index:4;}">
                    <Coords points="1757,1220 1862,1220 1862,1249 1757,1249"/>
                    <TextEquiv>
                        <Unicode>würden</Unicode>
                    </TextEquiv>
                    <TextStyle fontFamily="Arial" fontSize="10.0"/>
                </Word>
                <Word id="w_w1aab1c13b2b1c19ad105" language="German" custom="readingOrder {index:5;}">
                    <Coords points="1881,1219 1953,1219 1953,1249 1881,1249"/>
                    <TextEquiv>
                        <Unicode>dann</Unicode>
                    </TextEquiv>
                    <TextStyle fontFamily="Arial" fontSize="10.0"/>
                </Word>
                <TextEquiv>
                    <Unicode>verschieden gewesen; die Eigenthumsbesitzer würden dann</Unicode>
                </TextEquiv>
                <TextStyle fontFamily="Arial" fontSize="10.0"/>
            </TextLine>
            <TextLine id="tl_42" primaryLanguage="German" custom="readingOrder {index:10;}">
                <Coords points="1057,1263 1954,1263 1954,1302 1057,1302"/>
                <Baseline points="1057,1293 1954,1293"/>
                <Word id="w_w1aab1c13b2b1c21ab1" language="German" custom="readingOrder {index:0;}">
                    <Coords points="1057,1265 1165,1265 1165,1297 1057,1297"/>
                    <TextEquiv>
                        <Unicode>deutlich</Unicode>
                    </TextEquiv>
                    <TextStyle fontFamily="Arial" fontSize="10.0"/>
                </Word>
                <Word id="w_w1aab1c13b2b1c21ac19" language="German" custom="readingOrder {index:1;}">
                    <Coords points="1177,1266 1232,1266 1232,1299 1177,1299"/>
                    <TextEquiv>
                        <Unicode>den</Unicode>
                    </TextEquiv>
                    <TextStyle fontFamily="Arial" fontSize="10.0"/>
                </Word>
                <Word id="w_w1aab1c13b2b1c21ac27" language="German" custom="readingOrder {index:2;}">
                    <Coords points="1251,1265 1332,1265 1332,1302 1251,1302"/>
                    <TextEquiv>
                        <Unicode>Feind</Unicode>
                    </TextEquiv>
                    <TextStyle fontFamily="Arial" fontSize="10.0"/>
                </Word>
                <Word id="w_w1aab1c13b2b1c21ac39" language="German" custom="readingOrder {index:3;}">
                    <Coords points="1351,1266 1485,1266 1485,1296 1351,1296"/>
                    <TextEquiv>
                        <Unicode>erkannt,</Unicode>
                    </TextEquiv>
                    <TextStyle fontFamily="Arial" fontSize="10.0"/>
                </Word>
                <Word id="w_w1aab1c13b2b1c21ac59" language="German" custom="readingOrder {index:4;}">
                    <Coords points="1500,1265 1552,1265 1552,1293 1500,1293"/>
                    <TextEquiv>
                        <Unicode>und</Unicode>
                    </TextEquiv>
                    <TextStyle fontFamily="Arial" fontSize="10.0"/>
                </Word>
                <Word id="w_w1aab1c13b2b1c21ac67" language="German" custom="readingOrder {index:5;}">
                    <Coords points="1568,1264 1642,1264 1642,1296 1568,1296"/>
                    <TextEquiv>
                        <Unicode>durch</Unicode>
                    </TextEquiv>
                    <TextStyle fontFamily="Arial" fontSize="10.0"/>
                </Word>
                <Word id="w_w1aab1c13b2b1c21ac79" language="German" custom="readingOrder {index:6;}">
                    <Coords points="1658,1263 1714,1263 1714,1294 1658,1294"/>
                    <TextEquiv>
                        <Unicode>eine</Unicode>
                    </TextEquiv>
                    <TextStyle fontFamily="Arial" fontSize="10.0"/>
                </Word>
                <Word id="w_w1aab1c13b2b1c21ac89" language="German" custom="readingOrder {index:7;}">
                    <Coords points="1730,1263 1832,1263 1832,1297 1730,1297"/>
                    <TextEquiv>
                        <Unicode>schnelle</Unicode>
                    </TextEquiv>
                    <TextStyle fontFamily="Arial" fontSize="10.0"/>
                </Word>
                <Word id="w_w1aab1c13b2b1c21ad107" language="German" custom="readingOrder {index:8;}">
                    <Coords points="1846,1263 1954,1263 1954,1299 1846,1299"/>
                    <TextEquiv>
                        <Unicode>Zusam¬</Unicode>
                    </TextEquiv>
                    <TextStyle fontFamily="Arial" fontSize="10.0"/>
                </Word>
                <TextEquiv>
                    <Unicode>deutlich den Feind erkannt, und durch eine schnelle Zusam¬</Unicode>
                </TextEquiv>
                <TextStyle fontFamily="Arial" fontSize="10.0"/>
            </TextLine>
            <TextLine id="tl_43" primaryLanguage="German" custom="readingOrder {index:11;}">
                <Coords points="1057,1306 1955,1306 1955,1345 1057,1345"/>
                <Baseline points="1057,1335 1955,1335"/>
                <Word id="w_w1aab1c13b2b1c23ab1" language="German" custom="readingOrder {index:0;}">
                    <Coords points="1057,1307 1233,1307 1233,1343 1057,1343"/>
                    <TextEquiv>
                        <Unicode>menwirkung</Unicode>
                    </TextEquiv>
                    <TextStyle fontFamily="Arial" fontSize="10.0"/>
                </Word>
                <Word id="w_w1aab1c13b2b1c23ac23" language="German" custom="readingOrder {index:1;}">
                    <Coords points="1251,1307 1302,1307 1302,1339 1251,1339"/>
                    <TextEquiv>
                        <Unicode>mit</Unicode>
                    </TextEquiv>
                    <TextStyle fontFamily="Arial" fontSize="10.0"/>
                </Word>
                <Word id="w_w1aab1c13b2b1c23ac31" language="German" custom="readingOrder {index:2;}">
                    <Coords points="1317,1309 1361,1309 1361,1337 1317,1337"/>
                    <TextEquiv>
                        <Unicode>der</Unicode>
                    </TextEquiv>
                    <TextStyle fontFamily="Arial" fontSize="10.0"/>
                </Word>
                <Word id="w_w1aab1c13b2b1c23ac39" language="German" custom="readingOrder {index:3;}">
                    <Coords points="1385,1307 1552,1307 1552,1342 1385,1342"/>
                    <TextEquiv>
                        <Unicode>Regierung,</Unicode>
                    </TextEquiv>
                    <TextStyle fontFamily="Arial" fontSize="10.0"/>
                </Word>
                <Word id="w_w1aab1c13b2b1c23ac61" language="German" custom="readingOrder {index:4;}">
                    <Coords points="1572,1308 1636,1308 1636,1339 1572,1339"/>
                    <TextEquiv>
                        <Unicode>ohne</Unicode>
                    </TextEquiv>
                    <TextStyle fontFamily="Arial" fontSize="10.0"/>
                </Word>
                <Word id="w_w1aab1c13b2b1c23ac71" language="German" custom="readingOrder {index:5;}">
                    <Coords points="1653,1307 1701,1307 1701,1345 1653,1345"/>
                    <TextEquiv>
                        <Unicode>daß</Unicode>
                    </TextEquiv>
                    <TextStyle fontFamily="Arial" fontSize="10.0"/>
                </Word>
                <Word id="w_w1aab1c13b2b1c23ac79" language="German" custom="readingOrder {index:6;}">
                    <Coords points="1719,1308 1750,1308 1750,1336 1719,1336"/>
                    <TextEquiv>
                        <Unicode>es</Unicode>
                    </TextEquiv>
                    <TextStyle fontFamily="Arial" fontSize="10.0"/>
                </Word>
                <Word id="w_w1aab1c13b2b1c23ac85" language="German" custom="readingOrder {index:7;}">
                    <Coords points="1765,1306 1854,1306 1854,1341 1765,1341"/>
                    <TextEquiv>
                        <Unicode>nöthig</Unicode>
                    </TextEquiv>
                    <TextStyle fontFamily="Arial" fontSize="10.0"/>
                </Word>
                <Word id="w_w1aab1c13b2b1c23ac99" language="German" custom="readingOrder {index:8;}">
                    <Coords points="1873,1308 1955,1308 1955,1341 1873,1341"/>
                    <TextEquiv>
                        <Unicode>gewe¬</Unicode>
                    </TextEquiv>
                    <TextStyle fontFamily="Arial" fontSize="10.0"/>
                </Word>
                <TextEquiv>
                    <Unicode>menwirkung mit der Regierung, ohne daß es nöthig gewe¬</Unicode>
                </TextEquiv>
                <TextStyle fontFamily="Arial" fontSize="10.0"/>
            </TextLine>
            <TextLine id="tl_44" primaryLanguage="German" custom="readingOrder {index:12;}">
                <Coords points="1058,1349 1954,1349 1954,1387 1058,1387"/>
                <Baseline points="1058,1380 1954,1380"/>
                <Word id="word_1513470351150_3314" language="German" custom="readingOrder {index:0;}">
                    <Coords points="1108,1384 1058,1384 1058,1351 1108,1351"/>
                    <TextEquiv>
                        <Unicode>sen</Unicode>
                    </TextEquiv>
                    <TextStyle fontFamily="Arial" fontSize="10.0"/>
                </Word>
                <Word id="word_1513470351150_3313" language="German" custom="readingOrder {index:1;}">
                    <Coords points="1221,1384 1108,1384 1108,1351 1221,1351"/>
                    <TextEquiv>
                        <Unicode>wären,</Unicode>
                    </TextEquiv>
                    <TextStyle fontFamily="Arial" fontSize="10.0"/>
                </Word>
                <Word id="w_w1aab1c13b2b1c25ac23" language="German" custom="readingOrder {index:2;}">
                    <Coords points="1241,1350 1282,1350 1282,1382 1241,1382"/>
                    <TextEquiv>
                        <Unicode>die</Unicode>
                    </TextEquiv>
                    <TextStyle fontFamily="Arial" fontSize="10.0"/>
                </Word>
                <Word id="w_w1aab1c13b2b1c25ac31" language="German" custom="readingOrder {index:3;}">
                    <Coords points="1301,1350 1378,1350 1378,1386 1301,1386"/>
                    <TextEquiv>
                        <Unicode>Hand</Unicode>
                    </TextEquiv>
                    <TextStyle fontFamily="Arial" fontSize="10.0"/>
                </Word>
                <Word id="w_w1aab1c13b2b1c25ac41" language="German" custom="readingOrder {index:4;}">
                    <Coords points="1394,1350 1523,1350 1523,1384 1394,1384"/>
                    <TextEquiv>
                        <Unicode>derselben</Unicode>
                    </TextEquiv>
                    <TextStyle fontFamily="Arial" fontSize="10.0"/>
                </Word>
                <Word id="w_w1aab1c13b2b1c25ac61" language="German" custom="readingOrder {index:5;}">
                    <Coords points="1545,1357 1574,1357 1574,1382 1545,1382"/>
                    <TextEquiv>
                        <Unicode>zu</Unicode>
                    </TextEquiv>
                    <TextStyle fontFamily="Arial" fontSize="10.0"/>
                </Word>
                <Word id="w_w1aab1c13b2b1c25ac67" language="German" custom="readingOrder {index:6;}">
                    <Coords points="1591,1350 1704,1350 1704,1383 1591,1383"/>
                    <TextEquiv>
                        <Unicode>stärken,</Unicode>
                    </TextEquiv>
                    <TextStyle fontFamily="Arial" fontSize="10.0"/>
                </Word>
                <Word id="w_w1aab1c13b2b1c25ac85" language="German" custom="readingOrder {index:7;}">
                    <Coords points="1723,1349 1775,1349 1775,1380 1723,1380"/>
                    <TextEquiv>
                        <Unicode>und</Unicode>
                    </TextEquiv>
                    <TextStyle fontFamily="Arial" fontSize="10.0"/>
                </Word>
                <Word id="w_w1aab1c13b2b1c25ac93" language="German" custom="readingOrder {index:8;}">
                    <Coords points="1795,1350 1859,1350 1859,1380 1795,1380"/>
                    <TextEquiv>
                        <Unicode>ohne</Unicode>
                    </TextEquiv>
                    <TextStyle fontFamily="Arial" fontSize="10.0"/>
                </Word>
                <Word id="w_w1aab1c13b2b1c25ad103" language="German" custom="readingOrder {index:9;}">
                    <Coords points="1877,1349 1954,1349 1954,1387 1877,1387"/>
                    <TextEquiv>
                        <Unicode>große</Unicode>
                    </TextEquiv>
                    <TextStyle fontFamily="Arial" fontSize="10.0"/>
                </Word>
                <TextEquiv>
                    <Unicode>sen wären, die Hand derselben zu stärken, und ohne große</Unicode>
                </TextEquiv>
                <TextStyle fontFamily="Arial" fontSize="10.0"/>
            </TextLine>
            <TextLine id="tl_45" primaryLanguage="German" custom="readingOrder {index:13;}">
                <Coords points="1054,1393 1955,1393 1955,1429 1054,1429"/>
                <Baseline points="1054,1423 1955,1423"/>
                <Word id="w_w1aab1c13b2b1c27ab1" language="German" custom="readingOrder {index:0;}">
                    <Coords points="1054,1394 1162,1394 1162,1426 1054,1426"/>
                    <TextEquiv>
                        <Unicode>Mühe,</Unicode>
                    </TextEquiv>
                    <TextStyle fontFamily="Arial" fontSize="10.0"/>
                </Word>
                <Word id="w_w1aab1c13b2b1c27ac13" language="German" custom="readingOrder {index:1;}">
                    <Coords points="1190,1394 1236,1394 1236,1427 1190,1427"/>
                    <TextEquiv>
                        <Unicode>ihn</Unicode>
                    </TextEquiv>
                    <TextStyle fontFamily="Arial" fontSize="10.0"/>
                </Word>
                <Word id="w_w1aab1c13b2b1c27ac21" language="German" custom="readingOrder {index:2;}">
                    <Coords points="1255,1393 1333,1393 1333,1428 1255,1428"/>
                    <TextEquiv>
                        <Unicode>außer</Unicode>
                    </TextEquiv>
                    <TextStyle fontFamily="Arial" fontSize="10.0"/>
                </Word>
                <Word id="w_w1aab1c13b2b1c27ac33" language="German" custom="readingOrder {index:3;}">
                    <Coords points="1355,1394 1446,1394 1446,1423 1355,1423"/>
                    <TextEquiv>
                        <Unicode>Stand</Unicode>
                    </TextEquiv>
                    <TextStyle fontFamily="Arial" fontSize="10.0"/>
                </Word>
                <Word id="w_w1aab1c13b2b1c27ac45" language="German" custom="readingOrder {index:4;}">
                    <Coords points="1468,1394 1554,1394 1554,1428 1468,1428"/>
                    <TextEquiv>
                        <Unicode>gesetzt</Unicode>
                    </TextEquiv>
                    <TextStyle fontFamily="Arial" fontSize="10.0"/>
                </Word>
                <Word id="w_w1aab1c13b2b1c27ac61" language="German" custom="readingOrder {index:5;}">
                    <Coords points="1570,1395 1650,1395 1650,1426 1570,1426"/>
                    <TextEquiv>
                        <Unicode>haben</Unicode>
                    </TextEquiv>
                    <TextStyle fontFamily="Arial" fontSize="10.0"/>
                </Word>
                <Word id="w_w1aab1c13b2b1c27ac73" language="German" custom="readingOrder {index:6;}">
                    <Coords points="1674,1401 1702,1401 1702,1426 1674,1426"/>
                    <TextEquiv>
                        <Unicode>zu</Unicode>
                    </TextEquiv>
                    <TextStyle fontFamily="Arial" fontSize="10.0"/>
                </Word>
                <Word id="w_w1aab1c13b2b1c27ac79" language="German" custom="readingOrder {index:7;}">
                    <Coords points="1721,1394 1832,1394 1832,1429 1721,1429"/>
                    <TextEquiv>
                        <Unicode>schaden.</Unicode>
                    </TextEquiv>
                    <TextStyle fontFamily="Arial" fontSize="10.0"/>
                </Word>
                <Word id="w_w1aab1c13b2b1c27ac97" language="German" custom="readingOrder {index:8;}">
                    <Coords points="1883,1395 1955,1395 1955,1429 1883,1429"/>
                    <TextEquiv>
                        <Unicode>Jetzt</Unicode>
                    </TextEquiv>
                    <TextStyle fontFamily="Arial" fontSize="10.0"/>
                </Word>
                <TextEquiv>
                    <Unicode>Mühe, ihn außer Stand gesetzt haben zu schaden. Jetzt</Unicode>
                </TextEquiv>
                <TextStyle fontFamily="Arial" fontSize="10.0"/>
            </TextLine>
            <TextLine id="tl_46" primaryLanguage="German" custom="readingOrder {index:14;}">
                <Coords points="1057,1433 1956,1433 1956,1473 1057,1473"/>
                <Baseline points="1057,1466 1956,1466"/>
                <Word id="w_w1aab1c13b2b1c29ab1" language="German" custom="readingOrder {index:0;}">
                    <Coords points="1057,1437 1118,1437 1118,1467 1057,1467"/>
                    <TextEquiv>
                        <Unicode>aber</Unicode>
                    </TextEquiv>
                    <TextStyle fontFamily="Arial" fontSize="10.0"/>
                </Word>
                <Word id="w_w1aab1c13b2b1c29ac11" language="German" custom="readingOrder {index:1;}">
                    <Coords points="1135,1436 1188,1436 1188,1472 1135,1472"/>
                    <TextEquiv>
                        <Unicode>sind</Unicode>
                    </TextEquiv>
                    <TextStyle fontFamily="Arial" fontSize="10.0"/>
                </Word>
                <Word id="w_w1aab1c13b2b1c29ac21" language="German" custom="readingOrder {index:2;}">
                    <Coords points="1204,1437 1246,1437 1246,1469 1204,1469"/>
                    <TextEquiv>
                        <Unicode>die</Unicode>
                    </TextEquiv>
                    <TextStyle fontFamily="Arial" fontSize="10.0"/>
                </Word>
                <Word id="w_w1aab1c13b2b1c29ac29" language="German" custom="readingOrder {index:3;}">
                    <Coords points="1254,1437 1456,1437 1456,1469 1254,1469"/>
                    <TextEquiv>
                        <Unicode>Reformatoren</Unicode>
                    </TextEquiv>
                    <TextStyle fontFamily="Arial" fontSize="10.0"/>
                </Word>
                <Word id="w_w1aab1c13b2b1c29ac55" language="German" custom="readingOrder {index:4;}">
                    <Coords points="1473,1436 1513,1436 1513,1466 1473,1466"/>
                    <TextEquiv>
                        <Unicode>die</Unicode>
                    </TextEquiv>
                    <TextStyle fontFamily="Arial" fontSize="10.0"/>
                </Word>
                <Word id="w_w1aab1c13b2b1c29ac63" language="German" custom="readingOrder {index:5;}">
                    <Coords points="1526,1437 1747,1437 1747,1472 1526,1472"/>
                    <TextEquiv>
                        <Unicode>Angegriffenen,</Unicode>
                    </TextEquiv>
                    <TextStyle fontFamily="Arial" fontSize="10.0"/>
                </Word>
                <Word id="w_w1aab1c13b2b1c29ac93" language="German" custom="readingOrder {index:6;}">
                    <Coords points="1766,1433 1793,1433 1793,1467 1766,1467"/>
                    <TextEquiv>
                        <Unicode>in</Unicode>
                    </TextEquiv>
                    <TextStyle fontFamily="Arial" fontSize="10.0"/>
                </Word>
                <Word id="w_w1aab1c13b2b1c29ac99" language="German" custom="readingOrder {index:7;}">
                    <Coords points="1810,1437 1887,1437 1887,1469 1810,1469"/>
                    <TextEquiv>
                        <Unicode>ihnen</Unicode>
                    </TextEquiv>
                    <TextStyle fontFamily="Arial" fontSize="10.0"/>
                </Word>
                <Word id="w_w1aab1c13b2b1c29ad111" language="German" custom="readingOrder {index:8;}">
                    <Coords points="1902,1435 1956,1435 1956,1473 1902,1473"/>
                    <TextEquiv>
                        <Unicode>sind</Unicode>
                    </TextEquiv>
                    <TextStyle fontFamily="Arial" fontSize="10.0"/>
                </Word>
                <TextEquiv>
                    <Unicode>aber sind die Reformatoren die Angegriffenen, in ihnen sind</Unicode>
                </TextEquiv>
                <TextStyle fontFamily="Arial" fontSize="10.0"/>
            </TextLine>
            <TextLine id="tl_47" primaryLanguage="German" custom="readingOrder {index:15;}">
                <Coords points="1057,1477 1957,1477 1957,1517 1057,1517"/>
                <Baseline points="1057,1509 1957,1509"/>
                <Word id="w_w1aab1c13b2b1c31ab1" language="German" custom="readingOrder {index:0;}">
                    <Coords points="1057,1479 1098,1479 1098,1510 1057,1510"/>
                    <TextEquiv>
                        <Unicode>die</Unicode>
                    </TextEquiv>
                    <TextStyle fontFamily="Arial" fontSize="10.0"/>
                </Word>
                <Word id="w_w1aab1c13b2b1c31ab9" language="German" custom="readingOrder {index:1;}">
                    <Coords points="1112,1478 1222,1478 1222,1515 1112,1515"/>
                    <TextEquiv>
                        <Unicode>Gesetze</Unicode>
                    </TextEquiv>
                    <TextStyle fontFamily="Arial" fontSize="10.0"/>
                </Word>
                <Word id="word_1513470386550_3316" language="German" custom="readingOrder {index:2;}">
                    <Coords points="1294,1511 1239,1511 1239,1477 1294,1477"/>
                    <TextEquiv>
                        <Unicode>des</Unicode>
                    </TextEquiv>
                    <TextStyle fontFamily="Arial" fontSize="10.0"/>
                </Word>
                <Word id="word_1513470386550_3315" language="German" custom="readingOrder {index:3;}">
                    <Coords points="1406,1511 1294,1511 1294,1477 1406,1477"/>
                    <TextEquiv>
                        <Unicode>Landes</Unicode>
                    </TextEquiv>
                    <TextStyle fontFamily="Arial" fontSize="10.0"/>
                </Word>
                <Word id="w_w1aab1c13b2b1c31ac45" language="German" custom="readingOrder {index:4;}">
                    <Coords points="1421,1480 1540,1480 1540,1515 1421,1515"/>
                    <TextEquiv>
                        <Unicode>verletzt,</Unicode>
                    </TextEquiv>
                    <TextStyle fontFamily="Arial" fontSize="10.0"/>
                </Word>
                <Word id="w_w1aab1c13b2b1c31ac65" language="German" custom="readingOrder {index:5;}">
                    <Coords points="1561,1482 1612,1482 1612,1509 1561,1509"/>
                    <TextEquiv>
                        <Unicode>und</Unicode>
                    </TextEquiv>
                    <TextStyle fontFamily="Arial" fontSize="10.0"/>
                </Word>
                <Word id="w_w1aab1c13b2b1c31ac73" language="German" custom="readingOrder {index:6;}">
                    <Coords points="1633,1481 1677,1481 1677,1509 1633,1509"/>
                    <TextEquiv>
                        <Unicode>der</Unicode>
                    </TextEquiv>
                    <TextStyle fontFamily="Arial" fontSize="10.0"/>
                </Word>
                <Word id="w_w1aab1c13b2b1c31ac81" language="German" custom="readingOrder {index:7;}">
                    <Coords points="1697,1481 1774,1481 1774,1517 1697,1517"/>
                    <TextEquiv>
                        <Unicode>Fürst</Unicode>
                    </TextEquiv>
                    <TextStyle fontFamily="Arial" fontSize="10.0"/>
                </Word>
                <Word id="w_w1aab1c13b2b1c31ac93" language="German" custom="readingOrder {index:8;}">
                    <Coords points="1794,1479 1889,1479 1889,1513 1794,1513"/>
                    <TextEquiv>
                        <Unicode>nimmt</Unicode>
                    </TextEquiv>
                    <TextStyle fontFamily="Arial" fontSize="10.0"/>
                </Word>
                <Word id="w_w1aab1c13b2b1c31ad105" language="German" custom="readingOrder {index:9;}">
                    <Coords points="1914,1477 1957,1477 1957,1511 1914,1511"/>
                    <TextEquiv>
                        <Unicode>die</Unicode>
                    </TextEquiv>
                    <TextStyle fontFamily="Arial" fontSize="10.0"/>
                </Word>
                <TextEquiv>
                    <Unicode>die Gesetze des Landes verletzt, und der Fürst nimmt die</Unicode>
                </TextEquiv>
                <TextStyle fontFamily="Arial" fontSize="10.0"/>
            </TextLine>
            <TextLine id="tl_48" primaryLanguage="German" custom="readingOrder {index:16;}">
                <Coords points="1059,1522 1957,1522 1957,1557 1059,1557"/>
                <Baseline points="1059,1552 1957,1552"/>
                <Word id="w_w1aab1c13b2b1c33ab1" language="German" custom="readingOrder {index:0;}">
                    <Coords points="1059,1524 1219,1524 1219,1553 1059,1553"/>
                    <TextEquiv>
                        <Unicode>Uebertreter</Unicode>
                    </TextEquiv>
                    <TextStyle fontFamily="Arial" fontSize="10.0"/>
                </Word>
                <Word id="w_w1aab1c13b2b1c33ac25" language="German" custom="readingOrder {index:1;}">
                    <Coords points="1239,1524 1265,1524 1265,1552 1239,1552"/>
                    <TextEquiv>
                        <Unicode>in</Unicode>
                    </TextEquiv>
                    <TextStyle fontFamily="Arial" fontSize="10.0"/>
                </Word>
                <Word id="w_w1aab1c13b2b1c33ac31" language="German" custom="readingOrder {index:2;}">
                    <Coords points="1286,1523 1390,1523 1390,1557 1286,1557"/>
                    <TextEquiv>
                        <Unicode>Schutz.</Unicode>
                    </TextEquiv>
                    <TextStyle fontFamily="Arial" fontSize="10.0"/>
                </Word>
                <Word id="w_w1aab1c13b2b1c33ac51" language="German" custom="readingOrder {index:3;}">
                    <Coords points="1428,1523 1529,1523 1529,1554 1428,1554"/>
                    <TextEquiv>
                        <Unicode>Welche</Unicode>
                    </TextEquiv>
                    <TextStyle fontFamily="Arial" fontSize="10.0"/>
                </Word>
                <Word id="w_w1aab1c13b2b1c33ac65" language="German" custom="readingOrder {index:4;}">
                    <Coords points="1548,1523 1712,1523 1712,1555 1548,1555"/>
                    <TextEquiv>
                        <Unicode>anscheinend</Unicode>
                    </TextEquiv>
                    <TextStyle fontFamily="Arial" fontSize="10.0"/>
                </Word>
                <Word id="word_1513470418899_3318" language="German" custom="readingOrder {index:5;}">
                    <Coords points="1838,1557 1727,1557 1727,1522 1838,1522"/>
                    <TextEquiv>
                        <Unicode>triftige</Unicode>
                    </TextEquiv>
                    <TextStyle fontFamily="Arial" fontSize="10.0"/>
                </Word>
                <Word id="word_1513470418899_3317" language="German" custom="readingOrder {index:6;}">
                    <Coords points="1957,1557 1838,1557 1838,1522 1957,1522"/>
                    <TextEquiv>
                        <Unicode>Gründe</Unicode>
                    </TextEquiv>
                    <TextStyle fontFamily="Arial" fontSize="10.0"/>
                </Word>
                <TextEquiv>
                    <Unicode>Uebertreter in Schutz. Welche anscheinend triftige Gründe</Unicode>
                </TextEquiv>
                <TextStyle fontFamily="Arial" fontSize="10.0"/>
            </TextLine>
            <TextLine id="tl_49" primaryLanguage="German" custom="readingOrder {index:17;}">
                <Coords points="1059,1561 1958,1561 1958,1602 1059,1602"/>
                <Baseline points="1059,1596 1958,1596"/>
                <Word id="w_w1aab1c13b2b1c35ab1" language="German" custom="readingOrder {index:0;}">
                    <Coords points="1059,1566 1100,1566 1100,1599 1059,1599"/>
                    <TextEquiv>
                        <Unicode>für</Unicode>
                    </TextEquiv>
                    <TextStyle fontFamily="Arial" fontSize="10.0"/>
                </Word>
                <Word id="w_w1aab1c13b2b1c35ab9" language="German" custom="readingOrder {index:1;}">
                    <Coords points="1122,1566 1162,1566 1162,1597 1122,1597"/>
                    <TextEquiv>
                        <Unicode>die</Unicode>
                    </TextEquiv>
                    <TextStyle fontFamily="Arial" fontSize="10.0"/>
                </Word>
                <Word id="w_w1aab1c13b2b1c35ac17" language="German" custom="readingOrder {index:2;}">
                    <Coords points="1182,1565 1410,1565 1410,1600 1182,1600"/>
                    <TextEquiv>
                        <Unicode>Nothwendigkeit</Unicode>
                    </TextEquiv>
                    <TextStyle fontFamily="Arial" fontSize="10.0"/>
                </Word>
                <Word id="w_w1aab1c13b2b1c35ac47" language="German" custom="readingOrder {index:3;}">
                    <Coords points="1432,1566 1503,1566 1503,1595 1432,1595"/>
                    <TextEquiv>
                        <Unicode>einer</Unicode>
                    </TextEquiv>
                    <TextStyle fontFamily="Arial" fontSize="10.0"/>
                </Word>
                <Word id="w_w1aab1c13b2b1c35ac59" language="German" custom="readingOrder {index:4;}">
                    <Coords points="1519,1564 1632,1564 1632,1600 1519,1600"/>
                    <TextEquiv>
                        <Unicode>Reform</Unicode>
                    </TextEquiv>
                    <TextStyle fontFamily="Arial" fontSize="10.0"/>
                </Word>
                <Word id="w_w1aab1c13b2b1c35ac73" language="German" custom="readingOrder {index:5;}">
                    <Coords points="1641,1584 1649,1584 1649,1597 1641,1597"/>
                    <TextEquiv>
                        <Unicode>,</Unicode>
                    </TextEquiv>
                    <TextStyle fontFamily="Arial" fontSize="10.0"/>
                </Word>
                <Word id="w_w1aab1c13b2b1c35ac77" language="German" custom="readingOrder {index:6;}">
                    <Coords points="1678,1567 1733,1567 1733,1596 1678,1596"/>
                    <TextEquiv>
                        <Unicode>und</Unicode>
                    </TextEquiv>
                    <TextStyle fontFamily="Arial" fontSize="10.0"/>
                </Word>
                <Word id="w_w1aab1c13b2b1c35ac85" language="German" custom="readingOrder {index:7;}">
                    <Coords points="1751,1564 1839,1564 1839,1602 1751,1602"/>
                    <TextEquiv>
                        <Unicode>welche</Unicode>
                    </TextEquiv>
                    <TextStyle fontFamily="Arial" fontSize="10.0"/>
                </Word>
                <Word id="w_w1aab1c13b2b1c35ac99" language="German" custom="readingOrder {index:8;}">
                    <Coords points="1862,1561 1958,1561 1958,1601 1862,1601"/>
                    <TextEquiv>
                        <Unicode>ausge¬</Unicode>
                    </TextEquiv>
                    <TextStyle fontFamily="Arial" fontSize="10.0"/>
                </Word>
                <TextEquiv>
                    <Unicode>für die Nothwendigkeit einer Reform, und welche ausge¬</Unicode>
                </TextEquiv>
                <TextStyle fontFamily="Arial" fontSize="10.0"/>
            </TextLine>
            <TextLine id="tl_50" primaryLanguage="German" custom="readingOrder {index:18;}">
                <Coords points="1061,1610 1955,1610 1955,1645 1061,1645"/>
                <Baseline points="1061,1639 1955,1639"/>
                <Word id="w_w1aab1c13b2b1c37ab1" language="German" custom="readingOrder {index:0;}">
                    <Coords points="1061,1610 1142,1610 1142,1644 1061,1644"/>
                    <TextEquiv>
                        <Unicode>suchte</Unicode>
                    </TextEquiv>
                    <TextStyle fontFamily="Arial" fontSize="10.0"/>
                </Word>
                <Word id="w_w1aab1c13b2b1c37ac15" language="German" custom="readingOrder {index:1;}">
                    <Coords points="1157,1611 1256,1611 1256,1642 1157,1642"/>
                    <TextEquiv>
                        <Unicode>Mittel</Unicode>
                    </TextEquiv>
                    <TextStyle fontFamily="Arial" fontSize="10.0"/>
                </Word>
                <Word id="w_w1aab1c13b2b1c37ac29" language="German" custom="readingOrder {index:2;}">
                    <Coords points="1265,1627 1273,1627 1273,1641 1265,1641"/>
                    <TextEquiv>
                        <Unicode>,</Unicode>
                    </TextEquiv>
                    <TextStyle fontFamily="Arial" fontSize="10.0"/>
                </Word>
                <Word id="w_w1aab1c13b2b1c37ac33" language="German" custom="readingOrder {index:3;}">
                    <Coords points="1294,1617 1338,1617 1338,1640 1294,1640"/>
                    <TextEquiv>
                        <Unicode>um</Unicode>
                    </TextEquiv>
                    <TextStyle fontFamily="Arial" fontSize="10.0"/>
                </Word>
                <Word id="w_w1aab1c13b2b1c37ac39" language="German" custom="readingOrder {index:4;}">
                    <Coords points="1354,1611 1430,1611 1430,1639 1354,1639"/>
                    <TextEquiv>
                        <Unicode>deren</Unicode>
                    </TextEquiv>
                    <TextStyle fontFamily="Arial" fontSize="10.0"/>
                </Word>
                <Word id="w_w1aab1c13b2b1c37ac51" language="German" custom="readingOrder {index:5;}">
                    <Coords points="1440,1611 1557,1611 1557,1645 1440,1645"/>
                    <TextEquiv>
                        <Unicode>Freunde</Unicode>
                    </TextEquiv>
                    <TextStyle fontFamily="Arial" fontSize="10.0"/>
                </Word>
                <Word id="w_w1aab1c13b2b1c37ac67" language="German" custom="readingOrder {index:6;}">
                    <Coords points="1575,1617 1605,1617 1605,1643 1575,1643"/>
                    <TextEquiv>
                        <Unicode>zu</Unicode>
                    </TextEquiv>
                    <TextStyle fontFamily="Arial" fontSize="10.0"/>
                </Word>
                <Word id="w_w1aab1c13b2b1c37ac73" language="German" custom="readingOrder {index:7;}">
                    <Coords points="1624,1611 1773,1611 1773,1644 1624,1644"/>
                    <TextEquiv>
                        <Unicode>vermehren</Unicode>
                    </TextEquiv>
                    <TextStyle fontFamily="Arial" fontSize="10.0"/>
                </Word>
                <Word id="w_w1aab1c13b2b1c37ac93" language="German" custom="readingOrder {index:8;}">
                    <Coords points="1782,1610 1789,1610 1789,1640 1782,1640"/>
                    <TextEquiv>
                        <Unicode>!</Unicode>
                    </TextEquiv>
                    <TextStyle fontFamily="Arial" fontSize="10.0"/>
                </Word>
                <Word id="w_w1aab1c13b2b1c37ac97" language="German" custom="readingOrder {index:9;}">
                    <Coords points="1809,1610 1878,1610 1878,1639 1809,1639"/>
                    <TextEquiv>
                        <Unicode>Aber</Unicode>
                    </TextEquiv>
                    <TextStyle fontFamily="Arial" fontSize="10.0"/>
                </Word>
                <Word id="w_w1aab1c13b2b1c37ad107" language="German" custom="readingOrder {index:10;}">
                    <Coords points="1893,1611 1955,1611 1955,1642 1893,1642"/>
                    <TextEquiv>
                        <Unicode>auch</Unicode>
                    </TextEquiv>
                    <TextStyle fontFamily="Arial" fontSize="10.0"/>
                </Word>
                <TextEquiv>
                    <Unicode>suchte Mittel, um deren Freunde zu vermehren! Aber auch</Unicode>
                </TextEquiv>
                <TextStyle fontFamily="Arial" fontSize="10.0"/>
            </TextLine>
            <TextLine id="tl_51" primaryLanguage="German" custom="readingOrder {index:19;}">
                <Coords points="1059,1651 1957,1651 1957,1694 1059,1694"/>
                <Baseline points="1059,1682 1957,1682"/>
                <Word id="w_w1aab1c13b2b1c39ab1" language="German" custom="readingOrder {index:0;}">
                    <Coords points="1059,1655 1106,1655 1106,1688 1059,1688"/>
                    <TextEquiv>
                        <Unicode>auf</Unicode>
                    </TextEquiv>
                    <TextStyle fontFamily="Arial" fontSize="10.0"/>
                </Word>
                <Word id="w_w1aab1c13b2b1c39ab9" language="German" custom="readingOrder {index:1;}">
                    <Coords points="1128,1655 1172,1655 1172,1684 1128,1684"/>
                    <TextEquiv>
                        <Unicode>der</Unicode>
                    </TextEquiv>
                    <TextStyle fontFamily="Arial" fontSize="10.0"/>
                </Word>
                <Word id="w_w1aab1c13b2b1c39ac17" language="German" custom="readingOrder {index:2;}">
                    <Coords points="1192,1655 1287,1655 1287,1685 1192,1685"/>
                    <TextEquiv>
                        <Unicode>andern</Unicode>
                    </TextEquiv>
                    <TextStyle fontFamily="Arial" fontSize="10.0"/>
                </Word>
                <Word id="w_w1aab1c13b2b1c39ac31" language="German" custom="readingOrder {index:3;}">
                    <Coords points="1306,1654 1389,1654 1389,1684 1306,1684"/>
                    <TextEquiv>
                        <Unicode>Seite</Unicode>
                    </TextEquiv>
                    <TextStyle fontFamily="Arial" fontSize="10.0"/>
                </Word>
                <Word id="w_w1aab1c13b2b1c39ac43" language="German" custom="readingOrder {index:4;}">
                    <Coords points="1410,1653 1566,1653 1566,1686 1410,1686"/>
                    <TextEquiv>
                        <Unicode>hinwieder,</Unicode>
                    </TextEquiv>
                    <TextStyle fontFamily="Arial" fontSize="10.0"/>
                </Word>
                <Word id="w_w1aab1c13b2b1c39ac65" language="German" custom="readingOrder {index:5;}">
                    <Coords points="1602,1656 1690,1656 1690,1694 1602,1694"/>
                    <TextEquiv>
                        <Unicode>welche</Unicode>
                    </TextEquiv>
                    <TextStyle fontFamily="Arial" fontSize="10.0"/>
                </Word>
                <Word id="word_1513470463053_3320" language="German" custom="readingOrder {index:6;}">
                    <Coords points="1839,1691 1712,1691 1712,1651 1839,1651"/>
                    <TextEquiv>
                        <Unicode>Ursachen</Unicode>
                    </TextEquiv>
                    <TextStyle fontFamily="Arial" fontSize="10.0"/>
                </Word>
                <Word id="word_1513470463053_3319" language="German" custom="readingOrder {index:7;}">
                    <Coords points="1894,1691 1839,1691 1839,1651 1894,1651"/>
                    <TextEquiv>
                        <Unicode>für</Unicode>
                    </TextEquiv>
                    <TextStyle fontFamily="Arial" fontSize="10.0"/>
                </Word>
                <Word id="w_w1aab1c13b2b1c39ad105" language="German" custom="readingOrder {index:8;}">
                    <Coords points="1915,1652 1957,1652 1957,1684 1915,1684"/>
                    <TextEquiv>
                        <Unicode>die</Unicode>
                    </TextEquiv>
                    <TextStyle fontFamily="Arial" fontSize="10.0"/>
                </Word>
                <TextEquiv>
                    <Unicode>auf der andern Seite hinwieder, welche Ursachen für die</Unicode>
                </TextEquiv>
                <TextStyle fontFamily="Arial" fontSize="10.0"/>
            </TextLine>
            <TextLine id="tl_52" primaryLanguage="German" custom="readingOrder {index:20;}">
                <Coords points="1059,1695 1970,1695 1970,1734 1059,1734"/>
                <Baseline points="1059,1727 1970,1727"/>
                <Word id="w_w1aab1c13b2b1c41ab1" language="German" custom="readingOrder {index:0;}">
                    <Coords points="1059,1697 1211,1697 1211,1733 1059,1733"/>
                    <TextEquiv>
                        <Unicode>Regierung</Unicode>
                    </TextEquiv>
                    <TextStyle fontFamily="Arial" fontSize="10.0"/>
                </Word>
                <Word id="w_w1aab1c13b2b1c41ac21" language="German" custom="readingOrder {index:1;}">
                    <Coords points="1221,1697 1296,1697 1296,1727 1221,1727"/>
                    <TextEquiv>
                        <Unicode>einen</Unicode>
                    </TextEquiv>
                    <TextStyle fontFamily="Arial" fontSize="10.0"/>
                </Word>
                <Word id="w_w1aab1c13b2b1c41ac33" language="German" custom="readingOrder {index:2;}">
                    <Coords points="1305,1695 1429,1695 1429,1734 1305,1734"/>
                    <TextEquiv>
                        <Unicode>Zuwachs</Unicode>
                    </TextEquiv>
                    <TextStyle fontFamily="Arial" fontSize="10.0"/>
                </Word>
                <Word id="w_w1aab1c13b2b1c41ac49" language="German" custom="readingOrder {index:3;}">
                    <Coords points="1439,1704 1472,1704 1472,1726 1439,1726"/>
                    <TextEquiv>
                        <Unicode>an</Unicode>
                    </TextEquiv>
                    <TextStyle fontFamily="Arial" fontSize="10.0"/>
                </Word>
                <Word id="word_1513470480016_3322" language="German" custom="readingOrder {index:4;}">
                    <Coords points="1585,1730 1481,1730 1481,1699 1585,1699"/>
                    <TextEquiv>
                        <Unicode>Macht</Unicode>
                    </TextEquiv>
                    <TextStyle fontFamily="Arial" fontSize="10.0"/>
                </Word>
                <Word id="word_1513470480016_3321" language="German" custom="readingOrder {index:5;}">
                    <Coords points="1614,1730 1585,1730 1585,1699 1614,1699"/>
                    <TextEquiv>
                        <Unicode>zu</Unicode>
                    </TextEquiv>
                    <TextStyle fontFamily="Arial" fontSize="10.0"/>
                </Word>
                <Word id="w_w1aab1c13b2b1c41ac71" language="German" custom="readingOrder {index:6;}">
                    <Coords points="1624,1697 1744,1697 1744,1732 1624,1732"/>
                    <TextEquiv>
                        <Unicode>fordern!</Unicode>
                    </TextEquiv>
                    <TextStyle fontFamily="Arial" fontSize="10.0"/>
                </Word>
                <Word id="w_w1aab1c13b2b1c41ac89" language="German" custom="readingOrder {index:7;}">
                    <Coords points="1764,1697 1852,1697 1852,1729 1764,1729"/>
                    <TextEquiv>
                        <Unicode>Schon</Unicode>
                    </TextEquiv>
                    <TextStyle fontFamily="Arial" fontSize="10.0"/>
                </Word>
                <Word id="w_w1aab1c13b2b1c41ad101" language="German" custom="readingOrder {index:8;}">
                    <Coords points="1864,1696 1956,1696 1956,1730 1864,1730"/>
                    <TextEquiv>
                        <Unicode>spricht</Unicode>
                    </TextEquiv>
                    <TextStyle fontFamily="Arial" fontSize="10.0"/>
                </Word>
                <TextEquiv>
                    <Unicode>Regierung einen Zuwachs an Macht zu fordern! Schon spricht</Unicode>
                </TextEquiv>
                <TextStyle fontFamily="Arial" fontSize="10.0"/>
            </TextLine>
            <TextLine id="tl_53" primaryLanguage="German" custom="readingOrder {index:21;}">
                <Coords points="1061,1738 1955,1738 1955,1776 1061,1776"/>
                <Baseline points="1061,1769 1955,1769"/>
                <Word id="w_w1aab1c13b2b1c43ab1" language="German" custom="readingOrder {index:0;}">
                    <Coords points="1061,1741 1100,1741 1100,1771 1061,1771"/>
                    <TextEquiv>
                        <Unicode>die</Unicode>
                    </TextEquiv>
                    <TextStyle fontFamily="Arial" fontSize="10.0"/>
                </Word>
                <Word id="w_w1aab1c13b2b1c43ab9" language="German" custom="readingOrder {index:1;}">
                    <Coords points="1131,1740 1172,1740 1172,1771 1131,1771"/>
                    <TextEquiv>
                        <Unicode>ihr</Unicode>
                    </TextEquiv>
                    <TextStyle fontFamily="Arial" fontSize="10.0"/>
                </Word>
                <Word id="w_w1aab1c13b2b1c43ac17" language="German" custom="readingOrder {index:2;}">
                    <Coords points="1200,1741 1319,1741 1319,1775 1200,1775"/>
                    <TextEquiv>
                        <Unicode>ergebene</Unicode>
                    </TextEquiv>
                    <TextStyle fontFamily="Arial" fontSize="10.0"/>
                </Word>
                <Word id="w_w1aab1c13b2b1c43ac35" language="German" custom="readingOrder {index:3;}">
                    <Coords points="1340,1740 1424,1740 1424,1776 1340,1776"/>
                    <TextEquiv>
                        <Unicode>Presse</Unicode>
                    </TextEquiv>
                    <TextStyle fontFamily="Arial" fontSize="10.0"/>
                </Word>
                <Word id="w_w1aab1c13b2b1c43ac49" language="German" custom="readingOrder {index:4;}">
                    <Coords points="1451,1738 1503,1738 1503,1770 1451,1770"/>
                    <TextEquiv>
                        <Unicode>und</Unicode>
                    </TextEquiv>
                    <TextStyle fontFamily="Arial" fontSize="10.0"/>
                </Word>
                <Word id="w_w1aab1c13b2b1c43ac57" language="German" custom="readingOrder {index:5;}">
                    <Coords points="1532,1741 1574,1741 1574,1775 1532,1775"/>
                    <TextEquiv>
                        <Unicode>ihr</Unicode>
                    </TextEquiv>
                    <TextStyle fontFamily="Arial" fontSize="10.0"/>
                </Word>
                <Word id="w_w1aab1c13b2b1c43ac65" language="German" custom="readingOrder {index:6;}">
                    <Coords points="1593,1741 1695,1741 1695,1776 1593,1776"/>
                    <TextEquiv>
                        <Unicode>übriger</Unicode>
                    </TextEquiv>
                    <TextStyle fontFamily="Arial" fontSize="10.0"/>
                </Word>
                <Word id="w_w1aab1c13b2b1c43ac81" language="German" custom="readingOrder {index:7;}">
                    <Coords points="1717,1742 1826,1742 1826,1775 1717,1775"/>
                    <TextEquiv>
                        <Unicode>Anhang</Unicode>
                    </TextEquiv>
                    <TextStyle fontFamily="Arial" fontSize="10.0"/>
                </Word>
                <Word id="w_w1aab1c13b2b1c43ac95" language="German" custom="readingOrder {index:8;}">
                    <Coords points="1845,1738 1955,1738 1955,1772 1845,1772"/>
                    <TextEquiv>
                        <Unicode>deutlich</Unicode>
                    </TextEquiv>
                    <TextStyle fontFamily="Arial" fontSize="10.0"/>
                </Word>
                <TextEquiv>
                    <Unicode>die ihr ergebene Presse und ihr übriger Anhang deutlich</Unicode>
                </TextEquiv>
                <TextStyle fontFamily="Arial" fontSize="10.0"/>
            </TextLine>
            <TextLine id="tl_54" primaryLanguage="German" custom="readingOrder {index:22;}">
                <Coords points="1059,1783 1952,1783 1952,1821 1059,1821"/>
                <Baseline points="1059,1814 1952,1814"/>
                <Word id="w_w1aab1c15b2b1b1ab1" language="German" custom="readingOrder {index:0;}">
                    <Coords points="1059,1792 1108,1792 1108,1815 1059,1815"/>
                    <TextEquiv>
                        <Unicode>von</Unicode>
                    </TextEquiv>
                    <TextStyle fontFamily="Arial" fontSize="10.0"/>
                </Word>
                <Word id="w_w1aab1c15b2b1b1ab9" language="German" custom="readingOrder {index:1;}">
                    <Coords points="1122,1784 1205,1784 1205,1821 1122,1821"/>
                    <TextEquiv>
                        <Unicode>dieser</Unicode>
                    </TextEquiv>
                    <TextStyle fontFamily="Arial" fontSize="10.0"/>
                </Word>
                <Word id="w_w1aab1c15b2b1b1ac23" language="German" custom="readingOrder {index:2;}">
                    <Coords points="1217,1783 1446,1783 1446,1818 1217,1818"/>
                    <TextEquiv>
                        <Unicode>Nothwendigkeit</Unicode>
                    </TextEquiv>
                    <TextStyle fontFamily="Arial" fontSize="10.0"/>
                </Word>
                <Word id="w_w1aab1c15b2b1b1ac53" language="German" custom="readingOrder {index:3;}">
                    <Coords points="1454,1791 1464,1791 1464,1818 1454,1818"/>
                    <TextEquiv>
                        <Unicode>;</Unicode>
                    </TextEquiv>
                    <TextStyle fontFamily="Arial" fontSize="10.0"/>
                </Word>
                <Word id="w_w1aab1c15b2b1b1ac57" language="German" custom="readingOrder {index:4;}">
                    <Coords points="1483,1785 1536,1785 1536,1815 1483,1815"/>
                    <TextEquiv>
                        <Unicode>und</Unicode>
                    </TextEquiv>
                    <TextStyle fontFamily="Arial" fontSize="10.0"/>
                </Word>
                <Word id="w_w1aab1c15b2b1b1ac65" language="German" custom="readingOrder {index:5;}">
                    <Coords points="1551,1787 1580,1787 1580,1815 1551,1815"/>
                    <TextEquiv>
                        <Unicode>es</Unicode>
                    </TextEquiv>
                    <TextStyle fontFamily="Arial" fontSize="10.0"/>
                </Word>
                <Word id="w_w1aab1c15b2b1b1ac71" language="German" custom="readingOrder {index:6;}">
                    <Coords points="1595,1785 1650,1785 1650,1820 1595,1820"/>
                    <TextEquiv>
                        <Unicode>gibt</Unicode>
                    </TextEquiv>
                    <TextStyle fontFamily="Arial" fontSize="10.0"/>
                </Word>
                <Word id="w_w1aab1c15b2b1b1ac81" language="German" custom="readingOrder {index:7;}">
                    <Coords points="1666,1785 1747,1785 1747,1815 1666,1815"/>
                    <TextEquiv>
                        <Unicode>leider</Unicode>
                    </TextEquiv>
                    <TextStyle fontFamily="Arial" fontSize="10.0"/>
                </Word>
                <Word id="w_w1aab1c15b2b1b1ac95" language="German" custom="readingOrder {index:8;}">
                    <Coords points="1762,1790 1812,1790 1812,1813 1762,1813"/>
                    <TextEquiv>
                        <Unicode>nur</Unicode>
                    </TextEquiv>
                    <TextStyle fontFamily="Arial" fontSize="10.0"/>
                </Word>
                <Word id="word_1513470511884_3324" language="German" custom="readingOrder {index:9;}">
                    <Coords points="1865,1816 1826,1816 1826,1784 1865,1784"/>
                    <TextEquiv>
                        <Unicode>zu</Unicode>
                    </TextEquiv>
                    <TextStyle fontFamily="Arial" fontSize="10.0"/>
                </Word>
                <Word id="word_1513470511883_3323" language="German" custom="readingOrder {index:10;}">
                    <Coords points="1952,1816 1865,1816 1865,1784 1952,1784"/>
                    <TextEquiv>
                        <Unicode>Viele,</Unicode>
                    </TextEquiv>
                    <TextStyle fontFamily="Arial" fontSize="10.0"/>
                </Word>
                <TextEquiv>
                    <Unicode>von dieser Nothwendigkeit; und es gibt leider nur zu Viele,</Unicode>
                </TextEquiv>
                <TextStyle fontFamily="Arial" fontSize="10.0"/>
            </TextLine>
            <TextLine id="tl_55" primaryLanguage="German" custom="readingOrder {index:23;}">
                <Coords points="1061,1821 1957,1821 1957,1863 1061,1863"/>
                <Baseline points="1061,1857 1957,1857"/>
                <Word id="w_w1aab1c15b2b1b3ab1" language="German" custom="readingOrder {index:0;}">
                    <Coords points="1061,1829 1100,1829 1100,1858 1061,1858"/>
                    <TextEquiv>
                        <Unicode>die</Unicode>
                    </TextEquiv>
                    <TextStyle fontFamily="Arial" fontSize="10.0"/>
                </Word>
                <Word id="w_w1aab1c15b2b1b3ab9" language="German" custom="readingOrder {index:1;}">
                    <Coords points="1122,1829 1201,1829 1201,1858 1122,1858"/>
                    <TextEquiv>
                        <Unicode>daran</Unicode>
                    </TextEquiv>
                    <TextStyle fontFamily="Arial" fontSize="10.0"/>
                </Word>
                <Word id="w_w1aab1c15b2b1b3ac21" language="German" custom="readingOrder {index:2;}">
                    <Coords points="1219,1829 1329,1829 1329,1862 1219,1862"/>
                    <TextEquiv>
                        <Unicode>glauben</Unicode>
                    </TextEquiv>
                    <TextStyle fontFamily="Arial" fontSize="10.0"/>
                </Word>
                <Word id="w_w1aab1c15b2b1b3ac37" language="German" custom="readingOrder {index:3;}">
                    <Coords points="1343,1844 1352,1844 1352,1859 1343,1859"/>
                    <TextEquiv>
                        <Unicode>,</Unicode>
                    </TextEquiv>
                    <TextStyle fontFamily="Arial" fontSize="10.0"/>
                </Word>
                <Word id="w_w1aab1c15b2b1b3ac41" language="German" custom="readingOrder {index:4;}">
                    <Coords points="1370,1827 1443,1827 1443,1857 1370,1857"/>
                    <TextEquiv>
                        <Unicode>oder</Unicode>
                    </TextEquiv>
                    <TextStyle fontFamily="Arial" fontSize="10.0"/>
                </Word>
                <Word id="w_w1aab1c15b2b1b3ac53" language="German" custom="readingOrder {index:5;}">
                    <Coords points="1466,1824 1521,1824 1521,1858 1466,1858"/>
                    <TextEquiv>
                        <Unicode>doch</Unicode>
                    </TextEquiv>
                    <TextStyle fontFamily="Arial" fontSize="10.0"/>
                </Word>
                <Word id="w_w1aab1c15b2b1b3ac63" language="German" custom="readingOrder {index:6;}">
                    <Coords points="1543,1835 1574,1835 1574,1862 1543,1862"/>
                    <TextEquiv>
                        <Unicode>zu</Unicode>
                    </TextEquiv>
                    <TextStyle fontFamily="Arial" fontSize="10.0"/>
                </Word>
                <Word id="w_w1aab1c15b2b1b3ac69" language="German" custom="readingOrder {index:7;}">
                    <Coords points="1594,1821 1712,1821 1712,1863 1594,1863"/>
                    <TextEquiv>
                        <Unicode>glauben</Unicode>
                    </TextEquiv>
                    <TextStyle fontFamily="Arial" fontSize="10.0"/>
                </Word>
                <Word id="w_w1aab1c15b2b1b3ac87" language="German" custom="readingOrder {index:8;}">
                    <Coords points="1727,1828 1850,1828 1850,1861 1727,1861"/>
                    <TextEquiv>
                        <Unicode>scheinen.</Unicode>
                    </TextEquiv>
                    <TextStyle fontFamily="Arial" fontSize="10.0"/>
                </Word>
                <Word id="w_w1aab1c15b2b1b3ad107" language="German" custom="readingOrder {index:9;}">
                    <Coords points="1899,1823 1957,1823 1957,1857 1899,1857"/>
                    <TextEquiv>
                        <Unicode>Die</Unicode>
                    </TextEquiv>
                    <TextStyle fontFamily="Arial" fontSize="10.0"/>
                </Word>
                <TextEquiv>
                    <Unicode>die daran glauben, oder doch zu glauben scheinen. Die</Unicode>
                </TextEquiv>
                <TextStyle fontFamily="Arial" fontSize="10.0"/>
            </TextLine>
            <TextLine id="line_1513469642547_3284" primaryLanguage="German" custom="readingOrder {index:24;}">
                <Coords points="1958,1910 1038,1910 1038,1868 1958,1868"/>
                <Baseline points="1038,1900 1958,1900"/>
                <Word id="w_w1aab1c17b2b1b1ad117" language="German" custom="readingOrder {index:0;}">
                    <Coords points="1061,1871 1154,1871 1154,1905 1061,1905"/>
                    <TextEquiv>
                        <Unicode>nächste</Unicode>
                    </TextEquiv>
                    <TextStyle fontFamily="Arial" fontSize="10.0"/>
                </Word>
                <Word id="w_w1aab1c17b2b1b1ad133" language="German" custom="readingOrder {index:1;}">
                    <Coords points="1171,1871 1430,1871 1430,1910 1171,1910"/>
                    <TextEquiv>
                        <Unicode>Parlamentssitzung</Unicode>
                    </TextEquiv>
                    <TextStyle fontFamily="Arial" fontSize="10.0"/>
                </Word>
                <Word id="w_w1aab1c17b2b1b1ad169" language="German" custom="readingOrder {index:2;}">
                    <Coords points="1443,1871 1508,1871 1508,1901 1443,1901"/>
                    <TextEquiv>
                        <Unicode>wird</Unicode>
                    </TextEquiv>
                    <TextStyle fontFamily="Arial" fontSize="10.0"/>
                </Word>
                <Word id="w_w1aab1c17b2b1b1ad179" language="German" custom="readingOrder {index:3;}">
                    <Coords points="1519,1871 1625,1871 1625,1907 1519,1907"/>
                    <TextEquiv>
                        <Unicode>zeigen,</Unicode>
                    </TextEquiv>
                    <TextStyle fontFamily="Arial" fontSize="10.0"/>
                </Word>
                <Word id="w_w1aab1c17b2b1b1ad195" language="German" custom="readingOrder {index:4;}">
                    <Coords points="1645,1873 1676,1873 1676,1901 1645,1901"/>
                    <TextEquiv>
                        <Unicode>ob</Unicode>
                    </TextEquiv>
                    <TextStyle fontFamily="Arial" fontSize="10.0"/>
                </Word>
                <Word id="w_w1aab1c17b2b1b1ad201" language="German" custom="readingOrder {index:5;}">
                    <Coords points="1690,1871 1759,1871 1759,1906 1690,1906"/>
                    <TextEquiv>
                        <Unicode>diese</Unicode>
                    </TextEquiv>
                    <TextStyle fontFamily="Arial" fontSize="10.0"/>
                </Word>
                <Word id="w_w1aab1c17b2b1b1ad213" language="German" custom="readingOrder {index:6;}">
                    <Coords points="1773,1871 1958,1871 1958,1903 1773,1903"/>
                    <TextEquiv>
                        <Unicode>Subalternen</Unicode>
                    </TextEquiv>
                    <TextStyle fontFamily="Arial" fontSize="10.0"/>
                </Word>
                <TextEquiv>
                    <Unicode>nächste Parlamentssitzung wird zeigen, ob diese Subalternen</Unicode>
                </TextEquiv>
                <TextStyle fontFamily="Arial" fontSize="10.0"/>
            </TextLine>
            <TextLine id="line_1513469642550_3288" primaryLanguage="German" custom="readingOrder {index:25;}">
                <Coords points="1958,1951 1038,1951 1038,1909 1958,1909"/>
                <Baseline points="1038,1944 1958,1944"/>
                <Word id="w_w1aab1c17b2b1b3ad113" language="German" custom="readingOrder {index:0;}">
                    <Coords points="1062,1916 1110,1916 1110,1945 1062,1945"/>
                    <TextEquiv>
                        <Unicode>das</Unicode>
                    </TextEquiv>
                    <TextStyle fontFamily="Arial" fontSize="10.0"/>
                </Word>
                <Word id="w_w1aab1c17b2b1b3ad121" language="German" custom="readingOrder {index:1;}">
                    <Coords points="1137,1916 1221,1916 1221,1948 1137,1948"/>
                    <TextEquiv>
                        <Unicode>wahre</Unicode>
                    </TextEquiv>
                    <TextStyle fontFamily="Arial" fontSize="10.0"/>
                </Word>
                <Word id="w_w1aab1c17b2b1b3ad133" language="German" custom="readingOrder {index:2;}">
                    <Coords points="1248,1916 1311,1916 1311,1948 1248,1948"/>
                    <TextEquiv>
                        <Unicode>Echo</Unicode>
                    </TextEquiv>
                    <TextStyle fontFamily="Arial" fontSize="10.0"/>
                </Word>
                <Word id="w_w1aab1c17b2b1b3ad143" language="German" custom="readingOrder {index:3;}">
                    <Coords points="1342,1914 1412,1914 1412,1951 1342,1951"/>
                    <TextEquiv>
                        <Unicode>ihrer</Unicode>
                    </TextEquiv>
                    <TextStyle fontFamily="Arial" fontSize="10.0"/>
                </Word>
                <Word id="w_w1aab1c17b2b1b3ad155" language="German" custom="readingOrder {index:4;}">
                    <Coords points="1437,1915 1544,1915 1544,1951 1437,1951"/>
                    <TextEquiv>
                        <Unicode>Obern;</Unicode>
                    </TextEquiv>
                    <TextStyle fontFamily="Arial" fontSize="10.0"/>
                </Word>
                <Word id="w_w1aab1c17b2b1b3ad169" language="German" custom="readingOrder {index:5;}">
                    <Coords points="1562,1928 1598,1928 1598,1937 1562,1937"/>
                    <TextEquiv>
                        <Unicode>—</Unicode>
                    </TextEquiv>
                    <TextStyle fontFamily="Arial" fontSize="10.0"/>
                </Word>
                <Word id="w_w1aab1c17b2b1b3ad173" language="German" custom="readingOrder {index:6;}">
                    <Coords points="1617,1917 1691,1917 1691,1947 1617,1947"/>
                    <TextEquiv>
                        <Unicode>kaum</Unicode>
                    </TextEquiv>
                    <TextStyle fontFamily="Arial" fontSize="10.0"/>
                </Word>
                <Word id="w_w1aab1c17b2b1b3ad183" language="German" custom="readingOrder {index:7;}">
                    <Coords points="1712,1911 1779,1911 1779,1951 1712,1951"/>
                    <TextEquiv>
                        <Unicode>darf</Unicode>
                    </TextEquiv>
                    <TextStyle fontFamily="Arial" fontSize="10.0"/>
                </Word>
                <Word id="w_w1aab1c17b2b1b3ad195" language="German" custom="readingOrder {index:8;}">
                    <Coords points="1794,1922 1854,1922 1854,1946 1794,1946"/>
                    <TextEquiv>
                        <Unicode>man</Unicode>
                    </TextEquiv>
                    <TextStyle fontFamily="Arial" fontSize="10.0"/>
                </Word>
                <Word id="w_w1aab1c17b2b1b3ad203" language="German" custom="readingOrder {index:9;}">
                    <Coords points="1876,1914 1958,1914 1958,1945 1876,1945"/>
                    <TextEquiv>
                        <Unicode>daran</Unicode>
                    </TextEquiv>
                    <TextStyle fontFamily="Arial" fontSize="10.0"/>
                </Word>
                <TextEquiv>
                    <Unicode>das wahre Echo ihrer Obern; — kaum darf man daran</Unicode>
                </TextEquiv>
                <TextStyle fontFamily="Arial" fontSize="10.0"/>
            </TextLine>
            <TextLine id="line_1524475710440_108" primaryLanguage="German" custom="readingOrder {index:26;}">
                <Coords points="1201,2002 1062,2002 1062,1955 1201,1955"/>
                <Baseline points="1062,1990 1201,1990"/>
                <Word id="w_w1aab1c23b2b1b1ab1" language="German" custom="readingOrder {index:0;}">
                    <Coords points="1062,1958 1188,1958 1188,1993 1062,1993"/>
                    <TextEquiv>
                        <Unicode>zweifeln.</Unicode>
                    </TextEquiv>
                    <TextStyle fontFamily="Arial" fontSize="10.0"/>
                </Word>
                <TextEquiv>
                    <Unicode>zweifeln.</Unicode>
                </TextEquiv>
            </TextLine>
            <TextEquiv>
                <Unicode>scheinen sich bestimmt entschieden zu haben — eine große
Masse, aber doch noch nicht die größte — die Uebrigen
schwanken zwischen Loyalität und Reform, mäßiger Reform
und Radikal-Refom. Eia solcher Zeitpunkt mußte kommen,
das war vorauszusehen; die unglückliche Begebenheit zu
Manchester führte ihn nur früher herbey. Unglücklicher¬
weise kam der Friedensbruch von einer Seite, von welcher
er nie hätte kommen sollen! Wäre der erste Angriff von
Seite der Reformatoren geschehen, so wären die Folgen ganz
verschieden gewesen; die Eigenthumsbesitzer würden dann
deutlich den Feind erkannt, und durch eine schnelle Zusam¬
menwirkung mit der Regierung, ohne daß es nöthig gewe¬
sen wären, die Hand derselben zu stärken, und ohne große
Mühe, ihn außer Stand gesetzt haben zu schaden. Jetzt
aber sind die Reformatoren die Angegriffenen, in ihnen sind
die Gesetze des Landes verletzt, und der Fürst nimmt die
Uebertreter in Schutz. Welche anscheinend triftige Gründe
für die Nothwendigkeit einer Reform, und welche ausge¬
suchte Mittel, um deren Freunde zu vermehren! Aber auch
auf der andern Seite hinwieder, welche Ursachen für die
Regierung einen Zuwachs an Macht zu fordern! Schon spricht
die ihr ergebene Presse und ihr übriger Anhang deutlich
von dieser Nothwendigkeit; und es gibt leider nur zu Viele,
die daran glauben, oder doch zu glauben scheinen. Die
nächste Parlamentssitzung wird zeigen, ob diese Subalternen
das wahre Echo ihrer Obern; — kaum darf man daran
zweifeln.</Unicode>
            </TextEquiv>
        </TextRegion>
        <TextRegion type="paragraph" id="r_12_2" custom="readingOrder {index:14;}">
            <Coords points="1060,1990 1906,1990 1906,2051 1060,2051"/>
            <TextLine id="line_1524475716221_111" primaryLanguage="German" custom="readingOrder {index:0;}">
                <Coords points="1679,2050 1339,2050 1339,1991 1679,1991"/>
                <Baseline points="1339,2033 1679,2033"/>
                <Word id="word_1513470684522_3325" language="German" custom="readingOrder {index:0;}">
                    <Coords points="1566,2002 1664,2002 1664,2036 1447,2038 1357,2038 1357,2003"/>
                    <TextEquiv>
                        <Unicode>Frankreich.</Unicode>
                    </TextEquiv>
                    <TextStyle fontFamily="Arial" fontSize="13.0" bold="true"/>
                </Word>
                <TextEquiv>
                    <Unicode>Frankreich.</Unicode>
                </TextEquiv>
                <TextStyle fontFamily="Arial" fontSize="13.0" bold="true"/>
            </TextLine>
            <TextEquiv>
                <Unicode>Frankreich.</Unicode>
            </TextEquiv>
        </TextRegion>
        <TextRegion type="paragraph" id="r_12_3" custom="readingOrder {index:15;}">
            <Coords points="1063,2043 1964,2043 1966,2307 1065,2307"/>
            <TextLine id="tl_67" primaryLanguage="German" custom="readingOrder {index:0;}">
                <Coords points="1100,2044 1963,2044 1963,2082 1100,2082"/>
                <Baseline points="1100,2076 1963,2076"/>
                <Word id="w_w1aab1c23b2b5b1ab1" language="German" custom="readingOrder {index:0;}">
                    <Coords points="1100,2047 1158,2047 1158,2077 1100,2077"/>
                    <TextEquiv>
                        <Unicode>Der</Unicode>
                    </TextEquiv>
                    <TextStyle fontFamily="Arial" fontSize="10.0"/>
                </Word>
                <Word id="w_w1aab1c23b2b5b1ab9" language="German" custom="readingOrder {index:1;}">
                    <Coords points="1176,2047 1347,2047 1347,2078 1176,2078"/>
                    <TextEquiv>
                        <Unicode>Moniteur</Unicode>
                    </TextEquiv>
                    <TextStyle fontFamily="Arial" fontSize="10.0"/>
                </Word>
                <Word id="w_w1aab1c23b2b5b1ac27" language="German" custom="readingOrder {index:2;}">
                    <Coords points="1367,2045 1438,2045 1438,2082 1367,2082"/>
                    <TextEquiv>
                        <Unicode>sagt,</Unicode>
                    </TextEquiv>
                    <TextStyle fontFamily="Arial" fontSize="10.0"/>
                </Word>
                <Word id="w_w1aab1c23b2b5b1ac39" language="German" custom="readingOrder {index:3;}">
                    <Coords points="1470,2046 1499,2046 1499,2077 1470,2077"/>
                    <TextEquiv>
                        <Unicode>in</Unicode>
                    </TextEquiv>
                    <TextStyle fontFamily="Arial" fontSize="10.0"/>
                </Word>
                <Word id="w_w1aab1c23b2b5b1ac45" language="German" custom="readingOrder {index:4;}">
                    <Coords points="1518,2045 1602,2045 1602,2077 1518,2077"/>
                    <TextEquiv>
                        <Unicode>einem</Unicode>
                    </TextEquiv>
                    <TextStyle fontFamily="Arial" fontSize="10.0"/>
                </Word>
                <Word id="w_w1aab1c23b2b5b1ac57" language="German" custom="readingOrder {index:5;}">
                    <Coords points="1621,2054 1670,2054 1670,2076 1621,2076"/>
                    <TextEquiv>
                        <Unicode>von</Unicode>
                    </TextEquiv>
                    <TextStyle fontFamily="Arial" fontSize="10.0"/>
                </Word>
                <Word id="w_w1aab1c23b2b5b1ac65" language="German" custom="readingOrder {index:6;}">
                    <Coords points="1690,2045 1742,2045 1742,2077 1690,2077"/>
                    <TextEquiv>
                        <Unicode>ihm</Unicode>
                    </TextEquiv>
                    <TextStyle fontFamily="Arial" fontSize="10.0"/>
                </Word>
                <Word id="w_w1aab1c23b2b5b1ac73" language="German" custom="readingOrder {index:7;}">
                    <Coords points="1766,2045 1835,2045 1835,2081 1766,2081"/>
                    <TextEquiv>
                        <Unicode>selbst</Unicode>
                    </TextEquiv>
                    <TextStyle fontFamily="Arial" fontSize="10.0"/>
                </Word>
                <Word id="w_w1aab1c23b2b5b1ac87" language="German" custom="readingOrder {index:8;}">
                    <Coords points="1850,2044 1963,2044 1963,2079 1850,2079"/>
                    <TextEquiv>
                        <Unicode>herrüh¬</Unicode>
                    </TextEquiv>
                    <TextStyle fontFamily="Arial" fontSize="10.0"/>
                </Word>
                <TextEquiv>
                    <Unicode>Der Moniteur sagt, in einem von ihm selbst herrüh¬</Unicode>
                </TextEquiv>
                <TextStyle fontFamily="Arial" fontSize="10.0"/>
            </TextLine>
            <TextLine id="tl_68" primaryLanguage="German" custom="readingOrder {index:1;}">
                <Coords points="1064,2088 1961,2088 1961,2125 1064,2125"/>
                <Baseline points="1064,2119 1961,2119"/>
                <Word id="w_w1aab1c23b2b5b3ab1" language="German" custom="readingOrder {index:0;}">
                    <Coords points="1064,2088 1158,2088 1158,2120 1064,2120"/>
                    <TextEquiv>
                        <Unicode>renden</Unicode>
                    </TextEquiv>
                    <TextStyle fontFamily="Arial" fontSize="10.0"/>
                </Word>
                <Word id="w_w1aab1c23b2b5b3ac15" language="German" custom="readingOrder {index:1;}">
                    <Coords points="1178,2089 1282,2089 1282,2121 1178,2121"/>
                    <TextEquiv>
                        <Unicode>Artikel</Unicode>
                    </TextEquiv>
                    <TextStyle fontFamily="Arial" fontSize="10.0"/>
                </Word>
                <Word id="w_w1aab1c23b2b5b3ac31" language="German" custom="readingOrder {index:2;}">
                    <Coords points="1300,2090 1354,2090 1354,2122 1300,2122"/>
                    <TextEquiv>
                        <Unicode>(als</Unicode>
                    </TextEquiv>
                    <TextStyle fontFamily="Arial" fontSize="10.0"/>
                </Word>
                <Word id="w_w1aab1c23b2b5b3ac41" language="German" custom="readingOrder {index:3;}">
                    <Coords points="1375,2096 1451,2096 1451,2120 1375,2120"/>
                    <TextEquiv>
                        <Unicode>wenn</Unicode>
                    </TextEquiv>
                    <TextStyle fontFamily="Arial" fontSize="10.0"/>
                </Word>
                <Word id="w_w1aab1c23b2b5b3ac51" language="German" custom="readingOrder {index:4;}">
                    <Coords points="1472,2096 1499,2096 1499,2120 1472,2120"/>
                    <TextEquiv>
                        <Unicode>er</Unicode>
                    </TextEquiv>
                    <TextStyle fontFamily="Arial" fontSize="10.0"/>
                </Word>
                <Word id="w_w1aab1c23b2b5b3ac57" language="German" custom="readingOrder {index:5;}">
                    <Coords points="1517,2090 1565,2090 1565,2123 1517,2123"/>
                    <TextEquiv>
                        <Unicode>auf</Unicode>
                    </TextEquiv>
                    <TextStyle fontFamily="Arial" fontSize="10.0"/>
                </Word>
                <Word id="w_w1aab1c23b2b5b3ac65" language="German" custom="readingOrder {index:6;}">
                    <Coords points="1586,2090 1635,2090 1635,2120 1586,2120"/>
                    <TextEquiv>
                        <Unicode>Eis</Unicode>
                    </TextEquiv>
                    <TextStyle fontFamily="Arial" fontSize="10.0"/>
                </Word>
                <Word id="w_w1aab1c23b2b5b3ac73" language="German" custom="readingOrder {index:7;}">
                    <Coords points="1656,2089 1761,2089 1761,2125 1656,2125"/>
                    <TextEquiv>
                        <Unicode>ginge):</Unicode>
                    </TextEquiv>
                    <TextStyle fontFamily="Arial" fontSize="10.0"/>
                </Word>
                <Word id="w_w1aab1c23b2b5b3ac89" language="German" custom="readingOrder {index:8;}">
                    <Coords points="1805,2088 1884,2088 1884,2124 1805,2124"/>
                    <TextEquiv>
                        <Unicode>„Die</Unicode>
                    </TextEquiv>
                    <TextStyle fontFamily="Arial" fontSize="10.0"/>
                </Word>
                <Word id="w_w1aab1c23b2b5b3ac99" language="German" custom="readingOrder {index:9;}">
                    <Coords points="1904,2090 1961,2090 1961,2119 1904,2119"/>
                    <TextEquiv>
                        <Unicode>Be¬</Unicode>
                    </TextEquiv>
                    <TextStyle fontFamily="Arial" fontSize="10.0"/>
                </Word>
                <TextEquiv>
                    <Unicode>renden Artikel (als wenn er auf Eis ginge): „Die Be¬</Unicode>
                </TextEquiv>
                <TextStyle fontFamily="Arial" fontSize="10.0"/>
            </TextLine>
            <TextLine id="tl_69" primaryLanguage="German" custom="readingOrder {index:2;}">
                <Coords points="1066,2132 1961,2132 1961,2168 1066,2168"/>
                <Baseline points="1066,2162 1961,2162"/>
                <Word id="w_w1aab1c23b2b5b5ab1" language="German" custom="readingOrder {index:0;}">
                    <Coords points="1066,2132 1162,2132 1162,2167 1066,2167"/>
                    <TextEquiv>
                        <Unicode>schlüsse</Unicode>
                    </TextEquiv>
                    <TextStyle fontFamily="Arial" fontSize="10.0"/>
                </Word>
                <Word id="w_w1aab1c23b2b5b5ac17" language="German" custom="readingOrder {index:1;}">
                    <Coords points="1181,2133 1225,2133 1225,2164 1181,2164"/>
                    <TextEquiv>
                        <Unicode>der</Unicode>
                    </TextEquiv>
                    <TextStyle fontFamily="Arial" fontSize="10.0"/>
                </Word>
                <Word id="w_w1aab1c23b2b5b5ac25" language="German" custom="readingOrder {index:2;}">
                    <Coords points="1244,2133 1418,2133 1418,2168 1244,2168"/>
                    <TextEquiv>
                        <Unicode>Deutschen</Unicode>
                    </TextEquiv>
                    <TextStyle fontFamily="Arial" fontSize="10.0"/>
                </Word>
                <Word id="w_w1aab1c23b2b5b5ac45" language="German" custom="readingOrder {index:3;}">
                    <Coords points="1433,2133 1737,2133 1737,2168 1433,2168"/>
                    <TextEquiv>
                        <Unicode>Bundesversammlung</Unicode>
                    </TextEquiv>
                    <TextStyle fontFamily="Arial" fontSize="10.0"/>
                </Word>
                <Word id="w_w1aab1c23b2b5b5ac81" language="German" custom="readingOrder {index:4;}">
                    <Coords points="1754,2132 1815,2132 1815,2162 1754,2162"/>
                    <TextEquiv>
                        <Unicode>über</Unicode>
                    </TextEquiv>
                    <TextStyle fontFamily="Arial" fontSize="10.0"/>
                </Word>
                <Word id="w_w1aab1c23b2b5b5ac91" language="German" custom="readingOrder {index:5;}">
                    <Coords points="1833,2132 1874,2132 1874,2162 1833,2162"/>
                    <TextEquiv>
                        <Unicode>die</Unicode>
                    </TextEquiv>
                    <TextStyle fontFamily="Arial" fontSize="10.0"/>
                </Word>
                <Word id="w_w1aab1c23b2b5b5ac99" language="German" custom="readingOrder {index:6;}">
                    <Coords points="1892,2132 1961,2132 1961,2164 1892,2164"/>
                    <TextEquiv>
                        <Unicode>Cen¬</Unicode>
                    </TextEquiv>
                    <TextStyle fontFamily="Arial" fontSize="10.0"/>
                </Word>
                <TextEquiv>
                    <Unicode>schlüsse der Deutschen Bundesversammlung über die Cen¬</Unicode>
                </TextEquiv>
                <TextStyle fontFamily="Arial" fontSize="10.0"/>
            </TextLine>
            <TextLine id="line_1513469782070_3292" primaryLanguage="German" custom="readingOrder {index:3;}">
                <Coords points="1963,2213 1040,2213 1040,2168 1963,2168"/>
                <Baseline points="1040,2205 1963,2205"/>
                <Word id="w_w1aab1c25b2b1b1ad127" language="German" custom="readingOrder {index:0;}">
                    <Coords points="1057,2173 1498,2173 1498,2211 1057,2211"/>
                    <TextEquiv>
                        <Unicode>tral-Untersuchnungskommission</Unicode>
                    </TextEquiv>
                    <TextStyle fontFamily="Arial" fontSize="10.0"/>
                </Word>
                <Word id="w_w1aab1c25b2b1b1ad187" language="German" custom="readingOrder {index:1;}">
                    <Coords points="1510,2177 1563,2177 1563,2207 1510,2207"/>
                    <TextEquiv>
                        <Unicode>und</Unicode>
                    </TextEquiv>
                    <TextStyle fontFamily="Arial" fontSize="10.0"/>
                </Word>
                <Word id="w_w1aab1c25b2b1b1ad195" language="German" custom="readingOrder {index:2;}">
                    <Coords points="1577,2176 1618,2176 1618,2207 1577,2207"/>
                    <TextEquiv>
                        <Unicode>die</Unicode>
                    </TextEquiv>
                    <TextStyle fontFamily="Arial" fontSize="10.0"/>
                </Word>
                <Word id="w_w1aab1c25b2b1b1ad203" language="German" custom="readingOrder {index:3;}">
                    <Coords points="1633,2175 1807,2175 1807,2213 1633,2213"/>
                    <TextEquiv>
                        <Unicode>Preßaufsicht</Unicode>
                    </TextEquiv>
                    <TextStyle fontFamily="Arial" fontSize="10.0"/>
                </Word>
                <Word id="w_w1aab1c25b2b1b1ad229" language="German" custom="readingOrder {index:4;}">
                    <Coords points="1819,2175 1845,2175 1845,2205 1819,2205"/>
                    <TextEquiv>
                        <Unicode>in</Unicode>
                    </TextEquiv>
                    <TextStyle fontFamily="Arial" fontSize="10.0"/>
                </Word>
                <Word id="w_w1aab1c25b2b1b1ad235" language="German" custom="readingOrder {index:5;}">
                    <Coords points="1856,2173 1963,2173 1963,2210 1856,2210"/>
                    <TextEquiv>
                        <Unicode>sämmt¬</Unicode>
                    </TextEquiv>
                    <TextStyle fontFamily="Arial" fontSize="10.0"/>
                </Word>
                <TextEquiv>
                    <Unicode>tral-Untersuchnungskommission und die Preßaufsicht in sämmt¬</Unicode>
                </TextEquiv>
                <TextStyle fontFamily="Arial" fontSize="10.0"/>
            </TextLine>
            <TextLine id="tl_72" primaryLanguage="German" custom="readingOrder {index:4;}">
                <Coords points="1063,2219 1963,2219 1963,2256 1063,2256"/>
                <Baseline points="1063,2250 1963,2250"/>
                <Word id="w_w1aab1c31b2b1b1ab1" language="German" custom="readingOrder {index:0;}">
                    <Coords points="1063,2220 1144,2220 1144,2254 1063,2254"/>
                    <TextEquiv>
                        <Unicode>lichen</Unicode>
                    </TextEquiv>
                    <TextStyle fontFamily="Arial" fontSize="10.0"/>
                </Word>
                <Word id="w_w1aab1c31b2b1b1ac15" language="German" custom="readingOrder {index:1;}">
                    <Coords points="1159,2220 1332,2220 1332,2256 1159,2256"/>
                    <TextEquiv>
                        <Unicode>Deutschen</Unicode>
                    </TextEquiv>
                    <TextStyle fontFamily="Arial" fontSize="10.0"/>
                </Word>
                <Word id="w_w1aab1c31b2b1b1ac35" language="German" custom="readingOrder {index:2;}">
                    <Coords points="1342,2222 1484,2222 1484,2252 1342,2252"/>
                    <TextEquiv>
                        <Unicode>Staaten,</Unicode>
                    </TextEquiv>
                    <TextStyle fontFamily="Arial" fontSize="10.0"/>
                </Word>
                <Word id="w_w1aab1c31b2b1b1ac53" language="German" custom="readingOrder {index:3;}">
                    <Coords points="1503,2220 1611,2220 1611,2256 1503,2256"/>
                    <TextEquiv>
                        <Unicode>gehören</Unicode>
                    </TextEquiv>
                    <TextStyle fontFamily="Arial" fontSize="10.0"/>
                </Word>
                <Word id="w_w1aab1c31b2b1b1ac69" language="German" custom="readingOrder {index:4;}">
                    <Coords points="1627,2220 1764,2220 1764,2255 1627,2255"/>
                    <TextEquiv>
                        <Unicode>unstreitig</Unicode>
                    </TextEquiv>
                    <TextStyle fontFamily="Arial" fontSize="10.0"/>
                </Word>
                <Word id="w_w1aab1c31b2b1b1ac91" language="German" custom="readingOrder {index:5;}">
                    <Coords points="1782,2229 1812,2229 1812,2253 1782,2253"/>
                    <TextEquiv>
                        <Unicode>zu</Unicode>
                    </TextEquiv>
                    <TextStyle fontFamily="Arial" fontSize="10.0"/>
                </Word>
                <Word id="w_w1aab1c31b2b1b1ac97" language="German" custom="readingOrder {index:6;}">
                    <Coords points="1825,2220 1874,2220 1874,2248 1825,2248"/>
                    <TextEquiv>
                        <Unicode>den</Unicode>
                    </TextEquiv>
                    <TextStyle fontFamily="Arial" fontSize="10.0"/>
                </Word>
                <Word id="w_w1aab1c31b2b1b1ad105" language="German" custom="readingOrder {index:7;}">
                    <Coords points="1890,2219 1963,2219 1963,2252 1890,2252"/>
                    <TextEquiv>
                        <Unicode>wich¬</Unicode>
                    </TextEquiv>
                    <TextStyle fontFamily="Arial" fontSize="10.0"/>
                </Word>
                <TextEquiv>
                    <Unicode>lichen Deutschen Staaten, gehören unstreitig zu den wich¬</Unicode>
                </TextEquiv>
                <TextStyle fontFamily="Arial" fontSize="10.0"/>
            </TextLine>
            <TextLine id="tl_73" primaryLanguage="German" custom="readingOrder {index:5;}">
                <Coords points="1064,2261 1962,2261 1962,2302 1064,2302"/>
                <Baseline points="1064,2295 1962,2295"/>
                <Word id="w_w1aab1c33b2b1b1ab1" language="German" custom="readingOrder {index:0;}">
                    <Coords points="1064,2264 1155,2264 1155,2302 1064,2302"/>
                    <TextEquiv>
                        <Unicode>tigsten</Unicode>
                    </TextEquiv>
                    <TextStyle fontFamily="Arial" fontSize="10.5"/>
                </Word>
                <Word id="w_w1aab1c33b2b1b1ac17" language="German" custom="readingOrder {index:1;}">
                    <Coords points="1176,2264 1352,2264 1352,2302 1176,2302"/>
                    <TextEquiv>
                        <Unicode>Ereignissen;</Unicode>
                    </TextEquiv>
                    <TextStyle fontFamily="Arial" fontSize="10.5"/>
                </Word>
                <Word id="w_w1aab1c33b2b1b1ac43" language="German" custom="readingOrder {index:2;}">
                    <Coords points="1383,2270 1428,2270 1428,2296 1383,2296"/>
                    <TextEquiv>
                        <Unicode>um</Unicode>
                    </TextEquiv>
                    <TextStyle fontFamily="Arial" fontSize="10.5"/>
                </Word>
                <Word id="w_w1aab1c33b2b1b1ac49" language="German" custom="readingOrder {index:3;}">
                    <Coords points="1450,2261 1482,2261 1482,2301 1450,2301"/>
                    <TextEquiv>
                        <Unicode>sie</Unicode>
                    </TextEquiv>
                    <TextStyle fontFamily="Arial" fontSize="10.5"/>
                </Word>
                <Word id="w_w1aab1c33b2b1b1ac57" language="German" custom="readingOrder {index:4;}">
                    <Coords points="1503,2272 1534,2272 1534,2301 1503,2301"/>
                    <TextEquiv>
                        <Unicode>zu</Unicode>
                    </TextEquiv>
                    <TextStyle fontFamily="Arial" fontSize="10.5"/>
                </Word>
                <Word id="w_w1aab1c33b2b1b1ac63" language="German" custom="readingOrder {index:5;}">
                    <Coords points="1553,2264 1716,2264 1716,2301 1553,2301"/>
                    <TextEquiv>
                        <Unicode>beurtheilen</Unicode>
                    </TextEquiv>
                    <TextStyle fontFamily="Arial" fontSize="10.5"/>
                </Word>
                <Word id="w_w1aab1c33b2b1b1ac87" language="German" custom="readingOrder {index:6;}">
                    <Coords points="1735,2264 1795,2264 1795,2300 1735,2300"/>
                    <TextEquiv>
                        <Unicode>darf</Unicode>
                    </TextEquiv>
                    <TextStyle fontFamily="Arial" fontSize="10.5"/>
                </Word>
                <Word id="w_w1aab1c33b2b1b1ac97" language="German" custom="readingOrder {index:7;}">
                    <Coords points="1810,2264 1869,2264 1869,2295 1810,2295"/>
                    <TextEquiv>
                        <Unicode>aber</Unicode>
                    </TextEquiv>
                    <TextStyle fontFamily="Arial" fontSize="10.5"/>
                </Word>
                <Word id="w_w1aab1c33b2b1b1ad107" language="German" custom="readingOrder {index:8;}">
                    <Coords points="1889,2261 1962,2261 1962,2295 1889,2295"/>
                    <TextEquiv>
                        <Unicode>keine</Unicode>
                    </TextEquiv>
                    <TextStyle fontFamily="Arial" fontSize="10.5"/>
                </Word>
                <TextEquiv>
                    <Unicode>tigsten Ereignissen; um sie zu beurtheilen darf aber keine</Unicode>
                </TextEquiv>
                <TextStyle fontFamily="Arial" fontSize="10.5"/>
            </TextLine>
            <TextEquiv>
                <Unicode>Der Moniteur sagt, in einem von ihm selbst herrüh¬
renden Artikel (als wenn er auf Eis ginge): „Die Be¬
schlüsse der Deutschen Bundesversammlung über die Cen¬
tral-Untersuchnungskommission und die Preßaufsicht in sämmt¬
lichen Deutschen Staaten, gehören unstreitig zu den wich¬
tigsten Ereignissen; um sie zu beurtheilen darf aber keine</Unicode>
            </TextEquiv>
        </TextRegion>
        <SeparatorRegion id="r_22" custom="readingOrder {index:16;}">
            <Coords points="146,576 1948,576 1948,590 146,590"/>
        </SeparatorRegion>
        <SeparatorRegion id="r_23" custom="readingOrder {index:17;}">
            <Coords points="138,785 1942,785 1942,799 138,799"/>
        </SeparatorRegion>
        <SeparatorRegion id="r_26" custom="readingOrder {index:18;}">
            <Coords points="1036,821 1045,821 1045,1215 1036,1215"/>
        </SeparatorRegion>
        <SeparatorRegion id="r_27" custom="readingOrder {index:19;}">
            <Coords points="1040,1228 1049,1228 1049,1874 1040,1874"/>
        </SeparatorRegion>
        <SeparatorRegion id="r_28" custom="readingOrder {index:20;}">
            <Coords points="1047,1943 1055,1943 1055,2302 1047,2302"/>
        </SeparatorRegion>
    </Page>
</PcGts>
