3915 5551
252 238 443 288 Sonntag
168 302 540 364 12. Juni 1927
241 365 455 411 Blatt 10
789 163 2727 403 Neue Zürcher Zeitung
82 532 839 584 „Einigung" oder „Untergang"
235 585 696 625 des Abendlandes?
263 647 659 672 Von Dr. M. Sztern.
96 692 876 731 Liest man die Ausführungen, die Henry de
39 731 876 770 Jouvenel in Nr. 942 der „N. Z. Z." unter
41 771 880 809 dem Titel „Einigung des Abendlandes" veröffent¬
41 810 876 848 lichte, so kann es nicht ausbleiben, daß man schon
45 849 879 888 beim Titel an die entgegengesetzte These, an das
42 888 879 927 berühmt gewordene Wort Oswald Spenglers vom
44 928 879 965 „Untergang", des Abendlandes erinnert, wird.
45 966 881 1004 „Einigung" ist immer zugleich auch Wieder¬
45 1005 882 1042 aufrichtung, wie anderseits „Untergang" zu¬
45 1043 880 1082 gleich immer Zerfall bedeutet. Das Wort vom
47 1082 882 1121 „Untergang des Abendlandes", das Spengler ge¬
44 1120 881 1160 prägt hatte, ist freilich in den letzten Jahren gar
46 1161 883 1199 häufig als ein gedankenlos wiederholtes Schlag¬
47 1197 884 1238 wort, als Feldgeschrei einer oberflächlichen Clique
49 1237 883 1277 von „Enttäuschten" gebraucht oder, sagen wir
49 1274 883 1316 besser, mißbraucht, worden. Davon abgesehen
48 1313 888 1356 spricht sich aber doch in ihm auch das echte Sym¬
47 1351 886 1395 bol eines Zeitalters aus, das nach einer Epoche
54 1393 888 1434 beispiellosen Relativismus nunmehr den Katzen¬
52 1430 884 1474 jammer bis zur Neige durchkostet; es wird in dem
53 1469 887 1513 Spenglerschen Kassandrarufe auf einen plastischen
53 1510 890 1551 Ausdruck gebracht das müde Gefühl einer matt
53 1547 887 1590 und altersschwach sich fühlenden Lebensstimmung,
52 1586 889 1629 die eben doch eine weitverbreitete, wo nicht gar
56 1624 888 1667 vorherrschende Gemütsverfassung unserer Zeit ist.
54 1664 889 1707 Als der Ausdruck einer ganz bestimmten Lebens¬
55 1703 888 1746 stimmung unserer Zeit also, als das Bekenntnis
60 1742 892 1785 ihres Unvermögens, das mit dem Weltkrieg über
59 1781 894 1825 Europa hereingebrochene, bezw. dank diesem zur
59 1819 893 1864 höchsten Potenz entfachte politisch-kulturelle Chaos
62 1860 893 1903 aus eigener Kraft wieder einzurenken, es zu einem
62 1897 893 1942 Kosmos zu gestalten, — als der Ausdruck einer
63 1936 897 1981 solchen, an sich selbst verzweifelnden Ohnmacht
60 1976 895 2020 der Zeit soll hier das Wort vom „Untergange des
62 2016 895 2059 Abendlandes" verstanden und mit demjenigen
67 2054 895 2098 Jouvenels von der „Einigung des Abendlandes"
64 2099 400 2126 konfrontiert werden.
119 2131 899 2176 Jouvenel knüpft seine Parole an ein aktuelles
65 2170 899 2216 Tagesereignis, nämlich den zwischen England
68 2210 903 2255 und Sowjetrußland vollzogenen Bruch an; aber
67 2249 900 2294 in der Reihe der Thesen, die er hierbei entwickelt,
66 2285 904 2333 deutet er Gesichtspunkte an und entwirft Problem¬
70 2327 902 2372 lösungen, die weit über den Tag hinaus liegen,
68 2362 903 2412 die vielleicht zukunftsträchtig sind und die es auf
70 2403 903 2451 alle Fälle verdienen, einer nähern Prüfung und
69 2444 904 2490 Erwägung unterzogen zu werden. Zwei bedeut¬
69 2482 907 2529 same Gedankenreihen treffen bei Jouvenel zusam¬
71 2522 907 2568 men. Seine erste Thesenreihe lautet etwa so. Seit
75 2563 909 2606 langem spricht man von der Notwendigkeit einer
72 2599 908 2646 Einigung des Abendlandes, ohne daß diese je zum
75 2638 907 2685 Ereignis werden konnte. Die größten Hindernisse,
76 2680 909 2722 die dem entgegenstanden, waren stets: erstens „das
79 2717 904 2760 insulare Vorurteil Großbritanniens", worunter
75 2756 908 2797 man wohl das Sichwiegen Englands in der
82 2794 909 2836 eigenen, durch die insulare Lage bedingten Sicher¬
75 2835 912 2874 heit und Unantastbarkeit zu verstehen hat; zwei¬
77 2872 910 2914 tens Englands „Politik des Gleichgewichts der
79 2910 914 2954 Mächte", die eine Spaltung Westeuropas in feind¬
79 2950 912 2992 lich einander gegenüberstehende Mächtegruppie¬
81 2988 914 3031 rungen zur Folge hatte; endlich drittens das grö¬
80 3028 912 3070 ßere Interesse Englands für Asien als für
81 3065 914 3109 Europa, „unter dem Vorwand, daß sein Schicksal
81 3106 914 3148 von seinem indischen Herrschaftsgebiet abhänge".
81 3143 910 3187 All diese Hindernisse seien heute weggeräumt:
84 3181 914 3227 „Heute hat die Politik der Sowjets, die
83 3221 918 3266 auf eine Einigung Asiens abzielt, den Engländern
83 3262 918 3305 gezeigt, daß die wirkliche Gefahr für sie nicht in
83 3300 918 3344 Europa liegt. Unvermeidlicherweise wird diese
85 3339 918 3383 Politik bald die Engländer zur Erkenntnis brin¬
86 3378 919 3422 gen, daß ihre wahre Sicherheit auf einer Einigung
86 3417 920 3461 Westeuropas beruht." Und der Bruch Englands
84 3455 918 3500 mit den Sowjets ist gleichsam das erste bedeut¬
85 3496 918 3539 same Vorzeichen dieser bei den Engländern nun
89 3537 558 3570 aufdämmernden Erkenntnis.
139 3577 925 3624 In diesen Thesen Jouevenels scheint mir Irr¬
87 3619 922 3662 tum und Wahrheit in seltsamer Mischung gepaart.
90 3655 920 3703 Es ist zwar, genau betrachtet, nicht ganz richtig,
87 3697 924 3740 daß England allein bisher das Hindernis auf
86 3735 923 3780 dem Wege zu einer Einigung des Abendlandes
88 3772 924 3818 war. Daß indessen die „größten Hindernisse"
91 3816 923 3856 hierzu von England ausgingen, dieser These
90 3850 927 3896 Jouvenels wird man unbedenklich zustimmen dür¬
93 3892 926 3936 fen. Ebenso trifft es zu, daß das „insulare Vor¬
92 3928 926 3975 urteil" Englands eine Prinzipalstellung hierin
94 3970 927 4014 einnahm und daß es heute nicht mehr besteht.
93 4008 926 4045 Aber der Umstand, der England zum Aufgeben
911 496 1742 544 dieses „Vorurteils" zwang, war keineswegs „die
915 538 1743 582 Politik der Sowjets"; auch ist dieses Vorurteil
913 575 1741 621 nicht erst „heute" gefallen. Das insulare Vor¬
916 614 1741 660 urteil Englands zerbrach in dem Moment, da es
916 652 1747 699 sich den Engländern als „pures Vorurteil" ad
917 692 1749 738 oculos erwies: nämlich als die deutschen Luftschiffe
918 728 1744 777 englische Hafenstädte aus der Luft bombardierten
917 770 1745 816 und ein Zeppelin-Geschwader sich anschickte, wei¬
919 805 1746 855 ter ins Innere des sakrosankt geglaubten Insel¬
917 848 1748 892 landes vorzustoßen. Und ebenso ist die englische
920 884 1749 931 Politik des „balance of power" — über deren ver¬
917 923 1748 970 hängnisvolle Rolle für das Schicksal Europas wir
919 961 1749 1009 mit Jouvenel völlig einig gehen — nicht erst durch
919 1001 1746 1048 die Politik der Sowjets ad absurdum geführt wor¬
919 1040 1747 1087 den: auch sie ist in dem allgemeinen Debakel des
920 1079 1745 1126 Weltkrieges untergegangen, um der Einsicht von
922 1119 1752 1165 der Notwendigkeit einer europäischen Solidari¬
920 1156 1750 1204 tätspolitik Platz zu machen. Was aber das größere
924 1196 1753 1242 Interesse Englands für Asien denn für Europa
924 1233 1752 1281 anbelangt, so glaube ich überhaupt nicht, daß das
924 1272 1752 1320 selbe aufgehört hat zu existieren, oder sich nur
924 1313 1755 1358 irgendwie verschoben  hat; auch darf Englands
927 1349 1753 1399 Meinung, daß das Schicksal des britischen Reiches
926 1391 1754 1436 im wesentlichen von dem indischen Herrschaftsge¬
926 1429 1757 1475 biet abhänge, keineswegs als ein „Vorwand" be¬
928 1467 1755 1514 zeichnet werden. Die Frage, die England sich heute
929 1506 1752 1553 vorzulegen hat, ist nur die, ob es sein indisches
928 1547 1757 1591 Herrschaftsgebiet besser im Verein mit einem ge¬
928 1583 1760 1631 einigten oder aber einem gespalten Europa
928 1625 1758 1669 wahrt und verteidigt. Und so lange Russland
931 1661 1758 1709 außerhalb der europäischen Gemeinschaft bleibt,
930 1700 1760 1748 wird England zweifellos der ersteren Annahme
932 1740 1761 1786 zuneigen. Sein jetziger Bruch mit den Sowjets
932 1780 1757 1825 dürfte gerade in dem Festhalten an seinen asiati¬
933 1815 1765 1864 schen Herrschaftsgebieten und in der Sorge um
935 1857 1763 1902 diese Gebiete seine Hauptquelle haben. Daß hin¬
934 1896 1762 1941 gegen England damit eine ganz neuartige
936 1933 1763 1980 Politik gegenüber den Sowjets einerseits, gegen¬
935 1971 1766 2019 über Europa anderseits inauguriert haben sollte,
936 2011 1765 2059 daß es die Fahne seiner Politik dem Abendland
936 2048 1768 2098 wie dem Morgenland gegenüber nunmehr
938 2090 1764 2136 ganz anders als bisher eingestellt hätte,
938 2127 1768 2175 diese These erscheint mir nicht gerecht¬
940 2167 1768 2214 fertigt; gerade die Bemühungen Englands um
939 2205 1768 2253 die Aufrechterhaltung eines legitimen Handels
940 2248 1769 2292 mit Rußland widersprechen ihr. Davon ganz
940 2284 1766 2331 unabhängig bleibt aber die Frage bestehen, ob
940 2322 1769 2370 nicht durch den zwischen London und Moskau voll¬
946 2361 1775 2409 zogenen Bruch dennoch eine Wendung in der
945 2401 1775 2448 allgemeineuropäischen  Stellung¬
943 2440 1776 2487 nahme dem Bolschewismus gegenüber eingetre¬
943 2478 1775 2526 ten ist. Denn war vielleicht auch die Absicht der
945 2518 1777 2564 englischen Staatsmänner gar nicht darauf ge¬
943 2556 1773 2603 richtet, so kann dies trotzdem sehr wohl die Folge
944 2597 1772 2641 des englisch-russischen Bruches sein. Ist es doch
946 2634 1777 2680 ein seit langem allgemein bekanntes „psychologi¬
947 2673 1778 2719 sches Gesetz" (genannt „Heterogonie der Zwecke"),
945 2712 1776 2758 daß die Wirkungen unserer Handlungen weiter
946 2751 1778 2797 reichen als die ursprünglichen Absichten, denen die
947 2791 1778 2836 Handlungen entspringen. Damit kommen wir zu
948 2832 1538 2866 der zweiten Thesenreihe Jouvenels.
1001 2869 1781 2914 Dieselbe läßt sich etwa folgendermaßen wieder¬
952 2904 1781 2953 geben. Der russische Bolschewismus, bezw. das
951 2946 1784 2991 jetzige Chaos in Rußland kann nur durch eine
949 2984 1780 3031 Einigung des Abendlandes, nur auf dem Wege
951 3020 1784 3070 eines einheitlichen solidarischen  Verhaltens ganz
953 3061 1785 3107 Europas überwunden werden. Damit soll aber
952 3100 1781 3146 keineswegs die Rückkehr zur gemeinsamen Be¬
953 3139 1787 3186 kämpfung des Bolschewismus, sei es auf mili¬
954 3178 1787 3225 tärischem, sei es auf wirtschaftlichem Wege ge¬
955 3216 1789 3264 predigt werden; nicht einmal die Rückkehr zu der
955 3255 1790 3302 berühmten Clemenceauschen „Stacheldrahtpolitik",
956 3295 1792 3341 wodurch Rußland zwangsweise in eine "splendid
956 3333 1792 3380 isolation" gedrängt würde. „Es ist Zeit, eine ge¬
958 3372 1792 3419 meinsame Front gegen den Bolschewismus aufzu¬
958 3410 1790 3459 richten, nicht um ihn anzugreifen, nicht eimal um
958 3449 1790 3498 uns gegen ihn zu verteidigen, sondern einfach, um
958 3492 1793 3537 ihn zu erwarten." Mit diesem „Erwarten" wird
960 3529 1797 3576 von Jouvenel gar nichts anderes als eine Ver¬
960 3568 1795 3616 ständigung gemeint; aber „eine ernsthafte und
961 3606 1793 3655 tragfähige Verständigung" und eine solche "von
964 3647 1796 3694 ganz Europa": nicht eine Verständigung à tout
964 3687 1797 3733 prix und von jedem Staate einzeln probiert. Zu
963 3725 1801 3772 einer ernsthaften und tragfähigen Verständigung
963 3764 1797 3811 mit Rußland kann es jedoch nur kommen, wenn
964 3806 1796 3850 die Sowjets nicht mehr auf die Streitigkeiten
964 3841 1799 3891 Europas, auf das Ausspielen der Interesse der
966 3879 1795 3930 Westmächte gegeneinander zählen können, wenn sie
966 3925 1797 3967 „die Notwendigkeit erkennen, die abendländische
968 3959 1801 4007 Kultur ernst zu nehmen". Auf diese Zeit also, auf
968 3998 1800 4037 das Reisen dieser Erkenntnis muß das geeinigte
1781 481 2605 534 und zu solidarischem Handeln entschlossene Abend¬
1780 522 2607 571 land warten. Diese Zeit scheint nun aber ge¬
1781 557 2607 610 kommen oder doch recht nahe zu sein, da die Sow¬
1782 597 2607 649 jets neben der „drohenden Faust" auch eine „offene
1783 634 2608 689 Bettelhand" nach dem kapitalistischen Westen hin
1781 673 2608 729 ausstrecken. Und der Völkerbund, als der
1783 712 2611 768 einzige maßgebende gesamteuropäische Organis¬
1782 754 2611 805 mus, dürfte allein dazu berufen sein, „die Be¬
1784 793 2611 843 ziehungen zwischen Europa und dem bolschewisti¬
1786 828 2613 882 schen Rußland zu organisieren", den „wirtschaft¬
1783 869 2613 920 lichen Wiederaufbau Rußlands nach den Re¬
1782 906 2614 960 geln, die schon in Oesterreich und in Ungarn an¬
1787 950 2477 990 gewandt wurden", in die Wege zu leiten.
1839 984 2618 1037 Diesen Gedankengängen Jouvenels kann weit
1786 1021 2613 1076 vorbehaltloser zugestimmt, werden. Daß der
1787 1062 2617 1115 Bolschewismus, wenn überhaupt, so nur durch ein
1787 1103 2615 1153 einheitlich-solidarisches Handeln von ganz Europa
1788 1138 2617 1192 einbei sgung oder, vielleicht richtiger gesagt, zur
1788 1180 2616 1230 zur Erledigung gebracht werden kann, ist ebenso un¬
1787 1215 2621 1270 bestreitbar, wie die Tatsache, daß die jetzige, zuerst
1791 1256 2618 1308 von Lloyd George eingeschlagene Methode der
1791 1293 2620 1347 getrennten Unterhandlungen mit Moskau
1793 1333 2620 1387 „zu nichts Greifbarem" führt, d. h. reinsten Zeit¬
1791 1371 2620 1425 verlust bedeutet, und obendrein „nicht ohne Ge¬
1790 1410 2622 1462 fahr" ist, wie dies nun ein Staat nach dem andern
1793 1448 2620 1502 am eigenen Leibe erfahren muß. Zu der These,
1792 1487 2623 1541 daß die Zeit nun erfüllt sei, um den wirtschaft¬
1792 1527 2623 1579 lichen Wiederaufbau Rußlands auf dem Wege
1794 1564 2623 1618 einer Völkerbunds-Rettungsaktion, ähnlich der
1797 1604 2625 1657 österreichischen und ungarischen, schon jetzt an die
1797 1642 2625 1696 Hand zu nehmen, darf man sich allerdings ein
1797 1681 2624 1735 Fragezeichen erlauben; wenngleich man auch prin¬
1795 1720 2627 1774 zipiell gegen diese These kaum Einwendungen er¬
1798 1761 2628 1813 heben kann und auch den Fortschritt, den nach
1799 1798 2627 1853 dieser Richtung hin die Mitarbeit der Russen auf
1799 1838 2628 1891 der Genfer Weltwirtschaftskonferenz gebracht hat,
1802 1877 2629 1929 nicht leichthin übersehen darf. Aber die „Zu¬
1799 1914 2629 1968 geständnisse des Marxismus an die wirtschaftliche
1801 1956 2630 2006 Wahrheit" von denen Jouvenel in diesem Zu¬
1802 1992 2631 2047 sammenhange spricht, müssen wohl noch eine nicht
1802 2032 2632 2085 unbeträchtliche Vermehrung und Erstarkung er¬
1803 2069 2633 2124 fahren, damit der Weg für eine Völkerbunds-¬
1806 2112 2635 2162 Rettungsaktion Rußlands freigelegt erscheine. Die
1808 2147 2633 2202 „Umwandlung" des Bolschewismus, von der
1809 2189 2635 2241 Jouvenel mit Recht als von einer conditio sine qua
1807 2226 2639 2271 non spricht, steckt heute noch in den ersten Anfängen.
1865 2263 2639 2318 Und nun fragen wir von neuem: Wie ist's also
1808 2304 2636 2357 um u ns Abendländler bestellt? Untergang
1812 2340 2638 2396 durch Zerfall oder Wiederaufstieg
1814 2380 2637 2435 durch Einigung? Ist unsere europäische
1811 2422 2640 2473 Staatlichkeit und mit ihr die ganze europäische
1813 2459 2641 2513 Kultur wirklich so mürbe und matt geworden, daß
1812 2499 2641 2553 sie unrettbar dem Untergang geweiht ist, wie
1814 2538 2641 2592 Spengler es meint? Oder sind wir Europäer zu
1813 2578 2641 2629 einer „Einigung", einem Zusammenschluß, und
1812 2617 2644 2668 damit der Wiederaufrichtung und Neublüte noch
1813 2653 2644 2706 fähig? Hat dieser Regenerationsprozeß gar schon
1818 2697 2644 2744 begonnen, wie Jouvenel es annimmt? Vielleicht
1816 2732 2645 2784 ist Spengler zu pessimistisch, Jouvenel zu optimi¬
1817 2771 2648 2823 stisch. Vielleicht liegt, wie so oft, die Wahrheit auch
1817 2808 2648 2863 hier in der Mitte. Vielleicht sind wir noch nicht
1817 2849 2646 2901 so hoffnungslos kraftlos geworden und dem Un¬
1815 2889 2646 2939 tergange unweigerlich ausgeliefert; aber anderseits
1820 2927 2647 2978 doch auch noch nicht zur Wiedererhebung innerlich
1821 2965 2651 3018 und äußerlich wirklich reif und fähig. Die Zu¬
1820 3003 2652 3058 kunft ruht — wie Homer sagt — unbekannt im
1823 3046 2652 3096 Schoße der Götter. Sich aufs Prophezeien zu ver¬
1824 3082 2653 3135 legen, ist ein undankbares Geschäft. Alles was wir
1821 3121 2652 3174 können und wollen, aber auch was uns frommt,
1824 3161 2656 3213 ist daher nur: unbeirrt und unbekümmert um alle
1825 3202 2654 3251 Widerspenstigkeiten und betrübenden Sturmzeichen
1824 3238 2654 3291 der Zeit die Fahne der Einigung, des Wie¬
1825 3275 2657 3330 deraufstiegs hochhalten, sie den Zeitgenossen
1828 3317 2656 3369 vorantragen, in der Zuversicht, daß nicht ein un¬
1829 3355 2658 3410 entrinnbares finsteres Schicksal sie unseren Hän¬
1827 3406 2064 3438 den entwindet.
1987 3496 2509 3539 Kleine Mitteilungen.
1885 3551 2658 3606 „Politische Rundschau". Das 6. Heft dieser
1832 3592 2662 3644 im 6. Jahrgang vom Zentralsekretär der Freisin¬
1833 3630 2664 3683 nig-demokratischen Partei der Schweiz herausge¬
1832 3667 2666 3720 gebenen Zeitschrift enthält folgende Beiträge: Par¬
1834 3706 2666 3754 teitag, vom Herausgeber. Soziale Bildungspro¬
1832 3743 2665 3788 bleme, von einem Mitarbeiter. Die Politik der
1835 3775 2663 3825 Donaustaaten, von Franz Burri, Redaktor der
1832 3810 2665 3861 „Schweizer Heimat" Graz. Deutschland und die
1836 3851 2664 3896 Ostfragen, von ***, Berlin. Prolog zur ordent¬
1835 3882 2666 3933 lichen Delegierten-Versammlung der Freisinnig¬
1835 3918 2667 3968 demokratischen Partei der Schweiz, von Fräulein
1832 3956 2666 4003 J. Weber, Präsidentin der freisinnigen Frauen¬
1835 4001 2152 4030 gruppe St. Gallen.
2877 217 3435 293 Zweite Sonntagausgabe.
3061 287 3248 343 Nr. 991
2740 487 3387 561 Memoiren eines Gehilfen
2934 562 3199 594 Bismarcks.
2704 614 3485 680 Erst jügnst sind in diesen Blättern (1925
2652 656 3481 721 Nr. 1014) die Erinnerungen des Botschafters
2651 702 3481 759 von Radowitz gewürdigt worden. Mit dem vor¬
2653 740 3484 799 liegenden Werk*) reihen sich demselben die Denk¬
2651 781 3484 840 würdigkeiten eines andern diplomatischen Haupt¬
2654 819 3487 880 gehilfen Bismarcks an. Vielleicht ist ihr Wert im
2653 859 3483 919 Hinblick auf die Stellungen, die Schweinitz
2653 900 3487 959 einnahm, noch höher einzuschätzen. Von 1861 bis
2652 938 3486 999 1863 und von 1865 bis 1869 Militärbevollmächtig¬
2657 979 3489 1038 ter in Wien und in Petersburg, von 1869 bis
2658 1018 3490 1077 1876 Vertreter des Norddeutschen Bundes und
2657 1059 3489 1117 des Deutschen Reiches in Wien, von 1876 bis
2653 1099 3489 1156 1892 als Botschafter wieder in Petersburg tätig,
2656 1139 3490 1196 hatte er Gelegenheit, an einigen der wichtigsten
2656 1177 3492 1236 politischen Wendungen teilzunehmen. Als solche
2658 1219 3491 1275 seien genannt die Einwirkung auf den Zaren
2655 1259 3493 1315 Alexander II. zugunsten Preußens vor und nach
2661 1297 3495 1355 der Schlacht von Königgrätz, der er im Gefolge
2660 1337 3493 1395 König Wilhelms beiwohnte, die Anbahnung einer
2661 1377 3499 1434 Versöhnung der Häuser Habsburg und Hohen¬
2663 1416 3496 1474 zollern, die bis zur Schlacht von Sedan freilich
2664 1457 3495 1514 gefährliche Proben zu bestehen hatte, die Mit¬
2664 1496 3498 1554 arbeit an der Wiederherstellung des Dreikaiser¬
2662 1538 3499 1591 bundes, nach dessen Zerfall sein heißes Bemühen
2666 1576 3499 1631 darauf abzielte, die völlige Entfremdumng Deutsch¬
2666 1615 3499 1671 lands und Rußlands zu mildern. Als diese Ent¬
2666 1655 3501 1711 fremdung sich verschärfte und Rußland sein Bünd¬
2666 1693 3501 1753 nis mit Frankreich vorbereitete, kam er sich seinen
2667 1736 3499 1792 eigenen Worten nach vor „wie ein Don
2670 1776 3501 1830 Quixote der Legitimität" und erbat 1892 seinen
2672 1816 3502 1870 Abschied. In Kassel, wo er sich zur Ruhe setzte.
2669 1852 3503 1911 waren ihm noch neun Jahre glücklichsten Fami¬
2672 1898 3505 1950 lienlebens gegönnt, während deren er seiner Ge¬
2672 1936 3506 1990 wohnheit treu blieb, sich täglich Kalendernotizen
2671 1976 3504 2031 zu machen. Auf diesen beruben die noch in Wien
2674 2015 3505 2071 begonnenen Aufzeichnungen der Lebenserinnerun¬
2672 2056 3508 2110 gen, die bis 1867 reichen und für die Jahre
2676 2095 3507 2150 1876/77 vorliegen, sowie der an ihre Stelle treten¬
2673 2136 3510 2189 den Tagebücher. Beide zusammen bilden ein
2673 2175 3511 2229 allerdings nicht lückeloses Ganzes, das mit eini¬
2676 2214 3512 2268 gen unvermeidlichen Kürzungen dem Sohn als
2677 2255 3511 2307 Grundlage seiner vortrefflichen Ausgabe gedient
2677 2308 2735 2338 hat.
2731 2331 3512 2386 Schon aus dem Wert Otto Beckers „Bismarck
2678 2373 3514 2428 und die Einkreisung Deutschlands" (s. „N. Z. Z."
2682 2414 3513 2468 1926 Nr. 1968), der aus dem schriftlichen Nachlaß
2680 2453 3513 2508 des Generals von Schweinitz hatte schöpfen dür¬
2682 2494 3517 2546 fen, war die Bedeutung desselben zu erkennen ge¬
2683 2531 3517 2586 wesen. Nicht wenige seiner Berichte, die demsel¬
2683 2571 3519 2626 ben zur Ergäuzung dienen, finden sich in Eduard
2682 2612 3518 2666 von Wertheimers monmentaler Biographie des
2683 2651 3518 2706 Grafen Andrassy verwertet. Vor allem kommt er
2684 2691 3521 2746 auf vielen Seiten der unschätzbaren deurschen
2685 2731 3521 2785 Aktenpublikation „Die große Politik der europäi¬
2687 2773 3524 2824 schen Kabinette 1871—1914" zum Wort. Indessen
2687 2810 3523 2864 entbehren amtliche Dokumente nowendig des
2688 2849 3525 2906 individuellen Reizes privater Niederschriften.
2689 2890 3526 2946 Dieser erhöht sich noch durch die Einflechtung ver¬
2692 2933 3525 2985 traulicher Korrespondenzen, unter denen Briefe
2691 2971 3526 3025 Kaiser Wilhelms, seines Sohnes, Bismarcks einen
2692 3019 3062 3055 Hauptplatz einnehmen.
2743 3048 3532 3105 Von der Persönlichkeit des Memoirenschrei¬
2693 3090 3529 3145 bers erhält man ein gewinnendes Bild. Er er¬
2693 3131 3529 3184 scheint als ein Mann strengen Pflichtgefühls, vor¬
2694 3172 3530 3224 nehmer Gesinnung, vielseitiger Bildung, durch
2694 3208 3532 3264 das, was er eigener Begabung und glücklichen
2694 3252 3531 3303 Umständen verdankte, keineswegs zur Ueber¬
2697 3289 3532 3343 schätzung seiner Leistungen verführte. Unverkenn¬
2695 3329 3534 3383 bar ist der streng konservative Grundzug seiner
2700 3369 3534 3423 politischen Ueberzeugungen. Die Periode der
2699 3409 3534 3464 Berliner Ereignisse zwischen März und November
2696 3448 3535 3503 1848 galt ihm als „schmachvoll". Die Idee „eines
2702 3492 3534 3542 Parlaments mit allgemeinem Stimmrecht" wider¬
2700 3529 3537 3583 strebte ihm. Die Verbindung mit Viktor Emanuel,
2704 3570 3536 3622 Garibaldi und Klapka, die Aufforderung zum
2696 3611 3538 3662 Treubruch an die ungarischen Soldaten, die Pro¬
2704 3649 3539 3702 klamation an die „glorreiche Nation der Tsche¬
2704 3691 3540 3741 chen" im Jahre 1866 war ihm in tiefster Seele zu¬
2705 3729 3542 3781 wider. (I. 222.) Später mißbilligte er den Kultur¬
2705 3770 3540 3821 kampf, die Bevorzugung der Republikaner vor den
2708 3809 3543 3852 Monarchisten in Frankreich, die Anerkennung
2751 3871 3545 3922 *) Denkwürdigkeiten des Botschaf¬
2706 3910 3540 3958 ters General von Schweinitz. Zwei
2705 3950 3545 3992 Bände. XI. 444. 479 S. mit zwei Porträten. Ber¬
2708 3988 3366 4025 lin, Verlag von Reimar Hobbing 1927.
311 4129 719 4162 Alte Anekdoten.
378 4186 658 4215 von Karl Lerbs
277 4249 760 4278 Der Tote als Mörder.
152 4300 937 4348 In einem russischen Dorfe hatte man zu Beginn
101 4341 939 4388 des vergangenen Jahrhunderts einmal nach altem
101 4380 936 4428 Brauch einen Toten in der Kirche aufgebahrt, und
104 4419 939 4468 in der Nacht betete der Pope mit einem Chor¬
103 4462 936 4508 knaben an der Leiche. Am andern Morgen fand
102 4500 939 4550 man den Popen erwürgt am Boden; der Chor¬
103 4542 939 4590 knabe lag ohnmächtig in einem Winkel, und nur
104 4581 940 4630 der Tote war gelassen und unverändert an dem
106 4622 939 4670 Platze, der ihm zukam. Mit Mühe brachte man
105 4663 940 4710 den Chorknaben zur Besinnung, und da erzählte
107 4703 943 4751 er, bebend vor Entsetzen bei der Erinnerung: Um
108 4741 941 4793 Mitternacht habe der Tote sich plötzlich von seinem
108 4782 942 4833 Lager erhoben und sei auf den Popen zugeschritten,
108 4824 943 4874 und keine bannende Beschwörung, kein Besprengen
108 4863 943 4914 mit Weihwasser habe ihm Einhalt getan, ehe unter
109 4903 950 4954 seinen würgenden Händen der Priester verröchelt
111 4943 943 4994 war. Danach habe das Gespenst sich ruhig wieder
110 4984 945 5034 auf die Bahre gelegt und die Hände gefaltet; er
113 5022 944 5075 selbst aber, der Chorknabe, sei in blindem Entsetzen
113 5064 946 5115 eine Weile durch die Kirche geirrt, bis er in einem
114 5104 946 5155 Winkel ohnmächtig niederstürzte. Die Bauern
115 5144 948 5195 rannten, als ste dies vernahmen, voll Grauen
116 5185 946 5236 davon, und es war kein anderer Rat, als daß man
118 5225 948 5276 den Bischof holte, der mit ein paar beherzten
118 5265 952 5316 Leuten in die Kirche ging und sie von dem Greuel
120 5305 952 5357 befreite, um sie danach aufs neue zu weihen. Aber
121 5345 952 5397 wenn es auch seiner machtvollen Beschwörung
122 5387 952 5428 gelang, sie den Bauern für die Dauer des Tages¬
969 4088 1808 4138 lichts wieder zum vertraut ehrwürdigen Hause
971 4129 1807 4178 Gottes zu machen, so hätte man doch in der ganzen
971 4172 1810 4218 Provinz niemand finden mögen, der ihr bei Nacht
973 4207 1808 4258 nahegekommen wäre; denn jede Wahrscheinlichkeit
972 4250 1808 4298 sprach dafür, daß das gebannte Gespenst sich beute¬
972 4294 1463 4330 gierig in ihrer Nähe umtrieb.
1025 4329 1811 4379 Nach vielen Jahren erst wurde das Geheimnis
974 4370 1811 4420 jener schauerlichen Nacht enthüllt: Ein durchaus
978 4410 1810 4461 angesehener und zeitlebens unverdächtiger Mann,
976 4450 1812 4500 dem die Todesangst die Zunge löste, bekannte auf
977 4493 1812 4539 dem Sterbebette, er habe sich damals abends in
978 4529 1817 4580 die Kirche geschlichen, die Leiche unter einer Bank
976 4571 1814 4620 versteckt und sich selbst an deren Stelle gelegt,
976 4611 1815 4661 danach den Priester um eines alten Hasses willen
977 4650 1815 4701 erwürgt, den ohnmächtigen Chorknaben aber un¬
981 4695 1815 4741 versehrt gelassen. Es sei ihm dann gelungen, den
981 4731 1818 4782 Toten später richtig wieder an seinen Platz zu
982 4774 1818 4822 bringen und selbst ungesehen sein Haus zu errei¬
982 4811 1817 4862 chen. Nach diesem Geständnis verließ der Mann
983 4852 1819 4903 den Machtbereich der irdischen Gerechtigkeit und
984 4892 1819 4943 trug die Bürde seiner Tat vor jenes Gericht, dessen
983 4933 1818 4974 Spruch nicht zu den Ohren der Menschen dringt.
1108 4976 1692 5012 Der Witwer von Ephesus
1038 5013 1824 5063 Vor hundert oder mehr Jahren — was sind
987 5051 1823 5104 Zahlen und Zeiten im Historienbuche der Liebe?
985 5097 1824 5142 — verlor ein Gewürzkrämer sein junges Weib
986 5134 1822 5184 durch den Tod. Die Trübsal warf ihn nicht gänz¬
989 5174 1825 5224 lich aus dem gewohnten Gleichgang seiner Tage,
987 5213 1825 5265 aber sie löschte vor seinem Blick alle Farben des
989 5256 1825 5303 Lebens aus, ließ sein derbes Lachen verstummen
989 5294 1821 5345 und traf sein Denken wie mit lähmendem Hieb:
987 5333 1822 5386 also daß er seine kleinen Hantierungen in abge¬
985 5375 1823 5416 rücktem Schweigen tat und die Nachbarn nachts
1844 4078 2676 4128 den Lilchtschein seiner Kerze durch die Zimmer
1843 4119 2677 4168 seines Hauses wandern sahen. Eines Morgens in
1843 4160 2675 4208 aller Frühe aber übermannte ihn die Hilflostgkeit
1844 4197 2677 4249 vor der Leere seines Lebens; er nahm einen festen
1843 4241 2676 4289 Strick, stieg in den Keller hinab und traf die An¬
1844 4281 2679 4328 stalten, die ihn geeignet dünkten, um die Wieder¬
1848 4320 2679 4368 vereinigung mit seinem Weibe vom Schicksal zu
1846 4368 2021 4400 erzwingen.
1898 4402 2682 4448 Schon hatte er die Schlinge geknüpft und
1846 4442 2681 4487 schickte sich an, zwischen Oelfässern und Kisten den
1845 4480 2682 4529 Sprung über die große Grenze zu wagen, als ein
1848 4522 2682 4569 lautes Pochen an sein Ohr klang: Droben begehrte
1851 4559 2683 4609 Kundschaft Einlaß. Dieser mahnende Ruf seines
1848 4600 2683 4649 Alltags hatte soviel Macht über ihn, daß er, ohne
1852 4642 2685 4689 es eigentlich zu wissen, die Schlinge fahren ließ,
1854 4682 2686 4729 nach oben gin, die Ladentür aufschloß und ein
1852 4720 2685 4772 junges Mädchen einließ, das eine Kanne Oel ver¬
1854 4763 2687 4813 langte. Der Krämer mußte, um das Oel zu holen,
1851 4801 2688 4853 in den Keller hinab; aber er sah die eben noch so
1853 4846 2688 4892 schicksalhafte Schlinge nicht: Der Glanz aus zwei
1856 4882 2689 4933 blitzenden Augen hatte ihn getroffen und machte
1856 4931 2368 4962 ihn blind für so dunkle Dinge.
1911 4964 2694 5011 Am nächsten Tage nahm er, wieder ohne es
1856 5006 2693 5051 recht zu wissen, mit einem verlegenen Lächeln die
1858 5043 2691 5092 Schlinge vom Haken und warf sie in die Ecke;
1858 5082 2690 5131 abermals einen Tag später dröhnte zum ersten¬
1855 5124 2692 5171 mal wieder sein derbes Lachen durch den Laden;
1856 5162 2692 5212 vier Wochen darauf aber war er mit jenem Mäd¬
1858 5204 2693 5252 chen verheiratet und dachte mit keinem Gedanken
1859 5245 2693 5292 mehr daran, daß er seine Rückkehr zu neuer Freude
1860 5284 2697 5333 an altem Tun nur der tausendnamigen namen¬
1857 5325 2695 5373 losen Macht verdankte, die überlegen lächelnd nach
1861 5368 2355 5405 Gefallen mit Zufällen schaltet. .
2942 4096 3322 4134 Kleine Chronik.
2770 4154 3545 4200 Rudolf Borchardt ist dieser Tage fünfzig ge¬
2714 4191 3547 4240 worden, fern vom lauten Markt, im südlichen
2715 4230 3551 4282 Garten seiner Villa bei Pistoja, wo er die Weis¬
2718 4271 3553 4322 heit Candides still beherzigt, Rittersporn und
2718 4310 3554 4361 Akelei aus dem fernen Osten, aus den Anden und
2720 4353 3549 4399 dem Kaukasus friedfertig nebeneinander zaubert.
2722 4389 3550 4439 Hier in der toskanischen Landschaft hat sich ihm auch
2720 4428 3552 4479 das Werk Dantes, des männlich kämpfenden Dante,
2721 4468 3557 4519 Blatt um Blatt erschlossen, dessen gewaltsam ge¬
2721 4511 3557 4557 waltiger Deuter und Uebertrager er ist. Dichtung
2724 4547 3553 4597 und Forschung entspringen ihm, wie sein Werk
2725 4587 3559 4636 und seine Zürcher Rede vor zwei Jahren immer
2723 4628 3558 4675 wieder bekennen, aus einer Wurzel. Wer wie er
2725 4665 3559 4716 spät hervorgetreten, dem ist das erreichte halbe
2725 4707 3559 4754 Jahrhundert kein Lebensabschnitt, denn er ist
2723 4746 3562 4793 voller Zukunft. Es ist denn auch Gewichtigstes,
2726 4785 3562 4833 dessen Vollendung wir von ihm erwarten, den
2727 4824 3562 4873 deutschen Dante, dem Pindar folgen soll, die
2728 4864 3560 4913 Sammlung seiner Reden, um von den dichte¬
2731 4906 3564 4951 rischen Hervorbringungen zu schweigen, die er
2732 4943 3564 4991 selber noch verschleiert. Es bedarf allerdings des
2728 4983 3564 5031 Künftigen nicht, um nicht schon dem längst Ge¬
2731 5022 3567 5071 währten, vom „Durant" und vom ,„Joram" bis zur
2727 5061 3563 5110 „Halbgeretteten Seele", entschiedene Dankbarkeit
2730 5104 3541 5140 und Bewunderung einzugestehen. k.
2783 5154 3564 5202 Die Bevormundung der russischen Kunst.
2734 5192 3563 5244 A. Ch. In den Tagen, da die im Exil lebende
2737 5233 3566 5283 „Prager Gruppe" des Moskauer Künstler-Theaters
2737 5275 3566 5323 einem begeisterten Zürcher Publikum exquisiteste
2742 5314 3568 5363 russische Bühnenkunst zeigt, hört man von neuen
2738 5354 3568 5395 Verfolgungen, denen das russische Theater durch
