4210 5551
2076 167 2264 218 Jahrgang

142 151 983 209 Montag, 29. April 1940 Blatt 5
191 239 3610 629 Neue Zürcher Zeitung
173 689 412 711 -
743 689 753 711 1
764 691 854 714 Monat
888 690 901 711 3
910 690 974 714 Mt«.
1010 690 1023 712 0
1032 691 1094 713 Mio.
1136 690 1161 711 12
1171 691 1233 714 Mio.

146 722 1213 756 Zürich am Schalter oder bei Ablagen Fr. 2.85 7.70 14.25 27.—
178 754 1223 791 Durch Austräger ins Haus gebracht „ 3.85 10.40 19.25 36.—
147 790 263 818 Schweiz
277 790 409 819 Bestellung
424 793 485 815 beim
498 794 602 820 Postamt
735 812 746 822 ,
781 797 831 819 3.65
889 797 950 819 10.40
1023 797 1083 820 10.23
1153 798 1217 820 30.—

174 822 297 847 Lieferung
312 823 381 845 unter
395 824 536 849 Streifband
732 843 745 851 .
779 827 830 849 5.—
888 827 950 849 13.50
1020 828 1082 849 22.—
1153 828 1218 850 48.—

146 854 276 877 «usland
288 855 461 884 F-rnauSgade
526 860 581 885 /»3
590 861 726 885 Rp..Porto
737 879 748 885 .
781 862 832 883 6.50
891 861 953 884 18.—
1023 861 1083 884 84.50
1153 862 1217 883 68.—

174 885 1217 918 Lieferung unter Streifband à 5 Rp.-Porto „ 8.— 23.— 44.— 80.—
172 918 225 943 Für
238 919 407 947 postamtlichen
421 923 502 950 Bezug
515 924 647 952 niedrigere
661 926 767 953 AnfStze,
780 926 897 952 Auskunft
911 926 949 949 bei
964 927 1009 949 den
1026 926 1171 952 Postämtern

2001 674 2363 758 Handelsblatt

1607 768 1812 813 Täglich
1851 771 1879 802 S
1911 770 2185 814 Ausgaben

1606 832 1766 860 Redaktion:
1786 832 1974 867 Falkenstroße
1994 835 2035 867 1t.
2053 834 2151 869 Zürich
2170 835 2185 861 1

1434 882 1677 916 Administration:
1692 883 1900 918 Theaterstraße
1915 885 1940 916 I.
1953 885 2107 914 Druckerei:
2122 885 2311 920 Goethestraße
2327 887 2359 913 10

1434 924 1573 958 Telephon
1588 924 1609 952 2
1621 925 1663 953 71
1676 925 1732 957 00.
1744 925 1962 959 Hauptpostfach.
1975 926 2193 960 Postscheckkonto
2207 928 2277 955 VIII
2291 925 2359 955 645

3023 159 3374 210 Mittagausgabe
3434 160 3502 206 Jfö.
3529 158 3625 203 641

2525 671 2707 700 Annoncen
2715 678 2724 699 :
2755 674 2807 698 Pr»
2823 671 2893 696 Seite
2905 673 2919 693 8
2929 671 3033 697 Spalten
3042 671 3104 692 1440
3113 668 3329 696 MIllimeterzctlen

2603 701 3178 735 Preis der Milimeterzeile
2602 735 3355 765 für lokale Geschäftsempfehlungen 25 Rp.
2602 769 2640 793 für
2653 769 2773 796 Anzeigen
2788 769 2973 796 fchweizerifchen
2987 768 3123 794 Ursprung«
3269 766 3296 788 30
3309 766 3356 791 Rp.

2602 799 2641 824 für
2655 799 2774 825 Anzeigen
2788 799 2964 824 auZIZndischen
2981 798 3117 824 Ursprung»
3269 798 3296 817 82
3309 798 3356 820 AP.

2602 829 2641 854 für
2655 829 2780 852 Aellamen
2793 832 2836 854 pro
2850 828 3007 854 doppelbrett«
3022 828 3088 854 Zeile
3254 825 3302 848 122
3315 825 3357 852 Fr.

2602 860 2639 881 Uv
2658 860 2678 882 1.
2697 857 2805 886 Sanuar
2825 858 2896 881 lülU:
2915 857 3119 884 «rtcgszuschlaa
3135 857 3150 879 8
3160 857 3190 880 •/•
3208 857 3266 880 vom
3284 857 3359 879 Netto

2545 893 2872 927 Annoncen-Abteilung:
2891 893 3099 928 Theaterstraße
3119 893 3134 920 1
3153 894 3209 921 und
3227 891 3447 926 Dahnhosstraße
3465 892 3499 918 70

2608 932 2802 966 Bricfadrefle:
2819 933 2941 967 Postfach
2959 933 3168 967 Fraumünstcr.
3185 931 3326 966 Postscheck
3342 932 3410 958 VIII
3434 933 3499 958 1264

528 1068 682 1138 Der
708 1070 936 1157 Krieg
966 1071 1044 1141 in
1068 1071 1492 1159 Norwegen

161 1183 229 1214 Die
253 1184 407 1225 Kämpfe
431 1188 481 1221 im
505 1190 630 1222 Süden
653 1196 725 1224 von
747 1192 968 1230 Trondheim

212 1239 263 1271 An
303 1241 357 1273 der
397 1243 824 1285 schwedisch-norwegischen
863 1248 989 1284 Grenze,

143 1278 190 1308 29.
214 1279 317 1318 April.
340 1280 490 1320 (Ici-Tel.)
514 1284 573 1316 Die
596 1285 792 1324 militärische
815 1287 987 1319 Situation

143 1324 177 1346 in
202 1318 374 1358 Norwegen
401 1330 442 1353 an
468 1323 520 1354 der
544 1323 822 1361 Trondheimfront
847 1327 900 1363 hat
927 1326 988 1363 jetzt

144 1362 214 1390 zwei
227 1357 459 1395 Brennpunkte,
472 1362 528 1393 den
542 1363 631 1394 einen
644 1363 695 1395 im
695 1363 987 1395 Gudbrands¬

143 1394 216 1424 dal
254 1393 366 1434 südlich
403 1406 464 1431 von
492 1400 645 1434 Dombås,
684 1403 740 1434 den
778 1404 896 1435 andern
935 1412 987 1434 am

143 1432 297 1466 Dovre.
322 1436 371 1468 An
387 1438 491 1470 beiden
507 1439 627 1471 Stellen
642 1440 747 1477 finden
761 1442 891 1480 Kämpfe
905 1441 987 1476 statt.

143 1474 185 1502 Es
206 1473 286 1504 wird
309 1479 371 1507 von
394 1477 629 1515 entscheidender
649 1480 835 1519 Bedeutung
855 1480 928 1517 sein,
949 1481 987 1511 ob

141 1512 174 1540 es
206 1512 264 1543 den
295 1512 484 1554 Norwegern
515 1517 642 1556 gelingt,
674 1518 726 1555 sich
758 1518 893 1557 nördlich
925 1525 986 1550 von

142 1550 289 1582 Røros
322 1560 358 1589 zu
383 1554 467 1586 einer
489 1556 670 1594 wirksamen
694 1558 920 1596 Verteidigung
943 1557 988 1588 im

141 1590 247 1624 schwer
269 1593 486 1630 zugänglichen
509 1595 640 1633 Gebirge
662 1596 987 1635 zusammenzuraffen,

140 1633 189 1657 wo
212 1628 260 1659 die
280 1629 584 1670 Naturverhältnisse
605 1634 656 1670 für
676 1635 742 1666 eine
762 1634 988 1674 Verteidigung

140 1666 223 1696 ideal
242 1667 316 1703 sind.
333 1669 442 1709 Einige
457 1672 574 1711 wenige
590 1672 987 1713 Maschinengewehrnester

140 1706 214 1736 oder
236 1715 286 1739 ein
308 1712 390 1745 paar
412 1711 545 1747 hundert
568 1705 815 1749 Scharfschützen,
838 1722 879 1744 an
901 1712 987 1751 wich¬

140 1744 219 1781 tiger
253 1745 354 1778 Stelle
387 1749 630 1788 untergebracht,
663 1750 769 1788 sollten
804 1751 877 1789 nach
910 1750 987 1788 sach¬

140 1782 289 1822 kundiger
310 1785 468 1826 Meinung
498 1790 646 1827 genügen,
679 1789 739 1826 sich
761 1790 897 1828 zwischen
929 1790 986 1821 den

140 1822 245 1855 steilen
269 1822 477 1861 Felswänden
499 1828 552 1858 des
573 1830 723 1859 Kammes
745 1830 809 1860 und
831 1830 887 1861 den
909 1828 986 1866 senk¬

140 1860 257 1896 rechten
279 1863 451 1903 Abhängen
474 1874 566 1904 gegen
589 1866 656 1898 eine
678 1865 770 1903 starke
792 1866 986 1903 Uebermacht

138 1905 174 1934 zu
195 1900 312 1937 halten.
341 1903 504 1942 Angeblich
522 1905 606 1941 sollte
625 1908 657 1937 es
676 1906 750 1944 auch
769 1905 895 1945 möglich
914 1905 986 1942 sein,

138 1938 196 1968 den
217 1938 294 1978 Weg
323 1941 412 1979 durch
432 1943 727 1983 Bergsprengungen
757 1954 799 1976 an
829 1946 985 1983 mehreren

139 1976 263 2009 stellen
286 1986 321 2016 zu
346 1980 477 2018 sperren,
500 1983 569 2020 doch
594 1983 676 2020 heißt
708 1986 752 2016 es,
774 1983 835 2021 daß
868 1983 916 2014 die
939 1992 985 2021 ge¬

139 2014 259 2050 samten
281 2017 575 2055 Dynamitvorräte,
597 2022 645 2053 die
667 2022 700 2053 in
722 2023 827 2053 Nøros
850 2023 985 2059 gelagert

138 2060 258 2090 waren,
276 2056 333 2089 den
352 2058 516 2097 Deutschen
534 2060 566 2091 in
585 2060 632 2091 die
650 2060 758 2098 Hände
776 2061 905 2099 gefallen
924 2060 983 2098 sein

135 2091 240 2129 sollen.

199 2133 261 2166 Ein
285 2135 338 2167 der
362 2137 589 2176 ernsthaftesten
613 2138 739 2176 Sorgen
764 2139 815 2170 der
840 2139 914 2170 über
937 2137 985 2170 die

138 2171 257 2210 Grenze
278 2174 473 2213 geflüchteten
492 2177 657 2216 Norweger
676 2177 712 2215 ist
732 2177 779 2209 die
797 2178 985 2209 Lebens¬

139 2211 581 2254 mittelversorgung
627 2216 710 2255 ihrer
746 2216 778 2248 in
814 2217 985 2254 Norwegen

137 2249 438 2289 zurückgebliebenen
455 2254 682 2293 Angehörigen,
699 2256 789 2287 deren
806 2255 885 2294 Lage
902 2256 985 2286 kata¬

138 2289 279 2327 strophal
296 2290 358 2327 sein
375 2292 437 2329 soll.
464 2294 522 2325 Die
536 2294 701 2332 wenigsten
718 2295 770 2325 der
787 2294 838 2325 ins
854 2293 985 2332 Gebirge

137 2326 337 2365 geflüchteten
351 2332 523 2370 Bewohner
537 2333 636 2371 haben
650 2333 787 2364 Vorräte
801 2333 858 2364 mit
873 2332 924 2371 sich
938 2341 984 2370 ge¬

138 2373 297 2401 nommen,
319 2371 384 2401 und
407 2371 480 2408 auch
503 2371 537 2402 in
569 2372 626 2403 den
647 2371 765 2409 Hütten
799 2370 861 2409 sind
894 2371 985 2402 kaum

137 2405 267 2442 größere
286 2407 422 2447 Mengen
444 2410 583 2447 Eßbares
603 2410 816 2448 vorzufinden.
846 2410 906 2442 Die
926 2409 984 2440 Ge¬

137 2442 300 2481 flüchteten
323 2449 438 2485 kehren,
460 2448 602 2487 nachdem
624 2452 658 2480 es
680 2449 732 2486 sich
754 2448 984 2487 herausgestellt

137 2482 204 2518 hat,
229 2484 292 2523 daß
318 2486 422 2525 bisher
456 2487 513 2525 fast
548 2488 628 2520 keine
662 2487 983 2526 Terrorhandlungen

137 2529 231 2559 gegen
255 2524 303 2555 die
323 2525 613 2565 Zivilbevölkerung
643 2528 876 2566 vorgekommen
909 2525 983 2562 sind,

136 2562 316 2601 allmählich
335 2564 447 2597 wieder
466 2565 499 2597 in
518 2565 584 2603 ihre
602 2565 775 2603 Wohnorte
794 2564 903 2603 zurück,
924 2563 983 2601 fin¬

136 2598 194 2631 den
218 2600 291 2633 dort
325 2602 424 2641 jedoch
457 2604 505 2635 die
526 2603 889 2642 Lebensmittelgeschäfte
924 2603 983 2634 leer

136 2638 211 2669 oder
224 2639 365 2677 halbleer
379 2648 445 2673 vor.
470 2643 570 2674 Dabei
584 2642 620 2680 ist
635 2642 684 2674 die
698 2643 841 2674 normale
853 2641 983 2675 Lebens-

136 2676 352 2718 mittelzufuhr
385 2681 480 2720 völlig
511 2680 860 2719 zusammengebrochen.
892 2680 983 2717 Dazu

137 2716 261 2751 kommt,
275 2718 337 2756 daß
351 2719 399 2751 die
412 2719 843 2757 Kartoffelvorräte
867 2718 984 2757 infolge

135 2753 191 2784 des
228 2758 463 2794 ungewöhnlich
500 2758 639 2794 strengen
664 2757 808 2787 Winters
844 2757 985 2793 erfroren

136 2791 212 2822 oder
233 2794 371 2828 verfault
393 2793 467 2831 sind.
498 2792 613 2831 Ferner
634 2793 727 2831 sollen
749 2794 797 2825 die
828 2793 986 2825 Ernte-

136 2825 391 2869 aussichten
416 2833 467 2870 für
483 2833 539 2864 den
555 2841 654 2865 neuen
669 2833 774 2870 Herbst
790 2832 854 2871 sehr
870 2831 985 2869 schlecht

136 2867 212 2904 sein.
247 2869 305 2902 Die
327 2872 458 2903 Bauern
483 2872 632 2909 erzählen,
667 2871 728 2909 daß
764 2871 800 2908 sie
823 2863 880 2908 auf
903 2870 984 2902 keine

138 2911 375 2941 nennenswerte
412 2911 641 2942 Getreideernte
678 2909 803 2948 rechnen
843 2911 985 2942 könnten,

136 2951 229 2978 wenn
249 2948 285 2986 sie
304 2948 382 2985 nicht
400 2949 449 2981 bis
467 2958 535 2987 zum
554 2951 599 2980 15.
616 2949 690 2980 Mai
707 2957 762 2986 zur
778 2948 919 2986 Aussaat
937 2957 983 2986 ge¬

138 2984 240 3024 lange.
269 2987 328 3019 Bei
348 2988 400 3019 der
420 2988 621 3025 Schneedecke,
640 2987 688 3019 die
708 2987 824 3025 infolge
844 2987 896 3018 des
918 2991 982 3017 ver¬

136 3023 275 3060 späteten
301 3026 476 3065 Frühlings
501 3027 572 3063 noch
598 3027 681 3065 liegt,
717 3025 753 3063 ist
789 3025 889 3057 damit
925 3025 982 3062 fast

137 3062 289 3101 nirgends
313 3074 348 3102 zu
371 3066 504 3103 rechnen.
537 3066 633 3097 Unter
666 3066 718 3096 der
750 3063 982 3096 Lebensmittel¬

135 3102 303 3142 knappheit
323 3105 377 3141 hat
397 3105 475 3141 nicht
494 3114 555 3136 nur
573 3104 620 3135 die
638 3103 929 3141 Zivilbevölkerung
947 3110 982 3140 zu

136 3139 248 3175 leiden,
264 3143 393 3180 sondern
408 3144 481 3182 auch
496 3143 554 3180 das
578 3143 695 3180 Heer.

274 3208 372 3240 Neue
388 3209 557 3247 englische
573 3209 795 3246 Landungen
810 3226 850 3231 —

184 3250 390 3288 Schwacher
405 3251 633 3288 Widerstand
651 3252 713 3282 der
730 3252 928 3288 Norweger

194 3303 383 3342 Stockholm,
401 3307 448 3336 27.
468 3304 568 3342 April.
588 3303 739 3342 (bo-Tel.)
758 3304 816 3335 Die
835 3303 983 3335 Landun¬

132 3343 190 3378 gen
218 3343 452 3383 britischer
479 3344 628 3381 Truppen
644 3342 692 3373 bei
718 3343 982 3374 Åndalsnes

133 3381 200 3410 und
223 3382 273 3414 bei
306 3383 492 3421 Namsos
525 3383 656 3413 wurden
679 3381 786 3412 weiter
809 3380 983 3419 fortgesetzt,

133 3419 183 3450 bei
201 3420 386 3452 Andalsnes
404 3423 495 3452 unter
513 3421 628 3459 starken
644 3419 811 3465 Angriffen
828 3421 880 3450 der
897 3420 984 3449 deut¬

132 3457 216 3497 schen
235 3460 383 3493 Bomber.
402 3461 488 3500 Trotz
508 3460 601 3498 dieser
621 3457 851 3497 Schwierigkeit
870 3458 983 3496 gelang

133 3502 168 3529 es
189 3498 248 3529 den
270 3500 473 3537 Engländern
494 3499 576 3532 aber,
597 3497 721 3529 weitere
741 3497 849 3534 Kräfte
870 3496 903 3528 in
924 3495 982 3526 den

133 3536 292 3575 Abschnitt
321 3544 382 3568 von
420 3537 615 3570 Dombås
654 3545 688 3574 zn
719 3535 982 3573 transportieren,

134 3580 185 3606 wo
198 3576 250 3615 sich
263 3577 325 3614 jetzt
336 3577 383 3608 die
396 3577 523 3615 größten
535 3575 666 3612 Kämpfe
678 3574 843 3612 abspielen.
852 3575 902 3613 In
914 3574 981 3604 dem

132 3619 195 3645 von
213 3615 360 3648 Dombås
377 3615 595 3654 ausgehenden
621 3612 983 3645 Gudbrandsdal

133 3653 236 3689 haben
257 3654 305 3685 die
325 3655 505 3692 Engländer
523 3662 601 3685 neue
621 3652 754 3691 deutsche
772 3650 914 3690 Angriffe
933 3658 983 3688 zu¬

135 3692 385 3731 rückgeschlagen.
407 3695 451 3725 Es
475 3693 510 3731 ist
532 3692 599 3723 dies
623 3693 682 3722 das
705 3691 842 3729 breiteste
863 3685 926 3723 Tal
950 3689 982 3720 in

134 3730 230 3767 dieser
246 3733 382 3769 Gegend,
398 3732 430 3770 so
445 3731 506 3768 daß
522 3734 555 3762 es
572 3730 638 3768 hier
655 3729 774 3768 leichter
790 3729 919 3767 möglich
936 3727 981 3764 ist,

136 3770 267 3808 größere
280 3771 389 3807 Kräfte
404 3772 455 3801 als
469 3779 511 3801 an
525 3770 645 3800 andern
660 3769 781 3801 Stellen
797 3767 983 3805 einzusetzen.

134 3802 326 3847 Inzwischen
350 3809 449 3847 haben
474 3809 520 3839 die
544 3809 725 3845 Engländer
749 3807 875 3845 stärkere
897 3805 983 3842 Posi¬

135 3847 244 3878 tionen
256 3856 297 3879 an
310 3849 361 3879 der
372 3853 434 3879 von
445 3847 590 3880 Dombås
600 3845 674 3884 nach
694 3845 864 3878 Støren
875 3844 983 3883 gehen¬

137 3887 196 3917 den
223 3886 479 3925 Eisenbahnlinie
503 3886 651 3924 Hjerkinn
677 3886 742 3915 und
768 3884 911 3922 Ullsberg
936 3883 983 3912 be¬

135 3933 239 3963 zogen,
257 3933 313 3957 um
329 3925 377 3956 die
395 3926 465 3956 dort
482 3924 557 3956 über
574 3925 634 3955 das
661 3923 891 3955 Dovredal
920 3923 982 3952 aus

135 3965 207 3995 dem
227 3964 383 4003 Oestertal
404 3963 667 4002 heranrückenden
689 3962 806 3993 kleinen
828 3960 983 3998 deutschen

137 4003 465 4042 Panzerabteilungen
479 4010 513 4040 zu
528 4002 724 4040 empfangen.

1081 2795 1139 2828 Bei
1164 2795 1383 2834 Hjerkinn
1419 2795 1475 2834 soll
1498 2796 1551 2827 der
1575 2795 1689 2832 Kampf
1715 2795 1799 2833 schon
1822 2795 1871 2826 be¬

1022 2842 1146 2878 gonnen
1169 2835 1281 2872 haben,
1303 2835 1455 2871 während
1477 2834 1532 2870 auf
1555 2835 1621 2865 dem
1643 2835 1716 2869 nach
1740 2834 1870 2871 Ulsberg

1022 2873 1194 2910 führenden
1231 2874 1324 2911 Wege
1362 2873 1415 2911 sich
1455 2872 1651 2910 anscheinend
1700 2873 1783 2909 schon
1823 2873 1869 2902 bei

1020 2911 1185 2942 Kvikne
1217 2911 1376 2950 feindliche
1397 2912 1506 2948 Kräfte
1529 2913 1586 2941 den
1609 2911 1869 2946 heranrückenden

1020 2949 1185 2988 Deutschen
1222 2950 1486 2988 entgegengestellt
1521 2949 1629 2986 haben.
1673 2949 1736 2984 Auf
1771 2949 1869 2985 diesen

1020 2996 1083 3019 nur
1117 2988 1237 3027 wenige
1273 2989 1377 3020 Meter
1414 2988 1532 3020 breiten
1568 2988 1632 3018 und
1667 2979 1868 3024 verschneiten

1020 3026 1145 3064 Wegen,
1169 3027 1218 3057 die
1242 3035 1285 3057 an
1309 3027 1403 3063 tiefen
1426 3027 1617 3064 Abgründen
1641 3028 1707 3056 und
1728 3025 1793 3061 steil
1816 3027 1869 3056 ab¬

1019 3065 1174 3101 fallenden
1197 3065 1410 3102 Felswänden
1434 3066 1563 3102 entlang
1584 3065 1705 3102 führen,
1727 3065 1813 3095 wäre
1836 3066 1869 3095 es

1020 3104 1076 3134 den
1099 3104 1357 3148 berggewohnten
1381 3104 1571 3141 Norwegern
1596 3103 1673 3140 nicht
1693 3103 1800 3139 schwer
1822 3110 1868 3140 ge¬

1020 3142 1124 3177 fallen,
1152 3142 1200 3173 die
1227 3142 1382 3180 deutschen
1410 3141 1734 3180 Panzerabteilungen
1763 3141 1869 3179 aufzu¬

1019 3181 1136 3215 halten,
1175 3187 1267 3212 wenn
1309 3182 1387 3219 nicht
1429 3180 1571 3219 offenbar
1612 3181 1684 3216 auch
1725 3179 1791 3217 hier
1822 3180 1869 3210 die

1019 3220 1171 3250 Moral
1217 3220 1270 3250 der
1304 3220 1543 3257 Norweger
1587 3218 1701 3256 schlecht
1737 3218 1869 3256 gewesen

1019 3260 1113 3288 wäre.
1161 3257 1315 3296 Hierüber
1343 3259 1415 3293 hört
1439 3266 1516 3289 man
1545 3257 1655 3288 immer
1682 3257 1795 3288 wieder
1822 3257 1869 3287 die

1019 3296 1288 3334 erschütterndsten
1333 3295 1494 3331 Beispiele.
1539 3295 1588 3327 So
1631 3297 1753 3326 werden
1786 3296 1868 3326 Aus¬

1019 3334 1139 3372 sprüche
1159 3334 1379 3372 norwegischer
1396 3334 1555 3366 Soldaten
1574 3333 1722 3369 berichtet,
1741 3333 1789 3364 die
1806 3333 1869 3364 ein¬

1020 3366 1083 3411 fach
1101 3373 1215 3404 erklärt
1233 3374 1335 3411 haben
1351 3373 1457 3410 sollen,
1474 3372 1535 3408 daß
1553 3372 1590 3409 sie
1607 3371 1685 3408 nicht
1703 3371 1754 3407 ihr
1771 3372 1868 3403 Leben

1021 3411 1054 3442 in
1081 3411 1182 3442 einem
1210 3411 1306 3449 Krieg
1335 3411 1474 3449 zwischen
1503 3410 1667 3447 Deutschen
1694 3412 1760 3440 und
1789 3410 1869 3447 Eng¬

1020 3451 1153 3480 ländern
1170 3450 1280 3487 opfern
1297 3451 1420 3481 wollen.
1437 3449 1568 3486 Manche
1584 3455 1646 3479 von
1665 3449 1758 3484 ihnen
1776 3448 1868 3484 sollen

1020 3487 1136 3525 einfach
1159 3488 1352 3525 ausgerissen
1375 3488 1448 3524 sein,
1469 3488 1521 3518 als
1543 3487 1580 3522 sie
1600 3487 1719 3523 hörten,
1740 3487 1801 3524 daß
1822 3487 1869 3517 die

1019 3526 1186 3565 Deutschen
1206 3526 1252 3557 im
1271 3526 1428 3558 Anrücken
1448 3525 1596 3564 begriffen
1616 3525 1704 3561 seien.

1081 3572 1391 3611 Selbstverständlich
1440 3572 1551 3610 dürfen
1597 3571 1687 3611 solche
1722 3572 1872 3610 Beispiele

1023 3611 1102 3650 nicht
1134 3612 1406 3649 verallgemeinert
1436 3613 1558 3643 werden
1591 3612 1655 3642 und
1686 3611 1872 3649 namentlich

1023 3650 1066 3681 im
1088 3650 1244 3689 Abschnitt
1265 3657 1328 3682 von
1356 3649 1637 3688 Trondheim,
1659 3655 1708 3680 wo
1730 3650 1779 3681 die
1799 3650 1871 3681 Mo¬

1022 3688 1205 3727 bilisierung
1231 3689 1450 3728 durchgeführt
1476 3689 1597 3720 werden
1626 3689 1744 3721 konnte,
1773 3689 1871 3726 liegen

1021 3728 1068 3758 die
1091 3728 1302 3767 Verhältnisse
1324 3737 1405 3768 ganz
1423 3728 1549 3759 anders.
1592 3727 1672 3765 Auch
1692 3727 1736 3758 im
1759 3727 1870 3759 Süden

1022 3765 1157 3804 schlagen
1194 3767 1246 3806 sich
1282 3767 1330 3798 die
1366 3767 1534 3805 Norweger
1569 3774 1611 3796 an
1648 3765 1871 3804 verschiedenen

1022 3804 1143 3836 Stellen
1165 3806 1230 3844 sehr
1253 3806 1365 3844 tapfer.
1386 3806 1542 3843 Trotzdem
1564 3804 1626 3842 sind
1648 3804 1695 3835 die
1712 3804 1871 3842 defaitisti¬

1021 3842 1102 3881 schen
1121 3844 1369 3883 Anschauungen
1390 3844 1472 3875 keine
1492 3843 1801 3881 Einzelerscheinung.
1823 3844 1871 3880 Zu

1022 3883 1115 3920 ihnen
1152 3884 1292 3914 kommen
1331 3883 1531 3921 erschwerend
1567 3882 1614 3912 die
1650 3884 1872 3920 ungenügende

1021 3921 1227 3959 Ausbildung
1253 3923 1320 3953 und
1342 3921 1546 3959 Ausrüstung
1572 3922 1623 3951 der
1650 3921 1870 3959 norwegischen

1021 3959 1173 3998 Truppen
1198 3962 1266 3991 und
1290 3962 1343 3992 der
1370 3960 1514 3998 teilweise
1537 3960 1753 3997 unglaubliche
1774 3960 1870 3991 Man¬

1022 3999 1069 4036 gel
1089 4007 1132 4029 an
1165 3999 1343 4038 geeigneten
1366 3998 1534 4037 Offizieren
1568 3999 1668 4036 hinzu.
1712 3999 1794 4036 Auch
1825 3998 1872 4029 die

1908 1037 2039 1077 deutsche
2060 1038 2243 1078 Flugwaffe,
2276 1039 2327 1069 der
2358 1037 2407 1068 die
2436 1037 2604 1076 Norweger
2634 1036 2749 1073 infolge

1908 1077 1961 1108 des
1981 1078 2111 1116 beinahe
2130 1077 2262 1115 völligen
2283 1076 2416 1114 Fehlens
2437 1076 2557 1114 eigener
2577 1075 2749 1114 Flugzeuge

1907 1118 1971 1146 und
2002 1116 2233 1154 ausreichender
2269 1115 2515 1153 Fliegerabwehr
2549 1114 2749 1152 ausgelöscht

1908 1156 2039 1189 werden,
2058 1155 2114 1186 übt
2136 1154 2199 1185 eine
2219 1159 2310 1192 große
2332 1153 2482 1191 Wirkung
2501 1155 2573 1184 aus.

1962 1201 2021 1239 Im
2033 1201 2187 1239 Südosten
2197 1201 2277 1231 wird
2289 1201 2350 1239 jetzt
2359 1206 2421 1231 von
2433 1199 2648 1237 norwegischer
2661 1196 2747 1231 Seite

1907 1239 1954 1271 die
1965 1242 2148 1278 Eroberung
2158 1246 2219 1270 von
2239 1239 2329 1276 Boß
2351 1239 2384 1270 in
2395 1240 2446 1269 der
2456 1238 2543 1274 Nähe
2554 1244 2615 1267 von
2627 1238 2747 1274 Bergen

1909 1279 1998 1318 durch
2021 1279 2068 1310 die
2093 1278 2256 1317 Deutschen
2279 1277 2454 1315 zugegeben.
2477 1278 2535 1315 Im
2558 1276 2665 1312 Bezirk
2686 1282 2747 1306 von

1907 1316 1988 1348 Oslo
2009 1319 2131 1349 werden
2152 1317 2198 1347 die
2228 1317 2499 1353 Landungen
2530 1314 2748 1351 deutscher

1909 1356 2117 1393 Truppen
2153 1354 2273 1393 ständig
2299 1354 2469 1398 fortgesetzt,
2506 1354 2561 1383 den
2588 1352 2748 1391 Berichten

1908 1394 2106 1434 schwedischer
2128 1394 2241 1432 Fischer
2264 1393 2382 1430 zufolge
2401 1386 2440 1430 sei
2462 1394 2496 1423 es
2516 1393 2679 1430 gelungen,
2701 1390 2748 1421 die

1909 1438 1971 1464 von
1998 1434 2054 1464 den
2081 1433 2281 1471 Engländern
2317 1431 2518 1469 ausgelegten
2554 1430 2669 1462 Minen
2705 1428 2748 1460 im

1908 1472 2124 1510 Kattegat
2153 1479 2187 1509 zu
2208 1469 2380 1508 beseitigen.
2399 1470 2471 1514 Daß
2493 1469 2558 1499 dies
2579 1470 2649 1506 doch
2671 1467 2748 1504 nicht

1908 1510 2094 1548 vollständig
2113 1511 2163 1541 der
2183 1510 2252 1547 Fall
2271 1508 2315 1546 ist,
2335 1508 2433 1544 ergibt
2453 1508 2505 1545 sich
2523 1510 2586 1538 aus
2605 1508 2672 1537 dem
2692 1506 2748 1542 erst

1922 1549 2023 1586 gestern
2038 1549 2152 1580 wieder
2166 1548 2350 1586 gemeldeten
2365 1547 2547 1585 Untergang
2561 1545 2647 1576 eines
2664 1547 2749 1576 deut-

1923 1589 1988 1627 chen
2004 1586 2310 1625 Transportschiffes.

1966 1634 2024 1672 Im
2054 1633 2260 1671 besetzten
2290 1631 2447 1663 Gebiet
2476 1631 2575 1669 haben
2596 1629 2644 1661 die
2665 1629 2748 1661 deut¬

1910 1672 1988 1711 schen
2002 1674 2150 1711 Truppen
2163 1671 2209 1702 die
2221 1670 2516 1708 Benzinverteilung
2528 1670 2621 1700 unter
2634 1670 2749 1707 strenge

1908 1712 2069 1743 Kontrolle
2088 1718 2278 1749 genommen,
2297 1708 2458 1747 zahlreiche
2477 1707 2667 1744 Tankstellen
2686 1707 2749 1744 sind

1908 1754 1969 1780 von
1986 1751 2039 1781 der
2054 1751 2163 1781 Armee
2181 1749 2403 1779 übernommen
2419 1748 2556 1778 worden.
2572 1747 2641 1778 Den
2659 1745 2748 1785 größ¬

1909 1790 1957 1819 ten
1970 1789 2037 1821 Teil
2049 1790 2102 1819 der
2112 1788 2248 1820 Vorräte
2259 1786 2356 1824 haben
2368 1786 2416 1817 die
2427 1785 2592 1822 Deutschen
2603 1784 2749 1821 beschlag-

1911 1828 2030 1864 nahmt,
2042 1835 2097 1858 um
2109 1827 2146 1864 sie
2157 1826 2206 1862 für
2219 1825 2553 1869 Truppentransporte
2565 1832 2600 1861 zu
2613 1830 2749 1854 verwen¬

1909 1866 1975 1896 den.
1994 1867 2058 1898 Der
2076 1865 2252 1902 Verbrauch
2271 1863 2321 1900 für
2340 1863 2388 1894 die
2406 1862 2697 1899 Zivilbevölkerung
2716 1861 2749 1891 ist

1910 1905 1964 1941 auf
1978 1906 2037 1936 das
2052 1903 2189 1941 äußerste
2204 1902 2423 1940 eingeschränkt
2437 1902 2503 1933 und
2518 1909 2579 1931 nur
2594 1901 2645 1938 für
2661 1900 2748 1931 land-

1909 1942 2146 1981 wirtschaftliche
2157 1941 2327 1973 Traktoren
2339 1940 2460 1971 werden
2473 1939 2601 1977 größere
2613 1941 2749 1976 Mengen

1909 1989 1962 2019 zur
1980 1982 2165 2021 Verfügung
2184 1980 2305 2017 gestellt.
2322 1979 2424 2017 Durch
2443 1978 2491 2010 die
2511 1978 2620 2015 scharfe
2639 1977 2749 2010 Ratio¬

1909 2020 2044 2059 nierung
2061 2020 2172 2051 wollen
2192 2019 2239 2050 die
2259 2018 2422 2055 Deutschen
2443 2017 2589 2054 vielleicht
2608 2016 2682 2052 auch
2702 2015 2749 2046 die

1909 2059 2088 2097 Bewegung
2113 2059 2165 2088 der
2189 2058 2356 2095 Norweger
2384 2056 2484 2090 hinter
2511 2057 2567 2085 den
2595 2054 2748 2090 deutschen

1907 2097 2015 2128 Linien
2037 2097 2096 2128 wie
2117 2096 2163 2127 die
2184 2095 2290 2135 Flucht
2310 2098 2373 2126 aus
2394 2096 2460 2125 dem
2482 2094 2619 2133 besetzten
2640 2092 2748 2126 Gebiet

1910 2136 2107 2175 verhindern.

2030 2212 2128 2242 Neue
2146 2208 2397 2245 Minenfelder
2416 2207 2469 2239 bei
2490 2206 2628 2239 Narvik

1967 2273 2106 2308 London,
2127 2275 2173 2303 28.
2192 2271 2294 2309 April.
2315 2270 2497 2308 (Exchange)
2518 2269 2649 2307 Amtlich
2670 2268 2750 2300 wird

1910 2311 2083 2350 mitgeteilt,
2107 2312 2167 2348 daß
2190 2319 2242 2341 am
2275 2309 2509 2347 Westfjord
2543 2309 2691 2347 (Zugang
2715 2314 2750 2344 zu

1909 2351 2038 2388 Narvik)
2052 2352 2125 2390 nach
2138 2350 2262 2381 Norden
2275 2350 2338 2379 und
2352 2355 2434 2386 zwar
2447 2349 2542 2386 längs
2556 2347 2640 2378 einer
2653 2346 2749 2379 Linie,

1908 2390 1956 2421 die
1977 2395 2039 2420 von
2062 2391 2130 2420 dem
2150 2387 2342 2426 Leuchtturm
2364 2388 2417 2418 der
2448 2384 2750 2423 Faeröy-Insel

1911 2430 1961 2464 (67
1974 2430 1989 2444 °
2002 2432 2040 2459 39
2053 2429 2070 2442 ″
2083 2428 2170 2460 Nord
2182 2428 2246 2457 und
2262 2429 2297 2457 12
2309 2428 2323 2442 °
2337 2428 2376 2456 45
2389 2426 2405 2440 ″
2418 2425 2485 2464 Ost)
2501 2426 2573 2464 nach
2589 2425 2656 2455 dem
2672 2423 2749 2462 Fest¬

1908 2468 1984 2498 land
2002 2468 2098 2505 führt,
2115 2465 2226 2499 Minen
2243 2466 2339 2504 gelegt
2357 2465 2489 2496 werden.
2507 2465 2550 2495 Es
2567 2464 2698 2494 wurden
2716 2470 2749 2493 in

1908 2507 1965 2537 den
1985 2507 2130 2539 Kanälen
2151 2503 2331 2541 nordöstlich
2351 2505 2415 2534 und
2435 2503 2546 2540 südlich
2567 2503 2621 2533 der
2640 2500 2749 2534 Stein¬

1910 2545 2089 2584 vaer-Insel
2105 2546 2154 2581 (69
2167 2545 2181 2559 °
2198 2546 2233 2575 10
2247 2544 2264 2557 ″
2278 2543 2375 2578 Nord,
2392 2543 2427 2573 16
2439 2543 2453 2558 °
2469 2541 2507 2572 35
2519 2541 2537 2556 ″
2551 2540 2621 2580 Ost)
2635 2540 2748 2573 Minen

1909 2585 2015 2624 gelegt.

2021 2650 2089 2682 Die
2103 2648 2349 2685 Beurteilung
2362 2647 2402 2678 in
2416 2645 2633 2683 Frankreich

1965 2714 2076 2750 Paris,
2095 2714 2142 2743 28.
2158 2711 2260 2749 April.
2277 2710 2357 2748 (Tel.
2375 2710 2501 2747 unseres
2521 2707 2672 2745 Korr.)
2690 2706 2748 2739 Die

1895 2743 2104 2787 militärische
2123 2750 2328 2787 Entwicklung
2351 2750 2386 2780 in
2403 2749 2586 2786 Norwegen,
2605 2747 2654 2778 die
2674 2746 2750 2784 nicht

1908 2792 1986 2828 ohne
2010 2790 2108 2822 lokale
2132 2789 2317 2826 Rückschläge
2343 2788 2395 2826 für
2417 2787 2465 2818 die
2489 2787 2750 2824 Landungstrup¬

1906 2834 1963 2867 pen
1981 2830 2033 2860 der
2049 2828 2243 2867 Westmächte
2261 2828 2349 2860 blieb,
2367 2827 2433 2864 läßt
2450 2826 2538 2864 heute
2555 2824 2750 2862 militärische

1907 2868 2121 2907 Schriftsteller
2142 2867 2239 2905 sagen,
2260 2866 2319 2903 daß
2339 2864 2686 2898 Skandinavien
2708 2862 2749 2894 im

1905 2907 2042 2946 Begriffe
2061 2908 2110 2946 sei,
2131 2908 2181 2938 der
2198 2904 2749 2944 Hauptkriegsschauplatz

1906 2955 1941 2984 zu
1959 2949 2090 2978 werden.
2109 2946 2184 2977 Eine
2202 2945 2366 2983 ungemein
2387 2944 2521 2982 wichtige
2540 2945 2603 2974 und
2624 2943 2674 2980 für
2693 2944 2748 2973 den

1906 2987 2059 3024 Ausgang
2095 2986 2149 3016 des
2174 2984 2302 3022 Krieges
2338 2983 2617 3021 mitentscheidende
2644 2981 2749 3017 Kraft¬

1906 3026 1999 3062 probe
2020 3024 2156 3062 zwischen
2179 3023 2383 3062 Deutschland
2404 3025 2468 3053 und
2491 3024 2547 3053 den
2570 3021 2749 3059 Westmäch-

1907 3066 1955 3095 ten
1975 3064 2065 3101 spiele
2084 3064 2135 3102 sich
2153 3062 2218 3099 hier
2236 3064 2285 3096 ab,
2304 3062 2349 3093 bei
2381 3063 2431 3093 der
2460 3061 2535 3097 diese
2565 3061 2656 3098 durch
2684 3060 2749 3099 ihre

1904 3103 2133 3141 Beherrschung
2158 3104 2210 3133 des
2235 3103 2357 3132 Meeres
2384 3100 2613 3139 logischerweise
2638 3100 2749 3130 trium¬

1905 3142 2030 3179 phieren
2061 3141 2196 3178 müßten.
2235 3141 2315 3177 Nach
2346 3140 2429 3170 einer
2459 3139 2748 3177 vorübergehenden

1904 3181 2135 3219 Enttäuschung
2151 3182 2202 3211 der
2223 3179 2413 3217 öffentlichen
2432 3179 2589 3216 Meinung
2609 3179 2684 3210 über
2703 3177 2749 3208 die

1910 3222 2102 3252 unerwartet
2121 3221 2233 3257 starken
2252 3219 2420 3251 Material-
2439 3219 2503 3249 und
2520 3217 2750 3255 Mannschafts¬

1905 3260 2045 3296 bestände
2065 3262 2116 3290 der
2134 3259 2311 3295 gelandeten
2331 3257 2483 3294 deutschen
2502 3257 2667 3287 Kolonnen
2685 3256 2749 3287 und

1905 3298 1993 3335 ihren
2010 3297 2191 3335 Vormarsch
2208 3303 2270 3328 von
2288 3296 2369 3328 Oslo
2387 3298 2450 3327 und
2467 3295 2660 3333 Trondheim
2678 3297 2748 3327 aus,

1906 3337 1976 3375 sieht
2008 3346 2084 3368 man
2106 3337 2161 3367 den
2183 3336 2432 3373 bevorstehenden
2455 3334 2608 3372 Kämpfen
2643 3335 2675 3365 in
2698 3334 2749 3364 der

1904 3376 2079 3414 Gewißheit
2113 3375 2226 3412 rascher
2256 3374 2438 3412 Nachschübe
2470 3375 2522 3404 der
2553 3372 2750 3412 Westmächte

1905 3415 1963 3447 mit
1983 3415 2096 3453 großer
2114 3413 2362 3451 Zuversicht
2384 3415 2539 3451 entgegen.
2560 3412 2621 3445 Die
2641 3413 2749 3444 Ueber¬

1906 3454 2055 3493 legenheit
2070 3456 2123 3485 der
2140 3453 2362 3490 motorisierten
2379 3454 2442 3483 und
2458 3452 2660 3490 gepanzerten
2676 3452 2749 3483 Ein¬

1905 3493 2005 3528 heiten
2027 3494 2079 3524 der
2100 3492 2273 3530 Deutschen,
2295 3491 2340 3523 die
2361 3491 2525 3529 ungemein
2549 3491 2646 3522 aktive
2667 3491 2749 3522 Aus¬

1906 3533 2037 3571 nützung
2056 3534 2109 3563 der
2127 3530 2301 3569 Flugwaffe
2319 3531 2384 3562 und
2402 3531 2454 3562 der
2472 3530 2561 3567 Besitz
2583 3528 2749 3568 strategisch

1904 3571 2058 3609 wichtiger
2081 3570 2260 3608 Positionen
2281 3571 2401 3601 werden
2424 3569 2498 3607 nach
2519 3570 2571 3600 der
2592 3568 2749 3606 Meinung

1903 3610 1958 3641 der
1978 3609 2175 3648 zuständigen
2195 3608 2298 3646 Kreise
2319 3609 2352 3640 in
2375 3607 2553 3646 Frankreich
2577 3608 2610 3639 in
2633 3608 2748 3645 kurzem

1905 3649 2119 3687 ausgeglichen
2139 3648 2208 3685 sein.
2228 3647 2287 3679 Die
2304 3648 2506 3685 Versorgung
2523 3648 2576 3679 der
2595 3647 2747 3684 deutschen

1908 3688 2058 3726 Truppen
2079 3688 2134 3724 auf
2152 3688 2219 3718 dem
2237 3687 2374 3725 Luftweg
2393 3688 2488 3718 könne
2507 3686 2562 3723 auf
2582 3686 2630 3718 die
2648 3687 2749 3724 Länge

1905 3727 1983 3764 nicht
2007 3730 2059 3758 als
2085 3726 2150 3758 eine
2174 3727 2314 3757 normale
2338 3726 2458 3762 Lösung
2485 3725 2649 3763 betrachtet
2673 3730 2748 3755 wer¬

1906 3767 1973 3800 den:
1993 3766 2049 3797 mit
2069 3767 2135 3797 dem
2152 3764 2275 3802 Verlust
2293 3766 2345 3795 der
2362 3763 2590 3802 Beherrschung
2609 3765 2661 3795 der
2678 3763 2749 3798 Luft

1905 3805 1994 3841 durch
2033 3804 2080 3835 die
2118 3804 2281 3841 Zunahme
2317 3804 2371 3834 der
2409 3803 2563 3834 alliierten
2602 3803 2748 3839 Abwehr¬

1904 3844 2043 3881 geschütze
2067 3845 2132 3874 und
2154 3842 2453 3880 Kampfgeschwader
2477 3843 2576 3873 werde
2602 3841 2676 3880 auch
2702 3841 2748 3872 die

1903 3881 2220 3920 Aktionsmöglichkeit
2258 3882 2310 3911 der
2351 3880 2555 3919 gegnerischen
2596 3880 2747 3918 Offensiv¬

1903 3921 1996 3958 waffe
2026 3920 2254 3960 eingeschränkt.
2294 3920 2352 3952 Die
2391 3919 2528 3956 Ankunft
2567 3921 2621 3951 der
2651 3919 2747 3951 Ober¬

1904 3960 2025 3997 leitung
2042 3962 2097 3991 der
2114 3960 2268 3997 deutschen
2287 3958 2463 3996 Flugwaffe
2493 3958 2526 3989 in
2546 3958 2629 3990 Oslo
2660 3959 2747 3989 deute

1905 3999 1960 4037 auf
1993 4000 2041 4030 die
2075 3999 2291 4036 Anspannung
2323 3998 2376 4028 der
2418 3998 2586 4029 modernen
2620 3997 2748 4036 Kampf¬

2786 1037 2946 1075 methoden
2967 1036 3032 1074 hin;
3053 1037 3105 1067 der
3126 1035 3234 1074 Erfolg
3254 1036 3306 1066 der
3325 1034 3508 1072 Expedition
3529 1035 3629 1072 hänge

2783 1083 2843 1107 von
2864 1078 2915 1107 der
2934 1077 2990 1106 Art
3010 1077 3075 1106 und
3094 1075 3190 1111 Weise
3209 1076 3260 1106 der
3279 1073 3411 1111 Abwehr
3432 1074 3483 1104 der
3502 1073 3625 1104 Alliier¬

2786 1118 2835 1146 ten
2855 1116 2903 1145 ab.
2924 1116 2967 1146 Es
2987 1115 3100 1151 handle
3120 1114 3170 1150 sich
3200 1122 3253 1144 um
3284 1113 3372 1144 einen
3392 1112 3626 1148 Wettlauf:

2784 1154 2954 1192 Norwegen
2972 1154 3066 1184 könne
3083 1161 3150 1190 zum
3166 1152 3322 1190 Prüfstein
3340 1153 3391 1182 der
3408 1150 3627 1190 gegenseitigen

2786 1192 2981 1232 Fähigkeiten
3003 1193 3066 1222 und
3085 1192 3251 1230 Methoden
3269 1192 3401 1222 werden.

2934 1266 3199 1303 Norwegischer
3219 1263 3487 1302 Heeresbericht

2828 1329 2966 1362 London,
2978 1332 3024 1361 29.
3037 1330 3138 1367 April,
3151 1341 3184 1365 ag
3198 1328 3337 1365 (Reuter)
3350 1329 3421 1360 Das
3433 1328 3628 1368 norwegische

2788 1369 3018 1406 Communiqué
3036 1370 3146 1400 lautet:

2841 1420 2893 1453 Im
2921 1421 3107 1448 Numedal
3136 1421 3192 1447 und
3212 1419 3250 1447 im
3278 1417 3519 1453 Hallingdal
3547 1425 3628 1452 zogen

2790 1454 2836 1486 sich
2855 1455 2898 1482 die
2920 1454 3113 1488 norwegischen
3135 1454 3266 1487 Truppen
3289 1453 3428 1486 kämpfend
3447 1453 3549 1486 zurück.
3576 1453 3628 1486 Im

2789 1489 2934 1522 westlichen
2956 1489 3015 1517 Teil
3037 1495 3090 1516 von
3112 1489 3305 1522 Ostnorwegen
3327 1489 3431 1515 dauern
3452 1487 3494 1514 die
3514 1488 3629 1518 Kämpfe

2788 1524 2851 1557 fort.
2895 1524 2947 1552 Die
2981 1524 3114 1555 deutschen
3151 1523 3282 1556 Truppen
3316 1524 3422 1555 machen
3458 1524 3520 1549 dort
3555 1521 3626 1549 keine

2789 1560 3015 1586 nennenswerten
3041 1558 3223 1593 Fortschritte.
3256 1557 3310 1586 Die
3334 1556 3470 1591 deutschen
3494 1556 3627 1589 Truppen

2788 1593 2907 1627 besetzten
2933 1593 3020 1626 Boß.

2840 1635 2892 1664 Die
2924 1635 3119 1669 deutschen
3152 1635 3375 1669 Flugzeuge
3406 1633 3627 1661 bombardierten

2789 1670 2830 1698 die
2865 1670 3058 1704 norwegischen
3083 1668 3378 1704 Verbindungslinien.
3410 1668 3464 1696 Ein
3497 1668 3629 1701 deutsches

2790 1705 2928 1740 Flugzeug
2948 1707 3042 1733 wurde
3059 1704 3245 1739 abgeschossen,
3264 1703 3322 1732 drei
3342 1703 3458 1736 deutsche
3478 1703 3630 1737 Flugzeuge

2790 1740 2901 1771 mußten
2941 1740 3099 1770 notlanden,
3138 1740 3267 1771 während
3307 1738 3373 1766 über
3411 1738 3463 1765 das
3502 1737 3629 1769 Schicksal

2789 1775 2927 1805 mehrerer
2940 1775 3056 1802 anderer
3071 1774 3202 1808 deutscher
3217 1773 3368 1808 Flugzeuge
3384 1771 3454 1800 keine
3470 1771 3626 1806 bestätigten

2787 1809 2955 1843 Meldungen
2971 1808 3119 1843 vorliegen.

2975 1870 3163 1907 Deutscher
3184 1868 3434 1907 Frontbericht

2839 1925 2950 1957 Berlin,
2989 1927 3030 1954 28.
3053 1925 3145 1957 April.
3187 1936 3221 1959 ag
3261 1925 3312 1959 Im
3352 1922 3543 1959 Frontbericht
3583 1924 3629 1950 des

2790 1960 2994 1993 Deutschen
3033 1959 3457 1993 Nachrichtenbureaus
3498 1957 3570 1989 heißt
3599 1964 3629 1985 es

2786 2002 2812 2022 u.
2823 2003 2859 2022 a.:
2893 1995 2961 2028 „Im
2991 1995 3074 2023 Laufe
3105 1996 3151 2022 des
3183 1994 3314 2028 gestrigen
3346 1992 3437 2026 Tages
3469 1993 3554 2024 haben
3587 1992 3629 2019 die

2787 2030 2980 2061 deutschen
3022 2029 3207 2061 Truppen
3251 2028 3281 2056 in
3324 2027 3546 2060 Norwegen,
3588 2026 3630 2054 die

2787 2064 2941 2098 inzwischen
2977 2064 3088 2095 laufend
3122 2063 3340 2096 Verstärkungen
3374 2062 3498 2093 erhalten
3533 2061 3629 2092 haben,

2786 2099 2895 2127 weitere
2918 2098 3029 2132 Erfolge
3050 2098 3153 2131 erzielt.
3176 2097 3266 2129 Durch
3289 2099 3339 2124 das
3362 2095 3629 2130 Zusammenwirken

2786 2135 2855 2161 aller
2880 2132 3132 2165 Wehrmachtsteile
3166 2138 3226 2160 war
3261 2132 3303 2159 die
3328 2130 3463 2163 Führung
3488 2131 3553 2158 über
3588 2130 3630 2158 die

2786 2167 2937 2201 Feindlage
2961 2168 3063 2200 bestens
3089 2166 3273 2199 unterrichtet.
3305 2165 3396 2199 Durch
3420 2165 3551 2197 Störung
3583 2165 3630 2192 der

2788 2202 2983 2235 rückwärtigen
3015 2201 3197 2234 Verbindung
3229 2202 3276 2228 des
3307 2200 3432 2232 Gegners
3465 2201 3521 2226 und
3551 2199 3630 2231 durch

2787 2237 2915 2264 weiteren
2941 2236 3043 2268 Einsatz
3069 2235 3268 2269 motorisierter
3293 2235 3437 2263 Verbände
3463 2233 3557 2261 wurde
3583 2234 3630 2261 der

2788 2272 2897 2304 Gegner
2934 2271 3002 2302 stark
3036 2271 3156 2303 bedroht.
3193 2269 3348 2303 Zahlreiche
3383 2268 3539 2301 Gefangene
3575 2270 3631 2295 und

2786 2306 2935 2338 wachsende
2958 2305 3122 2336 Beutestücke
3146 2304 3333 2336 kennzeichnen
3356 2304 3406 2330 das
3432 2302 3537 2336 schnelle
3559 2302 3629 2329 Vor¬

2790 2341 2873 2373 gehen
2902 2342 2950 2367 der
2979 2338 3114 2373 deutschen
3144 2338 3331 2370 Streitkräfte.

2839 2387 2899 2415 Aus
2923 2389 2981 2414 dem
3006 2387 3098 2414 Raum
3120 2386 3174 2414 von
3198 2384 3344 2413 Narvik
3364 2384 3473 2411 werden
3496 2383 3567 2411 keine
3589 2383 3631 2411 be¬

2789 2421 2917 2452 sonderen
2936 2420 3152 2452 Vorkommnisse
3169 2421 3307 2454 gemeldet.
3325 2418 3394 2451 Nach
3412 2418 3488 2446 einer
3507 2417 3630 2451 gewissen

2788 2455 3019 2489 Fliegertätigkeit
3038 2461 3100 2483 war
3119 2454 3242 2488 lediglich
3261 2454 3303 2482 die
3323 2452 3494 2486 Fortsetzung
3514 2454 3560 2480 der
3579 2452 3630 2480 Be¬

2787 2491 2926 2525 schießung
2958 2496 3013 2518 von
3036 2489 3140 2518 Narvik
3170 2489 3251 2523 durch
3284 2487 3424 2523 feindliche
3445 2490 3564 2520 Kreuzer
3597 2493 3630 2520 zu

2786 2525 2966 2559 verzeichnen.

2839 2569 2899 2597 Den
2923 2567 2965 2596 bei
2998 2566 3236 2600 Trondheim
3269 2565 3463 2598 operierenden
3496 2564 3631 2596 deutschen

2787 2602 2919 2636 Truppen
2947 2603 3043 2631 wurde
3069 2602 3196 2630 weiterer
3224 2600 3371 2634 Nachschub
3398 2599 3551 2633 zugeführt.
3580 2599 3631 2627 Er¬

2785 2638 2889 2665 beutete
2916 2636 3092 2670 norwegische
3117 2635 3263 2665 Batterien
3289 2636 3404 2663 wurden
3431 2633 3630 2668 gefechtsbereit

2786 2672 2911 2705 gemacht.
2944 2671 2995 2705 Im
3027 2671 3120 2698 Raum
3150 2671 3204 2699 von
3246 2671 3476 2701 Stavanger
3516 2669 3630 2695 wurden

2787 2708 2870 2734 neben
2903 2707 2937 2732 26
2970 2705 3130 2738 Geschützen,
3155 2705 3205 2731 267
3229 2702 3539 2738 Maschinengewehren,
3562 2702 3631 2730 über

2790 2742 2823 2766 10
2823 2742 2883 2767 000
2901 2740 3052 2771 Gewehren
3071 2741 3128 2767 und
3147 2739 3270 2772 Pistolen
3289 2737 3341 2766 mit
3359 2738 3503 2770 mehreren
3520 2736 3630 2764 Millio¬

2790 2782 2841 2802 nen
2870 2774 2961 2807 Schuß
2986 2773 3134 2801 Munition
3161 2772 3307 2806 zahlreiche
3334 2771 3547 2803 Granatwerfer
3574 2772 3631 2799 und

2790 2809 2919 2842 sonstiges
2942 2807 3176 2842 Kriegsmaterial
3201 2806 3387 2841 sichergestellt.

2841 2857 2895 2885 Die
2923 2856 2976 2884 von
3007 2856 3105 2884 Oslo
3135 2858 3188 2883 aus
3220 2855 3249 2883 in
3280 2853 3432 2885 nördlicher
3463 2854 3519 2881 und
3550 2854 3631 2881 nord¬

2787 2891 2931 2924 westlicher
2957 2891 3091 2924 Richtung
3115 2889 3309 2923 vorstoßenden
3336 2888 3470 2922 deutschen
3498 2888 3630 2920 Truppen

2790 2928 2875 2956 haben
2896 2926 3025 2954 weiteren
3054 2924 3287 2958 Geländegewinn
3318 2930 3351 2957 zu
3371 2922 3550 2956 verzeichnen.
3580 2922 3632 2950 Die

2789 2960 2933 2993 Luftwaffe
2964 2961 3010 2993 hat
3040 2959 3136 2987 erneut
3167 2957 3350 2992 britische
3381 2956 3631 2988 Transport¬

2790 2995 2918 3029 schiffe
2944 2996 3000 3022 und
3027 2992 3310 3028 Kriegsschiffe
3327 2991 3453 3024 wirksam
3472 2991 3630 3025 getroffen."

2789 3055 3111 3092 Bombardierung
3127 3055 3189 3086 des
3206 3053 3435 3091 Flugplatzes
3449 3057 3519 3083 von
3537 3053 3632 3084 Oslo

2840 3115 3004 3148 Stockholm,
3021 3116 3063 3143 28.
3082 3114 3173 3147 April.
3193 3125 3228 3148 ag
3249 3113 3368 3145 (Havas)
3387 3111 3441 3141 Die
3460 3113 3528 3145 letzte
3547 3112 3629 3140 Bom¬

2787 3150 2958 3183 bardierung
2990 3152 3035 3177 des
3069 3148 3240 3183 Flugplatzes
3274 3147 3454 3182 Fornebu
3484 3153 3546 3175 war
3576 3151 3631 3174 von

2789 3184 2900 3218 größter
2922 3184 3071 3218 Heftigkeit.
3095 3184 3223 3216 Mehrere
3246 3182 3360 3215 deutsche
3384 3181 3537 3215 Flugzeuge
3557 3186 3632 3209 wur¬

2788 3221 2838 3247 den
2860 3219 2981 3252 zerstört.
3004 3219 3048 3247 Da
3070 3220 3117 3246 der
3139 3218 3279 3251 Flugplatz
3301 3216 3370 3249 nicht
3391 3215 3460 3249 groß
3483 3216 3522 3247 ist,
3544 3216 3630 3246 haben

2787 3255 2829 3282 die
2850 3254 3003 3287 Flugzeuge
3024 3253 3069 3284 für
3091 3252 3133 3281 die
3152 3252 3450 3284 Truppentransporte
3471 3250 3630 3282 Landungs¬

2790 3288 3010 3321 schwierigkeiten
3031 3289 3087 3315 und
3115 3287 3174 3315 eine
3192 3287 3298 3319 Anzahl
3319 3290 3373 3313 von
3401 3285 3483 3317 ihnen
3505 3285 3561 3315 sind
3590 3285 3631 3312 in¬

2789 3324 2860 3356 folge
2878 3323 3048 3355 Anprallens
3065 3330 3101 3350 an
3119 3322 3226 3350 Bäume
3244 3315 3390 3353 beschädigt
3408 3321 3528 3347 worden.
3546 3319 3631 3347 Städ¬

2789 3359 2865 3390 tische
2882 3357 3011 3386 Arbeiter
3030 3362 3085 3384 von
3105 3356 3179 3384 Oslo
3199 3355 3257 3387 sind
3277 3362 3329 3388 zur
3347 3353 3565 3388 Vergrößerung
3584 3355 3632 3382 der

2790 3393 3060 3425 Landungsanlagen
3084 3391 3246 3424 aufgeboten
3271 3390 3391 3417 worden.

3031 3460 3098 3497 Im
3115 3460 3276 3497 besetzten
3293 3457 3389 3490 Oslo

2842 3520 2965 3550 London,
2982 3520 3024 3547 27.
3044 3518 3136 3552 April.
3165 3529 3199 3553 ag
3219 3517 3347 3549 (Reuter)
3376 3515 3431 3545 Die
3448 3515 3555 3550 Polizei
3574 3521 3628 3544 von

2791 3558 2862 3586 Oslo
2881 3557 3042 3586 verbreitete
3058 3565 3103 3584 am
3124 3556 3326 3591 Freitagabend
3344 3554 3423 3588 durch
3441 3556 3491 3582 den
3509 3560 3562 3582 von
3578 3556 3628 3583 den

2788 3596 2995 3630 Deutschen
3039 3594 3245 3623 kontrollierten
3286 3594 3434 3623 Osloer
3476 3593 3629 3622 Sender

2789 3635 2848 3663 eine
2873 3636 3019 3668 Warnung
3042 3641 3088 3672 an
3102 3634 3145 3661 die
3167 3633 3366 3666 Bevölkerung,
3390 3631 3419 3659 in
3442 3632 3491 3659 der
3513 3635 3542 3659 es
3565 3639 3592 3660 u.
3602 3639 3627 3659 a.

2790 3674 2875 3708 heißt:

2844 3725 2917 3758 „Auf
2938 3726 3039 3754 Grund
3063 3725 3111 3752 der
3133 3723 3335 3755 bedauerlichen
3359 3722 3494 3754 Vorfälle,
3518 3722 3561 3750 die
3584 3722 3629 3757 sich

2792 3759 2821 3787 in
2855 3762 2902 3787 der
2933 3765 3122 3793 vergangenen
3155 3759 3238 3790 Nacht
3269 3758 3400 3789 während
3432 3757 3479 3791 des
3512 3757 3630 3791 Flug¬

2792 3794 2906 3822 raids
2940 3795 3006 3821 über
3032 3794 3102 3822 Oslo
3127 3795 3291 3827 zugetragen
3316 3793 3411 3825 haben,
3434 3791 3507 3819 wird
3527 3799 3564 3819 an
3588 3792 3631 3819 die

2791 3829 2980 3863 Bevölkerung
3007 3828 3050 3856 die
3076 3827 3162 3861 ernste
3195 3827 3396 3859 Warnung
3432 3826 3534 3856 erteilt,
3558 3826 3630 3853 keine

2791 3864 2970 3897 unbedachten
2991 3863 3176 3897 Handlungen
3198 3869 3230 3895 zu
3250 3861 3374 3895 begehen,
3396 3859 3439 3888 die
3460 3860 3560 3893 sowohl
3584 3861 3630 3893 für

2791 3898 2842 3925 das
2860 3898 3007 3931 Publikum
3025 3899 3070 3925 als
3088 3897 3152 3930 auch
3169 3897 3216 3927 für
3234 3896 3277 3923 die
3293 3896 3338 3929 für
3353 3894 3395 3922 die
3412 3894 3630 3929 Aufrechterhal¬

2791 3933 2859 3965 tung
2874 3934 2921 3960 der
2937 3932 3013 3965 Ruhe
3029 3933 3085 3959 und
3101 3933 3148 3959 der
3162 3931 3300 3964 Ordnung
3315 3929 3344 3957 in
3359 3929 3431 3957 Oslo
3444 3931 3628 3957 verantwort¬

2790 3966 2873 3999 lichen
2898 3966 3096 4001 norwegischen
3121 3966 3266 4000 Behörden
3290 3964 3334 3992 die
3358 3963 3502 3998 ernstesten
3523 3964 3628 4000 Folgen

2791 4001 2876 4033 haben
2896 4001 3037 4028 könnten."

131 4127 168 4154 12

390 4110 729 4177 Feuilleton

679 4190 815 4218 Nachdruck
830 4188 949 4214 verboten

364 4240 440 4276 Die
462 4241 548 4275 rote
569 4238 751 4281 Illusion

187 4297 338 4333 Erlebnisse
357 4298 433 4326 einer
448 4296 632 4332 Schweizerin
651 4295 682 4323 in
699 4292 930 4328 Sowjetrußland

385 4362 447 4392 Von
479 4362 577 4398 Rosa
606 4359 735 4390 Marti

383 4428 459 4458 Der
484 4426 732 4461 G.P.U.-Poet

183 4486 283 4522 Einige
305 4486 525 4515 Kommandeure
548 4483 718 4518 (Offiziere),
738 4482 803 4516 auch
824 4479 890 4516 zwei
913 4478 978 4506 oder

128 4524 190 4552 drei
211 4524 386 4560 Ingenieure
405 4526 462 4552 und
482 4524 578 4557 Aerzte
597 4527 693 4550 waren
714 4521 744 4548 in
764 4521 811 4547 der
831 4517 978 4553 Zwischen¬

127 4563 182 4598 zeit
208 4565 255 4591 als
279 4563 437 4598 Passagiere
462 4563 510 4590 der
534 4561 648 4596 zweiten
675 4559 764 4593 Klasse
791 4556 978 4592 eingestiegen,

130 4603 189 4630 und
223 4603 258 4630 da
290 4602 426 4635 sämtliche
459 4600 584 4628 Kabinen
619 4598 721 4627 bereits
753 4597 840 4630 besetzt
874 4601 979 4626 waren,

129 4641 227 4669 wurde
245 4641 292 4674 für
311 4640 379 4674 diese
398 4638 610 4674 Einheimischen
630 4639 677 4665 der
696 4636 789 4665 Salon
808 4636 853 4663 als
873 4632 979 4668 Schlaf¬

130 4678 189 4713 saal
211 4678 393 4714 eingerichtet.

184 4719 239 4746 Am
258 4716 362 4745 dritten
380 4717 441 4752 Tag
459 4717 506 4744 der
523 4714 693 4750 Wolgareise
711 4712 810 4747 machte
829 4712 866 4746 ich
882 4711 979 4746 Jvans

129 4755 349 4790 Bekanntschaft;
376 4756 409 4788 sie
436 4756 548 4783 dauerte
573 4754 677 4788 freilich
704 4753 783 4779 kaum
810 4753 908 4785 länger
933 4751 979 4777 als

129 4794 211 4823 einen
245 4795 315 4828 Tag.
358 4793 418 4822 Mit
453 4793 529 4821 einer
564 4783 736 4825 kanadischen
772 4787 978 4821 Kommunistin

131 4834 209 4867 stand
230 4832 268 4868 ich
288 4833 393 4861 abends
412 4837 483 4860 vorn
505 4839 551 4859 am
572 4829 818 4865 Schiffsgeländer.
839 4828 901 4856 Von
924 4826 978 4854 die¬

130 4871 185 4906 sem
208 4871 509 4905 Beobachtungsposten
533 4869 655 4904 schauten
678 4867 734 4895 wir
757 4867 821 4895 eben
845 4866 979 4899 hinunter

129 4910 180 4945 auf
201 4910 244 4937 die
265 4908 351 4937 vierte
373 4909 470 4943 Klasse,
492 4914 535 4936 wo
557 4907 618 4936 eine
638 4905 786 4939 armselige
804 4905 917 4934 Mutter
939 4903 979 4932 im

130 4948 264 4983 schmalen
284 4948 367 4982 Gang
386 4948 434 4980 auf
453 4948 510 4975 und
530 4947 565 4974 ab
586 4945 653 4980 ging
673 4946 730 4972 und
752 4944 798 4977 ihr
818 4942 979 4977 skrofulöses

129 4987 267 5022 Kindchen
292 4985 321 5013 in
347 4987 397 5014 den
422 4986 525 5014 Armen
551 4984 657 5018 wiegte.
691 4982 792 5015 Hinter
815 4984 871 5010 uns
896 4980 978 5014 saßen

129 5025 198 5061 zwei
238 5026 461 5054 Kommandeure
499 5023 552 5052 mit
589 5021 657 5056 zwei
696 5021 858 5056 Russinnen.
897 5020 977 5054 Ivan

130 5069 192 5092 war
227 5064 367 5092 mittlerer
402 5062 504 5095 Größe,
540 5061 677 5094 hellblond
714 5059 885 5094 glattrasiert
922 5059 978 5086 und

131 5102 364 5138 sonnverbrannt.
400 5101 476 5135 Zwei
511 5100 613 5133 Reihen
650 5098 755 5131 weißer
791 5097 885 5132 Zähne
921 5097 978 5124 und

130 5141 175 5170 die
198 5140 291 5173 tiefen,
334 5141 434 5168 blauen
479 5139 575 5174 Angen
621 5137 752 5171 erhöhten
799 5137 863 5171 noch
906 5135 979 5169 seine

129 5179 299 5213 angenehme
340 5178 531 5213 Erscheinung.
573 5177 613 5205 Er
656 5177 723 5210 trug
763 5174 823 5204 eine
865 5174 978 5204 Leinen¬

132 5217 284 5253 rubaschka,
314 5217 374 5251 doch
403 5216 540 5245 verrieten
570 5215 614 5244 die
641 5214 839 5243 dunkelblauen
869 5213 980 5247 Breech¬

132 5256 215 5291 hosen
247 5257 297 5285 den
328 5255 523 5291 militärischen
556 5253 653 5288 Beruf.
687 5253 772 5288 Sonst
805 5253 879 5290 hätte
912 5259 977 5280 man

1017 4089 1065 4123 ihn
1105 4089 1169 4120 eher
1208 4089 1257 4118 für
1294 4089 1375 4117 einen
1415 4088 1634 4123 Intellektuellen
1673 4088 1767 4121 halten
1807 4089 1867 4116 kön¬

1017 4135 1078 4156 nen.
1111 4129 1151 4156 Er
1174 4128 1266 4161 kehrte
1290 4128 1337 4162 sich
1361 4127 1419 4156 mir
1442 4135 1475 4162 zu
1500 4128 1558 4155 und
1582 4127 1663 4160 stellte
1686 4126 1783 4160 irgend
1808 4126 1867 4155 eine

1016 4166 1115 4201 Frage,
1137 4166 1181 4194 die
1201 4166 1239 4201 ich
1262 4167 1292 4194 in
1314 4167 1504 4202 gebrochenem
1526 4165 1641 4199 Russisch
1663 4166 1866 4194 beantwortete.

1067 4213 1127 4242 Der
1165 4214 1268 4242 andere
1305 4214 1523 4244 Kommandeur,
1562 4212 1772 4247 hochgewachsen
1810 4213 1866 4240 und

1017 4251 1229 4287 breitschultrig,
1252 4253 1330 4287 stand
1349 4252 1412 4286 auf:

1066 4295 1161 4327 „Nun,
1183 4295 1234 4322 das
1261 4294 1294 4329 ist
1318 4295 1379 4329 sehr
1403 4293 1590 4329 interessant!"
1615 4293 1687 4328 sagte
1711 4301 1750 4324 er,
1775 4293 1866 4322 indem

1015 4340 1046 4360 er
1070 4334 1117 4366 sich
1144 4336 1201 4361 uns
1227 4333 1297 4368 zwei
1323 4333 1572 4362 Ausländerinnen
1598 4332 1752 4366 zuwandte:
1779 4332 1865 4364 „Was

1016 4371 1073 4406 sagt
1096 4371 1142 4405 ihr
1162 4372 1345 4400 Amerikaner
1366 4377 1420 4400 von
1442 4371 1682 4405 Sowjetrußland,
1703 4372 1760 4398 und
1781 4376 1864 4398 wann

1014 4410 1170 4444 entschließt
1195 4410 1241 4444 ihr
1267 4411 1336 4445 euch,
1361 4409 1390 4438 in
1417 4417 1500 4438 euren
1525 4410 1650 4438 Ländern
1676 4409 1723 4443 für
1748 4408 1790 4437 die
1814 4409 1865 4438 Re¬

1014 4448 1179 4477 volution?"
1201 4454 1265 4477 war
1287 4449 1358 4483 seine
1380 4449 1479 4483 Frage.

1066 4493 1107 4521 Er
1128 4492 1201 4527 sagte
1223 4493 1275 4520 das
1298 4492 1400 4520 trocken
1422 4493 1478 4519 und
1501 4491 1606 4526 sachlich
1625 4491 1681 4518 und
1703 4490 1763 4524 sehr
1785 4490 1864 4525 rasch.

1014 4530 1084 4559 Drei
1106 4531 1191 4565 große
1215 4532 1275 4559 rote
1298 4531 1403 4559 Sterne
1425 4530 1540 4565 gänzten
1563 4537 1599 4557 an
1622 4529 1722 4563 seinem
1745 4531 1863 4563 Kragen.

1066 4574 1148 4607 Ivan
1167 4574 1293 4608 flüsterte
1310 4573 1370 4602 mir
1385 4581 1432 4609 zu:
1452 4572 1521 4605 „Bei
1540 4573 1599 4607 euch
1615 4573 1710 4600 würde
1729 4580 1760 4600 er
1778 4573 1864 4602 Gene¬

1016 4613 1060 4640 ral
1081 4602 1147 4646 sein.
1177 4613 1238 4640 Und
1260 4619 1290 4640 er
1311 4612 1344 4646 ist
1365 4613 1417 4646 erst
1438 4611 1664 4645 dreiunddreißig
1682 4611 1774 4645 Jahre
1793 4612 1863 4639 alt!"

1067 4657 1108 4685 Er
1133 4656 1217 4691 schien
1244 4657 1295 4690 auf
1319 4656 1388 4690 diese
1414 4655 1541 4691 Tatsache
1566 4655 1623 4689 sehr
1650 4656 1714 4689 stolz
1739 4662 1774 4690 zu
1801 4654 1864 4688 sein.

1015 4695 1055 4724 Er
1074 4695 1151 4729 selbst
1170 4696 1270 4729 mochte
1291 4694 1542 4729 sechsundzwanzig
1564 4692 1626 4727 sein,
1645 4694 1705 4727 doch
1725 4694 1865 4727 erwähnte

1015 4741 1046 4761 er
1068 4735 1159 4761 weder
1185 4733 1241 4768 sein
1270 4733 1379 4768 eigenes
1405 4734 1486 4762 Alter
1513 4733 1575 4767 noch
1602 4731 1690 4767 seinen
1717 4731 1864 4767 Offiziere¬

1016 4779 1096 4806 rang.

1067 4820 1157 4848 Wenn
1185 4818 1222 4851 ich
1249 4818 1316 4853 mich
1342 4825 1399 4846 nur
1424 4817 1474 4851 auf
1500 4815 1616 4851 Russisch
1641 4816 1715 4849 hätte
1741 4815 1863 4850 geläufig

1014 4858 1180 4885 ausdrücken
1201 4858 1317 4885 können!
1347 4856 1417 4890 Hier
1436 4855 1539 4889 endlich
1557 4860 1651 4882 waren
1671 4855 1738 4888 zwei
1758 4855 1863 4889 sympa¬

1015 4896 1110 4930 thische
1136 4896 1369 4926 Kommandeure,
1397 4896 1454 4923 und
1481 4894 1587 4922 überall
1615 4894 1688 4927 hatte
1716 4901 1780 4921 man
1807 4893 1863 4921 mir

1014 4935 1116 4969 gesagt:
1138 4935 1246 4966 „Wenn
1267 4934 1320 4963 Sie
1340 4934 1386 4968 sich
1407 4933 1459 4961 mit
1480 4932 1574 4967 geistig
1594 4932 1773 4965 überlegenen
1795 4932 1863 4966 Rus¬

1015 4962 1057 5007 sen
1081 4974 1261 5006 unterhalten
1283 4973 1393 5004 wollen,
1415 4973 1443 5007 so
1465 4971 1567 5005 müssen
1589 4970 1641 5000 Sie
1662 4970 1710 5005 sich
1730 4978 1768 4999 an
1791 4970 1863 5004 Offi¬

1013 5012 1086 5046 ziere
1110 5013 1235 5044 wenden;
1263 5011 1306 5039 die
1334 5011 1410 5039 leben
1437 5010 1492 5038 viel
1520 5010 1661 5044 bequemer
1687 5010 1744 5037 und
1770 5008 1862 5043 wissen

1015 5051 1082 5078 über
1110 5052 1164 5078 alle
1191 5050 1341 5086 Probleme
1369 5049 1451 5084 besser
1478 5047 1600 5083 Bescheid
1626 5049 1672 5076 als
1700 5047 1797 5083 irgend
1826 5048 1862 5082 je-

1014 5089 1123 5117 mand."

1065 5135 1203 5167 "Warum
1227 5134 1298 5168 diese
1320 5133 1383 5169 fünf
1407 5133 1515 5167 Klassen
1537 5130 1586 5165 auf
1609 5131 1734 5165 unserem
1757 5131 1862 5164 Damp¬

1014 5172 1090 5207 fer?"
1133 5174 1224 5208 fragte
1266 5172 1313 5206 ich.
1353 5172 1491 5204 „Warum
1530 5171 1596 5205 mich
1635 5170 1720 5204 dieser
1761 5170 1861 5200 elende,

1015 5211 1126 5247 lustlose
1144 5212 1325 5246 Schlafraum
1344 5211 1410 5239 dort
1428 5211 1525 5242 unten;
1546 5210 1603 5237 und
1622 5209 1670 5236 der
1687 5208 1805 5243 Mangel
1825 5215 1861 5236 an

1014 5250 1145 5286 Hygiene,
1166 5252 1214 5279 der
1232 5251 1347 5285 Hunger
1366 5249 1409 5278 bei
1429 5250 1479 5277 den
1500 5248 1615 5277 unteren
1636 5247 1808 5285 Schichten?"

1956 4088 2053 4117 Meine
2069 4087 2220 4122 canadische
2236 4087 2386 4121 Gefährtin
2402 4087 2476 4121 hatte
2493 4088 2556 4121 trotz
2573 4088 2663 4121 ihrem
2679 4088 2748 4116 kom¬

1904 4128 2092 4162 munistischen
2111 4128 2237 4155 Glauben
2257 4128 2307 4154 das
2326 4126 2466 4160 Traurige
2486 4126 2583 4160 solcher
2602 4127 2749 4155 Eindrücke

1905 4167 2000 4200 ebenso
2013 4167 2062 4201 tief
2075 4166 2238 4199 empfunden
2252 4165 2303 4193 wir
2315 4165 2361 4199 ich.
2378 4166 2488 4199 "Sagen
2503 4165 2554 4194 Sie
2567 4166 2660 4197 ihnen,
2673 4166 2747 4196 bitte,

1904 4205 1957 4238 daß
1976 4206 2017 4234 bei
2038 4209 2095 4234 uns
2116 4205 2193 4239 sogar
2213 4204 2256 4232 die
2275 4205 2463 4239 unterstützten
2483 4204 2674 4239 Arbeitslosen
2693 4204 2746 4232 viel

1903 4245 1984 4279 besser
2000 4246 2103 4273 leben."

1956 4289 1996 4316 Es
2010 4288 2096 4322 folgte
2109 4286 2152 4315 ein
2166 4286 2325 4322 Augenblick
2339 4288 2497 4320 verlegener
2511 4286 2681 4320 Spannnug.

1956 4332 2012 4363 "Es
2036 4331 2158 4366 mangelt
2181 4330 2282 4365 einfach
2304 4337 2341 4358 an
2364 4329 2581 4364 Schiffsraum",
2603 4329 2677 4364 sagte
2700 4329 2746 4357 der

1903 4371 2069 4401 "General".

1957 4415 2034 4446 "Und
2046 4413 2111 4449 auch
2122 4420 2158 4441 an
2171 4413 2301 4444 Kultur",
2312 4412 2387 4446 fügte
2397 4411 2477 4446 Ivan
2490 4411 2582 4446 hinzu.

1953 4457 2017 4486 Wir
2043 4458 2160 4492 fragten,
2184 4457 2217 4484 ob
2241 4459 2270 4483 es
2294 4455 2363 4489 nicht
2388 4456 2450 4489 eher
2473 4463 2544 4490 ganz
2567 4454 2746 4490 erbärmliche

1901 4496 2003 4524 Armut
2023 4498 2107 4525 wäre.
2127 4495 2210 4524 Keine
2228 4495 2366 4522 Antwort.
2386 4494 2451 4522 Nun
2470 4494 2555 4525 nahm
2575 4495 2623 4521 der
2643 4494 2745 4525 "Gene¬

1902 4536 1963 4562 ral"
1981 4535 2042 4563 eine
2058 4535 2141 4569 junge
2157 4534 2255 4567 Russin
2270 4541 2315 4561 am
2332 4534 2410 4561 Arm.
2426 4532 2506 4566 Diese
2522 4533 2598 4565 stand
2614 4533 2673 4566 auf,
2687 4533 2744 4560 und

1902 4574 1937 4607 sie
1950 4574 2052 4608 gingen
2065 4573 2221 4608 zusammen
2236 4574 2334 4600 davon.
2350 4571 2401 4601 Sie
2414 4572 2584 4599 bummelten
2597 4571 2629 4599 in
2643 4574 2745 4605 langen

1903 4612 2042 4646 Schritten
2060 4600 2110 4645 auf
2128 4613 2185 4639 dem
2202 4611 2267 4640 Deck
2284 4611 2388 4644 herum.
2406 4610 2589 4644 Anscheinend
2606 4611 2681 4643 hatte
2699 4612 2746 4638 der

1901 4651 1970 4685 Lauf
1988 4653 2036 4679 des
2053 4651 2216 4685 Gespräches
2233 4651 2293 4677 dem
2310 4650 2464 4681 "General"
2483 4649 2553 4684 nicht
2571 4650 2677 4683 behagt.

1953 4695 2034 4729 Ivan
2064 4695 2130 4722 aber
2157 4693 2229 4721 blieb
2259 4692 2300 4721 bei
2329 4695 2386 4721 uns
2407 4692 2488 4727 sitzen.
2509 4693 2549 4720 Er
2569 4692 2661 4726 fragte
2680 4691 2744 4726 nach

1901 4733 2018 4762 meinem
2036 4735 2142 4762 Namen
2158 4733 2214 4760 und
2231 4732 2325 4765 strebte
2341 4731 2436 4759 weiter
2452 4732 2579 4765 darnach,
2594 4734 2651 4759 uns
2669 4731 2744 4763 "auf¬

1899 4773 2053 4805 zuklären".
2082 4771 2145 4801 Wir
2171 4770 2236 4804 zwei
2256 4770 2503 4798 Ausländerinnen
2521 4770 2629 4803 fühlten
2650 4770 2744 4804 jedoch,

1901 4811 1954 4844 daß
1969 4812 2058 4840 keiner
2074 4810 2158 4843 dieser
2173 4811 2393 4838 Kommandeure
2407 4810 2458 4836 das
2472 4809 2560 4837 Elend
2574 4809 2638 4843 noch
2652 4810 2743 4841 wahr-

1901 4850 1994 4883 nahm.
2008 4851 2072 4879 Wir
2086 4849 2219 4884 Fremden
2232 4848 2313 4876 litten
2326 4849 2409 4876 unter
2423 4847 2647 4882 "sentimentaler
2661 4848 2743 4883 Emp¬

1900 4889 2040 4924 findelei!"

1954 4928 2064 4962 "Sehen
2079 4926 2153 4959 Sie,"
2170 4926 2241 4961 sagte
2255 4926 2341 4960 Ivan.
2356 4925 2422 4959 "Ich
2434 4930 2497 4954 war
2511 4924 2606 4959 früher
2620 4925 2684 4960 auch
2697 4924 2742 4953 ein

1899 4967 2097 5001 gewöhnlicher
2113 4965 2248 4994 Arbeiter.
2264 4965 2348 4993 Dann
2366 4965 2432 4999 ging
2449 4964 2486 4998 ich
2504 4964 2533 4992 in
2549 4964 2595 4993 ein
2612 4964 2743 4999 Institut,

1899 5006 1994 5034 wurde
2015 5004 2165 5041 Techniker,
2186 5005 2244 5032 trat
2266 5004 2297 5032 in
2317 5003 2360 5031 die
2381 5003 2481 5032 Armee
2502 5002 2547 5031 ein
2568 5004 2625 5031 und
2647 5004 2742 5031 wurde

1898 5044 2114 5074 Kommandeur.
2143 5043 2247 5077 Ebenso
2274 5043 2347 5071 mein
2368 5043 2516 5074 Kamerad,
2544 5043 2591 5070 der
2612 5042 2742 5070 General.

1897 5083 1994 5118 Zuierst
2009 5083 2147 5114 Arbeiter,
2163 5083 2238 5110 dann
2256 5081 2386 5114 Student,
2402 5081 2506 5110 Soldat
2522 5082 2580 5109 und
2596 5080 2742 5115 schließlich

1899 5122 2118 5150 Kommandeur!
2133 5121 2176 5155 Ist
2190 5122 2242 5149 das
2256 5121 2324 5155 nicht
2339 5120 2384 5148 ein
2398 5119 2509 5149 Beweis
2523 5121 2570 5149 der
2585 5118 2741 5155 Gleichheit,

1899 5160 1942 5189 die
1953 5161 1999 5195 ihr
2011 5162 2040 5196 so
2051 5160 2213 5196 sehnsüchtig
2224 5159 2266 5188 bei
2278 5162 2334 5188 uns
2346 5159 2449 5194 sucht?"

1950 5206 2047 5235 Meine
2066 5204 2217 5239 canadische
2235 5203 2385 5238 Gefährtin
2403 5203 2469 5231 aber
2487 5202 2624 5236 schüttelte
2640 5201 2743 5230 immer

1900 5246 1962 5281 noch
1978 5246 2029 5273 den
2046 5244 2129 5280 Kopf:
2145 5243 2221 5276 "Wie
2236 5243 2339 5271 können
2354 5243 2420 5270 aber
2435 5241 2478 5270 die
2493 5243 2622 5271 ärmeren
2638 5241 2740 5277 Schich¬

2785 4088 2830 4115 ten
2849 4088 2896 4115 der
2915 4088 3104 4122 Bevölkerung
3123 4087 3150 4122 so
3167 4085 3375 4121 vernachlässigt
3391 4086 3511 4117 werden,
3526 4085 3579 4114 wie
3597 4086 3630 4120 sie

2786 4129 2815 4154 es
2829 4128 2892 4155 dort
2905 4128 2991 4154 unten
3005 4127 3098 4161 sind?"

2837 4174 2902 4202 Nun
2929 4174 3011 4208 erhob
3040 4173 3086 4208 sich
3113 4174 3160 4202 der
3178 4174 3268 4202 Mond
3294 4180 3340 4201 am
3367 4173 3483 4200 dunklen
3500 4171 3630 4206 Himmel.

2784 4212 2921 4241 Niemand
2938 4214 3030 4241 wollte
3048 4213 3161 4246 schlafen
3179 4213 3271 4246 gehen.
3288 4212 3367 4246 Ivan
3384 4212 3441 4238 und
3460 4211 3497 4245 ich
3515 4211 3629 4245 spazier¬

2784 4252 2828 4279 ten
2851 4253 2914 4285 noch
2936 4254 3017 4286 lange
3038 4252 3088 4284 auf
3107 4252 3171 4280 Deck
3192 4252 3298 4284 umher.
3319 4250 3413 4280 Leider
3434 4250 3531 4278 konnte
3550 4251 3630 4284 Ivan

2785 4298 2840 4318 nur
2854 4291 2921 4324 zwei
2935 4291 3052 4325 deutsche
3066 4291 3187 4322 Wörter,
3201 4291 3257 4318 und
3272 4289 3341 4322 diese
3355 4289 3466 4322 standen
3480 4288 3510 4316 in
3525 4290 3628 4324 großen

2783 4330 2892 4358 Lettern
2915 4330 2964 4361 auf
2987 4331 3034 4357 der
3056 4329 3161 4362 weißen
3185 4328 3263 4358 Seite
3285 4329 3333 4356 des
3354 4327 3520 4360 Dampfers:
3545 4329 3630 4359 "Rote

2783 4368 2897 4402 Front."
2927 4368 2989 4396 Wie
3017 4368 3165 4402 unpassend
3195 4367 3224 4395 in
3253 4367 3339 4401 dieser
3358 4366 3505 4400 poetischen
3523 4367 3630 4395 Abend¬

2784 4407 2943 4441 stimmung!
2970 4408 3030 4435 Und
3054 4407 3116 4441 doch
3141 4407 3298 4440 gebrauchte
3322 4413 3351 4433 er
3376 4405 3418 4433 die
3441 4405 3509 4440 zwei
3533 4406 3630 4434 Worte

2783 4446 2880 4480 öfters,
2908 4448 2954 4473 als
2983 4445 3019 4479 ich
3040 4445 3181 4481 eigentlich
3200 4445 3349 4480 gewünscht
3369 4445 3451 4477 hätte.
3479 4444 3533 4473 Die
3550 4445 3629 4479 Idee,

2782 4485 2836 4518 daß
2853 4484 2890 4518 ich
2906 4483 2976 4519 nicht
2993 4485 3060 4512 über
3076 4486 3127 4512 das
3144 4484 3174 4512 in
3191 4483 3323 4516 Rußland
3339 4483 3473 4516 Gesehene
3488 4484 3628 4518 begeistert

2784 4523 2828 4556 sei,
2848 4525 2942 4557 quälte
2963 4523 3011 4557 ihn
3032 4523 3100 4558 sehr.
3121 4524 3160 4552 Er
3180 4525 3272 4551 wollte
3291 4521 3358 4556 mich
3378 4523 3443 4549 eben
3463 4521 3565 4558 einfach
3586 4524 3627 4551 be¬

2781 4562 2893 4594 lehren.

2836 4606 2926 4640 Schon
2943 4614 2989 4633 am
3006 4606 3151 4640 folgenden
3166 4606 3227 4639 Tag
3243 4605 3319 4639 sollte
3335 4611 3364 4632 er
3379 4603 3432 4632 mit
3447 4604 3509 4633 dem
3525 4605 3628 4636 "Gene¬

2783 4645 2844 4672 ral"
2863 4645 2915 4672 das
2931 4645 3019 4680 Schiff
3036 4645 3177 4678 verlassen.
3195 4645 3246 4673 Um
3262 4644 3298 4679 elf
3315 4644 3372 4677 Uhr
3387 4643 3492 4671 abends
3509 4645 3627 4678 nahmen

2782 4683 2837 4711 wir
2850 4683 2975 4717 Abschied
2989 4683 3187 4712 voneinander.

2834 4731 2888 4759 Als
2904 4731 2941 4765 ich
2958 4731 3032 4765 schon
3048 4731 3088 4759 im
3102 4731 3167 4760 Bett
3184 4731 3240 4759 und
3254 4738 3301 4759 am
3317 4729 3396 4764 Lesen
3412 4735 3482 4762 war,
3497 4730 3575 4764 hörte
3590 4731 3627 4766 ich

2780 4768 2825 4797 ein
2848 4769 2929 4803 leises
2952 4770 3079 4803 Klopfen.
3111 4770 3207 4798 Meine
3229 4769 3480 4803 Kabinengenossin
3502 4775 3563 4797 war
3585 4771 3627 4798 be¬

2783 4808 2853 4836 reits
2867 4808 3068 4843 eingeschlafen.
3090 4808 3141 4843 Ich
3153 4808 3254 4843 öffnete
3267 4807 3309 4836 die
3321 4807 3390 4837 Tür.
3412 4808 3452 4836 Es
3465 4813 3525 4836 war
3537 4808 3626 4843 Ivan.

2834 4856 2984 4887 "Kommen
3014 4855 3076 4887 Sie,
3106 4855 3271 4890 Rosutschka,
3299 4854 3355 4883 wir
3384 4855 3472 4888 haben
3501 4856 3566 4883 eben
3595 4856 3626 4884 in

2781 4894 2936 4927 Uljanowsk
2949 4895 3123 4928 angehalten.
3137 4895 3177 4923 Es
3191 4894 3223 4927 ist
3237 4895 3285 4922 der
3298 4894 3469 4922 Geburtsort
3482 4894 3623 4929 Lenins.*)

2780 4933 2842 4962 Das
2855 4934 2958 4968 müssen
2971 4933 3023 4963 Sie
3035 4933 3186 4968 unbedingt
3199 4933 3301 4968 sehen."

2832 4981 2886 5009 Als
2901 4980 2938 5015 ich
2952 4988 2989 5008 an
3003 4980 3069 5010 Deck
3083 4981 3217 5016 gelangte,
3232 4980 3298 5015 fuhr
3311 4980 3359 5008 der
3373 4979 3511 5014 Dampfer
3523 4980 3625 5010 wieder

2778 5019 2820 5048 ab.
2853 5019 2932 5049 Viele
2954 5019 3112 5053 Passagiere
3133 5025 3229 5047 waren
3251 5019 3316 5054 noch
3338 5018 3395 5052 auf.
3427 5019 3480 5048 Sie
3502 5019 3624 5054 schauten

2779 5058 2966 5093 andachtsvoll
2992 5059 3056 5092 nach
3083 5060 3143 5086 dem
3167 5058 3207 5086 im
3232 5057 3385 5092 Mondlicht
3412 5056 3623 5092 schimmernden

2778 5097 2932 5126 Städtlein.
2960 5096 3028 5132 Hier
3047 5103 3108 5125 war
3128 5098 3179 5125 das
3198 5097 3356 5131 Bethlehem
3376 5097 3424 5124 des
3441 5097 3623 5127 Kommunis¬

2775 5134 2856 5170 mus.

2833 5206 2860 5238 *)
2893 5205 2997 5235 Lenins
3029 5204 3245 5240 "bürgerlicher"
3276 5205 3363 5234 Name
3392 5208 3455 5233 war
3484 5205 3613 5235 Ulianow.

2780 5240 2934 5276 Uljanowsk
2946 5240 2977 5276 ist
2990 5243 3041 5270 das
3053 5241 3203 5276 ehemalige
3215 5239 3358 5275 Simbirsk.
