3887 5551
184 153 275 212 Nr.
314 155 453 219 302.
492 157 695 230 Erstes
730 156 941 220 Blatt.

194 274 1058 699 Neue
1084 270 3747 837 Zürcher-Zeitung

312 812 832 850 Abonnementspreise.

695 859 716 883 3
716 859 818 883 Monate.
845 861 864 884 6
864 861 969 884 Monate.

157 890 262 917 Zürich
262 890 334 917 (wenn
347 895 382 917 die
395 895 489 923 Zeitung
503 896 601 923 abgeholt
613 896 681 922 wird)
707 896 748 924 Fr.
762 896 821 918 5.50
843 896 882 924 Fr.
897 897 969 919 10.—

155 917 270 945 »chw'et,
285 919 412 950 (Bestellung
427 922 480 945 deim
494 923 634 950 Postbunau)
649 939 654 945 .
685 937 691 945 .
720 938 731 949 .
762 923 818 947 6.7'
856 938 867 950 .
897 925 929 946 1*.
938 925 969 947 60

183 944 218 967 do.
244 944 323 970 (direkte
334 948 456 977 Bestellung
469 950 500 972 bei
515 951 549 972 der
566 944 693 975 Expedition

245 974 293 996 und
300 973 374 1003 Bezug
386 977 450 998 unter
461 977 625 1002 Privatadresse)
646 978 710 1005 ..
710 978 751 1005 „
751 978 838 1005 7.50
838 978 887 1005 „
887 978 962 1005 14.—

158 998 359 1026 Deutschland
373 1003 501 1031 (Bestellung
516 1004 569 1026 beim
584 1004 689 1030 Postamt)
703 1005 753 1026 Mk.
753 1005 780 1026 7.

152 1026 452 1055 OesterreichUngarn
462 1031 528 1057 (Best.
528 1031 549 1057 b.
557 1032 663 1057 Postamt)
671 1031 695 1058 fl.
695 1031 715 1058 ö.
715 1031 754 1058 W.
754 1031 772 1058 5

155 1053 337 1082 Frankreich,
337 1054 451 1082 Italien
461 1061 506 1081 und
516 1058 590 1085 übrige
601 1061 693 1081 Staaten

245 1081 282 1104 des
297 1083 541 1111 Weltpostvereins
557 1086 639 1112 (direkte
651 1086 693 1108 Be¬

247 1108 335 1138 stellung
350 1112 381 1133 bei
395 1111 431 1133 der
444 1112 578 1139 Expedition)
614 1128 621 1136 .
647 1129 654 1137 .
683 1127 690 1135 .
705 1114 743 1141 Fr.
752 1114 821 1137 11.50
843 1115 881 1141 Fr.
895 1117 963 1137 22.—

1616 165 2035 243 Zweiundsechzigster
2068 166 2314 245 Jahrgang.

2636 175 3035 249 Donnerstag.
3070 178 3171 240 28.
3208 179 3527 255 Dezember
3562 186 3740 251 1882.

1905 825 2023 883 und

1145 927 1947 1159 schweizerisches
2005 931 2770 1151 Handelsblatt.

3113 843 3584 885 Insertionsgebühr.

3287 891 3426 918 Annoncen:

2951 912 2998 940 Für
3010 913 3043 937 die
3054 913 3146 943 Schweiz
3157 917 3185 938 20
3192 914 3245 944 Rp.,
3256 916 3293 944 für
3305 918 3344 940 das
3354 918 3454 941 Ausland
3462 920 3490 944 25
3498 921 3541 949 Rp.
3555 924 3604 946 oder
3615 924 3642 946 20
3652 925 3761 953 Kreutzer

3221 947 3257 971 per
3270 944 3411 974 sechsspaltige
3420 947 3484 972 Zeile.

3085 970 3212 996 Reclamen
3226 977 3252 993 rc.
3268 972 3339 996 (unter
3354 974 3400 995 dem
3413 974 3620 1003 Redaktionsstrich):

3146 999 3174 1020 50
3187 997 3229 1025 Rp.
3243 1001 3280 1025 per
3293 1000 3427 1028 vierspaltige
3441 1000 3556 1030 Petitzeile.

2949 1021 3048 1049 Inserate
3061 1024 3107 1047 und
3116 1024 3228 1047 Reclamen
3237 1026 3282 1053 sind
3292 1027 3427 1054 einzusenden
3441 1034 3470 1050 an
3479 1030 3512 1052 die
3523 1031 3760 1059 Annoncenexpedition

2949 1050 2992 1072 von
3012 1050 3089 1073 Orell
3107 1052 3191 1078 Füßli
3211 1052 3229 1075 &
3247 1053 3300 1075 Cie.
3321 1054 3349 1076 in
3367 1054 3461 1082 Zürich
3481 1057 3528 1080 und
3546 1060 3627 1081 werden
3642 1061 3700 1086 durch
3715 1062 3749 1083 alle

3065 1078 3153 1107 übrigen
3165 1079 3280 1102 bekannten
3295 1080 3503 1111 Annoncenbureaux
3517 1087 3639 1110 vermittelt.

3144 1107 3217 1133 Preis
3230 1107 3269 1130 der
3283 1107 3400 1135 einzelnen
3414 1111 3545 1137 Nummern
3556 1119 3564 1137 :

3018 1132 3115 1159 Einfache
3134 1135 3161 1156 10
3174 1133 3221 1160 Rp.,
3242 1134 3283 1157 mit
3297 1134 3385 1164 Beilage
3401 1138 3426 1160 15
3439 1137 3487 1165 Rp.,
3508 1140 3603 1168 doppelte
3616 1141 3644 1165 20
3657 1143 3697 1168 Rp.

209 1202 420 1260 Täglich,
450 1208 542 1250 mit
570 1208 882 1262 Ausnahme
910 1211 995 1252 des
1021 1210 1306 1267 Sonntags,
1333 1216 1639 1269 zweimatige
1663 1216 1917 1268 Ausgabe.
1985 1238 2089 1255 ——
2153 1220 2377 1272 Büreau
2406 1223 2491 1264 der
2518 1222 2831 1273 Redaktion:
2871 1226 3209 1282 Brunngasse
3234 1229 3339 1282 Nr.
3365 1236 3398 1274 2
3424 1234 3482 1276 in
3508 1233 3700 1285 Zürich.

338 1348 397 1401 Die
426 1350 548 1395 Gelüste
577 1353 631 1395 der
659 1351 840 1402 „France".

218 1387 276 1422 Ein
300 1391 527 1432 anmaßlicheres
551 1392 670 1431 Gerede,
696 1394 745 1426 als
770 1398 799 1427 es
823 1394 877 1427 das
901 1395 1021 1436 Pariser

149 1432 378 1476 Zeitungsblatt
404 1438 554 1478 „France"
584 1448 671 1480 gegen
701 1438 744 1471 die
767 1438 895 1479 Schweiz
926 1440 1020 1481 führt,

149 1477 183 1516 ist
208 1483 268 1513 uns
292 1481 360 1523 noch
384 1483 470 1523 selten
494 1484 716 1525 vorgekommen.
765 1484 863 1517 Wenn
880 1485 921 1517 die
938 1486 1021 1526 fran¬

150 1523 263 1565 zösische
279 1526 445 1570 Regierung
468 1529 517 1561 der
527 1529 656 1569 Schweiz
669 1529 828 1571 gegenüber
851 1529 904 1563 den
914 1531 1022 1570 Inter¬

146 1569 218 1610 essen
231 1569 280 1604 des
291 1573 491 1615 französischen
503 1574 636 1616 Handels
660 1574 721 1615 ihre
747 1576 924 1616 Fürsprache
937 1576 1019 1618 leiht,

148 1614 177 1653 so
200 1614 297 1656 haben
326 1619 383 1651 wir
404 1619 479 1652 keine
516 1619 645 1661 Ursache,
682 1619 807 1654 darüber
841 1621 1021 1662 empfindlich

147 1668 183 1699 zu
208 1662 320 1695 werden
349 1682 384 1687 —
411 1665 467 1698 wir
490 1665 636 1706 wünschen
659 1665 690 1706 ja
715 1665 784 1707 auch
808 1667 959 1707 unserseits
971 1669 1021 1708 für

148 1704 356 1749 schweizerische
378 1710 521 1752 Anliegen
542 1710 646 1752 solcher
665 1711 724 1744 Art
745 1710 791 1744 bei
813 1712 941 1753 fremden
963 1714 1021 1746 Re¬

149 1751 310 1794 gierungen
349 1755 394 1788 ein
418 1756 559 1798 geneigtes
585 1755 683 1798 Gehör
716 1767 751 1797 zu
786 1757 893 1798 finden.
941 1757 1020 1791 Aber

148 1796 209 1828 eine
220 1797 454 1843 Verpflichtung,
468 1802 648 1844 auswärtige
659 1801 905 1844 wirthschaftliche
913 1803 1021 1842 Inter¬

149 1841 220 1883 nen
243 1852 280 1883 zu
302 1844 416 1884 schonen
442 1847 499 1879 und
523 1857 558 1887 zu
582 1846 708 1889 schützen,
743 1847 815 1889 liegt
844 1848 919 1889 nicht
954 1859 1021 1882 un¬

148 1887 283 1926 serem
306 1889 416 1925 Staate
440 1892 493 1934 ob;
528 1893 585 1925 wir
608 1893 712 1933 dürfen
734 1893 796 1926 und
819 1893 909 1934 sollen
931 1895 1022 1928 allein

150 1931 194 1965 die
217 1933 444 1978 schweizerischen
467 1939 632 1979 Interessen
654 1947 707 1978 zur
731 1937 863 1981 Geltung
887 1938 1018 1981 bringen.

148 1977 207 2011 Sie
229 1988 266 2018 zu
288 1980 501 2022 interpretiren,
527 1984 721 2023 anzuordnen,
760 1988 824 2017 was
847 1984 933 2026 ihnen
958 1988 1019 2019 ent¬

148 2023 262 2064 spricht,
289 2025 474 2069 abzuwehren
510 2029 576 2062 oder
600 2038 634 2069 zu
658 2028 811 2068 verbieten,
836 2034 900 2063 was
934 2030 1021 2072 ihnen

149 2068 355 2111 widerstreitet,
392 2073 428 2115 ist
451 2074 539 2116 einzig
576 2074 670 2115 Sache
704 2076 820 2115 unserer
853 2074 1017 2117 Behörden.

148 2113 225 2146 Kein
249 2115 372 2156 fremder
395 2118 491 2152 Staat
522 2120 573 2161 hat
597 2120 647 2162 sich
672 2120 703 2153 in
737 2122 823 2161 unser
846 2121 1020 2163 Eisenbahn¬

149 2159 312 2202 tarifwesen
336 2163 543 2205 einzumischen,
569 2166 597 2205 so
622 2166 707 2207 lange
730 2165 808 2206 nicht
830 2165 874 2199 die
892 2166 1019 2207 Schweiz

148 2203 180 2236 in
203 2204 352 2246 besondere
376 2209 786 2251 Vertragsverbindlichkeiten
821 2221 856 2251 zu
891 2212 950 2253 ihm
977 2222 1020 2253 ge¬

148 2251 242 2283 treten
253 2252 290 2293 ist
301 2264 309 2294 ;
333 2254 389 2286 wir
401 2256 531 2297 verletzen
543 2255 617 2288 keine
630 2255 866 2297 völkerrechtliche
879 2257 1018 2299 Satzung,

150 2300 235 2328 wenn
270 2298 325 2330 wir
350 2299 418 2341 diese
442 2301 543 2342 Tarife
566 2301 722 2342 innerhalb
757 2303 873 2342 unseres
908 2302 1020 2336 Landes

151 2341 177 2380 so
202 2342 349 2383 gestalten,
376 2345 428 2379 wie
452 2350 481 2379 es
505 2350 562 2379 uns
587 2346 744 2388 zuträglich
769 2346 866 2380 dünkt.

219 2383 270 2421 In
295 2384 345 2418 den
369 2388 483 2427 unserer
505 2387 635 2429 Zeitung
658 2388 877 2429 nahestehenden
888 2389 1024 2421 kommer¬

157 2427 253 2466 ziellen
282 2430 341 2462 und
366 2431 561 2472 industriellen
597 2433 714 2473 Kreisen
748 2433 839 2473 hören
875 2433 929 2466 ivir
964 2444 1024 2466 nur

157 2471 307 2507 Stimmen
341 2475 390 2509 der
413 2477 634 2519 Mißbilligung
671 2477 719 2511 des
752 2477 1024 2520 bundesräthlichen

152 2516 335 2562 Beschlusses,
368 2521 454 2563 durch
477 2523 597 2563 welchen
632 2522 680 2555 der
714 2524 898 2565 gemeinsanie
935 2525 1025 2565 Tarif

151 2561 207 2595 Nr.
234 2566 300 2597 442
338 2567 518 2609 aufgehoben
551 2568 660 2601 wurde.
707 2568 779 2601 Wir
813 2568 894 2610 selbst
927 2569 1024 2610 haben

153 2608 207 2641 mit
240 2609 329 2644 einem
363 2613 479 2655 Urtheil
514 2613 584 2646 über
620 2613 681 2653 die
681 2613 786 2653 Sache
821 2624 880 2647 nur
913 2615 1024 2654 zurück¬

152 2653 294 2694 gehalten,
320 2658 387 2690 weil
409 2659 467 2691 wir
489 2659 543 2699 erst
564 2658 699 2700 erfahren
721 2658 859 2700 möchten,
884 2664 947 2692 was
975 2660 1023 2693 der

147 2697 343 2743 Bundesrath
367 2712 418 2742 zur
443 2703 679 2745 Rechtfertigung
702 2704 790 2745 seiner
803 2704 1023 2747 Schlußnahme

152 2743 350 2787 anzubringen
373 2748 434 2788 hat.
482 2748 560 2781 Aber
592 2749 693 2791 gewiß,
730 2749 813 2782 einen
846 2749 1023 2791 schlechteren

152 2787 252 2827 Dienst
276 2791 376 2823 konnte
400 2793 442 2824 die
469 2795 619 2832 „France"
647 2794 699 2826 den
723 2794 950 2835 schweizerischen
962 2796 1021 2828 Be¬

155 2830 310 2872 theiligten,
334 2835 434 2876 welche
457 2836 500 2869 die
523 2837 701 2880 Aufhebung
733 2838 813 2879 jenes
847 2841 952 2880 Tarifs
975 2840 1022 2873 be¬

154 2875 259 2916 klagen,
285 2878 359 2921 nicht
373 2882 511 2922 erweisen,
536 2883 584 2915 als
609 2883 704 2917 indem
727 2885 763 2925 sie
787 2885 830 2917 die
843 2884 1021 2927 Großmacht

150 2920 319 2965 Frankreich
341 2926 468 2967 aufruft,
493 2927 542 2960 der
556 2928 665 2961 kleinen
684 2928 812 2969 Schweiz
836 2929 889 2963 den
900 2932 1021 2971 Meister

149 2973 183 3004 zu
207 2967 301 3009 zeigen
324 2971 385 3003 und
408 2972 444 3013 sie
467 2981 519 3012 zur
542 2973 756 3015 Zurücknahme
790 2974 869 3015 jener
892 2975 1020 3016 Schluß¬

147 3011 252 3052 nahme
274 3024 311 3053 zu
332 3016 479 3058 nöthigen.
527 3018 640 3051 Wollte
670 3019 703 3051 in
725 3019 788 3051 dem
811 3019 1020 3061 gebieterischen

148 3055 240 3094 Tone,
274 3059 393 3100 welchen
416 3061 460 3094 die
488 3063 639 3102 „France"
667 3063 823 3106 anschlägt,
859 3065 902 3097 die
935 3067 1019 3107 fran¬

146 3101 259 3142 zösische
281 3104 448 3147 Regierung
482 3108 538 3140 mit
572 3108 622 3141 der
656 3108 785 3150 Schweiz
819 3110 953 3151 sprechen,
991 3113 1019 3151 so

147 3148 226 3179 wäre
250 3153 280 3181 es
304 3150 347 3182 ein
373 3150 468 3184 Gebot
491 3151 539 3185 der
560 3153 734 3186 nationalen
747 3155 832 3195 Ehre,
859 3156 918 3188 eine
934 3156 1020 3197 solche

145 3191 350 3237 Einmischung
374 3196 406 3228 in
430 3197 490 3229 eine
514 3197 575 3230 rein
599 3199 698 3231 innere
712 3199 935 3241 Angelegenheit
951 3202 1015 3242 kurz

147 3236 207 3269 und
231 3237 341 3282 bündig
376 3243 619 3283 zurückzuweisen.
666 3244 733 3276 Und
769 3253 821 3277 um
855 3244 930 3285 nicht
965 3246 1018 3278 den

146 3281 254 3323 Schein
278 3285 331 3325 auf
352 3286 404 3328 sich
427 3297 464 3328 zu
485 3287 580 3326 laden,
607 3289 655 3321 als
678 3288 714 3321 ob
725 3298 796 3322 man
820 3289 868 3322 der
891 3291 1017 3330 fremden

146 3327 295 3371 Drohung
319 3331 469 3373 nachgäbe,
495 3333 594 3373 müßte
619 3333 688 3375 auch
712 3340 771 3367 von
795 3335 871 3368 einer
887 3335 1016 3369 Wieder¬

145 3375 314 3416 erwägung,
338 3382 397 3409 von
421 3379 497 3411 einer
509 3379 725 3419 Zurücknahme
737 3380 805 3413 oder
816 3379 1015 3423 Abänderung

145 3416 195 3450 des
219 3419 574 3465 Aufhebungsbeschlusses
599 3423 748 3466 abgesehen
773 3425 894 3459 werden.

208 3461 265 3495 Die
288 3463 495 3506 Rekursschrift
519 3466 566 3498 der
592 3465 796 3508 Westbahnen,
822 3467 865 3501 die
882 3468 1010 3510 Eingabe

136 3504 187 3538 der
211 3508 411 3550 zürcherischen
446 3510 691 3551 kaufmännischen
714 3511 895 3553 Gesellschaft
917 3513 1010 3554 haben

142 3549 192 3584 den
216 3552 419 3597 Bundesrath,
446 3555 513 3597 noch
536 3555 623 3589 bevor
647 3556 732 3598 dieser
756 3557 837 3598 selbst
861 3559 906 3591 ein
918 3559 1010 3594 Wort

140 3597 235 3638 gesagt
250 3598 312 3640 hat,
337 3610 424 3641 gegen
437 3601 488 3633 den
504 3602 650 3642 Vorwurf
665 3602 697 3634 in
715 3601 817 3644 Schutz
829 3613 1007 3644 genommen,

138 3642 186 3674 als
210 3643 247 3682 sei
282 3654 340 3677 nur
376 3655 426 3679 um
462 3645 509 3679 der
534 3646 762 3689 Gotthardbahn
797 3648 896 3682 willen
930 3649 1008 3691 jener

138 3686 229 3728 Tarif
252 3689 308 3722 Nr.
334 3693 398 3722 442
436 3691 614 3734 aufgehoben
641 3693 767 3726 worden.
815 3693 892 3727 Aber
916 3697 1008 3738 gesetzt

138 3735 168 3763 es
192 3734 271 3767 wäre
295 3736 322 3775 so
358 3736 418 3769 und
454 3737 496 3769 die
519 3736 678 3779 Beschlüsse
711 3738 760 3771 des
783 3739 1007 3782 Bundesrathes

137 3784 170 3808 in
194 3778 526 3822 Eisenbahntarifsachen
558 3782 660 3822 hätten
691 3793 749 3816 nur
773 3784 827 3817 das
849 3785 910 3818 eine
937 3787 1007 3827 Ziel

135 3820 177 3853 im
202 3822 295 3865 Auge,
328 3826 371 3857 die
395 3825 624 3869 Gotthardbahn
647 3829 793 3871 möglichst
817 3830 946 3864 rentabel
970 3842 1005 3872 zu

134 3866 252 3907 machen
279 3886 315 3891 —
346 3875 410 3903 was
448 3871 528 3913 hätte
564 3872 638 3913 dazu
673 3874 931 3916 Frankreich
969 3887 1005 3917 zu

133 3911 244 3953 sagen?
276 3915 337 3954 Hat
355 3917 532 3958 Frankreich,
556 3917 609 3958 hat
625 3918 797 3961 Oesterreich
822 3920 873 3961 sich
890 3921 1004 3963 irgend¬

132 3957 188 3990 wie
211 3967 264 3991 um
299 3960 342 3993 die
377 3961 602 4003 schweizerischen
625 3964 789 4006 Interessen
819 3967 1001 4007 gekümmert,

1068 1317 1116 1349 als
1139 1317 1217 1358 jenes
1247 1319 1289 1352 die
1313 1320 1573 1362 Montcenisbahn,
1611 1321 1695 1362 dieses
1718 1321 1763 1355 die
1785 1322 1933 1356 Brenner¬

1067 1361 1145 1403 bahn
1181 1363 1277 1402 baute,
1313 1364 1390 1398 beide
1424 1366 1496 1405 dazu
1529 1366 1693 1407 bestimmt,
1735 1367 1787 1399 den
1821 1368 1931 1409 großen

1068 1408 1308 1451 Waarentransit
1337 1410 1467 1451 zwischen
1490 1411 1552 1444 dem
1576 1411 1789 1453 cisalpinischen
1813 1413 1933 1454 Europa

1069 1453 1128 1486 und
1152 1454 1273 1492 Italien
1308 1461 1365 1488 von
1401 1457 1450 1489 der
1471 1456 1599 1498 Schweiz
1635 1457 1825 1498 abzulenken?
1870 1459 1934 1499 Hat

1069 1499 1238 1541 Frankreich
1264 1501 1315 1542 erst
1338 1500 1383 1534 bei
1408 1502 1456 1534 der
1480 1502 1606 1543 Schweiz
1631 1504 1794 1545 angefragt,
1832 1504 1880 1537 als
1903 1509 1933 1538 es

1067 1544 1153 1586 rings
1164 1554 1216 1578 um
1228 1546 1273 1578 die
1284 1545 1395 1586 Grenze
1411 1547 1460 1580 des
1471 1547 1611 1581 Kantons
1623 1547 1701 1590 Genf
1715 1548 1763 1581 ein
1777 1548 1933 1590 Schienen¬

1069 1590 1121 1631 netz
1144 1600 1205 1632 zog,
1230 1591 1344 1632 welches
1368 1593 1484 1633 Handel
1508 1593 1568 1626 und
1591 1593 1714 1635 Verkehr
1739 1595 1787 1626 der
1811 1595 1931 1636 größten

1067 1636 1183 1675 unserer
1206 1636 1454 1677 Schweizerstädte
1476 1638 1640 1680 lahmlegen
1663 1639 1736 1680 soll?
1772 1638 1876 1680 Gewiß
1896 1640 1933 1682 ist

1068 1679 1152 1721 durch
1165 1681 1232 1722 diese
1246 1682 1346 1722 eiserne
1370 1683 1564 1725 Umstrickung
1576 1683 1655 1725 Genf
1677 1685 1756 1727 mehr
1769 1684 1930 1727 geschädigt,

1068 1725 1117 1758 als
1128 1726 1283 1768 Marseille
1298 1727 1383 1768 durch
1396 1729 1439 1761 die
1451 1728 1628 1770 Aufhebung
1644 1730 1719 1763 eines
1730 1730 1933 1770 Differential¬

1067 1770 1167 1813 tarifs,
1200 1772 1269 1805 aber
1293 1774 1347 1806 wir
1371 1773 1464 1816 haben
1498 1775 1625 1807 keinerlei
1647 1775 1807 1817 Befugniß,
1845 1777 1933 1809 einem

1066 1816 1291 1859 Nachbarstaate
1325 1819 1370 1851 die
1393 1820 1583 1862 Ausnutzung
1618 1820 1707 1861 seines
1727 1820 1850 1854 Bodens
1872 1822 1932 1855 und

1068 1862 1140 1895 aller
1164 1862 1316 1905 Vortheile
1339 1864 1388 1897 der
1411 1864 1485 1906 Lage
1506 1875 1541 1905 zu
1566 1867 1737 1907 verwehren.
1784 1866 1933 1908 Hingegen

1067 1907 1173 1941 wollen
1208 1909 1265 1941 wir
1297 1909 1367 1950 auch
1400 1911 1456 1943 das
1490 1910 1590 1952 gleiche
1611 1911 1698 1952 Recht
1728 1913 1783 1953 auf
1804 1914 1932 1954 unserem

1067 1952 1172 1986 Boden
1195 1952 1365 1995 behaupten.

1135 1994 1215 2036 Doch
1239 2000 1270 2028 es
1300 1996 1374 2029 wird
1408 2006 1445 2037 zu
1479 1997 1555 2030 einer
1579 1998 1780 2039 Einmischung
1803 2004 1862 2032 von
1883 1998 1932 2032 der

1066 2039 1133 2079 Art,
1160 2040 1213 2073 wie
1236 2041 1280 2073 die
1307 2043 1456 2081 „France"
1484 2043 1518 2084 sie
1540 2043 1661 2084 fordert,
1696 2043 1772 2085 nicht
1795 2044 1929 2077 kommen.

1068 2085 1124 2118 Die
1147 2086 1327 2128 französische
1350 2087 1515 2129 Regierung
1539 2089 1614 2121 wird
1638 2091 1778 2131 erwägen,
1814 2089 1872 2129 daß
1894 2091 1930 2132 sie

1066 2129 1130 2171 doch
1166 2130 1241 2172 nicht
1280 2132 1385 2173 füglich
1423 2133 1456 2165 in
1494 2134 1541 2165 der
1576 2133 1702 2174 Schweiz
1731 2134 1930 2176 Widerspruch

1069 2185 1154 2216 gegen
1189 2176 1233 2209 die
1266 2178 1453 2219 Beseitigung
1487 2179 1563 2211 eines
1586 2178 1865 2221 Differentialtarifs
1888 2190 1930 2214 er¬

1066 2220 1154 2262 heben
1178 2222 1261 2260 kann,
1297 2223 1433 2264 während
1467 2223 1502 2265 sie
1524 2224 1577 2264 auf
1601 2224 1682 2265 ihren
1705 2225 1931 2267 Staatsbahnen

1066 2267 1119 2306 auf
1141 2267 1227 2307 dieses
1252 2268 1390 2308 nämliche
1413 2268 1481 2308 Ziel
1501 2269 1684 2310 hinarbeitet.
1720 2270 1788 2304 Vor
1804 2272 1930 2312 wenigen

1065 2312 1167 2352 Tagen
1192 2313 1254 2351 (am
1271 2315 1323 2346 23.
1337 2313 1502 2354 Dezember)
1525 2314 1578 2355 hat
1595 2315 1719 2348 darüber
1735 2316 1783 2348 der
1796 2316 1930 2350 Direktor

1066 2356 1115 2388 der
1131 2357 1331 2399 französischen
1347 2358 1585 2400 Staatsbahnen,
1603 2360 1737 2394 Senator
1753 2361 1927 2401 Beraldi,

1066 2401 1098 2433 in
1131 2402 1220 2442 seiner
1244 2403 1384 2437 Antwort
1418 2404 1471 2444 auf
1503 2404 1546 2437 die
1577 2405 1709 2447 Angriffe
1733 2406 1811 2439 Léon
1833 2407 1930 2447 Sah's

1066 2446 1127 2479 dem
1151 2447 1250 2480 Senat
1275 2448 1333 2481 eine
1356 2450 1416 2491 sehr
1438 2449 1587 2491 lehrreiche
1599 2450 1765 2493 Vorlesung
1788 2452 1927 2494 gehalten,

1066 2492 1164 2534 welche
1200 2492 1242 2525 die
1276 2493 1403 2536 schärfste
1425 2494 1660 2538 Verurtheilung
1693 2496 1767 2530 aller
1797 2506 1855 2530 nur
1879 2499 1930 2539 auf

1067 2537 1120 2570 das
1143 2538 1344 2578 kommerzielle
1367 2540 1510 2582 Interesse
1545 2541 1684 2581 einzelner
1712 2541 1863 2582 besonders
1884 2542 1929 2576 be¬

1064 2583 1227 2625 günstigter
1227 2583 1412 2625 Ortschaften
1420 2586 1606 2627 gegründeter
1614 2587 1929 2630 Tarifermäßigungen

1064 2628 1096 2659 in
1120 2628 1171 2669 sich
1188 2628 1288 2670 schloß.
1321 2629 1400 2671 Auch
1424 2631 1467 2664 die
1489 2631 1688 2673 französischen
1703 2633 1929 2675 Staatsbahnen

1063 2672 1213 2714 berechnen
1230 2680 1310 2714 zwar
1328 2676 1372 2708 die
1383 2677 1484 2715 Taxen
1495 2676 1571 2718 nicht
1580 2677 1710 2719 lediglich
1721 2679 1929 2719 proportional

1065 2717 1113 2750 der
1149 2719 1343 2762 Entfernung,
1381 2722 1501 2762 sondern
1534 2722 1627 2764 haben
1664 2724 1721 2756 eine
1757 2723 1928 2765 absteigende

1063 2763 1159 2796 Skala
1186 2783 1221 2788 —
1250 2766 1420 2799 rationeller
1441 2766 1542 2808 Weise,
1580 2768 1655 2800 denn
1688 2769 1720 2801 in
1748 2769 1801 2801 den
1824 2770 1943 2810 Kosten

1065 2808 1112 2841 des
1136 2811 1325 2849 Transports
1360 2812 1421 2852 sind
1456 2811 1487 2853 ja
1510 2811 1579 2853 auch
1604 2813 1746 2852 Faktoren
1771 2815 1925 2856 enthalten,

1062 2853 1105 2885 die
1128 2860 1187 2887 von
1210 2855 1259 2888 der
1282 2855 1378 2897 Länge
1412 2857 1461 2889 der
1495 2858 1716 2899 durchlaufenen
1738 2859 1851 2893 Strecke
1872 2869 1927 2893 un¬

1066 2898 1212 2942 abhängig
1236 2901 1303 2934 oder
1326 2902 1495 2943 wenigstens
1529 2904 1605 2944 nicht
1641 2904 1781 2945 derselben
1805 2910 1926 2945 propor¬

1063 2944 1161 2976 tional
1183 2946 1254 2987 sind.
1302 2946 1381 2980 Aber
1404 2947 1554 2989 abgesehen
1576 2955 1636 2981 von
1660 2950 1770 2991 einigen
1791 2950 1927 2991 Spezial¬

1062 2989 1180 3029 tarifen,
1222 2991 1265 3023 die
1303 3002 1373 3024 man
1412 2994 1561 3035 vorläufig
1595 2993 1664 3035 noch
1699 2996 1725 3034 so
1750 2995 1926 3037 beibehalten

1060 3033 1169 3074 mußte,
1195 3036 1248 3067 wie
1270 3036 1307 3077 sie
1330 3038 1493 3078 aufgestellt
1513 3043 1634 3076 waren,
1660 3040 1707 3072 als
1730 3040 1775 3072 die
1796 3040 1924 3074 Staats¬

1060 3078 1229 3120 bahnlinien
1254 3081 1322 3121 noch
1345 3082 1642 3124 Privatkompagnien
1667 3084 1809 3126 gehörten,
1833 3086 1923 3126 hand¬

1059 3122 1132 3164 habt
1166 3124 1209 3158 die
1232 3126 1607 3169 Staatsbahnverwaltung
1642 3129 1722 3170 jenen
1746 3131 1835 3172 Tarif
1869 3132 1923 3164 mit

1061 3167 1250 3211 absteigender
1274 3170 1368 3204 Skala
1400 3172 1514 3205 überall
1549 3174 1642 3215 völlig
1666 3174 1860 3217 gleichmäßig,
1895 3177 1922 3217 so

1060 3213 1117 3253 daß
1139 3215 1214 3248 keine
1236 3216 1326 3258 näher
1358 3227 1408 3250 am
1430 3217 1606 3259 Absendeort
1629 3220 1755 3261 gelegene
1777 3220 1925 3263 Ortschaft

1058 3258 1160 3299 höhere
1185 3261 1283 3300 Taxen
1318 3272 1352 3301 zu
1388 3262 1520 3304 bezahlen
1556 3265 1618 3305 hat,
1656 3265 1703 3297 als
1739 3266 1798 3298 eine
1829 3267 1924 3300 weiter

1058 3304 1195 3345 gelegene.
1242 3305 1334 3339 Wäre
1370 3307 1413 3340 die
1434 3308 1924 3354 Paris-Lyon-Mittelmeer-Bahn

1061 3348 1120 3381 eine
1143 3350 1346 3393 Staatsbahn,
1382 3354 1410 3393 so
1434 3355 1519 3392 wäre,
1551 3354 1620 3394 nach
1646 3355 1697 3388 den
1720 3360 1779 3388 von
1802 3356 1925 3391 Beraldi

1057 3393 1238 3436 dargelegten
1264 3395 1470 3439 Grundsätzen,
1507 3399 1555 3432 der
1578 3401 1668 3442 Tarif
1700 3400 1756 3434 Nr.
1782 3403 1847 3435 442
1873 3404 1924 3445 auf

1057 3439 1268 3482 französischem
1290 3442 1394 3475 Boden
1418 3443 1493 3484 nicht
1514 3445 1647 3485 geduldet
1670 3447 1794 3479 worden.

1130 3488 1192 3521 Der
1231 3489 1370 3530 nämliche
1410 3489 1586 3532 Fachmann,
1631 3492 1680 3526 der
1717 3494 1839 3536 zugleich
1879 3496 1926 3529 als

1058 3531 1168 3573 Organ
1208 3534 1255 3566 der
1293 3536 1495 3577 französischen
1527 3537 1692 3580 Regierung
1728 3539 1835 3581 sprach,
1875 3541 1927 3583 hat

1057 3576 1199 3618 Beispiele
1223 3580 1388 3621 angeführt,
1425 3581 1478 3615 wie
1511 3582 1684 3624 verderblich
1718 3584 1772 3617 das
1798 3586 1925 3620 willkür¬

1058 3621 1126 3662 liche
1150 3624 1337 3665 Tarifsystem
1360 3625 1409 3658 der
1420 3627 1717 3670 Privatkompagnien
1741 3632 1794 3671 auf
1805 3632 1926 3672 einzelne

1057 3667 1240 3710 Ortschaften
1264 3671 1323 3703 und
1347 3670 1470 3712 einzelne
1492 3673 1755 3717 Industriezweige,
1791 3676 1834 3710 die
1869 3683 1924 3710 von

1058 3712 1109 3745 den
1133 3714 1406 3756 Tarifreduktionen
1429 3717 1649 3760 ausgeschlossen
1672 3726 1780 3758 waren,
1815 3723 1924 3762 zurück¬

1057 3759 1172 3799 gewirkt
1211 3759 1291 3802 habe.
1355 3762 1430 3803 „Ich
1470 3763 1550 3797 kenne
1588 3765 1728 3805 Städte",
1770 3767 1845 3808 sagte
1884 3778 1921 3807 er,

1059 3804 1177 3845 „welche
1224 3805 1310 3847 durch
1351 3807 1438 3848 dieses
1484 3808 1601 3850 System
1647 3809 1922 3855 buchstäblich

1055 3849 1235 3883 ruinirt
1271 3852 1386 3885 worden
1421 3854 1492 3894 sind,
1527 3864 1592 3894 zum
1620 3855 1757 3897 Vortheil
1793 3858 1920 3897 anderer,

1054 3893 1152 3935 welche
1176 3895 1227 3937 sich
1251 3900 1384 3938 vermöge
1406 3898 1545 3939 desselben
1569 3899 1717 3941 bereichert
1738 3901 1863 3944 haben."
1882 3922 1917 3928 —

1055 3939 1124 3979 Also
1150 3941 1204 3973 das
1228 3941 1327 3982 gleiche
1350 3943 1497 3984 Schicksal,
1534 3945 1658 3986 welches,
1693 3947 1740 3980 der
1769 3948 1916 3988 „France"

1051 3994 1088 4024 zu
1111 3985 1213 4027 Folge,
1238 3987 1288 4019 der
1310 3987 1450 4028 schlimme
1473 3989 1606 4031 Nachbar
1617 3991 1744 4032 Schweiz
1768 3992 1816 4026 der
1827 3994 1921 4028 Stadt

1979 1330 2131 1370 Marseille
2165 1330 2287 1365 bereiten
2310 1333 2394 1367 will!
2441 1334 2505 1367 Und
2531 1339 2594 1368 was
2617 1336 2669 1378 hat
2691 1336 2736 1369 die
2759 1338 2840 1377 fran¬

1978 1376 2087 1417 zösische
2108 1377 2274 1420 Regierung
2297 1378 2447 1419 vermocht,
2483 1389 2534 1412 um
2556 1381 2618 1421 jene
2641 1382 2759 1420 Städte,
2783 1388 2842 1415 von

1979 1421 2066 1454 denen
2081 1421 2159 1463 Herr
2173 1423 2296 1456 Beraldi
2319 1424 2423 1464 sprach,
2449 1434 2484 1465 zu
2504 1427 2625 1459 retten?
2649 1427 2682 1468 ist
2705 1428 2743 1469 sie
2766 1428 2841 1460 einer

1978 1467 2006 1506 so
2041 1466 2208 1509 schädlichen
2239 1468 2428 1510 Tarifpolitik
2462 1470 2509 1503 der
2544 1471 2842 1514 Privatkompagnien

1978 1512 2132 1553 machtvoll
2149 1516 2427 1557 entgegengetreten;
2451 1516 2501 1557 hat
2524 1518 2561 1558 sie
2584 1517 2627 1550 die
2639 1518 2841 1559 Kompagnien

1978 1558 2136 1600 genöthigt,
2160 1558 2230 1599 nach
2252 1559 2421 1600 gesunderen
2441 1561 2634 1604 Grundsätzen
2656 1563 2717 1604 ihre
2739 1564 2842 1605 Tarife

1978 1611 2012 1642 zu
2037 1604 2199 1645 gestalten?
2245 1604 2330 1643 Nein,
2366 1606 2420 1639 mit
2443 1607 2613 1648 Ausnahme
2644 1608 2690 1641 der
2714 1609 2841 1642 Staats¬

1977 1647 2099 1690 bahnen,
2123 1648 2195 1682 über
2217 1650 2315 1690 welche
2339 1650 2382 1683 die
2398 1651 2563 1694 Regierung
2585 1653 2655 1693 freie
2664 1654 2842 1696 Verfügung

1977 1693 2038 1735 hat,
2063 1694 2096 1736 ist
2119 1694 2203 1728 Alles
2228 1695 2380 1736 geblieben,
2404 1697 2457 1730 wie
2480 1701 2508 1730 es
2533 1705 2605 1737 war,
2632 1699 2689 1731 und
2714 1699 2787 1732 wird
2812 1701 2839 1741 so

1977 1738 2097 1778 bleiben,
2134 1740 2208 1773 denn
2242 1740 2327 1782 dieser
2349 1742 2481 1782 Zustand
2502 1742 2552 1776 der
2570 1744 2668 1786 Dinge
2699 1746 2737 1786 ist
2758 1754 2841 1787 zuge¬

1979 1785 2098 1826 gelassen
2134 1785 2218 1826 durch
2253 1786 2306 1820 das
2331 1786 2416 1829 Gesetz
2452 1788 2509 1821 und
2540 1789 2592 1821 das
2626 1788 2761 1832 „Cahier
2784 1791 2837 1824 des

1978 1829 2142 1873 charges“.
2188 1830 2266 1872 Nach
2300 1832 2354 1865 wie
2387 1838 2441 1866 vor
2474 1833 2582 1867 können
2615 1835 2649 1868 in
2671 1836 2840 1877 Frankreich

1979 1874 2063 1916 durch
2079 1876 2438 1919 Tarifvergünstigungen,
2463 1879 2560 1920 welche
2582 1879 2626 1913 die
2638 1881 2841 1923 Kompagnien

1978 1919 2030 1953 den
2054 1921 2135 1954 einen
2159 1922 2315 1965 gewähren,
2342 1923 2395 1956 den
2409 1924 2517 1958 andern
2540 1927 2682 1967 versagen,
2711 1927 2841 1965 „Städte

1977 1964 2162 2008 buchstäblich
2186 1968 2314 2002 ruinirt"
2343 1969 2462 2007 werden,
2487 1971 2547 2003 und
2570 1976 2625 2004 vor
2656 1972 2758 2013 solcher
2781 1972 2839 2006 Ge¬

1978 2012 2132 2053 fährdung,
2169 2013 2266 2053 welche
2300 2013 2344 2047 die
2378 2015 2555 2057 französische
2580 2017 2747 2059 Regierung
2781 2024 2840 2051 von

1978 2056 2030 2089 den
2053 2057 2184 2091 Städten
2205 2059 2282 2100 ihres
2307 2059 2419 2101 eigenen
2436 2060 2545 2094 Landes
2569 2062 2645 2103 nicht
2668 2062 2841 2104 abzuhalten

1978 2107 2103 2145 vermag,
2141 2104 2229 2143 sollen
2251 2104 2306 2137 wir
2330 2104 2564 2146 Schweizer
2587 2107 2631 2141 die
2658 2109 2839 2150 franzö¬

1978 2148 2097 2188 sische
2120 2149 2217 2182 Stadt
2240 2149 2392 2190 Marseille
2412 2150 2589 2193 bewahren?

2043 2194 2120 2233 Zum
2146 2193 2246 2228 Glücke
2267 2195 2302 2236 ist
2326 2195 2369 2228 die
2384 2197 2531 2237 „France"
2559 2197 2635 2239 nicht
2658 2199 2835 2241 Frankreich.

1977 2238 2033 2272 Die
2067 2240 2244 2282 französische
2265 2241 2430 2284 Regierung
2465 2242 2537 2276 wird
2560 2243 2636 2284 nicht
2669 2245 2695 2285 so
2726 2244 2837 2287 kopflos

1975 2284 2041 2323 sein,
2077 2285 2119 2317 ein
2144 2285 2291 2327 Begehren
2326 2296 2361 2327 zu
2385 2287 2488 2328 stellen,
2525 2289 2578 2322 das
2613 2289 2661 2331 ihr
2693 2300 2754 2323 nur
2777 2291 2837 2323 eine

1976 2328 2185 2371 diplomatische
2208 2331 2377 2373 Niederlage
2400 2333 2547 2374 eintragen
2570 2334 2670 2368 könnte
2692 2335 2754 2368 und
2783 2336 2837 2369 den

1976 2374 2026 2414 für
2050 2375 2201 2415 Marseille
2223 2375 2411 2418 befürchteten
2423 2378 2555 2418 Schaden
2577 2380 2653 2421 nicht
2671 2380 2834 2420 abwenden,

1976 2420 2095 2459 sondern
2116 2430 2171 2460 zur
2194 2421 2371 2456 vollendeten
2394 2423 2546 2465 Thatsache
2569 2425 2683 2466 machen
2705 2427 2814 2459 würde.

2247 2564 2567 2625 Kantone.

2333 2645 2487 2690 Zürich.

2043 2674 2252 2716 (Eingesandt.)
2299 2676 2356 2710 Die
2396 2677 2548 2711 Gemeinde
2585 2679 2747 2721 Ottenbach
2783 2681 2838 2723 hat

1973 2718 2065 2760 ihrem
2087 2720 2212 2762 Pfarrer
2236 2721 2321 2761 Kunz
2356 2722 2414 2755 eine
2439 2723 2664 2766 Gehaltszulage
2687 2732 2746 2758 von
2772 2729 2835 2759 700

1973 2764 2026 2804 Fr.
2052 2764 2191 2807 bewilligt
2222 2766 2279 2799 und
2304 2766 2398 2800 damit
2431 2769 2488 2809 sein
2509 2769 2636 2803 Bleiben
2670 2771 2700 2804 in
2735 2771 2837 2812 seinem

1972 2808 2132 2851 bisherigen
2156 2810 2389 2852 Wirkungskreis
2412 2813 2549 2855 gesichert.

2347 2882 2453 2928 Zug.

2041 2908 2110 2942 Wir
2146 2910 2256 2944 werden
2289 2911 2321 2944 in
2357 2912 2432 2944 einer
2457 2913 2599 2955 Zuschrift
2632 2916 2837 2958 aufgefordert,

1974 2952 2017 2985 die
2053 2954 2275 2997 Beschimpfung
2313 2966 2350 2996 zu
2387 2956 2615 2999 brandmarken,
2656 2962 2756 3002 welche
2792 2964 2839 2996 alt

1974 2998 2160 3041 Ständerath
2192 3001 2366 3043 Dossenbach
2401 3003 2433 3036 in
2466 3003 2553 3037 Baar
2587 3015 2627 3038 an
2651 3006 2838 3049 öffentlichem

1971 3043 2049 3075 Orte
2086 3054 2173 3085 gegen
2206 3046 2261 3079 das
2294 3047 2446 3081 Andenken
2479 3049 2537 3083 Dr.
2574 3051 2678 3091 Alfred
2711 3052 2837 3094 Escher's

1971 3086 2144 3127 schleuderte.
2192 3090 2262 3123 Wir
2295 3091 2389 3132 haben
2420 3092 2474 3126 das
2497 3093 2665 3136 betreffende
2687 3098 2836 3139 Schimpf¬

1970 3135 2048 3166 wort
2081 3134 2121 3166 im
2162 3136 2278 3177 „Zuger
2301 3136 2457 3171 Volksbl."
2494 3140 2512 3179 s.
2538 3141 2576 3180 Z.
2613 3142 2683 3183 auch
2716 3143 2832 3184 gelesen,

1973 3177 2040 3211 aber
2063 3179 2139 3219 nicht
2173 3181 2222 3220 für
2246 3182 2346 3223 nöthig
2381 3183 2528 3224 gefunden,
2567 3186 2664 3219 davon
2687 3188 2774 3229 Notiz
2798 3198 2834 3228 zu

1971 3224 2100 3265 nehmen,
2125 3225 2164 3257 da
2187 3226 2243 3259 Dr.
2259 3227 2362 3266 Alfred
2386 3228 2481 3269 Escher
2504 3235 2562 3262 von
2586 3232 2632 3265 alt
2647 3232 2833 3276 Ständerath

1973 3268 2147 3311 Dossenbach
2171 3271 2245 3312 nicht
2266 3271 2427 3315 beschimpft
2450 3275 2560 3308 werden
2583 3276 2666 3310 kann.

2321 3343 2483 3381 Wallis.

2037 3366 2099 3400 Der
2122 3376 2173 3400 am
2195 3368 2287 3410 letzten
2312 3369 2454 3413 Sonntag
2488 3372 2518 3406 in
2542 3374 2634 3415 Nizza
2657 3376 2833 3418 verstorbene

1969 3410 2053 3454 Josef
2084 3413 2234 3452 Fama,
2270 3416 2440 3457 ehemaliges
2474 3418 2614 3461 Mitglied
2640 3421 2687 3455 des
2710 3422 2833 3463 Großen

1969 3456 2080 3497 Rathes
2096 3458 2157 3490 und
2174 3459 2471 3502 Gemeindepräsident
2494 3469 2551 3497 von
2562 3465 2678 3505 Saxon,
2701 3469 2834 3509 stammte

1969 3502 2169 3544 ursprünglich
2199 3510 2257 3538 von
2279 3506 2411 3545 Spalato
2447 3508 2478 3541 in
2511 3510 2693 3545 Dalmatien.
2743 3513 2834 3547 Seine

1968 3547 2094 3587 Familie
2115 3549 2216 3591 gehört
2238 3559 2273 3591 zu
2294 3551 2349 3585 den
2364 3554 2572 3596 angesehensten
2583 3556 2751 3598 Patriziern
2775 3566 2833 3592 von

1969 3592 2096 3635 Venedig
2131 3595 2191 3628 und
2225 3596 2350 3637 mehrere
2382 3597 2498 3631 Glieder
2531 3601 2673 3642 derselben
2706 3604 2828 3645 nehmen

1967 3638 2075 3679 sowohl
2096 3639 2128 3671 in
2152 3640 2321 3682 Oesterreich
2353 3643 2401 3675 als
2437 3644 2505 3686 auch
2541 3646 2573 3678 in
2605 3648 2727 3686 Italien
2761 3649 2832 3692 hohe

1968 3683 2099 3718 Stellen
2099 3683 2163 3718 ein.
2209 3687 2266 3725 Im
2289 3688 2386 3730 Jahre
2412 3690 2496 3722 1848
2531 3691 2680 3734 befehligte
2713 3704 2744 3727 er
2779 3696 2824 3729 ein

1966 3728 2123 3763 Bataillon
2147 3730 2332 3774 italienischer
2354 3734 2562 3776 Insurgenten,
2599 3739 2644 3771 die
2665 3739 2716 3781 sich
2741 3750 2826 3783 gegen

1967 3773 2009 3806 die
2031 3775 2242 3817 österreichische
2275 3778 2440 3821 Regierung
2476 3782 2604 3823 erhoben.
2655 3784 2695 3818 Er
2730 3786 2827 3819 wurde

1966 3819 2111 3862 deßwegen
2134 3821 2278 3856 verbannt
2300 3824 2361 3856 und
2384 3823 2473 3866 begab
2496 3827 2547 3868 sich
2570 3828 2640 3869 nach
2656 3829 2757 3871 Paris,
2783 3838 2828 3864 wo

1966 3875 1995 3897 er
2017 3865 2068 3906 sich
2081 3866 2282 3909 verheiratete;
2306 3869 2424 3910 nachher
2437 3871 2493 3910 ließ
2506 3883 2535 3905 er
2548 3873 2598 3914 sich
2610 3874 2643 3906 in
2656 3875 2827 3917 Martinach

1964 3910 2059 3942 nieder
2092 3912 2153 3943 und
2177 3913 2269 3954 kaufte
2302 3913 2354 3955 sich
2389 3915 2442 3949 das
2464 3916 2601 3957 Walliser
2623 3919 2825 3962 Bürgerrecht.

1964 3954 2042 3988 Vom
2067 3955 2319 3992 Kommandanten
2345 3960 2478 4001 Gaspard
2502 3963 2531 3995 de
2556 3964 2692 4003 Sépibus
2714 3967 2827 4000 erwarb

1965 4010 1995 4033 er
2016 4000 2068 4042 sich
2091 4002 2171 4035 dann
2203 4003 2248 4036 die
2276 4004 2377 4038 Bäder
2410 4007 2470 4039 und
2503 4008 2546 4041 die
2569 4009 2733 4052 Spielhölle
2769 4017 2826 4045 von

2885 1355 3001 1396 Saxon.
3049 1357 3148 1398 Dieses
3169 1359 3383 1402 Unternehmen
3411 1361 3523 1404 brachte
3544 1364 3605 1406 ihm
3628 1366 3672 1399 ein
3696 1376 3755 1400 un¬

2885 1401 3021 1442 geheures
3042 1403 3210 1445 Vermögen
3231 1405 3287 1437 ein.
3333 1407 3430 1446 Fama
3441 1409 3548 1449 machte
3570 1410 3674 1450 davon,
3698 1412 3754 1446 wie

2885 1446 2934 1479 der
2961 1448 3164 1489 „Confédéré"
3192 1450 3263 1491 sagt,
3296 1450 3348 1484 den
3379 1453 3553 1495 nützlichsten
3587 1454 3747 1499 Gebrauch,

2885 1502 2916 1524 er
2938 1493 3004 1534 that
3038 1494 3088 1534 für
3112 1493 3156 1527 die
3177 1494 3288 1528 Armen
3310 1497 3371 1529 und
3395 1498 3528 1533 Kranken
3563 1507 3621 1534 von
3642 1502 3751 1543 Saxon

2885 1538 3035 1578 unendlich
3059 1539 3115 1572 viel
3139 1539 3199 1572 und
3222 1541 3280 1581 ließ
3316 1544 3369 1584 auf
3392 1544 3462 1584 seine
3498 1546 3611 1587 eigenen
3645 1547 3751 1589 Kosten

2884 1583 2967 1616 einen
2989 1584 3090 1617 Kanal
3113 1584 3218 1625 bauen,
3254 1586 3340 1628 durch
3364 1589 3482 1630 welchen
3515 1591 3564 1625 der
3599 1591 3755 1627 Gemeinde

2885 1628 2945 1661 eine
2979 1629 3067 1671 große
3089 1630 3201 1664 Strecke
3235 1631 3418 1673 fruchtbaren
3452 1634 3563 1670 Landes
3597 1644 3756 1679 gewonnen

2884 1674 2992 1707 wurde.
3040 1676 3137 1715 Fama
3159 1676 3273 1717 gehörte
3307 1679 3356 1711 der
3389 1679 3530 1714 liberalen
3563 1683 3667 1724 Partei
3700 1694 3752 1724 an,

2883 1719 2916 1751 in
2940 1719 3054 1760 welcher
3079 1730 3108 1753 er
3134 1722 3214 1755 einen
3236 1722 3425 1758 bedeutenden
3449 1726 3571 1769 Einfluß
3594 1728 3686 1770 besaß.

3258 1767 3379 1809 Genf.

2954 1809 2993 1850 (Ƨ
3004 1810 3138 1852 Korresp.
3179 1817 3246 1845 vom
3267 1816 3320 1847 26.
3346 1815 3463 1856 Dezbr.)
3510 1818 3577 1852 Das
3600 1818 3753 1862 wichtigste

2883 1856 3111 1897 Tagesgespräch
3149 1858 3183 1890 in
3214 1857 3293 1898 Genf
3328 1858 3419 1894 bildet
3448 1861 3491 1896 die
3513 1864 3606 1906 sogen.
3634 1866 3756 1906 „Heils¬

2885 1904 3011 1934 armee".
3036 1902 3136 1943 Schon
3159 1903 3203 1936 die
3218 1904 3339 1945 Plakate
3363 1905 3502 1948 derselben
3524 1910 3585 1950 sind
3610 1911 3753 1951 frappant

2885 1955 2988 1988 genug,
3026 1946 3063 1979 da
3096 1949 3133 1989 sie
3156 1949 3299 1991 ungefähr
3330 1952 3357 1991 so
3381 1951 3502 1986 lauten:
3554 1956 3629 1994 „Die
3651 1957 3754 1997 Heils¬

2884 2000 2979 2024 armee
3003 1992 3097 2035 liefert
3120 1993 3182 2035 ihre
3206 1996 3293 2035 ersten
3305 1996 3484 2038 Schlachten,
3502 1999 3544 2032 die
3555 2000 3753 2043 Marschallin

2883 2036 2958 2069 wird
2981 2038 3024 2070 die
3053 2039 3154 2072 Attake
3178 2040 3312 2082 führen."
3362 2042 3419 2076 Die
3446 2044 3579 2078 Männer
3607 2064 3642 2069 —
3669 2049 3754 2091 Offi¬

2883 2082 2954 2122 ziere
2981 2102 3018 2106 —
3045 2083 3092 2116 der
3115 2084 3297 2125 Heilsarmee
3319 2089 3421 2129 tragen
3450 2089 3509 2123 eine
3532 2091 3590 2125 Art
3613 2093 3756 2134 Uniform

2883 2128 2940 2160 mit
2961 2128 3139 2170 bestimmten
3162 2130 3322 2172 Abzeichen,
3347 2132 3431 2174 indeß
3454 2134 3576 2177 dagegen
3600 2137 3643 2171 die
3658 2139 3754 2173 Mar¬

2883 2172 3001 2213 schallin
3035 2175 3067 2207 in
3102 2175 3306 2217 gewöhnlicher
3334 2179 3584 2224 Frauenkleidung
3618 2184 3753 2224 auftritt.

2882 2218 2980 2252 Wenn
3005 2225 3062 2253 von
3086 2221 3163 2253 einer
3178 2222 3280 2255 Armee
3305 2228 3362 2256 von
3374 2224 3543 2267 Schlachten
3559 2228 3618 2260 und
3628 2229 3753 2264 Attaken

2883 2263 2927 2296 die
2949 2265 3026 2299 Rede
3048 2266 3091 2306 ist,
3116 2267 3145 2307 so
3170 2266 3233 2301 will
3256 2267 3311 2302 das
3333 2270 3426 2311 sagen,
3451 2270 3508 2311 daß
3540 2277 3570 2306 es
3592 2275 3751 2316 verlorene,

2882 2309 2931 2342 der
2954 2310 3060 2343 Sünde
3082 2312 3238 2350 verfallene
3260 2313 3368 2347 Seelen
3390 2325 3425 2356 zu
3448 2319 3549 2356 retten,
3574 2318 3626 2351 den
3643 2321 3749 2355 Satan

2880 2365 2917 2397 zu
2940 2355 3103 2396 bekämpfen
3127 2357 3186 2389 und
3217 2368 3252 2398 zu
3273 2358 3398 2401 besiegen
3420 2361 3486 2402 gilt.
3532 2363 3589 2397 Die
3611 2364 3751 2405 Häupter

2881 2402 2930 2434 der
2953 2402 3133 2442 Heilsarmee
3144 2402 3206 2444 sind
3220 2404 3397 2445 Engländer.
3421 2407 3486 2446 Für
3509 2408 3552 2441 die
3567 2416 3747 2453 neuerungs¬

2881 2446 3024 2489 süchtigen
3045 2447 3105 2479 und
3129 2449 3310 2490 neugierigen
3328 2449 3436 2491 Genfer
3458 2458 3522 2486 war
3544 2455 3689 2497 natürlich
3705 2457 3752 2491 die

2882 2492 3063 2533 Heilsarmee
3086 2493 3140 2526 wie
3164 2495 3297 2535 gemacht.
3322 2495 3407 2537 Nicht
3428 2495 3498 2539 bloß
3510 2499 3666 2541 Hunderte,
3684 2503 3752 2543 son¬

2882 2538 2953 2570 dern
2975 2538 3023 2570 ein
3045 2545 3120 2578 paar
3137 2540 3285 2580 Tausende
3308 2546 3368 2573 von
3382 2543 3527 2584 Personen
3550 2544 3676 2580 drückten
3687 2549 3752 2582 und

2883 2583 3026 2624 drängten
3049 2583 3099 2625 sich
3123 2584 3235 2626 letzthin
3269 2586 3318 2620 der
3341 2587 3567 2632 Versammlung
3589 2601 3634 2632 zu.
3682 2593 3751 2627 Den

2882 2629 3127 2669 protestantischen
3150 2630 3419 2674 Staatsgeistlichen
3450 2634 3487 2676 ist
3520 2635 3564 2669 die
3592 2638 3752 2680 Missions¬

2883 2674 3031 2715 thätigkeit
3055 2674 3102 2707 der
3125 2675 3306 2715 Heilsarmee
3341 2678 3386 2711 ein
3410 2679 3495 2713 Dorn
3518 2681 3560 2715 im
3582 2683 3664 2725 Auge
3686 2685 3749 2718 und

2883 2724 2913 2752 es
2936 2720 3010 2761 fehlt
3047 2720 3123 2761 nicht
3157 2731 3197 2753 an
3234 2722 3317 2763 ihren
3342 2724 3519 2765 öffentlichen
3541 2726 3749 2771 Warnungen.

2882 2764 2986 2805 Liefert
3010 2765 3052 2798 die
3074 2766 3254 2806 Heilsarmee
3277 2768 3346 2809 auch
3359 2769 3431 2803 keine
3444 2771 3601 2813 wirklichen
3613 2774 3752 2817 Schlach¬

2881 2812 2939 2848 ten,
2964 2812 2993 2851 so
3016 2810 3079 2852 gibt
3099 2812 3137 2854 sie
3160 2811 3226 2854 doch
3248 2815 3418 2856 wenigstens
3450 2815 3503 2849 den
3531 2818 3650 2860 Anstoß,
3690 2820 3750 2861 daß

2881 2865 2952 2889 man
2986 2855 3038 2898 sich
3062 2856 3129 2898 noch
3154 2857 3279 2900 schlagen
3303 2859 3386 2893 wird.
3426 2860 3525 2903 Schon
3547 2863 3621 2906 letzte
3643 2865 3749 2907 Woche

2883 2901 2978 2944 haben
3001 2902 3060 2935 eine
3081 2902 3198 2945 Anzahl
3221 2904 3436 2948 Gassenjungen
3458 2906 3501 2940 die
3516 2908 3746 2949 Versammelten

2883 2948 3072 2989 ausgepfiffen
3094 2949 3155 2982 und
3180 2949 3264 2991 durch
3288 2952 3400 2985 allerlei
3422 2953 3525 2995 Posten
3549 2956 3660 2997 gestört.
3679 2957 3749 2991 Das

2880 2992 3084 3034 Bedeutendste
3106 2994 3139 3027 in
3162 2995 3246 3037 dieser
3268 2996 3399 3039 Hinsicht
3412 2997 3487 3032 blieb
3510 2998 3578 3033 aber
3593 3001 3654 3035 dem
3677 3003 3749 3045 gest¬

2883 3038 2965 3079 rigen
2987 3039 3226 3083 Weihnachtstag
3261 3042 3457 3084 vorbehalten.
3506 3045 3563 3078 Ein
3585 3047 3644 3088 sehr
3666 3048 3751 3090 zahl¬

2879 3083 2981 3125 reiches
2992 3085 3151 3126 Publikum
3175 3087 3246 3127 fand
3268 3087 3320 3129 sich
3343 3088 3384 3122 im
3397 3088 3503 3130 großen
3511 3091 3749 3132 Reformations¬

2879 3129 2955 3169 saale
2978 3129 3034 3168 ein,
3059 3140 3109 3163 um
3149 3131 3186 3163 da
3224 3133 3255 3164 in
3290 3133 3364 3166 aller
3387 3134 3480 3168 Stille
3502 3137 3662 3179 zuzuhören
3685 3139 3747 3173 und

2877 3175 3036 3216 zuzusehen.
3057 3176 3115 3209 Als
3139 3186 3201 3209 nun
3226 3178 3268 3210 die
3290 3179 3466 3221 Missionäre
3490 3181 3538 3215 der
3553 3183 3744 3226 Heilsarmee,

2878 3219 2961 3259 sowie
2985 3220 3057 3254 viele
3080 3224 3241 3263 anwesende
3264 3224 3418 3267 orthodoxe
3441 3225 3549 3271 Genfer
3572 3230 3618 3264 ein
3632 3230 3697 3265 Lied
3708 3242 3747 3274 zu

2884 3265 2981 3307 singen
3004 3265 3161 3308 begannen,
3188 3269 3236 3303 als
3259 3271 3415 3311 Trompete
3438 3275 3496 3306 und
3521 3275 3662 3317 Cymbeln
3696 3278 3744 3312 be¬

2876 3309 3001 3351 gleitend
3032 3313 3064 3345 in
3099 3312 3153 3346 den
3177 3314 3359 3359 Chorgesang
3382 3318 3521 3359 einfielen,
3561 3322 3598 3354 da
3622 3323 3744 3365 erhoben

2876 3359 2931 3397 gut
2953 3357 3013 3390 und
3037 3358 3147 3400 schlecht
3170 3361 3314 3401 gekleidete
3336 3363 3424 3405 junge
3446 3363 3529 3398 Leute
3552 3367 3598 3400 ein
3635 3369 3743 3411 furcht¬

2875 3401 2962 3436 bares
2983 3404 3107 3444 Heulen,
3131 3405 3278 3446 Schreien,
3301 3409 3401 3448 Rufen
3430 3410 3490 3443 und
3512 3411 3635 3454 Pfeifen.
3683 3415 3744 3448 Ein

2875 3447 3006 3489 heilloser
3029 3449 3180 3483 Wirrwar
3203 3452 3302 3494 folgte.
3342 3454 3400 3488 Als
3422 3454 3464 3488 die
3488 3455 3653 3499 Gläubigen
3676 3470 3744 3500 zum

2877 3492 2969 3526 Gebet
2991 3497 3046 3537 auf
3068 3495 3110 3528 die
3126 3497 3217 3530 Kniee
3228 3498 3416 3540 niederfielen,
3441 3502 3490 3534 als
3512 3503 3606 3542 später
3617 3505 3744 3546 mehrere

2877 3538 3054 3581 Missionäre
3077 3542 3136 3574 und
3161 3542 3204 3576 die
3217 3544 3411 3585 Marschallin
3434 3547 3539 3587 endlich
3562 3549 3644 3583 reden
3657 3551 3741 3585 woll¬

2876 3585 2932 3622 ten,
2958 3585 2995 3617 da
3019 3586 3199 3629 wiederholte
3221 3588 3271 3630 sich
3295 3590 3344 3622 der
3366 3591 3504 3632 nämliche
3518 3593 3667 3633 Spektakel
3679 3597 3741 3630 und

2876 3628 2924 3661 der
2945 3630 3126 3673 Chorgesang
3162 3634 3259 3667 wurde
3297 3640 3355 3667 von
3379 3636 3431 3669 den
3454 3636 3602 3680 banalsten
3625 3640 3742 3675 Liedern

2875 3674 2952 3707 einer
2982 3677 3196 3719 ausgelassenen
3230 3680 3352 3722 Jugend
3389 3680 3535 3716 übertönt.
3582 3685 3648 3719 Alle
3679 3687 3740 3721 Be¬

2874 3719 3042 3762 mühungen
3081 3723 3262 3766 anständiger
3299 3725 3416 3768 Genfer,
3456 3727 3507 3761 den
3545 3729 3741 3772 Ruhestörern

2873 3767 2961 3798 unter
2981 3766 3116 3806 Hinweis
3150 3769 3203 3809 auf
3226 3770 3353 3804 Kultus-
3388 3772 3448 3804 und
3483 3773 3740 3819 Versammlungs¬

2873 3809 2985 3852 freiheit
3020 3812 3130 3852 Raison
3164 3824 3199 3854 zu
3234 3817 3377 3858 predigen,
3409 3819 3526 3851 wurden
3549 3821 3604 3853 mit
3628 3820 3739 3863 Gegen¬

2872 3855 2956 3888 reden
2979 3857 3042 3890 voll
3064 3857 3187 3893 bitteren
3210 3861 3337 3900 Spottes
3358 3863 3593 3905 zurückgewiesen.
3618 3866 3664 3900 So
3688 3868 3740 3910 sah

2872 3899 2923 3941 sich
2959 3901 3032 3935 denn
3057 3903 3099 3935 die
3121 3905 3302 3945 Heilsarmee
3332 3908 3402 3949 nach
3426 3909 3638 3952 einstündigem,
3662 3914 3738 3956 nutz¬

2871 3945 2957 3985 losem
2980 3947 3097 3989 Mühen
3122 3951 3278 3992 genöthigt,
3305 3952 3356 3993 sich
3381 3954 3412 3986 in
3435 3953 3514 3987 einen
3538 3955 3644 3990 kleinen
3654 3958 3741 3992 Saal

2873 3989 3014 4031 desselben
3031 3993 3183 4028 Gebäudes
3206 3997 3433 4040 zurückzuziehen
3466 4000 3525 4032 und
3560 4002 3596 4033 da
3621 4001 3662 4035 die
3685 4004 3739 4044 für

2871 4035 2979 4069 einmal
2991 4039 3138 4073 verlorene
3150 4040 3285 4082 Schlacht
3297 4043 3399 4076 wieder
3422 4046 3638 4088 aufzunehmen.
3662 4049 3737 4088 Hier

406 4170 579 4221 Feuilleton
612 4172 715 4218 1882
718 4206 728 4217 .

398 4282 537 4320 Pariser
555 4285 732 4319 Konzerte.

565 4332 591 4364 I.

186 4338 229 4368 Es
256 4339 288 4374 ist
315 4341 475 4378 unläugbar,
506 4341 556 4376 daß
585 4341 614 4371 in
633 4342 690 4372 dem
708 4343 792 4379 letzten
809 4346 953 4383 Jahrzehnt
972 4350 1001 4378 in

127 4377 216 4413 Paris
236 4379 304 4413 oder,
327 4396 356 4401 —
379 4385 437 4411 was
456 4382 484 4411 in
502 4381 601 4417 diesem,
629 4382 676 4412 wie
701 4383 729 4413 in
751 4385 882 4419 manchem
901 4388 1001 4418 andern

129 4417 214 4454 Falle,
243 4420 456 4455 gleichbedeutend
482 4421 513 4457 ist
534 4437 564 4441 —
584 4422 613 4452 in
641 4422 792 4458 Frankreich
818 4424 868 4455 das
895 4426 1000 4461 Opern¬

128 4458 211 4493 wesen
241 4459 427 4494 abgenommen
456 4461 510 4491 und
538 4461 586 4490 das
604 4461 796 4498 Konzertwesen
814 4472 999 4500 zugenommen

128 4498 180 4533 hat.
200 4499 243 4529 Es
261 4500 294 4535 ist
310 4500 359 4530 das
377 4509 447 4537 zwar
464 4502 506 4532 ein
514 4502 622 4538 Verlust
639 4503 685 4538 für
701 4503 741 4533 die
758 4505 891 4535 nationale
901 4506 997 4542 Eigen¬

127 4538 306 4576 thümlichkeit,
333 4542 392 4571 weil
421 4543 461 4572 die
479 4542 627 4579 Franzosen
645 4552 698 4574 nur
715 4545 743 4574 in
762 4545 807 4575 der
825 4545 998 4580 Opernmusik

126 4580 259 4616 wahrhaft
285 4581 419 4618 originelle
445 4583 597 4618 Leistungen
623 4583 792 4620 aufzuweisen
819 4585 908 4621 haben,
935 4587 998 4617 aber

126 4619 207 4655 dafür
234 4622 276 4651 ein
296 4622 410 4653 Gewinn
435 4632 472 4653 an
490 4623 650 4660 gründlicher
668 4625 848 4661 musikalischer
866 4627 996 4664 Bildung.

126 4660 186 4691 Vor
203 4660 263 4692 dem
272 4661 351 4698 Krieg
369 4663 474 4699 bestand
491 4665 571 4700 außer
591 4664 649 4694 dem
665 4673 721 4695 nur
738 4665 865 4703 Wenigen
882 4668 996 4705 zugäng¬

124 4700 204 4737 lichen
232 4702 501 4740 hocharistokratischen
522 4705 639 4740 Institut
666 4704 711 4736 der
734 4705 996 4742 Konservatoriums¬

124 4740 239 4778 konzerte
265 4751 319 4773 nur
344 4745 425 4775 eine
444 4745 650 4782 Veranstaltung
673 4747 718 4781 für
742 4747 995 4787 Orchesterkonzerte,

124 4782 213 4817 welche
242 4784 287 4818 für
313 4784 362 4815 das
381 4786 459 4821 große
477 4786 621 4822 Publikum
640 4787 764 4823 berechnet
783 4798 847 4827 war,
876 4791 914 4820 die
941 4800 995 4822 von

123 4822 282 4861 Pasdeloup
301 4825 337 4854 im
353 4826 439 4862 Jahre
460 4827 527 4856 1861
545 4828 719 4864 gegründeten
739 4833 885 4860 »concerts
903 4841 995 4869 popu¬

123 4862 228 4892 laires«
238 4866 277 4895 im
287 4865 392 4902 Cirque
402 4867 523 4898 d’hiver.
542 4868 615 4899 Bald
632 4869 694 4904 nach
710 4871 766 4901 dem
778 4871 856 4909 Krieg
873 4873 995 4910 eröffnete

123 4903 247 4936 Colonne
263 4907 302 4936 im
312 4905 456 4943 Châtelet,
482 4907 641 4945 demjenigen
668 4910 776 4945 Pariser
802 4912 918 4949 Theater,
943 4915 994 4944 das

122 4943 171 4974 den
191 4946 311 4982 größten,
329 4948 368 4977 die
385 4948 463 4983 große
481 4948 556 4984 Oper
578 4957 627 4979 um
653 4951 696 4981 ein
714 4952 892 4985 Bedeutendes
921 4955 995 4986 über¬

120 4985 265 5020 treffenden
291 4987 513 5023 Zuschanerraum
543 4988 638 5026 besitzt,
674 4992 716 5021 ein
742 4992 995 5031 Konkurrenzunter¬

119 5025 241 5060 nehmen.
277 5028 329 5064 Im
347 5030 430 5064 letzten
449 5028 521 5064 Jahr
538 5029 634 5065 endlich
651 5030 750 5068 (1881)
777 5035 926 5069 entstanden
943 5046 993 5073 gar

119 5066 180 5098 zwei
209 5075 273 5098 neue
296 5068 648 5106 Konzertunternehmungen
685 5080 737 5102 von
767 5074 928 5112 Lamoureux
953 5078 993 5107 im

121 5103 254 5135 Chateau
263 5109 469 5145 d'eau-Theater
485 5110 542 5139 und
550 5118 604 5140 von
613 5110 736 5146 Brousset
744 5112 783 5143 im
797 5114 904 5152 Cirque
915 5117 992 5147 d’été

120 5143 165 5179 (in
182 5145 233 5176 den
253 5148 379 5186 Champs
398 5150 537 5186 Elysées).
554 5149 617 5180 Von
636 5150 717 5186 diesen
736 5152 824 5184 beiden
842 5156 934 5188 konnte
945 5158 993 5194 sich

118 5192 175 5215 nur
192 5186 244 5217 das
261 5190 352 5225 erstere
369 5190 557 5226 (Lamoureux)
574 5190 662 5227 halten
679 5192 735 5221 und
751 5195 815 5228 auch
833 5195 912 5230 dieses
929 5199 991 5228 viel¬

116 5226 188 5261 leicht
206 5235 261 5258 nur
279 5230 354 5265 durch
372 5231 411 5261 die
429 5231 577 5267 persönliche
596 5231 814 5270 Opferwilligkeit
831 5235 877 5266 des
896 5237 991 5268 Leiters

115 5264 255 5301 derselben.
290 5270 335 5306 In
351 5271 444 5306 diesem
461 5271 535 5307 Jahr
550 5271 583 5307 ist
600 5280 659 5301 nun
670 5273 733 5308 auch
743 5273 803 5304 dem
811 5275 992 5315 Lamoureux'¬

116 5306 184 5342 schen
212 5308 330 5345 Institut
356 5312 401 5341 der
430 5312 605 5340 »Nouveaux
634 5310 797 5351 Concerts«,
834 5318 883 5347 wie
909 5318 991 5349 denen

110 5346 288 5385 Pasdeloups
314 5351 370 5382 und
395 5352 533 5383 Colonnes
567 5353 626 5383 eine
652 5352 906 5390 Staatssubvention
935 5368 990 5391 von

1049 4082 1149 4116 10,000
1166 4083 1213 4118 Fr.
1231 4084 1356 4121 bewilligt
1373 4086 1488 4117 worden.
1524 4088 1594 4123 Auch
1622 4089 1657 4124 ist
1674 4089 1716 4120 der
1734 4090 1830 4127 Besuch
1857 4092 1912 4122 des¬

1046 4121 1129 4156 selben
1147 4123 1177 4152 in
1195 4123 1239 4153 der
1257 4125 1336 4160 ersten
1354 4126 1441 4161 Hälfte
1465 4128 1541 4162 dieses
1561 4129 1681 4160 Winters
1707 4130 1733 4166 so
1752 4131 1857 4168 günstig
1875 4141 1913 4169 ge¬

1046 4162 1134 4198 wesen,
1152 4162 1205 4198 daß
1221 4172 1286 4195 man
1304 4166 1365 4201 auch
1383 4167 1463 4202 dieses
1481 4169 1671 4204 Unternehmen
1688 4172 1737 4202 mit
1754 4173 1841 4207 gutem
1860 4172 1912 4204 Ge¬

1047 4202 1133 4237 wissen
1152 4205 1229 4234 unter
1259 4204 1297 4235 die
1316 4206 1465 4239 definitiven
1485 4209 1730 4247 Errungenschaften
1758 4212 1805 4248 auf
1831 4213 1912 4249 künst¬

1045 4242 1170 4279 lerischem
1182 4243 1289 4275 Gebiete
1305 4246 1394 4281 zählen
1412 4248 1480 4283 darf.

1102 4282 1165 4313 Das
1185 4282 1464 4322 Nebeinanderbestehn
1483 4287 1559 4322 dieser
1577 4288 1639 4326 drei,
1669 4290 1735 4326 oder,
1755 4299 1831 4322 wenn
1851 4301 1913 4324 man

1048 4322 1097 4351 das
1104 4321 1336 4356 Konservatorium
1353 4325 1534 4363 hinzurechnet,
1553 4330 1608 4359 vier
1623 4330 1866 4368 Orchesterkonzerte
1883 4333 1914 4369 ist

1046 4371 1093 4392 um
1112 4363 1138 4398 so
1151 4364 1342 4400 wunderbarer,
1361 4369 1406 4396 als
1423 4368 1474 4398 alle
1493 4369 1545 4399 vier
1557 4378 1587 4405 zu
1606 4371 1708 4406 gleicher
1717 4372 1784 4408 Zeit,
1804 4373 1913 4409 nämlich

1047 4402 1178 4440 Sonntag
1196 4404 1374 4441 Nachmittags
1393 4415 1439 4436 um
1457 4409 1516 4444 zwei
1528 4409 1585 4444 Uhr
1602 4411 1759 4445 stattfinden,
1779 4413 1834 4442 und
1853 4414 1912 4450 noch

1045 4443 1108 4478 dazu
1126 4453 1156 4480 zu
1175 4445 1244 4475 einer
1254 4445 1371 4483 Stunde,
1391 4456 1432 4477 wo
1451 4456 1513 4478 man
1531 4449 1577 4484 sich
1595 4459 1625 4485 zu
1644 4452 1734 4486 seinem
1754 4452 1911 4491 Vergnügen

1045 4484 1128 4519 gewiß
1146 4484 1213 4520 nicht
1238 4486 1268 4515 in
1287 4486 1334 4516 den
1352 4488 1529 4524 geschlossenen
1547 4491 1640 4521 Raum
1658 4492 1727 4523 eines
1746 4492 1822 4530 durch
1840 4494 1912 4525 Gas¬

1043 4523 1102 4557 licht
1117 4525 1238 4560 erhellten
1257 4527 1383 4562 Theaters
1402 4528 1462 4559 oder
1479 4529 1577 4566 Zirkus
1607 4531 1710 4567 begeben
1733 4534 1831 4565 würde.
1868 4535 1910 4571 In

1042 4563 1138 4599 Zürich
1165 4565 1222 4600 thut
1249 4575 1313 4597 man
1340 4571 1370 4599 es
1396 4570 1461 4603 nicht
1483 4579 1529 4601 vor
1547 4572 1603 4602 vier
1621 4572 1685 4609 Uhr,
1711 4575 1767 4604 und
1784 4575 1845 4611 auch
1863 4576 1910 4606 das

1041 4610 1098 4632 nur
1123 4604 1163 4634 bei
1190 4608 1382 4642 exzeptionellen
1400 4609 1604 4648 Gelegenheiten,
1627 4621 1703 4643 wenn
1721 4615 1766 4645 der
1784 4616 1910 4651 gemischte

1042 4642 1115 4678 Chor
1132 4646 1198 4674 etwa
1217 4647 1258 4675 ein
1277 4647 1437 4680 Oratorium
1456 4652 1584 4688 aufführt.
1603 4653 1665 4683 Und
1683 4654 1753 4685 dann
1772 4656 1828 4692 geht
1846 4666 1909 4688 man

1041 4683 1071 4713 in
1088 4683 1184 4720 Zürich
1210 4686 1282 4721 schon
1308 4689 1440 4726 deswegen
1468 4693 1513 4722 ins
1529 4692 1649 4732 Konzert,
1677 4697 1735 4726 weil
1753 4696 1792 4726 die
1809 4698 1910 4733 Herren

1041 4724 1080 4753 die
1098 4724 1242 4760 gemischten
1261 4726 1434 4763 Jungfrauen
1453 4733 1508 4763 und
1525 4733 1565 4764 die
1583 4735 1689 4765 Damen
1707 4736 1747 4767 die
1765 4739 1909 4773 gemischten

1039 4764 1140 4799 Herren
1157 4773 1190 4801 zu
1208 4765 1346 4802 betrachten
1363 4770 1454 4802 lieben.
1491 4773 1562 4805 Aber
1586 4776 1617 4805 in
1639 4776 1724 4811 Paris
1750 4778 1812 4813 fehlt
1838 4779 1910 4815 selbst

1041 4805 1078 4834 bei
1091 4804 1359 4843 Chorausführungen
1379 4810 1440 4842 diese
1449 4811 1606 4844 Attraktion.
1644 4817 1697 4847 Die
1705 4818 1767 4853 stets
1780 4818 1908 4856 dürftigen

1040 4845 1126 4881 Chöre
1142 4847 1172 4876 in
1189 4846 1237 4876 den
1255 4851 1403 4883 genannten
1421 4851 1683 4891 Orchesterkonzetten
1705 4859 1846 4890 rekrutiren
1864 4861 1909 4897 sich

1040 4886 1105 4921 nicht
1122 4890 1174 4916 aus
1193 4887 1365 4926 Dilettanten,
1384 4890 1494 4925 sondern
1511 4897 1564 4923 aus
1582 4895 1804 4934 Berufssängern,
1832 4901 1908 4936 theils

1040 4927 1276 4964 Thraterchoristen,
1294 4929 1371 4965 theils
1383 4930 1752 4970 Konservatoriumsschülern.
1773 4939 1827 4971 Die
1837 4941 1908 4976 Cho¬

1040 4968 1166 5002 ristinnen
1184 4968 1240 5004 sind
1259 4969 1288 4999 in
1306 4970 1449 5006 einfachstes
1468 4972 1590 5009 Schwarz
1608 4976 1713 5012 gehüllt,
1731 4978 1771 5008 die
1781 4978 1907 5011 Soprane

1040 5008 1089 5037 mit
1107 5009 1174 5044 rosa,
1192 5009 1232 5039 die
1248 5009 1309 5040 Alte
1336 5011 1384 5041 mit
1404 5012 1493 5042 blauer
1509 5012 1691 5050 Busenschleife
1717 5017 1774 5047 und
1800 5018 1849 5049 das
1876 5021 1907 5054 ist

1039 5048 1122 5078 Alles.
1159 5048 1233 5080 Man
1250 5049 1325 5080 denke
1342 5050 1387 5087 sich
1405 5052 1443 5082 die
1462 5052 1568 5084 Damen
1591 5063 1644 5085 von
1662 5056 1778 5091 unserem
1795 5057 1906 5094 Zürcher

1039 5088 1199 5125 Gemischten
1217 5090 1291 5126 Chor
1307 5100 1338 5127 zu
1356 5091 1434 5127 dieser
1452 5095 1587 5131 traurigen
1604 5096 1727 5130 Uniform
1757 5100 1906 5135 verurtheilt

1038 5129 1094 5159 und
1110 5139 1175 5160 man
1188 5131 1256 5161 wird
1268 5131 1402 5169 bekennen,
1420 5134 1473 5170 daß
1480 5135 1596 5167 alsdann
1608 5137 1647 5168 die
1659 5138 1905 5176 Matthäuspassion

1038 5171 1094 5200 und
1111 5171 1151 5201 die
1172 5172 1257 5200 Missa
1277 5174 1411 5203 solemnis
1430 5184 1485 5206 nur
1494 5176 1552 5212 halb
1562 5178 1589 5212 so
1599 5178 1670 5215 schön
1680 5180 1781 5210 wären!
1800 5181 1905 5219 Wenig¬

1037 5211 1108 5245 stens
1125 5220 1185 5247 zum
1202 5213 1310 5249 ansehen
1320 5214 1329 5244 !
1363 5214 1415 5251 Ich
1431 5216 1523 5252 glaube
1539 5218 1602 5248 aber
1618 5220 1682 5255 auch
1702 5229 1761 5257 zum
1779 5222 1904 5260 anhören,

1037 5254 1105 5282 denn
1122 5253 1164 5282 ein
1175 5252 1397 5290 Dilettantenchor
1405 5257 1473 5294 singt
1483 5258 1575 5289 immer
1584 5259 1633 5291 mit
1643 5262 1714 5296 mehr
1723 5262 1906 5300 Begeisterung

1037 5291 1093 5321 und
1109 5292 1183 5323 Liebe
1199 5302 1245 5329 zur
1261 5293 1346 5331 Sache
1363 5297 1410 5326 als
1426 5297 1470 5327 ein
1487 5298 1654 5335 Berufschor.
1690 5300 1740 5337 Ich
1765 5304 1831 5337 halte
1848 5304 1905 5340 deß¬

1037 5331 1098 5366 halb
1114 5334 1176 5368 auch
1204 5336 1252 5364 das
1271 5334 1366 5371 Fehlen
1394 5338 1489 5373 großer
1513 5341 1656 5376 gemischter
1673 5342 1906 5380 Dilettantenchöre

1035 5372 1082 5407 für
1097 5373 1174 5404 einen
1191 5374 1236 5404 der
1253 5374 1395 5411 schwersten
1412 5378 1526 5415 Mängel
1542 5382 1590 5411 des
1607 5381 1713 5418 Pariser
1720 5384 1904 5421 Kunstlebens,

1962 4108 2027 4138 denn
2046 4108 2123 4145 daher
2142 4111 2238 4141 kommt
2255 4115 2290 4147 es,
2310 4112 2362 4149 daß
2378 4122 2398 4150 z.
2415 4115 2452 4145 B.
2470 4116 2506 4146 im
2525 4118 2608 4152 letzten
2626 4118 2698 4154 Jahr
2709 4119 2764 4150 kein
2776 4121 2828 4151 ein¬

1961 4149 2026 4186 ziges
2039 4149 2178 4186 Chorwerk
2190 4160 2241 4183 von
2254 4153 2330 4188 Bach,
2349 4154 2452 4190 Haydn,
2472 4156 2660 4193 Mendelssohn
2674 4160 2732 4190 oder
2742 4160 2827 4196 Schu¬

1961 4198 2051 4225 mann,
2071 4199 2122 4221 von
2139 4191 2244 4227 Händel
2261 4202 2313 4223 nur
2332 4194 2382 4224 das
2399 4195 2484 4230 kleine,
2502 4198 2648 4233 opernhafte
2665 4199 2826 4231 Oratorium

1960 4229 2024 4261 Acis
2042 4231 2096 4261 und
2115 4231 2245 4267 Galathea
2274 4234 2302 4263 in
2330 4235 2412 4265 einem
2440 4236 2534 4267 kleinen
2556 4238 2630 4269 Saal
2662 4248 2711 4270 von
2743 4241 2825 4272 einem

1959 4270 2057 4300 kleinen
2075 4271 2173 4303 Verein
2198 4273 2347 4310 aufgesührt
2375 4276 2472 4306 wurde.
2515 4278 2587 4308 Aber
2612 4280 2654 4309 die
2681 4282 2826 4316 populären

1960 4310 2066 4346 Pariser
2074 4312 2196 4347 Konzerte
2214 4315 2366 4350 entsprechen
2380 4316 2443 4351 nicht
2455 4317 2550 4353 sowohl
2560 4318 2607 4348 den
2617 4319 2825 4358 Aufführungen

1958 4351 2005 4381 des
2021 4351 2180 4388 Gemischten
2197 4354 2299 4390 Chores
2317 4355 2348 4386 in
2364 4356 2465 4393 Zürich,
2493 4357 2601 4393 sondern
2629 4361 2754 4397 vielmehr
2776 4364 2826 4393 den

1958 4391 2282 4430 Abonnementskonzerten
2300 4396 2328 4426 in
2349 4397 2392 4427 der
2410 4398 2543 4432 Tonhalle.
2580 4399 2654 4430 Man
2679 4402 2752 4433 denke
2780 4404 2825 4440 sich

1957 4440 2015 4462 nun
2032 4433 2156 4468 dieselben
2173 4436 2328 4473 regelmäßig
2355 4438 2402 4472 auf
2419 4438 2548 4475 Sonntag
2567 4440 2747 4479 Nachmittags
2764 4446 2824 4480 zwei

1957 4473 2012 4508 Uhr
2028 4475 2142 4510 verlegt!
2180 4475 2274 4511 Gewiß
2284 4477 2392 4507 würden
2401 4478 2471 4508 dann
2485 4479 2555 4516 selbst
2568 4481 2605 4512 die
2618 4483 2823 4521 allergetreusten

1957 4513 2127 4545 Abonnenten
2146 4515 2343 4554 fahnenflüchtig
2362 4519 2471 4550 werden.

2010 4550 2101 4587 Sehen
2118 4552 2171 4581 wir
2188 4555 2242 4583 uns
2260 4561 2316 4583 nun
2347 4554 2435 4589 unsere
2452 4555 2574 4593 Konzerte
2602 4559 2642 4589 bei
2660 4559 2819 4597 Pasdeloup,

1956 4590 2077 4621 Colonne
2095 4592 2150 4622 und
2162 4592 2321 4629 Lamoureux
2338 4595 2380 4625 ein
2399 4597 2483 4632 wenig
2495 4605 2606 4634 genauer
2615 4608 2652 4629 an
2663 4600 2671 4629 !
2687 4601 2820 4636 Pasde¬

1956 4631 2044 4666 loup
2072 4632 2102 4666 ist
2129 4632 2201 4668 schon
2218 4634 2261 4664 ein
2278 4635 2343 4665 alter
2361 4636 2437 4671 Herr.
2475 4638 2514 4669 Er
2541 4638 2647 4676 dirigirt
2675 4642 2723 4671 mit
2751 4642 2819 4672 einer

1955 4670 2063 4708 Würde,
2081 4672 2119 4702 die
2136 4681 2173 4703 an
2192 4674 2418 4711 Schwerfälligkeit
2435 4678 2522 4714 streift.
2561 4680 2601 4711 Er
2624 4681 2685 4717 ruht
2702 4682 2755 4717 jetzt
2773 4683 2820 4718 auf

1953 4711 2036 4746 seinen
2055 4711 2193 4744 Lorbeeren
2211 4718 2271 4751 aus,
2299 4716 2374 4746 deren
2402 4726 2429 4748 er
2457 4719 2502 4755 sich
2526 4720 2671 4757 allerdings
2697 4722 2761 4752 viele
2778 4731 2817 4759 ge¬

1953 4752 2071 4786 sammelt
2089 4754 2142 4789 hat.
2178 4754 2252 4791 Nicht
2269 4765 2322 4787 nur
2342 4758 2462 4789 verdankt
2479 4759 2530 4795 ihm
2561 4761 2609 4791 das
2629 4763 2705 4798 große
2723 4762 2817 4797 Publi¬

1953 4792 2013 4822 kum
2028 4793 2070 4824 die
2086 4794 2278 4831 Bekanntschaft
2302 4797 2348 4827 des
2366 4798 2466 4835 Besten,
2494 4804 2552 4830 was
2577 4802 2625 4836 auf
2651 4802 2706 4832 dem
2723 4802 2818 4833 Gebiet

1954 4833 1998 4863 der
2015 4834 2216 4871 symphonischen
2234 4836 2318 4873 Kunst
2346 4840 2480 4876 geschaffen
2505 4841 2609 4872 worden
2637 4843 2676 4880 ist,
2706 4844 2816 4877 sondern

1952 4874 2014 4909 auch
2041 4875 2097 4906 eine
2114 4876 2233 4913 stattliche
2251 4879 2331 4914 Reihe
2359 4881 2479 4917 jüngerer
2503 4882 2677 4919 französischer
2700 4884 2816 4921 Kompo¬

1952 4915 2042 4950 nisten,
2062 4916 2100 4946 die
2118 4917 2157 4947 bei
2176 4918 2231 4947 dem
2249 4919 2309 4954 stets
2336 4921 2480 4957 langsamer
2497 4922 2646 4954 werdenden
2664 4923 2747 4961 Gang
2773 4926 2817 4957 der

1951 4955 2153 4992 Opernbühnen
2171 4958 2217 4994 sich
2233 4960 2280 4993 auf
2287 4960 2443 4996 Jahrzehnte
2452 4961 2549 4996 hinaus
2567 4971 2619 4993 von
2627 4965 2698 4995 einer
2705 4966 2817 4997 direkten

1951 4995 2079 5033 Wirkung
2097 4998 2144 5031 auf
2171 4999 2209 5028 die
2227 4999 2313 5034 Masse
2339 5002 2532 5038 ausgeschlossen
2564 5003 2644 5040 sehen,
2671 5006 2724 5042 ihre
2753 5007 2817 5038 Ein¬

1949 5035 2070 5073 führung
2087 5038 2132 5067 ins
2151 5039 2257 5075 größere
2267 5040 2419 5075 Publikum.
2436 5042 2506 5073 Was
2514 5053 2579 5074 man
2590 5046 2666 5076 einen
2676 5047 2816 5078 brillanten

1950 5075 2224 5114 Orchesterdirigenten
2243 5083 2332 5117 nennt,
2364 5081 2394 5117 ist
2420 5083 2573 5120 Pasdeloup
2603 5087 2674 5123 wohl
2702 5089 2815 5119 niemals

1949 5117 2070 5151 gewesen.
2106 5118 2147 5148 Er
2165 5119 2208 5153 hat
2225 5122 2254 5149 es
2279 5121 2341 5151 aber
2359 5122 2514 5158 verstanden,
2542 5126 2589 5161 sich
2614 5128 2666 5157 mit
2691 5128 2816 5165 tüchtigen

1948 5155 2059 5190 Kräften
2089 5166 2118 5193 zu
2150 5160 2273 5194 umgeben
2300 5162 2356 5192 und
2386 5164 2552 5201 vottreffliche
2580 5167 2756 5204 Programme
2785 5178 2814 5205 zu

1949 5197 2061 5233 wählen.
2097 5197 2283 5237 Gegenwärtig
2300 5203 2368 5237 zehrt
2385 5212 2413 5235 er
2424 5208 2505 5236 etwas
2517 5207 2653 5244 bedenklich
2662 5217 2711 5239 von
2720 5209 2815 5244 seinem

1948 5239 2019 5268 alten
2036 5238 2136 5274 Ruhm.
2174 5240 2225 5275 Im
2244 5244 2375 5279 vorletzten
2393 5244 2502 5282 Konzert
2518 5256 2538 5283 z.
2558 5247 2593 5279 B.
2620 5250 2744 5287 ereignete
2770 5252 2815 5287 sich

1949 5279 1995 5309 der
2012 5280 2128 5315 peinliche
2137 5280 2254 5320 Vorfall,
2271 5284 2322 5319 daß
2331 5286 2369 5314 im
2382 5287 2461 5321 ersten
2474 5287 2536 5324 Satz
2548 5289 2593 5319 des
2606 5289 2701 5321 dritten
2709 5292 2815 5322 Rubin¬

1949 5320 2090 5356 stein'schen
2105 5320 2348 5361 Klaviertonzertes,
2372 5328 2476 5363 welchen
2494 5329 2567 5365 Frau
2585 5330 2689 5367 Sophie
2705 5332 2815 5363 Menter

1950 5361 2001 5391 mit
2018 5361 2141 5399 feurigem
2161 5363 2301 5400 Ungestüm
2320 5369 2437 5403 vortrug,
2465 5368 2531 5403 Herr
2554 5369 2707 5408 Pasdeloup
2734 5373 2814 5409 völlig

1949 5400 2000 5431 den
2016 5401 2083 5438 Halt
2098 5403 2192 5440 verlor,
2219 5404 2249 5439 so
2264 5405 2316 5440 daß
2332 5407 2423 5438 mitten
2451 5409 2528 5438 drinn
2563 5411 2728 5447 abgebrochen
2760 5414 2816 5443 und

2872 4133 2932 4168 noch
2950 4135 3049 4166 einmal
3065 4138 3224 4174 angefangen
3243 4139 3343 4169 werden
3362 4141 3457 4175 mußte.
3494 4141 3554 4173 Und
3574 4143 3649 4174 leider
3667 4144 3736 4177 kann

2872 4181 2936 4203 man
2954 4174 2986 4204 da
3005 4176 3071 4212 nicht
3088 4177 3185 4207 einmal
3198 4187 3250 4208 von
3261 4179 3344 4209 einem
3353 4181 3537 4217 unglücklichen
3547 4183 3639 4219 Zufall
3651 4185 3737 4222 reden,

2871 4213 2981 4248 sondern
3013 4224 3075 4247 man
3094 4218 3158 4253 muß
3176 4221 3204 4249 es
3224 4219 3261 4249 bei
3279 4219 3324 4250 der
3342 4220 3402 4258 Art,
3432 4223 3479 4252 wie
3506 4223 3658 4261 Pasdeloup
3684 4226 3736 4257 den

2871 4254 3082 4293 Dirigentenstab
3099 4257 3236 4296 handhabt,
3262 4260 3386 4297 vielmehr
3413 4263 3456 4293 als
3479 4263 3624 4300 glücklichen
3641 4266 3738 4302 Zufall

2870 4295 2976 4331 preisen,
2994 4296 3046 4332 daß
3062 4297 3213 4334 dergleichen
3225 4299 3404 4332 Kalamitäten
3421 4302 3486 4339 nicht
3497 4304 3525 4333 in
3538 4304 3616 4340 jedem
3624 4305 3738 4343 Konzert

2870 4335 3006 4369 vorfallen.

2923 4375 3075 4412 Pasdeloup
3093 4378 3138 4414 hat
3161 4380 3230 4414 seine
3254 4381 3410 4419 diesjährige
3434 4383 3585 4422 Kampagne
3613 4388 3661 4417 mit
3687 4388 3734 4420 der

2869 4416 3081 4454 chronologischen
3099 4419 3274 4457 Vorführung
3300 4423 3344 4452 der
3370 4423 3422 4458 acht
3448 4425 3527 4460 ersten
3545 4426 3734 4463 Symphonien

2867 4456 3030 4491 Beethovens
3047 4459 3164 4496 eröffnet.
3201 4462 3255 4492 Sie
3272 4462 3359 4493 bilden
3377 4464 3448 4499 schon
3465 4466 3550 4502 längst
3561 4467 3610 4497 den
3622 4467 3735 4500 Grund¬

2867 4495 2925 4530 stock
2943 4497 2987 4527 der
3006 4501 3151 4535 populären
3170 4501 3301 4539 Konzerte,
3320 4504 3369 4534 alle
3381 4505 3488 4540 Spieler
3506 4507 3561 4540 sind
3579 4507 3655 4538 darin
3668 4510 3735 4540 voll¬

2865 4536 2967 4574 ständig
2983 4547 3014 4574 zu
3033 4540 3128 4576 Hause,
3146 4542 3173 4577 so
3191 4542 3241 4579 daß
3258 4544 3293 4577 sie
3309 4546 3370 4581 trotz
3386 4545 3556 4582 Pasdeloups
3567 4549 3738 4581 Direktions¬

2865 4577 2969 4613 künsten
2987 4580 3025 4611 im
3044 4581 3153 4619 Ganzen
3182 4584 3211 4614 in
3231 4584 3363 4621 trefflicher
3381 4586 3461 4621 Weise
3479 4589 3633 4624 ausgeführt
3659 4598 3733 4622 wur¬

2864 4617 2922 4647 den.
2959 4620 3013 4650 Die
3030 4623 3115 4658 gratis
3134 4624 3283 4659 vertheilten
3300 4627 3475 4663 Programme
3492 4628 3627 4665 enthielten
3649 4630 3733 4666 jedes¬

2863 4658 2919 4688 mal
2936 4660 2991 4690 eine
3010 4663 3183 4699 ausführliche
3196 4665 3309 4702 Analyse
3320 4666 3364 4696 der
3376 4667 3543 4705 betreffenden
3554 4669 3732 4706 Symphonie.

2863 4697 3031 4731 Wunderbar
3040 4711 3096 4733 war
3105 4703 3154 4734 das
3163 4704 3373 4742 Pasdeloup'sche
3382 4708 3542 4745 Programm
3551 4719 3597 4746 zur
3604 4711 3733 4746 siebenten

2862 4738 3032 4778 Symphonie
3050 4743 3188 4781 (A-Dur).
3225 4747 3301 4783 Diese
3319 4748 3487 4784 Symphonie
3513 4750 3559 4784 soll
3582 4751 3637 4781 eine
3654 4752 3733 4784 länd¬

2862 4779 2920 4814 liche
2938 4781 3051 4818 Hochzeit
3069 4784 3222 4822 darstellen;
3240 4787 3288 4818 das
3307 4788 3352 4823 tief
3363 4789 3449 4825 ernste,
3466 4798 3524 4825 zum
3544 4791 3664 4824 Andante
3684 4794 3734 4831 sich

2861 4820 2982 4856 neigende
3009 4823 3151 4861 Allegretto
3187 4827 3236 4862 soll
3267 4827 3315 4859 den
3343 4829 3564 4869 Hochzeitsmarsch
3591 4833 3731 4866 bedeuten!

2862 4860 2932 4892 Dies
2950 4864 3126 4901 unglaubliche
3144 4867 3307 4904 Programm
3332 4869 3380 4903 soll
3407 4874 3475 4899 nota
3494 4872 3565 4902 bene
3583 4882 3636 4905 von
3654 4876 3732 4907 Beet¬

2860 4902 2943 4937 hoven
2960 4904 3034 4940 selbst
3060 4905 3210 4942 herrühren.
3246 4909 3286 4939 Er
3304 4909 3365 4945 habe
3384 4913 3414 4941 es
3430 4911 3524 4945 seinem
3538 4914 3649 4950 Schüler
3660 4917 3734 4948 Nies

2861 4946 3014 4974 anvertraut
3033 4946 3086 4975 und
3103 4947 3182 4981 dieser
3200 4949 3339 4981 wiederum
3363 4950 3455 4986 seinem
3473 4953 3584 4988 Schüler
3602 4955 3731 4992 Dampke,

2861 4984 2945 5014 einem
2961 4986 3041 5021 alten,
3059 4986 3090 5016 in
3105 4987 3192 5023 Paris
3219 4990 3340 5021 lebenden
3370 4991 3493 5029 Musiker,
3520 4995 3564 5024 der
3591 4995 3732 5032 besonders

2860 5026 2904 5054 als
2922 5024 3029 5057 intimer
3047 5026 3154 5062 Freund
3171 5028 3282 5066 Berlioz'
3302 5030 3410 5062 bekannt
3427 5032 3465 5068 ist.
3500 5034 3550 5071 Ich
3569 5036 3670 5074 glaube,
3687 5038 3730 5070 die

2860 5073 2938 5101 ganze
2954 5065 3098 5104 Geschichte,
3127 5069 3203 5100 deren
3231 5071 3427 5107 Unmöglichkeit
3452 5074 3531 5110 jedenm
3558 5084 3613 5107 nur
3638 5079 3730 5115 irgend

2861 5105 3126 5144 Musikverständigen
3146 5110 3233 5141 keinen
3244 5111 3396 5148 Augenblick
3415 5115 3533 5150 entgehen
3543 5117 3619 5153 kann,
3638 5118 3729 5157 beruht

2860 5146 2906 5180 auf
2923 5147 2994 5177 einer
3010 5147 3211 5187 Verwechslung
3229 5152 3281 5182 von
3299 5152 3318 5181 7
3336 5152 3459 5190 (A-Dur)
3483 5155 3539 5186 und
3555 5157 3576 5185 8
3592 5157 3727 5196 (F-Dur),

2860 5187 2929 5217 denn
2947 5188 2991 5218 der
3015 5190 3098 5224 achten
3117 5190 3285 5227 Symphonie
3312 5193 3345 5229 ist
3371 5194 3500 5232 durchweg
3527 5197 3571 5227 der
3593 5198 3729 5231 Ausdruck

2860 5227 2967 5263 heiterer
2983 5229 3168 5267 Empfindung
3185 5234 3257 5269 eigen
3273 5234 3331 5264 und
3356 5234 3400 5270 ihr
3425 5235 3565 5271 hüpfendes
3585 5238 3728 5275 Allegretto

2860 5267 2902 5297 ein
2920 5269 3046 5304 reizendes
3064 5270 3152 5306 Stück,
3171 5272 3221 5303 das
3239 5272 3276 5303 bei
3294 5274 3446 5311 Pasdeloup
3473 5277 3520 5305 wie
3538 5277 3637 5309 überall
3653 5280 3729 5314 zwei¬

2860 5308 2915 5337 mal
2933 5309 3037 5344 gespielt
3054 5312 3155 5341 werden
3173 5313 3269 5349 mußte,
3287 5314 3356 5343 kann
3373 5315 3506 5350 allenfalls
3523 5318 3567 5347 als
3582 5317 3728 5355 Hochzeits¬

2860 5348 2940 5384 musik
2956 5349 3055 5386 gedacht
3066 5352 3176 5382 werden.
3212 5353 3435 5390 Glücklicherweise
3444 5356 3543 5387 können
3554 5357 3616 5388 aber
3627 5359 3726 5396 sowohl

2860 5389 2899 5419 die
2916 5388 3020 5424 siebente
3038 5393 3081 5420 als
3099 5391 3138 5421 die
3156 5392 3222 5427 achte
3234 5392 3401 5430 Symphonie
3418 5397 3478 5431 auch
3496 5397 3561 5432 ohne
3579 5398 3646 5433 jedes
3653 5400 3728 5435 Pro¬

2858 5437 2962 5465 gramm
2981 5430 3130 5467 verstanden
3148 5433 3249 5464 werden
3266 5435 3324 5465 und
3340 5435 3442 5472 braucht
3459 5437 3505 5473 sich
3521 5438 3576 5474 also
3593 5439 3657 5471 über
3673 5441 3730 5474 das
