2852 3484
167 108 384 147 Halbjähriger
419 110 809 147 Pränumerations-Preis

250 155 346 189 sechs
383 158 722 194 Schweizer-Franken.

2066 112 2497 154 Einführungs-Gebühren
2517 117 2605 150 vier
2629 119 2704 155 gute

2220 166 2355 202 Kreuzer
2380 166 2430 197 die
2453 166 2549 202 Zeile.

540 316 933 445 Neue
1024 319 2343 480 Zürcher-Zeitung.

221 582 459 647 Montag

1258 581 1604 654 Nro. 141.
1884 607 1994 648 den
2018 600 2101 650 25.
2133 597 2445 650 November
2479 602 2638 651 1822.

900 700 1031 739 (Druck
1056 703 1123 736 und
1147 702 1270 744 Verlag
1294 710 1360 739 von
1381 702 1531 743 Orell,
1564 705 1689 745 Füßli
1722 705 1789 740 und
1811 705 1969 747 Comp.)

189 830 454 872 Schweizerische
477 832 776 874 Eidgenossenschaft
797 835 992 877 (Konferenz
1014 845 1054 878 zu
1078 838 1272 879 Langenthal
1294 839 1329 874 in
1351 840 1653 882 Retorsionssachen.
1713 842 1938 884 Beabsichtigte
1961 842 2189 881 Restauration
2210 845 2267 879 der
2291 840 2534 892 Siegerkapelle
2534 840 2617 892 auf
2617 840 2719 892 dem

247 872 369 908 Gubel.
416 876 572 914 Lehrstuhl
594 878 651 911 der
670 879 828 919 deutschen
851 880 995 920 Sprache
1005 920 1010 925 ,
1018 881 1076 919 bey
1100 884 1155 915 der
1179 884 1338 917 Akademie
1361 884 1395 922 in
1418 885 1591 921 Lausanne.
1636 885 1811 925 Geschichte
1827 888 1884 920 der
1902 888 2162 926 Wuthkrankheit
2179 897 2218 930 zu
2233 886 2515 930 MaseItrangen.)
2544 890 2703 929 Spanien

246 918 453 960 (Versetzung
475 921 528 953 der
553 919 945 965 Insurrektions-Regenz
971 932 1012 958 an
1035 922 1085 958 die
1108 926 1305 966 französische
1331 926 1503 970 Grenze).
1537 928 1822 970 Großbritannien
1847 931 2003 972 (Steigen
2027 934 2081 967 der
2104 933 2231 973 Fonds.
2268 934 2421 974 Berichte
2421 934 2496 974 aus
2517 930 2720 975 Brasilien,

249 962 352 999 Paris
374 966 441 996 und
461 963 621 1002 Verona).
689 965 867 1007 Frankreich
902 968 1143 1008 (diplomatische
1164 969 1418 1011 Amphibologen.
1464 967 1611 1011 Abresse
1617 973 1673 1005 des
1697 964 2006 1018 Kommerzienraths
2031 985 2068 1017 zu
2096 976 2222 1016 Paris).
2277 974 2503 1018 Deutschland.
2561 978 2702 1019 Italien.

245 1003 384 1045 Türkey.
408 1023 443 1031 —
471 1007 662 1049 Beylage
683 1009 751 1044 Nr.
774 1013 831 1050 47.
880 1009 1134 1053 Schweizerische
1154 1011 1319 1048 Literatur
1342 1016 1423 1054 (aus
1445 1015 1585 1057 Luzern,
1611 1012 1739 1050 Glarus
1763 1017 1829 1052 und
1854 1018 1970 1057 Genf.)
2013 1015 2165 1061 Allerley
2165 1015 2396 1061 Nachrichten.

362 1114 714 1165 Schweizerische
750 1119 1202 1168 Eidgenossenschaft:

233 1172 303 1212 Die
327 1177 405 1212 vom
435 1174 554 1213 Stand
577 1176 675 1214 Bern
709 1176 786 1219 nach
811 1178 1085 1224 Langenthal
1118 1178 1399 1224 ausgeschriebene

161 1227 344 1270 Konferenz
365 1221 554 1274 derjenigen
574 1230 753 1275 westlichen
769 1232 945 1275 Kantone,
972 1234 1084 1277 welche
1099 1234 1174 1272 dem
1190 1233 1400 1278 Retorsions¬

162 1281 336 1322 konkordat
357 1282 564 1329 beygetreten
587 1284 657 1330 sind
667 1308 678 1328 ,
704 1285 843 1325 dauerte
861 1296 933 1326 vom
954 1290 1017 1326 13.
1043 1288 1096 1327 bis
1116 1287 1182 1327 17.
1199 1290 1400 1330 November.

162 1339 214 1378 Es
237 1338 422 1383 erschienen
456 1338 559 1386 dabey
592 1343 657 1381 von
685 1343 804 1381 Bern
832 1342 897 1388 Hr.
924 1343 1115 1388 Rathsherr
1146 1352 1209 1382 von
1237 1345 1400 1387 Muralt,

162 1397 228 1434 von
253 1397 420 1437 Luzern
447 1395 513 1441 Hr.
539 1392 751 1441 Staatsrath
767 1396 900 1437 Eduard
910 1398 1063 1444 Pfyffer,
1087 1402 1153 1446 von
1178 1399 1426 1446 Freyburg

160 1449 227 1496 Hr.
259 1449 470 1494 Staatsrath
500 1450 674 1494 Schaller,
716 1453 780 1491 von
815 1453 1077 1496 Solothurn
1113 1455 1178 1500 Hr.
1212 1454 1403 1499 Rathsherr

163 1504 298 1549 Ludwig
330 1514 395 1543 von
424 1506 522 1547 Roll,
563 1514 629 1545 von
657 1510 839 1552 Aargau
868 1509 931 1553 Hr.
964 1508 1225 1554 Bürgermeister
1256 1510 1400 1555 Herzog,

160 1560 242 1601 und
242 1560 326 1601 von
343 1560 500 1600 Waadt
521 1560 574 1599 die
598 1562 726 1608 Herren
743 1560 971 1607 Staatsräthe
995 1564 1162 1602 Secretan
1189 1563 1257 1602 und
1279 1565 1402 1607 Boche¬

159 1619 270 1662 rens;
307 1617 367 1660 bey
387 1615 476 1661 jeder
502 1615 757 1662 Gesandtschaft
779 1617 858 1662 fand
876 1618 933 1664 sich
951 1622 1030 1665 noch
1055 1621 1219 1661 entweder
1238 1622 1294 1665 der
1320 1623 1404 1670 Auf¬

157 1671 270 1718 seher
285 1672 345 1712 der
366 1668 457 1721 Zölle
494 1671 554 1710 des
585 1666 805 1720 betreffenden
834 1674 994 1715 Kantons
1011 1674 1103 1717 oder
1141 1677 1224 1726 sonst
1255 1678 1309 1716 ein
1346 1680 1404 1718 der

154 1726 342 1772 Handels-
373 1727 447 1765 und
488 1724 768 1774 Zollverhältnisse
797 1724 975 1779 kundiger
991 1728 1152 1774 Beamte.
1217 1730 1331 1781 Auch
1336 1724 1408 1790 der

160 1781 285 1822 Stand
317 1781 407 1828 Zug
436 1781 529 1826 hatte
554 1777 610 1818 die
641 1781 831 1827 Einladung
862 1784 1030 1829 erhalten,
1072 1784 1124 1825 die
1147 1781 1345 1843 Konferenz
1363 1776 1409 1832 zu

158 1835 357 1882 beschicken;
393 1835 496 1873 allein
517 1835 559 1872 da
580 1834 637 1874 die
653 1836 875 1883 erforderliche
896 1838 974 1886 Zeit
996 1840 1118 1886 fehlte,
1142 1845 1204 1881 um
1226 1843 1295 1881 den
1311 1845 1401 1885 Kan¬

162 1891 324 1933 tonsrath
351 1900 388 1933 zu
414 1890 632 1935 besammeln,
669 1892 704 1936 so
729 1893 847 1932 konnte
873 1893 977 1939 dieser
999 1894 1192 1943 Einladung
1213 1897 1304 1941 nicht
1331 1904 1402 1939 ent¬

162 1947 313 1994 sprochen
333 1943 480 1984 werden.
526 1943 597 1984 Die
622 1946 776 1992 gefaßten
800 1948 957 1993 Schlüsse
972 1947 1046 1989 der
1059 1952 1264 1997 Konferenz,
1289 1956 1407 2002 welche

162 2003 237 2044 eine
263 1999 492 2048 gleichmäßige
515 2000 734 2047 Vollziehung
765 2002 840 2041 des
851 2005 1060 2045 Konkordats
1088 2009 1282 2051 bezwecken,
1325 2013 1402 2055 wer¬

163 2059 228 2099 den
255 2059 316 2102 erst
337 2057 404 2097 mit
427 2056 501 2096 dem
524 2054 746 2102 dießfallsigen
773 2059 938 2102 Protokoll
967 2061 1027 2100 den
1051 2062 1267 2110 betreffenden
1291 2064 1402 2105 Stän¬

161 2114 233 2154 den
249 2109 476 2158 mitgetheilt,
516 2120 581 2149 von
615 2113 753 2157 welchen
784 2112 837 2153 die
868 2116 1087 2162 erforderliche
1111 2119 1333 2166 Ratifikation
1366 2131 1403 2165 zu

164 2172 328 2210 erwarten
352 2167 423 2213 ist.

236 2227 292 2272 In
314 2222 371 2270 der
396 2222 652 2270 Zugerschen
683 2223 867 2264 Gemeinde
893 2227 1052 2272 Aegeri
1083 2227 1206 2273 möchte
1238 2240 1315 2270 man
1349 2233 1409 2278 auf

167 2284 239 2321 dem
264 2280 399 2322 Gubel,
424 2287 473 2318 wo
495 2288 548 2316 am
573 2280 635 2317 24.
658 2274 877 2321 Weinmonat
903 2282 993 2321 1531
1025 2282 1072 2321 im
1095 2285 1281 2331 damaligen
1311 2288 1406 2328 Reli¬

163 2332 365 2383 gionskrieg
389 2333 442 2374 die
482 2333 696 2380 katholischen
735 2335 798 2374 den
836 2337 1046 2383 reformirten
1080 2337 1293 2383 Schweizern
1333 2338 1404 2382 eine

165 2386 367 2438 Niederlage
393 2391 624 2437 beybrachten,
663 2392 721 2430 als
746 2385 959 2439 Erinnerung
989 2403 1033 2432 an
1066 2393 1152 2441 diese
1175 2390 1404 2443 Waffenthat,

167 2449 238 2490 eine
265 2443 349 2487 neue
373 2438 552 2493 Kapelle,
552 2438 610 2493 an
639 2445 697 2485 die
721 2448 836 2486 Stelle
863 2448 952 2488 einer
980 2449 1197 2495 verfallenen,
1232 2449 1403 2497 errichten.

166 2504 323 2550 Dieselbe
348 2503 440 2549 sollte
461 2502 539 2548 mit
539 2502 614 2548 den
632 2501 913 2549 Waffenschilden
936 2504 991 2543 der
1017 2504 1096 2550 fünf
1116 2505 1246 2545 damals
1271 2505 1404 2553 sieghaf¬

168 2566 224 2599 ten
232 2552 471 2608 katholischen
503 2560 587 2597 Orte
620 2558 804 2604 ausgeziert
830 2560 897 2598 und
921 2560 1052 2605 sodann,
1068 2560 1136 2600 mit
1160 2561 1266 2601 einem
1290 2562 1405 2612 Küster

166 2616 317 2661 versehen
344 2614 493 2655 werden,
519 2615 650 2654 welcher
674 2614 810 2660 zugleich
838 2615 898 2654 den
914 2615 1034 2661 Dienst
1060 2616 1151 2656 eines
1172 2615 1404 2665 Schullehrers

168 2669 361 2715 verrichten
361 2669 493 2715 würde.
550 2671 612 2708 Um
636 2669 744 2716 dieses
768 2670 903 2716 Projekt
923 2670 976 2718 zu
976 2670 1222 2718 verwirklichen
1233 2679 1250 2718 ,
1269 2675 1326 2719 hat
1354 2674 1405 2714 die

167 2728 331 2767 benannte
363 2724 548 2765 Gemeinde
584 2726 786 2772 beschlossen,
823 2726 990 2772 Beyträge
1023 2736 1062 2769 zu
1095 2726 1272 2774 sammeln.
1336 2730 1406 2770 Sie

167 2784 225 2826 hat
240 2787 282 2825 zu
297 2776 419 2828 diesem
431 2774 526 2821 Ende
542 2779 603 2817 den
622 2782 710 2827 Hrn.
722 2783 852 2822 Doktor
872 2780 1068 2823 Stadlin
1085 2793 1148 2823 von
1163 2786 1233 2832 Zug
1250 2794 1286 2826 zu
1302 2784 1406 2831 ihrem

169 2838 335 2883 Sprecher
354 2834 506 2882 erkohren
516 2856 528 2878 ,
553 2836 686 2885 welcher
711 2846 769 2879 vor
790 2838 863 2879 dem
891 2836 1048 2884 täglichen
1071 2841 1168 2886 Rath
1187 2839 1229 2882 in
1250 2844 1407 2886 Luzern

173 2894 208 2931 in
231 2893 397 2934 beredtem
418 2892 571 2936 Vortrag
596 2891 645 2930 die
667 2892 946 2941 Zweckmäßigkckt
971 2893 1076 2941 dieses
1096 2896 1325 2951 patriotischen
1341 2901 1406 2936 Un¬

173 2949 381 2992 ternehmens
414 2946 580 2992 schilderte
591 2967 603 2988 ,
642 2953 694 2987 an
719 2948 793 2988 dem
826 2949 878 2988 die
903 2954 1059 2993 Luzerner
1091 2962 1150 2992 um
1184 2954 1230 3000 so
1248 2952 1407 2999 willigern

175 3005 312 3049 Antheil
341 3013 385 3047 zu
406 3004 561 3048 nehmen
574 3002 692 3049 hätten
702 3024 713 3046 ,
752 3005 791 3043 da
817 3004 903 3051 diese
923 3007 1150 3054 Waffenthat
1160 3011 1259 3049 unter
1272 3000 1407 3054 Anführ¬

168 3067 253 3106 rung
268 3052 371 3113 ihres
390 3052 608 3105 Mitbürgers
630 3049 732 3116 Hug
744 3060 917 3106 vollbracht
947 3063 1053 3102 ward.
1102 3059 1211 3112 Trotz
1231 3064 1286 3104 der
1320 3048 1431 3117 dieß¬

167 3113 302 3165 fälligen
324 3107 545 3163 pathetischen
556 3113 673 3164 Rede
673 3113 765 3164 fand
765 3113 888 3164 jedoch
913 3116 975 3158 der
989 3117 1128 3165 tägliche
1140 3120 1239 3168 Rath
1262 3120 1317 3170 für
1334 3123 1412 3167 gut,

168 3170 219 3210 die
244 3170 394 3218 Leistung
415 3169 529 3216 irgend
562 3170 655 3212 eines
681 3172 858 3219 Beytrags
887 3184 929 3213 an
959 3173 1013 3214 ein
1042 3174 1251 3218 Monument
1273 3185 1328 3220 zu
1338 3186 1410 3219 ver¬

1471 1124 1635 1172 weigern,
1677 1129 1811 1173 welches
1836 1129 1893 1168 der
1915 1129 2125 1176 Erinnerung
2155 1131 2245 1174 jener
2275 1130 2444 1178 unseligen
2466 1129 2560 1179 Lage
2584 1132 2706 1180 gewid¬

1470 1185 1539 1220 met
1561 1181 1635 1228 seyn
1663 1183 1772 1228 sollte,
1799 1187 1849 1223 wo
1873 1184 2131 1229 Schweizerblut
2151 1188 2245 1231 durch
2270 1186 2556 1235 Schweizerhände
2576 1181 2724 1242 vergos¬

1473 1235 1526 1282 sen
1551 1237 1662 1280 ward,
1680 1239 1747 1277 und
1771 1248 1849 1278 man
1873 1240 1934 1279 den
1959 1241 2199 1289 gegenseitigen
2221 1242 2393 1289 religiösen
2418 1243 2704 1294 Ueberzeugungen

1472 1292 1532 1329 den
1557 1292 1792 1339 scheußlichsten
1817 1297 1937 1342 Zwang
1965 1298 2094 1343 anthun
2121 1299 2246 1338 wollte.
2292 1299 2412 1346 Dieser
2435 1296 2589 1348 Abschlag
2613 1304 2702 1343 ward

1472 1342 1580 1400 durch
1580 1342 1673 1400 die
1673 1342 2014 1400 Kantonsregierung
2051 1362 2117 1393 von
2148 1355 2233 1402 Zug
2269 1354 2330 1395 den
2362 1354 2526 1403 Petenten
2562 1358 2703 1402 bekannt

1471 1394 1645 1449 gemacht.

1543 1461 1620 1503 Bey
1634 1459 1710 1509 der
1737 1461 1909 1501 Akademie
1936 1472 1999 1502 von
2024 1466 2248 1512 Lausanne
2281 1467 2320 1517 ist
2345 1466 2400 1507 die
2427 1477 2509 1509 neue
2535 1470 2701 1516 Lehrstelle

1472 1513 1526 1552 der
1562 1512 1729 1570 deutschen
1762 1517 1912 1564 Sprache
1943 1519 2011 1558 und
2043 1521 2209 1562 Literatur
2240 1523 2314 1562 dem
2345 1526 2434 1578 Hrn.
2467 1528 2509 1567 E.
2538 1528 2704 1571 Sulzer

1471 1577 1534 1609 von
1558 1569 1776 1616 Winterthur
1804 1572 2000 1620 übertragen
2010 1577 2180 1620 worden,
2221 1580 2288 1618 und
2315 1580 2453 1626 derselbe
2477 1582 2537 1626 hat
2566 1577 2618 1622 die
2640 1586 2703 1624 Er¬

1471 1620 1709 1675 öffnungsrede
1709 1621 1855 1676 seines
1855 1623 1977 1677 ersten
1977 1625 2177 1678 Lehrkurses
2177 1628 2371 1680 jüngsthin
2371 1631 2517 1681 drucken
2517 1633 2643 1682 lassen
2643 1635 2702 1683 *).

1474 1682 1539 1726 Er
1539 1682 1745 1727 Entwickelt
1745 1682 1884 1728 darin
1884 1683 1946 1729 die
1946 1684 2181 1732 Vortheile,
2181 1686 2330 1734 welche
2330 1687 2418 1735 die
2418 1688 2634 1738 Erlernung
2634 1690 2706 1739 der

1469 1732 1643 1791 deutschen
1662 1739 1812 1788 Sprache
1837 1740 1905 1779 und
1935 1741 2014 1784 das
2029 1743 2201 1783 Studium
2231 1742 2393 1793 deutscher
2421 1746 2586 1788 Literatur
2595 1770 2607 1791 ,
2639 1750 2702 1790 den

1470 1789 1683 1838 Bewohnern
1706 1793 1773 1845 der
1790 1793 2015 1843 französischen
2039 1794 2187 1842 Schweiz
2213 1799 2250 1840 in
2282 1796 2572 1856 vaterländischer,
2606 1804 2705 1849 indu¬

1469 1837 1614 1893 strieller
1614 1837 1698 1893 und
1724 1847 2027 1898 wissenschaftlicher
2048 1853 2196 1901 Hinsicht
2219 1855 2403 1897 darbieten.

1542 1901 1614 1943 Die
1636 1902 1829 1950 verheißene
1854 1900 2039 1958 Geschichte
2062 1909 2119 1948 der
2145 1910 2183 1954 zu
2209 1907 2555 1959 Maseltrangen
2587 1914 2638 1955 im
2658 1917 2703 1967 K.

1471 1951 1547 1997 St.
1572 1959 1738 2000 Gallen
1770 1959 2014 2007 beobachteten
2049 1973 2114 2003 von
2143 1965 2220 2007 dem
2239 1965 2325 2022 Biß
2336 1967 2427 2006 einer
2451 1960 2547 2016 Katze
2569 1970 2705 2024 herrüh¬

1469 2009 1600 2070 renden
1600 2009 2014 2070 Wuthkrankheit,
2047 2019 2145 2059 deren
2174 2018 2225 2059 die
2250 2013 2465 2069 öffentlichen
2465 2013 2620 2069 Blätter
2642 2027 2707 2081 auf

1471 2062 1545 2111 eine
1573 2064 1825 2117 unzuverlässige
1849 2072 1962 2119 Weise
1988 2073 2119 2120 gedacht
2143 2076 2279 2121 hatten,
2301 2076 2342 2125 ist
2364 2073 2433 2124 uns
2455 2078 2506 2119 in
2514 2062 2704 2134 folgender,

1473 2120 1606 2165 unterm
1630 2128 1690 2163 17.
1708 2120 1895 2168 November
1917 2130 2166 2176 ausgestellten,
2192 2132 2260 2175 und
2275 2142 2338 2173 von
2354 2126 2417 2173 den
2426 2128 2561 2190 Herren
2573 2136 2704 2189 Doktor

1473 2178 1545 2220 und
1561 2178 1775 2225 Bezirksarzt
1797 2182 1919 2229 Böny,
1944 2184 2074 2233 Doktor
2096 2188 2138 2233 J.
2155 2189 2200 2234 H.
2225 2183 2465 2245 Oberteuffer,
2475 2191 2556 2237 und
2568 2176 2736 2248 Richli,

1475 2238 1557 2278 Arzt
1583 2235 1620 2274 in
1631 2238 1852 2282 Kaltbrunn,
1886 2240 2166 2286 unterzeichneten
2196 2243 2284 2288 (den
2307 2233 2548 2300 Verhältnissen
2573 2235 2706 2306 unserer

1474 2288 1617 2337 Zeitung
1631 2291 1747 2339 gemäß
1764 2294 2004 2341 einigermaßen
2025 2293 2253 2345 abgekürzten)
2269 2298 2481 2348 Darstellung
2500 2298 2709 2354 mitgetheilt

1474 2347 1638 2385 worden:

1541 2401 1666 2444 Einer,
1698 2402 1772 2442 dem
1796 2400 1907 2450 Hause
1941 2404 1999 2446 der
2031 2406 2211 2453 gebissenen
2247 2411 2375 2458 Person
2409 2411 2579 2457 fremden,
2605 2412 2706 2461 Katze

1473 2456 1607 2495 wurden
1631 2465 1686 2495 am
1712 2463 1747 2496 8.
1772 2461 1896 2505 August
1917 2460 1987 2505 ihre
2010 2456 2163 2514 Jungen
2163 2456 2473 2514 weggenommen;
2492 2478 2549 2510 am
2574 2472 2609 2510 9.
2634 2471 2704 2510 und

1474 2510 1524 2549 die
1548 2513 1657 2560 Nacht
1675 2512 1745 2563 auf
1759 2513 1821 2559 den
1844 2520 1889 2559 10
1892 2542 1916 2555 .
1924 2513 2029 2562 suchte
2049 2517 2090 2563 sie
2110 2510 2275 2565 dieselben
2290 2523 2372 2561 laut
2390 2511 2601 2578 wimmernd.
2637 2529 2707 2569 Am

1474 2562 1614 2613 gleichen
1637 2569 1872 2617 Nachmittag,
1912 2572 1955 2612 da
1970 2565 2036 2622 sie
2036 2565 2103 2622 im
2128 2577 2238 2620 Dorfe
2265 2572 2429 2623 schreyend
2449 2578 2560 2631 soclhe
2579 2562 2708 2636 suchte,

1474 2623 1562 2661 ward
1577 2623 1640 2674 ihr
1667 2623 1721 2663 ein
1747 2622 1921 2673 Hündchen
1945 2627 2127 2677 angehetzt,
2152 2626 2300 2679 welchem
2324 2628 2371 2679 sie
2391 2636 2559 2681 unterlag.
2620 2638 2711 2676 Nun

1475 2677 1581 2723 schlich
1603 2677 1656 2725 sie
1667 2689 1741 2723 zum
1754 2682 1864 2729 Hause
1884 2681 1945 2726 des
1957 2683 2046 2730 Hrn.
2066 2683 2329 2735 Gemeinderath
2344 2678 2479 2745 Zweifel
2498 2691 2573 2746 (in
2573 2691 2702 2746 Masel¬

1475 2736 1654 2783 trangen),
1686 2740 1745 2776 vor
1767 2731 1912 2784 welchem
1933 2738 2025 2785 seine
2045 2735 2175 2783 Gattin
2197 2731 2275 2792 saß;
2310 2745 2363 2791 ihr
2379 2731 2521 2803 kleines
2521 2731 2706 2803 Hündchen

1476 2789 1594 2838 sprang
1619 2793 1681 2838 auf
1701 2792 1753 2832 die
1776 2794 1889 2841 Katze,
1925 2790 2038 2856 welche
2069 2798 2147 2839 aber
2175 2799 2305 2847 sogleich
2328 2786 2384 2842 der
2413 2792 2555 2860 ernstlich
2580 2805 2706 2853 angrei¬

1474 2845 1569 2890 fende
1595 2847 1697 2893 Theil
1719 2849 1837 2894 wurde
1853 2849 1921 2895 und
1942 2847 2054 2900 jenes
2066 2850 2313 2904 überwältigte.
2360 2860 2425 2898 Als
2450 2869 2537 2908 nun
2547 2864 2633 2909 Frau
2661 2863 2704 2911 Z.

1474 2896 1542 2942 mit
1565 2903 1620 2942 der
1641 2901 1750 2943 linken
1765 2905 1863 2952 Hand
1885 2905 1936 2946 die
1957 2904 2050 2956 Katze
2075 2908 2256 2957 wegreißen
2282 2915 2408 2957 wollte,
2432 2914 2554 2961 erhielt
2575 2914 2615 2965 sie
2638 2925 2706 2959 von

1475 2956 1528 3003 ihr
1539 2958 1639 2999 einen
1653 2958 1777 3004 kleinen
1790 2960 1863 3008 Biß
1873 2961 1937 3008 auf
1950 2962 2017 3004 den
2024 2963 2153 3006 Rücken
2167 2969 2222 3008 der
2237 2958 2368 3029 rechten
2368 2958 2499 3029 Hand,
2499 2958 2602 3029 nahe
2609 2973 2745 3027 beym

1474 3011 1644 3063 Gelenke
1657 3016 1799 3058 welches
1811 3016 1881 3060 den
1891 3017 2095 3072 Zeigefinger
2109 3015 2179 3074 mit
2194 3026 2257 3063 der
2278 3022 2493 3071 Mittelhand
2506 3029 2712 3078 verbindet;

1560 3101 1714 3142 Discours
1735 3104 1901 3148 prononcé
1930 3115 1989 3145 par
2012 3106 2077 3139 Mr.
2099 3108 2128 3139 E.
2156 3105 2281 3145 Sulzer,
2312 3121 2329 3140 à
2357 3097 2564 3145 l'ouverture
2564 3097 2613 3145 de
2645 3103 2745 3147 son

1563 3156 1657 3182 cours
1683 3145 1724 3176 de
1749 3149 1864 3188 langue
1885 3155 1918 3181 et
1935 3149 1980 3180 de
2006 3150 2184 3185 litterature
2207 3154 2391 3191 allemande
2411 3154 2440 3186 à'
2449 3154 2644 3192 l'académie
2650 3159 2709 3195 de

1563 3187 1758 3221 Lausanne.
1788 3186 1883 3231 1822.
1924 3192 1949 3231 8
1968 3188 2021 3229 S.
2066 3191 2098 3232 8.
