2198 2953
168 50 399 77 Vorausbezahlung

192 89 269 115 Franco
282 88 340 112 durch
352 84 387 110 die

195 107 269 143 ganze
279 110 372 141 Schweiz

235 144 345 176 Jährlich

184 179 339 203 Schwzrfrkn.
354 175 399 197 10.

438 154 752 283 Neue
776 132 1799 307 Zürcher-Zeitung

160 210 422 243 Einrückungsgebühr:

160 259 203 281 Der
212 257 283 279 Raum
294 257 348 277 einer
354 253 425 280 Petit-¬

195 284 250 310 Zeile
260 287 272 305 4
281 284 326 311 Krz.
335 283 357 302 Z.
367 283 392 303 V.

163 328 235 363 Briefe
246 344 269 360 u.
279 337 334 359 Geld
345 335 423 360 Franco

882 331 1370 384 neunundzwanzigster Jahrgang
155 403 398 464 Montag

973 11 1083 75 Nr.
1101 8 1263 76 365.

746 449 830 484 Druck
847 451 899 482 und
917 451 1020 489 Verlag
1038 458 1093 483 von
1108 452 1201 487 Orell,
1220 452 1300 487 Füßli
1317 445 1371 481 und
1392 445 1507 485 Comp.

1548 399 1612 440 den
1638 400 1705 439 31.
1733 395 1920 450 Dezember
1945 394 2083 445 1849.

537 584 669 632 Letzte
714 581 932 623 Nummer

403 656 457 693 des
487 648 654 692 vierten
681 646 902 689 Quartals!

419 760 488 791 Am
511 755 682 793 Silvester
703 752 835 786 1849.

211 854 284 888 Beim
304 854 426 888 Abschluß
445 854 487 881 des
506 845 587 887 heute
587 845 757 887 ablaufenden
775 848 865 883 halben
889 845 984 882 Jahres
1012 847 1108 879 unserer

155 889 344 941 publizistischen
357 894 497 931 Thätigkeit
510 892 608 923 danken
608 892 662 923 wir
674 891 716 927 für
727 892 765 920 die
777 890 904 925 vielseitige
915 889 1109 926 Unterstützung,

156 941 194 970 die
211 944 264 970 uns
284 947 334 970 von
353 939 404 973 nah
424 940 475 966 und
504 937 557 972 fern
586 944 616 972 zu
642 935 715 971 Theil
740 934 868 970 geworden
893 936 943 961 und
975 932 1108 965 empfehlen

156 987 207 1013 uns
218 982 276 1020 auch
288 985 344 1013 dem
355 983 453 1015 fernern
467 978 639 1014 Wohlwollen
654 977 754 1011 unserer
754 977 836 1011 Leser.
869 974 929 1005 Wir
941 975 1036 1003 können
1046 971 1109 1011 nicht

155 1027 298 1062 verlangen,
316 1024 364 1060 daß
383 1024 420 1054 die
440 1023 490 1052 Art
509 1024 559 1052 und
578 1020 659 1053 Weise
668 1042 676 1055 ,
703 1021 750 1050 wie
774 1019 822 1048 wir
841 1019 926 1052 unsere
944 1011 1109 1055 Zeitverhält¬

156 1070 213 1104 nisse
233 1070 359 1104 aufgefaßt
380 1068 431 1096 und
450 1064 586 1102 dargestellt
605 1064 693 1098 haben,
713 1062 777 1098 allen
805 1060 945 1095 Wünschen
968 1062 1109 1095 entspreche.

155 1113 274 1146 Darnach
294 1110 351 1144 darf
367 1110 424 1140 aber
443 1110 501 1140 auch
514 1108 576 1137 keine
593 1106 731 1140 Redaktion
744 1102 875 1137 beurtheilt
888 1106 993 1138 werden,
1007 1103 1110 1135 sondern

157 1158 184 1184 es
204 1155 272 1193 fragt
292 1154 333 1190 sich
353 1153 390 1181 bei
407 1153 493 1187 jeder,
500 1153 530 1181 ob
552 1152 580 1187 sie
600 1151 659 1182 nach
678 1150 757 1177 einem
775 1148 926 1185 bestimmten
944 1146 1017 1180 Plan
1035 1155 1110 1182 gear¬

155 1188 228 1227 beitet
255 1195 306 1234 und
336 1190 459 1232 denselben
486 1196 543 1228 nach
578 1191 739 1229 Möglichkeit
770 1190 892 1227 gefördert
921 1188 992 1223 habe.
1036 1190 1111 1223 Unser

155 1239 354 1277 Grundgedanke
371 1224 445 1276 war,
445 1224 502 1276 den
520 1235 575 1273 Tag
595 1244 623 1272 zu
640 1236 752 1272 benutzen
775 1236 826 1263 und
850 1235 896 1261 das
918 1230 1025 1266 „Heute"
1048 1232 1111 1267 nicht

156 1288 210 1312 dem
231 1281 365 1318 „Gestern"
387 1278 452 1319 und
460 1278 606 1315 „Morgen"
628 1279 802 1316 aufzuopfern.
841 1276 900 1306 Wir
912 1275 1032 1312 glaubten
1039 1283 1110 1310 einen

155 1326 317 1371 wesentlichen
339 1310 487 1370 Uebelstand
487 1310 607 1370 unserer
607 1310 670 1370 Zeit
683 1321 716 1350 in
734 1320 790 1356 den
800 1320 933 1349 Extremen
946 1327 977 1355 zu
990 1314 1111 1353 erblicken,

155 1358 214 1406 von
224 1367 328 1406 welchen
344 1352 401 1408 das
401 1352 476 1408 Eine
490 1352 587 1408 Alles,
587 1352 674 1408 selbst
702 1366 748 1392 das
769 1362 863 1399 Todte,
883 1362 991 1394 erhalten
1011 1359 1110 1395 möchte,

155 1414 201 1441 das
230 1410 329 1440 Andere
354 1408 410 1438 mit
428 1407 507 1438 keiner
530 1403 677 1442 friedlichen
696 1402 884 1440 Entwicklung,
897 1402 948 1439 sich
967 1403 1112 1438 befreunden

154 1456 230 1483 kann.
270 1453 347 1482 Beide
364 1452 476 1480 kommen
497 1453 550 1480 uns
568 1456 623 1484 vor,
642 1447 688 1478 wie
707 1447 920 1484 Uferanwohner,
945 1448 982 1475 die
1000 1448 1046 1475 den
1065 1454 1119 1477 na¬

153 1497 272 1533 türlichen
291 1496 388 1527 Strom
405 1490 448 1523 des
465 1493 560 1527 Lebens
578 1492 619 1522 als
640 1487 800 1530 feindseliges
819 1489 936 1520 Medium
950 1484 1109 1524 gebrauchen,

155 1548 200 1573 um
217 1538 263 1574 sich
281 1539 387 1570 dadurch
406 1535 550 1573 gegenseitig
564 1534 670 1565 Terrain
682 1534 886 1570 abzugewinnen.
925 1532 983 1561 Wir
998 1531 1108 1561 erblicken

154 1583 185 1612 in
202 1582 289 1616 diesem
306 1580 415 1615 Kampfe
442 1586 492 1607 nur
517 1576 742 1614 Ueberbordungen
766 1579 817 1605 und
843 1575 1042 1618 Versandungen
1066 1574 1112 1607 auf

158 1625 241 1658 beiden
262 1622 363 1653 Seiten.
403 1622 487 1650 Wenn
508 1616 533 1650 es
553 1625 604 1650 uns
623 1620 745 1656 gelungen
759 1620 805 1652 sein
820 1617 895 1653 sollte,
916 1619 975 1651 auch
988 1626 1036 1646 nur
1050 1617 1107 1645 We¬

157 1651 228 1712 niges
253 1676 284 1705 zu
311 1669 353 1696 der
370 1649 576 1713 Ueberzeugung
576 1649 742 1713 beigetragen
742 1649 787 1713 zu
805 1658 901 1699 haben
926 1661 973 1694 daß
992 1661 1018 1688 es
1038 1655 1118 1702 besser

156 1713 195 1747 sei,
213 1709 257 1740 das
284 1709 440 1747 Fahrwasser
457 1705 540 1737 beiden
559 1704 676 1740 Parteien
694 1707 809 1743 nützlich,
835 1704 893 1739 statt
914 1705 978 1733 allen
997 1703 1125 1747 schädlich

156 1763 187 1792 zu
206 1755 313 1789 machen,
333 1753 359 1789 so
379 1752 482 1779 würden
500 1752 546 1779 wir
565 1750 607 1786 für
626 1750 710 1784 unsere
729 1749 828 1785 geringe
845 1739 939 1777 Arbeit
939 1739 991 1777 den
1007 1743 1119 1784 süßesten

157 1793 227 1831 Lohn
246 1796 355 1832 erhalten
375 1794 461 1828 haben.

503 1863 775 1927 Schweiz.

214 1940 458 1976 Bundesstadt.
491 1938 550 1967 Das
575 1937 754 1974 schweizerische
769 1935 956 1968 Bundesblatt
956 1935 1033 1968 vom
1060 1936 1126 1967 29.

159 1985 245 2021 bringt
274 1984 302 2021 1)
321 1986 376 2014 das
389 1981 581 2018 Bundesgesetz
587 1985 648 2009 vom
668 1981 712 2011 10.
727 1979 796 2016 Dez.
796 1979 883 2016 1849
883 1979 951 2016 über
968 1981 1004 2010 die
1023 1979 1119 2011 Dauer

158 2031 212 2058 und
237 2029 275 2058 die
300 2027 398 2061 Kosten,
420 2028 460 2055 der
487 2021 886 2058 Niederlassungsbewilligung.
886 2021 1031 2058 Dasselbe
1057 2021 1118 2053 tritt

159 2072 206 2101 mit
220 2071 293 2101 dem
293 2071 322 2101 1.
335 2067 448 2102 Januar
448 2067 531 2102 1850
549 2068 575 2095 in
593 2066 678 2101 Kraft,
715 2066 748 2102 2)
762 2067 826 2098 Das
846 2064 1111 2099 Geschäftereglement

159 2117 202 2143 des
217 2111 440 2144 Ständerathes.
451 2110 491 2145 3)
491 2110 565 2145 Den
585 2108 684 2142 Bericht
704 2111 745 2140 des
764 2107 958 2142 Bundesrathes
984 2107 1052 2139 über
1066 2109 1124 2139 das

159 2157 341 2193 schwyzerische
353 2154 469 2188 Gesuch,
487 2153 524 2182 die
548 2153 594 2186 auf
619 2150 650 2189 1.
650 2150 779 2189 Januar
779 2150 859 2189 1850
884 2149 969 2186 fällige
986 2149 1057 2183 Rate
1057 2149 1111 2183 der

160 2196 510 2232 Sonderbundskriegsschuld
535 2203 592 2232 zum
611 2194 791 2229 Straßenbau
800 2201 830 2230 zu
855 2196 1005 2224 verwenden.
1032 2193 1112 2228 (Der

160 2242 326 2276 Bundesrath
345 2240 396 2276 hat
407 2239 555 2277 bekanntlich
573 2237 685 2273 deßhalb
696 2237 746 2273 zur
746 2237 970 2273 Tagesordnung
983 2230 1124 2270 gerathen,

159 2286 221 2318 weil
233 2284 283 2315 ein
291 2285 420 2314 Eintreten
438 2282 470 2317 so
482 2282 539 2315 viel
539 2282 596 2315 als
607 2280 647 2311 ein
667 2279 808 2316 Verzichten
821 2279 885 2314 auf
903 2277 942 2308 die
966 2278 1111 2313 sämmtlich

160 2329 394 2364 Kriegsschuldrate
405 2333 473 2355 vom
485 2322 508 2356 1.
522 2322 623 2356 Januar
634 2323 718 2358 1850
731 2322 863 2358 (812,000
882 2320 953 2357 Frk.)
972 2321 1017 2355 sei,
1035 2319 1109 2357 wäh¬

160 2373 221 2401 rend
243 2370 296 2406 sich
313 2372 362 2399 aus
388 2370 443 2399 dem
459 2368 560 2403 Büdget
588 2365 681 2403 ergibt,
708 2366 763 2401 daß
783 2364 912 2401 abgesehen
931 2369 982 2393 von
989 2364 1048 2404 der
1048 2364 1127 2404 sog.

161 2411 441 2447 Sonderbundsschuld
464 2410 505 2445 die
505 2410 708 2445 zinstragenden
720 2409 865 2442 Kapitalten
885 2406 972 2436 kleiner
985 2405 1058 2442 sind,
1067 2407 1127 2441 als

159 2455 205 2491 die
205 2455 405 2491 Kapitalschuld
428 2454 469 2485 der
493 2451 733 2488 Eidgenossenschaft
761 2453 813 2482 und
841 2450 905 2484 also
918 2449 981 2486 diese
1004 2451 1040 2481 in
1056 2450 1126 2483 dem

160 2499 249 2533 Maße,
277 2498 304 2529 in
322 2496 445 2529 welchem
453 2494 490 2530 sie
490 2494 573 2530 einen
592 2494 704 2528 Nachlaß
721 2492 871 2529 bewilligt,
871 2492 934 2529 sich
944 2491 1027 2528 ihres
1027 2491 1112 2528 einzig

160 2543 226 2574 noch
250 2541 365 2578 übrigen
382 2538 575 2576 zinstragenden
592 2536 718 2574 Kapitals
741 2537 835 2572 begiebt
863 2536 914 2567 und
933 2535 1001 2569 nahe
1015 2536 1061 2567 an
1061 2536 1127 2567 den

160 2584 256 2617 Punkt
266 2586 384 2620 gelangt,
393 2580 483 2618 nichts
483 2580 537 2618 zu
537 2580 644 2618 besitzen,
663 2580 795 2617 Schulden
795 2580 842 2617 zu
854 2579 954 2612 machen
964 2577 1033 2611 oder
1033 2577 1126 2611 Geld¬

161 2627 328 2663 kontingete
338 2623 513 2663 einzuziehen.)

215 2669 312 2703 Ferner
325 2667 391 2707 zeigt
405 2671 453 2706 das
471 2665 653 2703 Bundesblatt
653 2665 714 2703 an,
714 2665 779 2703 daß
779 2665 828 2703 der
846 2662 941 2700 König
941 2662 1000 2700 der
1010 2663 1118 2705 Nieder¬

161 2713 242 2751 lande
242 2713 305 2751 dem
322 2713 392 2746 Hrn.
400 2710 440 2743 La
452 2707 675 2748 Roche-Stehelin
675 2707 742 2748 von
742 2707 841 2748 Basel
841 2707 888 2748 die
902 2706 1038 2744 verlangte
1048 2705 1113 2740 Ent¬

161 2755 264 2793 lassung
264 2755 331 2793 als
339 2753 559 2794 niederländischer
570 2751 674 2786 Konsul
681 2750 737 2788 auf
754 2751 810 2784 eine
825 2749 965 2789 ehrenvolle
971 2749 1062 2785 Weise
1067 2755 1127 2790 ge¬

162 2799 252 2834 währt
262 2798 353 2835 habe.

1199 566 1231 597 +
1251 566 1371 600 Zürich.
1408 564 1533 599 Zwischen
1558 567 1612 594 dem
1641 564 1851 601 eidgenössischen
1851 564 2090 601 Postdepartement

1145 610 1196 636 und
1214 611 1269 638 dem
1283 608 1525 643 Bevollmächtigten
1543 609 1584 637 der
1596 607 1750 644 Regierung
1760 615 1809 636 von
1822 608 1930 643 Zürich,
1941 608 2005 642 Hrn.
2018 608 2090 638 Bür¬

1145 651 1280 688 germeister
1298 651 1352 679 Dr.
1368 651 1490 684 Escher,
1509 651 1537 684 ist
1555 654 1627 679 unter
1638 650 1949 686 Ratifikationsvorbehalt
1967 651 2006 680 ein
2025 652 2091 691 Ver¬

1145 698 1203 730 trag
1220 693 1399 730 abgeschlossen
1407 694 1524 727 worden,
1549 694 1650 729 wonach
1668 694 1718 723 das
1734 692 1819 731 hiesige
1838 694 2008 729 Postgebäude
2025 695 2091 730 nebst

1145 735 1309 771 Zubehörden
1334 738 1383 770 der
1391 736 1629 772 Eidgenossenschaft
1654 737 1707 771 auf
1723 737 1773 765 drei
1786 736 1867 767 Jahre
1892 745 1935 765 um
1957 739 2004 772 den
2012 737 2090 772 jähr¬

1145 779 1228 816 lichen
1228 779 1306 816 Zins
1324 786 1376 808 von
1395 780 1494 815 10,000
1510 778 1585 813 Frkn.
1605 778 1760 814 miethweise
1760 778 1900 814 überlassen
1918 780 1990 814 wird.
2027 779 2104 815 Von

1145 818 1219 852 Seite
1242 827 1284 852 der
1307 823 1412 859 hiesigen
1430 821 1577 859 Regierung
1599 825 1684 852 wurde
1700 823 1787 857 diesem
1804 823 1936 858 Betrage
1944 825 1982 852 die
1999 824 2110 860 Ratifi¬

1146 858 1231 897 kation
1250 866 1354 899 ertheilt.

1200 909 1238 941 In
1258 908 1335 944 Folge
1356 910 1404 937 der
1431 909 1505 941 durch
1517 907 1643 943 Beschluß
1672 910 1713 937 der
1727 908 2022 949 Bundesversammsung
2038 912 2092 939 dem

1147 950 1328 986 Bundesrathe
1348 950 1481 986 ertheilten
1481 950 1635 986 Auftrages,
1653 952 1698 979 den
1711 949 1792 991 Plan
1792 949 1832 991 zu
1844 951 1926 988 einem
1926 951 2093 988 allgemeinen

1147 994 1343 1031 schweizerischen
1363 991 1574 1031 Eisenbahn-Netz
1601 994 1755 1030 vorzulegen,
1784 994 1846 1023 ladet
1872 994 1973 1026 derselbe
2000 995 2035 1023 die
2053 996 2092 1023 be¬

1147 1037 1278 1072 treffenden
1296 1037 1415 1068 Kantone
1428 1041 1488 1074 ein,
1518 1037 1568 1071 ihm
1587 1036 1623 1065 die
1641 1035 1728 1065 bereits
1747 1037 1920 1071 vorhandenen
1939 1039 1991 1066 und
2008 1040 2093 1067 andere

1147 1080 1310 1114 Materialien
1316 1072 1437 1115 , welche
1462 1079 1504 1115 für
1522 1080 1558 1108 die
1577 1078 1741 1110 Vorarbeiten
1759 1080 1851 1117 benutzt
1862 1080 1966 1110 werden
1985 1079 2090 1116 können,

1148 1123 1297 1159 zuzustellen.

1201 1167 1268 1194 Dem
1287 1164 1572 1200 landwirthschaftlichen
1594 1164 1706 1195 Vereine
1716 1167 1800 1196 wurde
1817 1165 1858 1200 für
1877 1168 1922 1194 das
1938 1164 2003 1197 Jahr
2023 1167 2092 1196 1849

1148 1209 1187 1237 ein
1207 1200 1399 1243 Staatsbeitrag
1417 1211 1471 1237 Von
1490 1204 1554 1240 300
1554 1204 1635 1240 Frkn.
1655 1201 1755 1243 ertheilt.

1201 1251 1252 1280 Die
1270 1251 1349 1287 Zahl
1366 1253 1411 1281 der
1435 1252 1602 1287 gegenwärtig
1627 1252 1689 1289 noch
1716 1252 1745 1280 in
1763 1252 1804 1280 der
1814 1245 1928 1289 Kaserne
1947 1247 2114 1290 verpflegten

1148 1295 1270 1328 deutschen
1290 1291 1442 1329 Flüchtlinge
1462 1293 1555 1329 beläuft
1574 1294 1616 1331 sich
1635 1293 1684 1329 auf
1698 1293 1759 1323 circa
1778 1295 1830 1323 100
1839 1281 1953 1331 Mann.

1201 1336 1287 1372 Zug.
1323 1334 1371 1365 Im
1387 1338 1467 1362 neuern
1486 1334 1565 1367 Jahre
1583 1335 1701 1370 vereinigt
1718 1333 1764 1370 sich
1778 1337 1823 1363 der
1849 1334 1920 1368 „freie
1939 1329 2093 1369 Schweizer"

1149 1378 1195 1406 mit
1219 1379 1274 1407 dem
1301 1377 1477 1413 „Zugerischen
1506 1376 1715 1406 Kantonsblatt."
1739 1392 1773 1398 —
1798 1377 1925 1413 Nächsten
1943 1380 1969 1407 6.
1997 1377 2095 1408 Jänner

1148 1421 1229 1455 finden
1256 1422 1296 1450 die
1324 1412 1572 1452 Großrathswahlen
1602 1419 1657 1454 statt
1670 1440 1679 1452 ,
1709 1419 1745 1448 bei
1774 1422 1848 1448 denen
1878 1423 1905 1448 es
1938 1419 1984 1457 sich
2016 1423 2095 1457 zeigen

1148 1457 1219 1497 wird,
1238 1464 1268 1491 ob
1288 1470 1347 1491 man
1366 1463 1392 1489 in
1411 1455 1479 1500 Zug
1479 1455 1578 1500 Nichts
1598 1463 1691 1499 gelernt
1708 1464 1758 1491 und
1778 1462 1866 1495 Nichts
1886 1463 2005 1498 vergessen
2024 1463 2094 1496 habe.

1148 1506 1204 1541 Ein
1204 1506 1285 1541 Sieg
1303 1508 1343 1534 dter
1362 1505 1478 1533 liberalen
1499 1507 1601 1538 Parthei
1621 1503 1701 1539 sichert
1719 1506 1756 1534 die
1776 1505 1887 1539 Zukunft
1909 1505 1980 1540 dieses
1994 1507 2095 1541 schönen

1147 1544 1302 1584 Ländchens,
1314 1547 1432 1583 während
1452 1556 1502 1576 eine
1519 1545 1681 1582 konservative
1696 1544 1821 1588 Mehrheit
1831 1545 1884 1577 von
1897 1549 1938 1577 der
1950 1548 2095 1585 Niederlage

1147 1594 1188 1619 der
1207 1591 1406 1627 gegenwärtigen
1418 1584 1558 1626 Ordnung
1577 1593 1652 1620 weder
1668 1589 1711 1625 für
1729 1591 1789 1627 sich,
1813 1592 1873 1624 noch
1899 1591 1940 1627 für
1964 1595 2010 1621 das
2029 1592 2095 1621 Land

1148 1634 1258 1663 Gewinn
1278 1630 1367 1671 ziehen
1377 1631 1481 1662 könnte.
1492 1631 1530 1664 In
1548 1633 1609 1670 Zug
1628 1633 1671 1667 hat
1691 1627 1752 1662 man
1773 1641 1823 1663 von
1841 1634 1909 1669 jeher
1909 1634 1954 1669 die
1966 1629 2096 1672 Umstände

1149 1677 1192 1705 mit
1212 1677 1238 1705 in
1258 1678 1293 1705 die
1312 1676 1452 1711 politischen
1474 1670 1665 1711 Berechnungen
1682 1685 1711 1712 zu
1731 1677 1833 1712 bringen
1852 1677 1993 1711 verstanden
2006 1680 2055 1707 und
2070 1682 2095 1707 es

1148 1720 1174 1750 ist
1194 1728 1223 1755 zu
1243 1725 1370 1751 erwarten,
1391 1719 1439 1752 daß
1458 1719 1529 1754 dieser
1548 1712 1610 1747 Takt
1630 1720 1688 1753 auch
1709 1719 1743 1748 im
1763 1719 1841 1749 Volke
1856 1717 1899 1760 sich
1915 1721 1996 1753 finden
2009 1723 2094 1750 werde.

1148 1763 1206 1791 Das
1226 1763 1369 1798 Zugerische
1378 1759 1574 1791 Kantonsblatt
1592 1762 1691 1791 beweist
1707 1762 1754 1791 mit
1771 1762 1882 1798 Zahlen,
1905 1763 1952 1796 daß
1976 1763 2012 1792 die
2034 1763 2095 1800 hab¬

1147 1803 1235 1841 lichern
1256 1806 1409 1834 Gemeinden
1428 1805 1475 1836 auf
1489 1804 1600 1833 liberaler
1613 1801 1779 1839 Seitestehen:
1800 1805 1843 1834 So
1858 1806 1949 1837 steuern
1962 1805 2029 1842 Zug,
2043 1808 2094 1835 Un¬

1149 1850 1267 1884 terägeri,
1285 1848 1400 1880 Chaam,
1417 1841 1568 1886 Hünenberg
1594 1849 1644 1876 und
1669 1843 1743 1879 Risch
1769 1848 1864 1888 11,401
1884 1846 1955 1882 Frk.,
1980 1834 2113 1881 während'

1148 1891 1183 1919 die
1208 1888 1402 1926 konservativen
1402 1888 1566 1926 Gemeinden
1591 1889 1744 1927 Menzingen
1756 1913 1763 1923 ,
1788 1890 1925 1925 Neuheim,
1947 1892 2021 1920 Baar
2043 1893 2095 1921 und

1150 1931 1292 1971 Walchwyl
1305 1932 1371 1969 bloß
1379 1931 1457 1962 3823
1476 1930 1531 1966 Frk.
1542 1929 1589 1965 50
1598 1932 1650 1973 Rp.
1670 1938 1720 1961 und
1738 1934 1774 1962 die
1794 1935 1821 1962 in
1838 1936 1878 1962 der
1907 1935 1984 1963 Mitte
2007 1935 2096 1969 stehen¬

1148 1978 1192 2005 den
1211 1977 1363 2005 Gemeinden
1383 1966 1520 2011 Oberägeri
1540 1979 1590 2004 und
1611 1970 1769 2010 Neuhausen
1788 1977 1856 2006 1896
1882 1971 1939 2008 Frk.
1960 1978 2110 2013 beitragen.

1148 2010 1206 2049 Aus
1219 2017 1310 2053 diesen
1310 2017 1416 2053 Zahlen
1436 2018 1524 2054 ergiebt
1542 2015 1600 2054 sich,
1625 2003 1679 2052 daß
1679 2003 1738 2052 die
1738 2003 1873 2052 lieberalen
1873 2003 2040 2052 Gemeinden
2040 2003 2113 2052 mit

1145 2061 1180 2093 31
1194 2062 1281 2091 direkt
1298 2064 1439 2097 gewählten
1458 2058 1625 2096 Großräthen
1643 2060 1690 2095 2/3
1706 2062 1753 2092 der
1774 2068 1872 2100 ganzen
1895 2061 2100 2098 Steuerfunime,

1150 2107 1196 2134 alle
1201 2106 1311 2139 übrigen
1326 2103 1481 2135 Gemeinden
1497 2103 1607 2142 dagegen
1624 2104 1670 2132 mit
1690 2103 1807 2142 ebenfalls
1823 2101 1858 2135 31
1870 2099 2035 2143 Großräthen
2044 2107 2098 2138 nur

1147 2144 1187 2182 1/3
1195 2144 1318 2183 bezahlen.
1353 2145 1399 2179 Es
1414 2145 1444 2185 ist
1456 2146 1515 2181 also
1529 2146 1596 2179 nicht
1613 2154 1661 2174 nur
1673 2148 1706 2178 in
1722 2145 1925 2184 eidgenössischer,
1940 2146 2049 2182 sondern
2063 2150 2101 2181 in

1148 2192 1200 2220 rein
1221 2179 1364 2219 kantonaler
1384 2190 1527 2225 Beziehung
1546 2191 1582 2217 im
1600 2184 1709 2223 wahren,
1728 2189 1792 2223 nicht
1810 2196 1858 2219 nur
1872 2186 2020 2230 politischen
2039 2188 2111 2224 son¬

1149 2236 1206 2261 dern
1225 2229 1487 2268 staatsökonomischen
1506 2231 1632 2268 Interesse,
1650 2228 1704 2267 daß
1717 2232 1801 2261 liberal
1814 2232 1919 2268 gewählt
1933 2234 2016 2262 werde.
2038 2234 2094 2269 Da,

1148 2280 1194 2309 wo
1207 2273 1267 2304 man
1285 2271 1459 2305 vorankommt
1478 2276 1505 2303 in
1524 2277 1601 2304 einem
1618 2274 1706 2308 Lande,
1724 2279 1755 2304 da
1773 2270 1835 2304 wird
1854 2271 1891 2304 die
1911 2270 1995 2308 Fahne
2008 2270 2097 2313 aufge¬

1148 2316 1230 2354 steckt,
1230 2316 1278 2354 der
1294 2319 1358 2354 jeder
1378 2313 1547 2354 Vernünftige
1566 2322 1637 2354 gerne
1658 2319 1733 2353 folgt.

1203 2360 1425 2396 Solothurn.
1463 2346 1824 2400 Gtoßrathsverhandlungen.
1867 2355 1992 2397 Wahlen:
2023 2362 2108 2392 Kan¬

1149 2399 1422 2442 tonsrathspräsident:
1441 2401 1489 2437 Hr.
1503 2396 1701 2437 Amtsschreiber
1711 2399 1793 2433 Burki
1810 2400 1863 2433 mit
1874 2405 1911 2433 48
1930 2409 1982 2433 von
1996 2407 2031 2434 90
2044 2407 2092 2435 St.

1149 2441 1371 2482 Landammann:
1371 2441 1437 2482 Hr.
1437 2441 1579 2482 Benjamin
1596 2440 1719 2475 Brunner
1730 2441 1782 2475 mit
1795 2435 1826 2477 61
1836 2441 1894 2476 von
1902 2442 1940 2476 88
1953 2448 2096 2478 Stimmen.

1149 2492 1248 2524 43,000
1267 2490 1319 2523 Fr.,
1338 2491 1423 2523 welche
1440 2491 1483 2518 der
1500 2478 1670 2526 Reservefond
1670 2478 1732 2526 der
1732 2478 1895 2526 Staatskasse
1904 2485 2093 2527 vorgeschossen,

1149 2533 1224 2575 sollen
1235 2528 1292 2562 mit
1306 2528 1357 2568 41
1357 2528 1426 2568 Ja,
1426 2528 1506 2568 gegen
1525 2532 1557 2561 31
1578 2527 1660 2566 Nein,
1676 2532 1804 2567 refundirt
1819 2518 1945 2562 werden.
1963 2527 2020 2563 Der
2031 2536 2094 2563 An¬

1149 2577 1213 2612 trag
1221 2573 1267 2605 des
1283 2569 1360 2609 Hrn.
1360 2569 1504 2609 Fürsprech
1520 2574 1640 2609 Meister,
1657 2574 1705 2611 die
1705 2574 1888 2611 theologische
1888 2574 1991 2611 Anstalt
2009 2568 2113 2613 aufzu¬

1149 2616 1233 2653 heben,
1252 2623 1338 2648 wurde
1360 2619 1400 2647 als
1420 2617 1534 2653 erheblich
1553 2618 1653 2647 erklärt:
1689 2618 1742 2647 Der
1755 2618 1971 2655 Regierungsrath
1982 2619 2024 2654 hat
2037 2614 2110 2655 noch

1150 2663 1184 2690 im
1203 2661 1280 2696 Laufe
1299 2664 1339 2690 der
1358 2661 1477 2696 Sitzung
1486 2668 1515 2696 zu
1534 2662 1656 2688 relatiren.

1200 2704 1470 2736 Graubünden.
1500 2702 1569 2732 Das
1582 2703 1697 2735 Institut
1707 2704 1749 2733 der
1772 2702 1928 2740 freiwilligen
1937 2703 2110 2733 Armenver¬

1149 2745 1202 2777 eine
1214 2748 1290 2783 findet
1297 2746 1385 2782 mehr
1394 2748 1447 2775 und
1464 2747 1540 2779 mehr
1553 2745 1679 2782 Anklang,
1697 2747 1734 2775 die
1750 2747 1928 2783 Konsessionen
1946 2748 2045 2781 reichen
2052 2747 2099 2783 sich

1147 2788 1220 2828 daher
1235 2789 1375 2827 freundlich
1375 2789 1433 2827 die
1442 2788 1518 2823 Hand
1532 2789 1593 2827 und
1593 2789 1718 2827 erkennen
1718 2789 1777 2827 den
1777 2789 2022 2827 gemeinschaftlichen
2031 2790 2100 2822 Mit¬
