2026 2480
1399 165 1740 242 1811.

140 159 322 263 Nro.
378 157 539 287 37,

1189 333 1836 462 Zeitung.

42 339 588 474 Zürcher-

1415 497 1483 542 den
1507 505 1529 542 7
1533 523 1542 532 .
1564 493 1673 545 May

186 503 457 553 Dienstag,

49 646 176 676 Gedruckt
185 653 239 677 und
248 652 279 681 zu
294 646 384 677 finden
388 648 425 677 in
442 644 488 679 der
506 641 718 676 Buchhandlung
727 644 782 670 von
801 639 904 674 Orell
897 655 915 676 ,
926 639 1042 676 Füßli
1048 639 1110 674 und
1123 637 1324 670 Compagnie
1343 635 1391 668 und
1407 635 1462 676 auf
1470 637 1545 672 allen
1553 633 1671 670 Schweiz.
1676 635 1851 668 Postämtern.

88 730 334 769 Großbritannien.
334 730 544 769 Schweden.
544 730 728 769 Dänemark.
728 730 927 769 Deutschland.
927 730 1105 769 (Rüstungen
1105 730 1159 769 im
1159 730 1302 769 Norden.
1302 730 1426 769 Gerücht
1426 730 1492 769 von
1492 730 1585 769 einem
1585 730 1710 769 Besuche
1710 730 1766 769 des
1766 730 1849 769 Vice-¬

126 773 251 810 Königes
251 773 318 810 von
318 773 445 810 Italien
445 773 504 810 zu
504 773 683 810 Frankfurt.
683 773 913 810 Wiener-Kurs.
913 773 1037 810 Brand
1037 773 1090 810 zu
1090 773 1269 810 Debrezin).
1269 773 1430 810 Frankreich
1430 773 1640 810 (Dümouriez
1640 773 1745 810 letzter
1745 773 1847 810 Unfall.

125 808 206 843 Edle
206 808 328 843 Anstalt
328 808 377 843 zu
377 808 493 843 Lyon).
493 808 643 843 Schweiz
643 808 872 843 (diplomatischer
872 808 983 843 Besuch
983 808 1050 843 bey
1050 808 1116 843 der
1116 808 1260 843 Kaiserin
1260 808 1418 843 Majestät).

269 882 803 920 Großbritanien.

93 933 131 967 Zu
147 928 278 964 London
297 929 326 963 ist
342 926 378 962 H.
398 928 549 964 Heinrich
561 923 682 962 Hope
682 923 759 962 Chef
770 925 821 955 des
837 914 950 955 vormals

60 974 93 1008 zu
93 974 291 1008 Amsterdam
302 971 466 1006 bestandenen
474 963 688 1004 Handelshauses
695 963 795 1005 Hope
795 963 848 1005 und
860 967 949 998 Comp.

47 1014 229 1050 gestorben.
229 1014 278 1050 Es
292 1019 346 1041 war
361 1012 396 1046 im
410 1011 502 1046 Jahre
512 1015 578 1045 1794
578 1007 599 1038 .
599 1007 643 1038 als
643 1007 681 1038 er
690 999 877 1041 Amsterdam
895 1013 952 1038 ver¬

63 1056 120 1092 ließ
120 1056 148 1092 ,
148 1056 217 1092 und
217 1056 270 1092 sich
270 1056 332 1092 nach
340 1049 491 1090 England
503 1048 600 1087 begab.
624 1049 682 1081 Die
690 1041 786 1087 Hälfte
786 1041 880 1087 seines
880 1041 952 1087 Ver¬

47 1097 214 1136 mögens,
214 1097 281 1136 das
281 1097 332 1136 sich
348 1098 396 1130 auf
416 1100 457 1131 13.
475 1094 617 1125 Millionen
636 1085 752 1123 Gulden
752 1085 891 1123 beläuft
891 1085 956 1123 erbt

64 1143 118 1179 sein
137 1140 296 1174 adoptirter
304 1136 402 1172 Sohn,
425 1136 585 1177 William
595 1130 685 1168 Hope
691 1130 721 1165 ,
732 1132 786 1162 der
795 1131 858 1163 eine
870 1127 956 1170 seiner

50 1182 177 1221 Nichten
197 1179 360 1219 geheirathet
382 1181 438 1213 hat.

383 1220 647 1255 Schweden

106 1269 313 1302 Stockholm,
330 1256 395 1298 12.
395 1256 508 1298 April.
525 1254 603 1294 Auch
603 1254 663 1294 der
663 1254 748 1294 Graf
757 1256 964 1293 Löwenhielm

65 1310 142 1343 wird
142 1310 198 1343 den
215 1302 326 1341 Grafen
326 1302 455 1341 Brahe
467 1301 540 1337 nach
545 1298 649 1336 Paris
655 1299 809 1329 begleiten
824 1299 879 1333 und
879 1299 907 1333 ,
907 1299 961 1333 wie

63 1352 140 1386 man
140 1352 223 1386 fragt,
242 1351 299 1378 dem
318 1348 497 1381 neugebornen
518 1343 618 1376 Könige
637 1339 686 1371 von
706 1339 789 1371 Rom
797 1334 856 1370 den
876 1339 948 1372 Sera¬

69 1384 274 1433 phinen-Orden
274 1384 457 1433 überbringen.
478 1386 653 1419 Ueberhaupt
664 1383 727 1412 wird
734 1376 808 1416 diese
816 1377 949 1420 Ambassade

73 1439 128 1470 eine
148 1434 203 1470 der
203 1434 392 1470 glänzendsten
413 1433 473 1465 seyn
484 1443 492 1462 ,
514 1428 561 1458 die
580 1427 630 1461 seit
652 1424 739 1459 langer
760 1426 820 1470 Zeit
841 1428 889 1455 von
904 1422 964 1455 dem

72 1476 144 1516 Hofe
144 1475 192 1513 zu
192 1471 398 1512 Stockholm
398 1468 549 1507 abgesandt
549 1466 671 1504 worden.
693 1468 771 1505 Der
771 1468 856 1505 Graf
856 1468 961 1505 Brahe

73 1520 113 1560 ist
113 1519 173 1558 der
173 1517 282 1556 älteste
282 1516 371 1553 Graf
371 1515 430 1551 des
430 1513 554 1550 Reichs

377 1561 676 1592 Dänemark.

111 1597 175 1641 Die
175 1597 395 1641 Staatszeitung
395 1597 501 1641 enthält
501 1597 618 1641 folgende
627 1589 804 1631 Uebersetzung
804 1589 884 1631 eines
897 1589 966 1626 aber¬

76 1651 192 1686 maligen
214 1647 385 1678 Schreibens
391 1637 449 1688 des
449 1637 641 1688 Englischen
654 1636 846 1675 Gouverneurs
856 1640 902 1673 auf
909 1641 967 1672 An¬

50 1691 175 1730 holt,
175 1691 216 1730 an
237 1676 292 1721 an
292 1676 558 1721 General-Major
558 1676 761 1721 Tellequist:
761 1676 839 1721 „Ich
858 1684 902 1713 binbin
919 1683 973 1713 mit

78 1733 136 1768 Ew.
149 1729 286 1766 Excellenz
286 1729 411 1766 Briefen
411 1729 491 1766 vom
491 1729 542 1766 29.
556 1728 636 1760 März
655 1727 714 1756 und
714 1727 781 1756 vom
798 1724 824 1756 .
840 1726 916 1760 April
929 1726 970 1756 be¬

79 1781 136 1814 ehrt
149 1769 259 1808 worden
259 1769 281 1808 ,
281 1769 337 1808 die
337 1769 389 1808 den
400 1772 509 1807 Wunsch
523 1773 574 1802 Sr.
587 1763 761 1805 Dänischen
775 1763 910 1804 Majestät
910 1763 972 1804 ent¬

79 1824 167 1858 halten
177 1839 185 1853 ,
205 1814 261 1851 daß
270 1812 319 1851 die
319 1812 469 1851 Offiziere
469 1812 524 1851 und
534 1811 679 1846 Gemeinen
699 1812 745 1841 des
760 1813 971 1848 Truppencorps,

80 1866 187 1896 welches
203 1861 249 1891 die
267 1854 367 1896 Insel,
367 1854 424 1896 wo
441 1859 485 1890 ich
499 1858 532 1891 zu
546 1851 750 1901 kommandiren
750 1851 807 1901 die
807 1851 881 1901 Ehre
899 1853 971 1890 habe,

82 1904 198 1940 angriff,
221 1904 283 1934 nach
295 1903 451 1939 Jütland
451 1903 495 1939 zur
508 1890 717 1934 Auswechslung
717 1890 859 1934 übersandt
875 1892 974 1931 werden

84 1947 209 1978 möchten.
247 1945 304 1973 Es
304 1945 371 1973 war
385 1946 450 1979 stets
466 1945 518 1974 der
533 1931 652 1991 Wunsch
652 1931 772 1991 meines
772 1931 974 1991 Vaterlandes,

84 1991 131 2020 den
144 1986 249 2022 tapfern
259 1981 386 2030 Dänen
386 1981 508 2030 Beweise
519 1981 573 2026 von
573 1981 752 2026 Hochachtung
762 1975 798 2021 zu
798 1975 896 2021 geben,
919 1987 976 2019 und

85 2034 111 2068 so
128 2028 219 2068 schnell
232 2027 280 2056 als
297 2023 412 2061 möglich
412 2023 478 2061 den
478 2023 579 2061 Leiden
594 2021 666 2064 ihrer
666 2021 888 2064 Gefangenschaft
905 2028 979 2063 abzu¬

85 2077 189 2112 helfen,
208 2072 262 2101 und
279 2069 409 2101 Niemand
427 2065 524 2107 schätzet
540 2070 580 2103 die
595 2066 730 2111 Dänen,
739 2071 793 2101 als
808 2065 870 2107 edle
870 2065 977 2107 Feinde,

86 2120 165 2155 höher
179 2116 231 2147 wie
253 2114 299 2147 ich.
338 2110 486 2147 Deßwegen
502 2116 566 2145 wird
587 2115 638 2146 Sr.
655 2106 844 2151 Brittischen
852 2109 979 2149 Majestät

89 2163 227 2197 Fregatte,
248 2157 381 2190 Tartar,
409 2158 486 2186 unter
502 2155 763 2199 Parlemtärflagge
782 2157 909 2192 abgehen,
936 2164 979 2186 um

88 2205 212 2239 Offiziere
235 2201 290 2233 und
307 2200 455 2232 Gemeine,
486 2194 538 2233 bis
538 2194 588 2233 zur
608 2197 677 2237 Zahl
677 2197 740 2237 von
760 2191 840 2237 300.
840 2191 979 2237 Kriegsge¬

88 2247 232 2282 fangenen,
252 2243 302 2278 auf
313 2243 354 2277 ihr
365 2240 519 2277 Ehrenwort
531 2241 576 2278 bis
576 2241 615 2278 zu
615 2241 698 2278 ihrer
698 2241 902 2278 Auswechslung
915 2236 979 2277 nicht

83 2297 119 2326 zu
139 2291 255 2326 dienen,
284 2295 317 2324 zu
334 2286 514 2323 überbringen.
561 2285 614 2318 Ein
637 2286 820 2321 schmerzliches
841 2286 987 2322 Ereigniß

974 872 1081 917 welches
1081 872 1121 917 ich
1135 881 1189 910 Ew.
1199 880 1324 912 Excellenz
1341 885 1376 910 zu
1387 877 1486 908 melden
1501 876 1563 909 habe
1571 890 1578 908 ,
1593 869 1636 910 ist
1636 869 1686 910 der
1695 875 1752 905 Tod
1764 876 1848 910 Ihres

970 914 1154 955 Adjutanten,
1166 923 1215 951 des
1232 920 1343 955 Kapitän
1358 912 1496 957 Pryoz,
1496 912 1582 957 dessen
1595 918 1730 952 bewiesene
1740 917 1849 952 Tapfer¬

971 964 1026 994 keit
1037 965 1091 998 ihm
1104 965 1178 997 unsre
1195 964 1392 997 Bewunderung
1407 962 1535 992 erworben
1549 960 1617 992 hat,
1617 960 1680 992 und
1695 966 1781 994 wegen
1796 958 1851 992 des¬

976 1003 1019 1041 sen
1035 1006 1166 1044 traurigen
1181 996 1331 1040 Absterbens
1350 1004 1392 1034 die
1415 1009 1489 1037 ganze
1512 1001 1651 1037 Besatzung
1672 1002 1734 1032 mich
1756 1001 1851 1034 bittet,

976 1049 1033 1077 Ew.
1043 1046 1170 1077 Excellenz
1184 1044 1253 1084 ihre
1253 1044 1432 1084 Theilnahme
1444 1051 1473 1077 zu
1488 1045 1627 1078 bezeugen.
1652 1044 1730 1074 Aber
1730 1044 1765 1074 es
1778 1043 1854 1078 gefiel

979 1091 1035 1120 dem
1045 1086 1228 1122 Allmächtigen
1242 1088 1287 1121 ihn
1304 1097 1332 1120 zu
1343 1088 1385 1125 sich
1396 1095 1425 1121 uu
1438 1088 1543 1125 nehmen
1553 1090 1568 1118 ,
1581 1085 1635 1116 und
1650 1087 1680 1116 es
1695 1087 1788 1116 kommt
1802 1086 1856 1116 uns

980 1138 1010 1165 zu
1018 1149 1026 1167 ,
1046 1137 1120 1161 wenn
1134 1129 1196 1164 auch
1216 1130 1284 1163 nicht
1302 1131 1369 1165 ohne
1382 1130 1521 1160 Kummer,
1541 1124 1609 1160 doch
1609 1124 1658 1160 mit
1665 1124 1857 1164 Standhaftig¬

982 1174 1032 1204 keit
1047 1176 1076 1204 es
1091 1181 1120 1207 zu
1132 1165 1277 1209 ertragen.
1277 1165 1348 1209 Im
1356 1169 1494 1206 Uebrigen
1493 1171 1564 1200 bitte
1571 1169 1614 1202 ich
1622 1170 1677 1206 Sie
1686 1171 1769 1206 Ihren
1782 1172 1856 1201 Sou¬

982 1217 1071 1247 verain
1087 1223 1116 1248 zu
1130 1210 1296 1251 versichern,
1312 1215 1359 1249 daß
1378 1216 1427 1245 den
1444 1208 1637 1245 Verwundeten
1651 1214 1711 1247 jede
1719 1209 1858 1246 Aufmerk¬

982 1256 1090 1292 samkeit
1105 1256 1156 1287 und
1166 1249 1289 1295 Obsorge
1289 1249 1419 1295 bewiesen
1432 1253 1521 1292 wird,
1521 1253 1583 1292 und
1594 1252 1655 1291 daß
1655 1252 1696 1291 sie
1714 1255 1767 1288 mit
1767 1255 1859 1288 einem

980 1296 1174 1334 Parlamentär
1174 1296 1238 1335 nach
1253 1295 1407 1334 Jütland
1407 1295 1529 1334 geschickt
1543 1300 1641 1329 werden
1659 1297 1733 1333 sollen
1740 1292 1858 1333 , sobald

983 1342 1016 1372 sie
1039 1341 1074 1370 im
1094 1340 1198 1370 Stande
1219 1339 1268 1373 sind
1288 1341 1458 1374 transportirt
1474 1349 1503 1373 zu
1523 1341 1631 1371 werden.
1666 1342 1714 1377 Ich
1735 1340 1799 1373 habe
1818 1342 1860 1372 die

987 1383 1056 1422 Ehre
1076 1380 1126 1412 mit
1146 1378 1250 1417 höchster
1268 1373 1385 1419 Achtung
1400 1373 1435 1418 zu
1447 1374 1551 1424 seyn
1558 1384 1600 1421 J.
1619 1384 1673 1416 W.
1695 1379 1860 1417 Maurice,

987 1417 1190 1457 Gouverneur.”

1255 1466 1596 1502 Deutschland.

1028 1508 1179 1545 Dresdenn
1189 1530 1196 1544 ,
1209 1506 1258 1541 10.
1273 1505 1383 1545 Äpril.
1393 1508 1452 1543 Die
1461 1507 1575 1548 Stände
1575 1507 1745 1548 beschäftigen
1758 1511 1801 1546 sich
1813 1512 1864 1541 mit

991 1553 1081 1588 einem
1081 1553 1251 1588 Darleihen,
1251 1553 1370 1588 welches
1370 1553 1551 1588 nothwendig
1551 1553 1688 1588 geworden
1688 1553 1750 1588 ist,
1750 1553 1812 1588 und
1812 1553 1864 1588 da

987 1597 1149 1635 wenigstens
1149 1597 1196 1635 6.
1196 1597 1353 1635 Millionen
1353 1597 1466 1635 Thaler
1466 1597 1604 1635 betragen
1604 1597 1690 1635 soll.
1690 1597 1786 1635 Drey
1786 1597 1863 1635 Han¬

988 1633 1144 1682 delshäufer
1144 1633 1273 1682 erbieten
1273 1633 1346 1682 sich,
1346 1633 1398 1682 es
1398 1633 1437 1682 zu
1437 1633 1631 1682 übernehmen;
1631 1633 1717 1682 zwey
1717 1633 1782 1682 von
1782 1633 1868 1682 Leip¬

987 1676 1051 1715 zig
1051 1676 1118 1715 und
1118 1676 1208 1715 eines
1208 1676 1281 1715 von
1281 1676 1438 1715 Dresden
1436 1694 1449 1712 .

1028 1727 1076 1761 Im
1096 1715 1242 1764 Journal
1261 1725 1297 1756 de
1310 1719 1463 1759 l'Empire
1483 1713 1547 1759 liest
1564 1731 1624 1755 man
1631 1731 1650 1755 :
1676 1747 1694 1762 „
1700 1728 1755 1758 Die
1767 1724 1870 1765 Maaß¬

997 1764 1098 1803 regeln,
1118 1768 1202 1797 welche
1218 1760 1281 1797 man
1302 1768 1375 1803 längs
1399 1769 1445 1799 den
1464 1769 1569 1803 übrigen
1590 1769 1685 1803 Küsten
1702 1770 1749 1800 des
1767 1771 1872 1804 Balti¬

995 1812 1078 1847 schen
1098 1812 1207 1846 Meeres
1222 1818 1369 1847 genommen
1382 1813 1442 1845 hat,
1461 1812 1554 1847 fangen
1566 1806 1702 1847 gleichfalls
1715 1822 1748 1844 an
1761 1815 1788 1845 in
1801 1817 1876 1845 Voll¬

993 1845 1113 1900 ziehung
1113 1845 1163 1900 zu
1163 1845 1270 1900 gehen.
1297 1853 1351 1886 Die
1369 1846 1571 1890 preussischen
1592 1856 1711 1890 Truppen
1729 1854 1782 1890 sind
1799 1858 1873 1893 schon

995 1890 1053 1932 auf
1053 1890 1123 1932 dem
1142 1898 1257 1931 Marsche
1277 1898 1413 1934 begriffen,
1430 1903 1474 1927 um
1489 1898 1530 1927 die
1541 1898 1633 1931 Küsten
1646 1905 1694 1928 von
1707 1897 1876 1933 Pommern

1000 1943 1051 1972 und
1061 1941 1299 1979 West-Preussen
1312 1949 1341 1973 zu
1355 1942 1468 1976 besetzen.
1507 1938 1614 1983 Einige,
1628 1940 1657 1977 in
1657 1940 1824 1977 Schlesien
1824 1940 1879 1977 lie¬

1001 1975 1088 2026 gende
1099 1974 1247 2014 Bataillone
1272 1975 1352 2017 haben
1378 1984 1436 2016 auch
1456 1981 1551 2014 Befehl
1577 1977 1702 2019 erhalten
1702 1977 1773 2019 nach
1796 1986 1879 2021 dieser

1003 2026 1178 2061 Bestimmung
1199 2026 1382 2060 aufzubrechen.
1431 2028 1471 2062 In
1494 2020 1723 2066 Ost-Preussen
1736 2028 1801 2064 wird
1818 2036 1895 2062 man

1006 2068 1082 2100 einen
1097 2069 1159 2099 weit
1176 2067 1281 2105 stärkern
1300 2070 1402 2100 Kordon
1423 2069 1529 2105 ziehen,
1559 2070 1600 2099 als
1625 2070 1725 2104 voriges
1748 2073 1825 2107 Jahr.
1844 2088 1880 2095 —

1005 2103 1064 2148 Bey
1075 2108 1202 2147 Danzig
1212 2110 1275 2140 wird
1288 2106 1355 2145 sich
1355 2106 1414 2145 wie
1424 2119 1484 2142 man
1500 2112 1571 2152 sagt,
1592 2112 1646 2143 eine
1657 2113 1774 2147 Division
1787 2117 1881 2152 Fran¬

1005 2146 1160 2195 zösische,
1172 2155 1355 2199 Polnischer
1366 2148 1425 2187 und
1435 2156 1631 2192 Sächsischer
1642 2158 1765 2191 Truppen
1784 2160 1885 2193 aufstel¬

1007 2197 1059 2229 len.
1111 2194 1174 2239 Die
1187 2191 1510 2239 Mecklenburgischen
1527 2199 1620 2233 Küsten
1646 2199 1698 2228 und
1718 2200 1762 2230 die
1781 2202 1883 2233 Oder-¬

999 2230 1190 2277 Mündungen
1190 2230 1263 2277 sind
1263 2230 1370 2277 bereits
1389 2239 1542 2278 hinlänglich
1561 2241 1611 2271 mit
1628 2242 1750 2276 Truppen
1769 2244 1886 2279 besetzt."

1043 2286 1188 2321 (Dagegen
1211 2284 1283 2322 heißt
1301 2288 1331 2318 es
1356 2285 1387 2319 in
1405 2286 1516 2323 Briefen
1531 2286 1581 2316 aus
1598 2283 1744 2317 Dresden
1761 2292 1821 2317 vom
1837 2297 1885 2317 20.
