2130 2953
1744 55 1927 81 Bestellungen:

1696 87 1739 117 Für
1760 88 1798 116 die
1812 84 1912 119 Schweiz
1932 88 1977 112 und

1696 120 1833 148 Deutschland
1844 124 1868 142 ic.
1880 119 1979 147 besorgen

1686 139 1743 182 alle
1743 139 1865 182 Postämter
1865 139 1941 182 durch
1941 139 1996 182 die

1693 183 1937 214 Kreispost-Expedition
1955 181 1980 206 in

1697 213 1791 247 Zürich;
1803 211 1851 245 für
1865 210 1979 243 England,

1760 245 1882 274 Frankreich
1889 246 1921 272 ic.

1711 283 1748 314 G.
1761 281 1804 315 A.
1816 277 1959 315 Alexander,

1752 317 1891 348 Brandgasse
1891 317 1927 348 28

1752 351 1776 374 in
1796 349 1927 379 Straßburg.

92 74 329 101 Vorausbezahlung:

74 112 153 140 Franko
167 111 225 134 durch
241 111 271 132 die
292 114 355 137 ganze

168 141 261 170 Schweiz

129 172 162 200 für
176 172 204 200 6
210 169 303 197 Monate

119 203 266 233 Neu-Franken
281 204 311 226 8.

75 262 345 297 Einrückungsgebühr:

77 304 122 334 Der
135 302 214 335 Raum
214 302 276 335 einerr
291 302 358 330 Petit-¬

77 334 141 364 Zeile
141 334 184 364 15
204 332 359 361 Neu-Rappen.

77 369 150 398 Briefe
164 374 188 392 u.
201 367 261 392 Geld
279 367 360 397 franko.

761 360 1087 407 Zweiunddreißigster
1117 356 1298 402 Jahrgang.

80 438 304 496 Montag

902 78 1008 139 Nr.
1032 69 1174 137 89.

411 207 689 340 Neue
753 200 1640 346 Zürcher-Zeitung.

1554 426 1619 471 den
1644 426 1699 470 29
1700 457 1710 467 .
1729 423 1836 475 März
1863 420 1969 469 1852
1970 452 1981 467 .

677 488 758 519 Druck
774 487 825 517 und
842 486 935 521 Verlag
954 490 1003 513 von
1017 483 1103 519 Orell,
1123 482 1203 519 Füßli
1219 483 1281 517 und
1281 483 1381 517 Comp.

242 627 334 671 Ein
355 613 902 686 Quartal-Abonnement

191 692 241 725 auf
253 690 337 726 diese
354 690 518 726 Zeitung,
545 687 632 724 welche
650 685 768 724 täglich
781 684 912 721 erscheint,

86 731 191 768 beginnt
205 734 255 762 mit
279 734 348 765 dem
348 734 395 765 1.
406 732 483 765 April
503 732 555 760 und
567 729 646 765 kostet
664 724 711 765 bis
725 728 797 763 Ende
811 726 905 764 Juni:

155 774 187 810 a)
205 774 339 808 Franko
356 775 451 812 durch
467 773 521 806 die
538 779 639 809 ganze
660 770 807 807 Schweiz
824 771 844 798 4
859 766 975 800 Neu-Fr.

156 816 191 852 b)
209 817 265 850 Für
282 819 330 849 die
341 819 422 850 Stadt
442 815 557 853 Zürich
575 815 629 850 31/2
641 812 762 850 Neu-Fr.

225 860 293 890 Alle
293 858 492 895 außerhalb
510 860 552 886 der
565 857 648 885 Stadt
667 854 761 892 Zürich
778 853 943 891 wohnenden,
959 859 1018 891 neu¬

89 904 252 933 eintretenden
262 902 389 938 Besteller
397 902 488 932 wollen
496 899 548 937 sich
562 898 685 936 gefälligst
690 901 746 933 vor
754 889 859 935 Ablauf
867 894 943 934 dieses
950 894 1024 926 Mo¬

89 948 144 975 nats
164 953 205 974 an
218 947 281 976 das
295 945 396 981 ihnen
415 942 559 980 zunächst
579 941 726 976 liegende
737 928 892 977 Postamt
905 938 1016 976 wenden.

364 1025 744 1063 Neuenburg.

143 1119 249 1153 Gestern
269 1120 328 1154 fand
347 1120 387 1147 der
407 1114 570 1150 Wahlkampf
588 1113 664 1148 statt,
692 1112 734 1141 der
742 1113 795 1148 den
804 1109 915 1145 Beweis
932 1108 1021 1143 liefern

89 1160 167 1197 soll,
167 1160 224 1197 daß
242 1162 279 1190 die
288 1159 482 1196 Neuenburger
502 1155 574 1192 nicht
583 1155 659 1192 durch
678 1153 807 1188 künstliche
825 1149 939 1187 Mittel
939 1149 1021 1187 nicht

89 1204 164 1240 durch
169 1203 234 1232 die
239 1203 345 1233 Gewalt
359 1205 403 1231 der
420 1199 572 1234 Umstände,
599 1197 663 1233 nicht
688 1194 771 1231 durch
771 1194 879 1231 Zwang
896 1195 957 1229 oder
974 1193 1022 1221 Ue¬

91 1245 304 1281 berrumpelung,
304 1245 422 1281 sondern
443 1246 494 1272 von
512 1240 588 1274 freien
609 1236 719 1277 Sfücken
719 1236 874 1277 Schweizer
892 1235 1022 1273 geworden

91 1287 154 1321 oder
154 1287 286 1321 vielmehr
303 1287 363 1322 auch
381 1288 422 1319 der
441 1284 535 1320 äußern
554 1283 643 1317 Forme
643 1278 711 1317 nach
729 1280 858 1315 geworden
877 1277 944 1313 sind,
964 1277 1021 1313 was

92 1331 122 1367 sie
140 1331 174 1359 im
187 1330 282 1368 Herzen
301 1330 373 1365 schon
392 1327 468 1363 lange
481 1332 586 1354 waren:
602 1322 752 1360 Schweizer
752 1322 813 1360 und
825 1317 1019 1354 Republikaner.

142 1374 213 1409 Noch
227 1381 268 1402 am
281 1371 421 1401 Vorabend
434 1367 480 1401 der
480 1367 570 1401 Wahl
586 1366 643 1402 hat/der
643 1366 691 1402 hat
710 1360 918 1400 „Republicain"
918 1360 1022 1400 Akten¬

91 1415 163 1452 stücke
182 1413 372 1451 veröffentlicht,
387 1413 479 1445 welche
497 1410 545 1443 auf
568 1410 638 1439 einen
657 1406 767 1441 Einfluß
793 1404 906 1440 schließen
933 1402 1021 1443 lassen,

91 1462 135 1488 den
152 1459 200 1494 sich
220 1461 258 1488 die
276 1456 414 1492 preußische
423 1453 581 1487 Diplomatie
600 1451 659 1485 ausd
659 1451 702 1485 die
715 1450 805 1485 innern
812 1447 938 1482 Zustände
956 1448 1024 1482 eines

92 1502 206 1536 Landes,
226 1499 281 1534 das
281 1499 325 1534 sie
336 1506 394 1528 nur
411 1495 564 1533 unglücklich
583 1493 683 1528 machen
709 1492 788 1527 kann,
816 1488 893 1524 nicht
893 1488 1022 1524 versagen

93 1541 134 1581 zu
134 1541 246 1581 können
259 1542 355 1579 scheint.

144 1587 267 1620 Friedrich
281 1591 305 1614 v.
321 1581 479 1617 Chambrier,
500 1577 642 1615 gewesener
642 1577 734 1615 Maire
745 1581 795 1608 von
808 1573 1023 1610 Lachauxdefonds

94 1631 145 1658 und
164 1628 249 1662 Sohn
266 1629 309 1656 des
326 1620 738 1658 Alt-Staatsrathspräsidenten,
752 1618 859 1654 schreibt
867 1618 980 1652 unterm
995 1617 1022 1645 6.

95 1672 169 1708 März
189 1676 242 1700 von
259 1669 353 1698 Berlin
372 1674 407 1695 an
426 1666 495 1695 einen
515 1665 642 1693 Getreuen
661 1664 687 1691 in
701 1660 938 1697 Lachauxdefonds:
960 1656 1025 1697 „Die

96 1715 234 1749 Stellung,
248 1715 288 1741 der
312 1708 493 1747 royalistischen
519 1706 609 1739 Partei
634 1705 672 1736 in
672 1705 732 1736 den
751 1702 915 1738 Freibergen
926 1699 1025 1729 betrübt

96 1756 165 1793 mich
165 1756 227 1793 tief.
263 1753 308 1788 Ich
328 1750 410 1781 kenne
410 1750 488 1781 Euer
505 1748 632 1784 Unglück,
663 1747 722 1777 aber
732 1745 783 1780 ich
795 1742 867 1782 wejß
867 1742 969 1782 auch,
977 1740 1025 1777 daß

95 1800 132 1827 die
149 1798 258 1827 Stunde
273 1796 356 1825 Eurer
374 1792 521 1827 Befreiung,
531 1788 609 1826 sicher
609 1788 732 1826 schlagen
759 1787 832 1819 wird
832 1787 911 1819 und
920 1784 974 1820 daß
974 1784 1025 1820 der

97 1839 310 1872 Radikalismus,
339 1840 381 1866 der
406 1835 452 1863 ein
469 1833 561 1869 früher
571 1831 715 1866 blühendes
729 1829 807 1862 Land
816 1827 941 1861 ruinirte,
967 1825 1026 1862 diese

102 1884 203 1912 Stunde
222 1890 266 1912 um
292 1878 370 1911 keine
370 1878 500 1911 Sekunde
500 1878 541 1911 zu
559 1873 714 1910 verschieben
720 1867 774 1905 die
774 1867 885 1905 Macht
885 1867 961 1905 hat;
961 1867 1027 1905 laßt

97 1925 150 1961 ihm
169 1925 224 1959 also
241 1927 294 1953 den
307 1922 394 1958 kurzen
399 1918 549 1952 Triumph
549 1918 635 1952 seiner
653 1913 825 1952 Zerstörung,
846 1912 898 1947 die
898 1912 933 1947 er
945 1909 1026 1947 durch

97 1970 137 1997 ein
160 1963 344 2004 schmähliches
353 1962 485 1998 Ausgehen
500 1960 587 1997 seiner
593 1958 681 1993 selbst
702 1955 836 1994 schließen,
848 1955 929 1988 wird.
963 1952 1026 1987 Das

97 2009 165 2040 Land
184 2010 252 2039 wird
267 2004 355 2042 seinen
355 2004 447 2042 König
461 1998 519 2038 und
519 1998 573 2038 der
573 1998 679 2038 König
679 1998 742 2038 seine
756 1994 840 2031 treuen
840 1994 1027 2031 Neuschateller

101 2053 189 2081 wieder
204 2052 304 2088 finden.
313 2044 406 2082 Hier
406 2044 488 2082 liegt
488 2044 532 2082 die
550 2044 643 2078 Frage.
678 2040 806 2079 Bleiben
812 2039 861 2071 wir
876 2037 1028 2075 Royalisten

99 2096 150 2122 und
166 2095 214 2123 das
233 2094 301 2123 Land
321 2091 362 2126 ist
362 2091 477 2126 gerettet.
486 2087 571 2116 Wir
587 2085 666 2121 einzig
679 2083 790 2115 könnten
796 2080 842 2121 die
842 2080 1028 2121 Restauration

100 2136 246 2173 unmöglich
262 2133 381 2169 machen,
392 2126 482 2162 wenn
482 2126 544 2162 wir
544 2126 667 2162 nämlich
667 2126 715 2162 die
727 2121 904 2165 Grundsätze,
904 2121 942 2165 in
942 2121 1028 2165 denen

101 2177 191 2211 unsere
200 2178 292 2209 Stärke
304 2176 375 2211 liegt,
396 2172 520 2208 aufgeben
531 2167 592 2203 und
592 2167 649 2203 den
649 2167 752 2203 König
764 2165 830 2203 nicht
830 2165 909 2203 mehr
915 2162 976 2202 als
976 2162 1029 2202 un¬

97 2219 151 2255 sern
166 2219 253 2250 Retter
262 2219 320 2248 und
330 2210 382 2249 den
382 2210 621 2249 Wiederhersteller
621 2210 773 2249 (Saveur
788 2205 824 2244 et
824 2205 1028 2244 Rédempteur)

96 2262 203 2295 unseres
219 2262 320 2291 Landes
331 2256 475 2292 betrachten
490 2248 620 2293 würden.
620 2248 731 2293 Daher
731 2248 799 2293 sind
799 2248 867 2293 alle
867 2248 978 2293 Mittel
978 2248 1029 2293 an¬

98 2302 252 2340 zuwenden,
258 2304 311 2333 um
323 2303 373 2331 der
378 2295 608 2334 Muthlosigkeit,
608 2295 672 2334 die
678 2294 736 2331 sich
736 2294 778 2331 in
784 2291 878 2331 einem
883 2288 982 2334 Theile
982 2288 1030 2334 der

97 2345 241 2378 Getreuen
241 2345 389 2378 verbreitet,
409 2338 449 2378 zu
449 2338 606 2378 begegnen.

152 2386 222 2416 Man
230 2387 325 2424 macht
330 2386 384 2423 sich
399 2380 581 2418 durchgängig
588 2377 669 2418 einen
669 2377 786 2418 sachlichen
796 2375 899 2412 Begriff
910 2378 973 2411 von
979 2375 1025 2421 der

95 2428 265 2464 Situation,
272 2429 301 2458 in
318 2426 417 2464 welcher
436 2424 480 2462 sich
499 2421 542 2452 die
550 2421 805 2461 Neuenburgerfrage
814 2417 958 2455 befinden;
958 2417 1028 2455 man

96 2461 184 2506 trägt
184 2461 262 2506 den
262 2461 459 2506 verschiedenen
459 2461 721 2506 Schwierigkeiten,
721 2461 839 2506 welche
839 2461 884 2506 der
905 2457 1031 2492 Verwirk¬

98 2513 206 2549 lichung
224 2511 263 2540 der
281 2510 412 2550 Absichten
431 2512 473 2538 des
485 2496 595 2543 Königs
595 2496 649 2543 im
649 2496 747 2543 Wege
747 2496 855 2543 stehen,
855 2496 940 2543 nicht
950 2507 1044 2548 genug

96 2552 265 2590 Rechnung.
265 2552 347 2590 Der
362 2542 466 2588 Erfolg
466 2542 514 2588 ist
514 2542 745 2588 unzweifelhaft,
745 2542 810 2588 aber
810 2542 902 2588 man
902 2542 971 2588 muß
986 2545 1044 2571 den

92 2593 249 2633 günstigen
249 2593 415 2633 Augenblick
415 2593 577 2633 abwarten,
597 2590 680 2622 wenn
692 2594 758 2618 man
772 2582 823 2627 sich
840 2587 905 2622 nicht
920 2583 964 2618 der
977 2582 1036 2618 Ge¬

99 2638 161 2674 fahr
180 2635 303 2672 aussetzen
322 2633 387 2669 will,
406 2634 443 2663 die
455 2633 595 2670 Interessen
612 2634 655 2661 der
668 2629 751 2665 Sache
767 2627 860 2678 selbst,
860 2627 908 2678 die
908 2627 991 2678 man
991 2627 1032 2678 zu

90 2675 213 2715 fördern
213 2675 386 2715 beabsichtigt,
405 2675 522 2715 ernstlich
522 2675 576 2715 zu
585 2672 837 2716 kompromittiren.
848 2661 894 2708 In
894 2661 977 2708 Ihrer
977 2661 1034 2708 Un¬

89 2715 217 2757 geduld,
217 2715 323 2757 deren
323 2715 533 2757 Berechtigung
533 2715 593 2757 ich
608 2711 688 2757 wohl
688 2711 822 2757 begreife;
851 2710 987 2751 bedenken
987 2710 1034 2751 die

87 2760 255 2799 Royalisten
282 2759 350 2797 nicht
373 2757 491 2795 genug,
491 2757 547 2795 daß
562 2747 624 2799 ein
624 2747 798 2799 voreiliges
798 2747 943 2799 Vorgehen
943 2747 1036 2799 unsere

105 2805 192 2843 Sache
208 2812 260 2835 nur
277 2803 393 2835 ruiniren
410 2802 469 2832 oder
487 2799 636 2837 wenigstens
652 2802 700 2832 den
713 2797 807 2840 Erfolg
825 2795 876 2839 auf
876 2795 972 2839 Jahre
972 2795 1024 2839 hin¬

1052 602 1115 633 aus
1122 597 1251 638 verspäten
1259 598 1364 630 würde.
1403 594 1453 626 Sie
1471 593 1592 633 vergessen
1609 594 1651 629 zu
1656 590 1742 626 leicht,
1761 589 1811 624 daß
1831 592 1868 618 die
1881 589 1986 622 Neuen¬

1052 634 1157 677 burger
1164 628 1360 676 Angelgenheit
1378 638 1430 667 eine
1447 631 1603 683 europäische
1614 623 1697 684 Frage
1716 627 1768 670 ist,
1776 632 1823 667 daß
1843 631 1881 660 die
1887 622 1987 673 nöthi—

1052 691 1100 720 gen
1112 681 1314 723 Negotiationen
1326 681 1374 712 mit
1384 679 1477 723 großer
1487 665 1628 727 Klugheit
1628 665 1733 727 geführt
1749 664 1805 713 sein
1820 663 1925 715 wollen
1925 663 1992 715 und

1053 724 1100 761 daß
1116 732 1180 762 man
1197 712 1279 766 nicht
1279 712 1354 766 reden
1371 721 1447 758 darf,
1476 721 1549 758 bevor
1569 728 1630 748 man
1653 713 1762 755 handeln
1786 717 1858 747 kann.
1907 715 1988 753 Unser

1054 751 1246 807 vortrefflicher
1246 751 1336 807 König
1357 758 1395 802 ist
1643 757 1767 796 der'erste
1416 764 1461 792 der
1482 762 1549 799 beste
1573 762 1619 790 wie
1778 756 1986 798 Neuenburger;

1052 812 1124 844 mehr
1138 809 1186 839 als
1202 810 1258 840 uns
1270 806 1341 844 selbst
1354 805 1475 844 schmerzt
1488 805 1535 836 ihn
1549 806 1599 834 das
1607 806 1724 832 Unglück
1735 802 1786 834 des
1794 797 1891 832 Landes
1905 798 1994 833 seiner

1055 848 1177 890 Vorliebe
1202 852 1254 881 und
1279 850 1312 882 in
1324 856 1401 879 seiner
1418 848 1488 878 Liebe
1505 848 1565 883 liegt
1584 850 1635 875 uns
1654 846 1694 874 ein
1712 846 1811 881 sicheres
1830 844 1918 877 Pfand
1939 849 1990 872 un¬

1055 894 1117 927 serer
1127 893 1302 930 Befreiung.
1318 889 1412 928 Wozu
1419 892 1488 923 denn
1500 879 1557 927 eine
1557 879 1783 927 Entmuthigung,
1803 887 1843 916 die
1853 884 1899 922 sich
1910 879 1989 921 durch

1056 934 1145 971 Nichts
1166 934 1329 969 rechtfertigen
1346 932 1422 968 läßt!
1462 926 1595 961 Glauben
1595 926 1652 961 Sie
1671 929 1720 959 mir
1728 935 1749 961 :
1771 929 1815 965 Zu
1833 927 1913 957 keiner
1923 927 1992 962 Zeit

1057 980 1142 1009 wurde
1157 977 1256 1019 unsere
1265 975 1467 1020 Angelegenheit
1474 973 1567 1014 ernster
1574 971 1650 1013 und
1650 971 1762 1013 thätiger
1784 968 1917 1004 betrieben,
1948 968 1990 999 als

1058 1022 1116 1052 eben
1144 1020 1206 1057 jetzt.
1243 1019 1305 1050 Das
1323 1018 1511 1053 Ministerium
1519 1003 1598 1055 thut
1609 1016 1651 1051 für
1678 1019 1728 1044 uns
1738 1019 1752 1051 ,
1776 1017 1834 1043 was
1860 1016 1887 1041 es
1912 1014 1989 1042 kann.

1058 1065 1133 1098 Thun
1161 1062 1215 1094 wir,
1233 1061 1408 1104 unsererseits,
1433 1062 1495 1093 was
1516 1057 1571 1096 wir
1571 1057 1711 1096 können.
1721 1058 1782 1086 Und
1798 1058 1853 1086 was
1872 1055 1995 1091 verlangt

1057 1108 1109 1146 der
1115 1104 1214 1145 König
1223 1108 1276 1133 von
1292 1103 1366 1136 uns?
1401 1091 1532 1137 Offenbar
1549 1087 1641 1151 nichts
1641 1087 1707 1151 sehr
1721 1087 1866 1148 Schweres,
1876 1090 1929 1133 er
1936 1093 1993 1129 ver¬

1057 1149 1143 1187 langt,
1172 1146 1227 1188 wir
1227 1146 1317 1188 sollen
1324 1142 1395 1190 ihm
1395 1142 1557 1190 vertrauen,
1580 1141 1634 1180 ihm
1653 1143 1773 1182 ergeben,
1803 1140 1920 1178 geduldig
1939 1142 1993 1169 und

1058 1194 1123 1225 treu,
1151 1191 1200 1219 mit
1220 1174 1306 1233 einem
1306 1174 1410 1233 Wort
1410 1174 1519 1233 wahre
1519 1174 1712 1233 Neuenburger
1729 1173 1854 1232 bleiben,
1873 1180 1939 1211 denn
1958 1182 1999 1213 —

1060 1233 1144 1261 wären
1165 1233 1212 1261 wir
1228 1231 1303 1267 dieses
1322 1220 1438 1259 Namens
1458 1230 1519 1266 noch
1538 1227 1627 1264 werth,
1637 1216 1730 1256 wenn
1739 1218 1786 1256 wir
1804 1224 1998 1260 Republikaner

1059 1274 1204 1304 würden?!

1112 1317 1204 1351 Unsere
1221 1315 1320 1351 Treue,
1338 1314 1366 1350 so
1385 1313 1475 1352 schrieb
1492 1313 1528 1348 ich
1544 1316 1594 1342 vor
1613 1313 1705 1347 einiger
1721 1311 1781 1347 Zeit
1800 1312 1878 1340 einem
1898 1313 1998 1339 entmu¬

1059 1359 1157 1396 thigten
1175 1344 1387 1393 Neuenburger,
1387 1344 1433 1393 ist
1449 1354 1509 1385 kein
1528 1349 1714 1391 Wechselbrief,
1732 1355 1781 1383 der
1805 1353 1853 1389 auf
1877 1350 1942 1384 eine
1955 1353 1997 1382 be¬

1059 1397 1174 1436 stimmte
1174 1397 1256 1436 Zeit
1256 1397 1340 1436 fällig
1352 1397 1383 1437 ist
1387 1396 1408 1434 ;
1421 1392 1509 1439 unser
1509 1392 1699 1439 Royalismus
1710 1397 1741 1432 ist
1757 1396 1825 1432 nicht
1842 1402 1894 1425 nur
1910 1395 1999 1426 unsere

1059 1441 1252 1480 Herzenssache,
1280 1440 1385 1476 sondern
1403 1440 1495 1475 beruht
1513 1438 1571 1475 auf
1571 1438 1674 1475 unserer
1691 1434 1923 1474 Ueberzeugung.
1931 1437 1999 1467 Wir

1060 1486 1118 1525 sind
1130 1485 1289 1522 Royalisten,
1311 1484 1370 1512 weil
1387 1484 1435 1512 wir
1452 1474 1585 1519 überzeugt
1602 1481 1654 1518 sind
1665 1498 1674 1516 ,
1690 1478 1740 1516 daß
1757 1477 1816 1510 das
1816 1477 1906 1510 Glück
1923 1479 1998 1513 unse¬

1061 1531 1104 1557 res
1117 1526 1217 1558 Landes
1233 1522 1432 1563 unzertrennlich
1449 1517 1493 1559 ist
1507 1530 1559 1555 von
1579 1527 1620 1553 der
1637 1522 1888 1560 Aufrechterhaltung
1897 1522 1999 1557 unserer

1061 1563 1127 1599 alten
1147 1568 1284 1603 Freiheiten
1297 1566 1353 1597 und
1371 1560 1579 1603 Institutionen
1579 1560 1661 1603 und
1661 1560 1727 1603 diese
1745 1564 1951 1601 Ueberzeugung
1963 1564 2000 1600 ist

1060 1599 1142 1646 durch
1142 1599 1195 1646 die
1206 1606 1357 1646 Erfahrung
1385 1608 1450 1639 nur
1463 1608 1566 1644 bestärkt
1592 1609 1714 1637 worden.
1743 1608 1794 1642 Ich
1821 1606 1921 1642 schreibe
1947 1608 1997 1634 das

1062 1655 1128 1691 nicht
1147 1653 1188 1688 für
1203 1651 1302 1690 Euch,
1315 1651 1372 1681 weil
1384 1651 1419 1686 ich
1432 1651 1501 1680 Eure
1515 1649 1829 1686 Gesinnungstüchtigkeit
1838 1649 1918 1683 kenne,
1939 1648 2000 1678 aber

1065 1695 1104 1731 für
1114 1696 1261 1732 diejenigen
1280 1695 1382 1726 unserer
1399 1690 1489 1729 Leute,
1517 1692 1557 1721 die
1584 1694 1694 1726 weniger
1720 1691 1762 1729 fest
1789 1689 1844 1727 sind
1872 1688 1898 1728 in
1926 1691 2003 1720 ihren

1064 1736 1236 1772 Grundsätzen
1253 1741 1308 1766 und
1328 1735 1377 1775 sich
1399 1741 1449 1765 nur
1463 1740 1504 1773 zu
1518 1732 1590 1772 leicht
1601 1736 1670 1764 einer
1685 1732 1865 1769 verderblichen
1887 1732 2005 1767 Entmu¬

1062 1773 1175 1818 thigung
1175 1773 1301 1818 ergeben.

1113 1823 1161 1856 Ich
1167 1821 1235 1851 will
1253 1819 1319 1857 nicht
1334 1821 1417 1856 sagen,
1435 1820 1489 1854 dass
1502 1820 1588 1853 unsere
1600 1819 1783 1853 Restauration
1800 1825 1906 1853 morgen
1924 1818 1997 1853 statt¬

1063 1859 1147 1902 finden
1166 1864 1243 1894 werde
1252 1861 1308 1898 ;es
1318 1859 1393 1892 kann
1411 1857 1483 1901 noch
1483 1857 1569 1901 einige
1587 1861 1656 1897 Zeit
1656 1861 1779 1897 anstehen
1790 1875 1794 1881 ,
1819 1861 1870 1890 bis
1870 1861 1922 1890 der
1941 1860 2001 1890 Au¬

1064 1907 1171 1943 genblick
1182 1903 1254 1943 zum
1262 1894 1378 1939 Handeln
1397 1903 1538 1941 gekommen
1556 1896 1606 1938 sein
1623 1905 1705 1939 wird;
1726 1904 1764 1932 die
1777 1902 1883 1938 Lösung
1900 1903 2003 1938 unserer

1065 1945 1172 1976 kleinen
1177 1937 1267 1975 Frage
1279 1948 1341 1974 wird
1361 1944 1406 1973 sich
1426 1954 1458 1973 an
1477 1947 1517 1972 die
1533 1939 1675 1972 Ereignisse
1675 1939 1740 1972 des
1740 1939 1897 1972 Frühlings
1908 1944 2000 1968 ketten.

1062 1990 1124 2025 Auf
1135 1992 1178 2021 die
1195 1990 1345 2026 allgemeine
1359 1989 1514 2025 europäische
1528 1984 1633 2025 Politik
1645 1988 1783 2021 vermögen
1800 1986 1851 2018 mir
1865 1984 1935 2024 nicht
1948 1987 2003 2015 ein¬

1064 2041 1204 2074 zuwirken,
1224 2040 1285 2062 aber
1303 2039 1348 2064 auf
1366 2039 1405 2059 die
1423 2037 1594 2066 inländischen
1612 2036 1768 2067 Interessen
1780 2035 1836 2066 sind
1861 2034 1912 2058 wir
1931 2033 2005 2064 nicht

1066 2076 1129 2112 ohne
1148 2070 1256 2111 Einfluß
1273 2065 1337 2112 und
1337 2065 1388 2112 in
1388 2065 1476 2112 dieser
1476 2065 1589 2112 Hinsicht
1607 2073 1637 2109 ist
1643 2067 1739 2106 unsere
1755 2072 1856 2107 Losung
1885 2072 2001 2108 einfach:

1063 2109 1141 2154 Vor
1141 2109 1246 2154 Allem
1246 2109 1318 2154 gilt
1318 2109 1350 2154 es
1368 2105 1526 2157 royalistisch
1534 2110 1584 2151 zu
1591 2109 1715 2155 bleiben.
1753 2114 1850 2150 Mehr
1861 2114 1967 2149 bedarf
1967 2114 2004 2149 es

1066 2156 1156 2198 nicht.
1156 2156 1271 2198 Daher
1288 2153 1361 2187 keine
1376 2156 1489 2203 Fusion
1501 2150 1573 2187 mit
1587 2151 1628 2194 der
1628 2151 1887 2194 republikanischen
1900 2157 2003 2193 Partei,

1063 2197 1141 2243 selbst
1154 2196 1225 2238 nicht
1234 2191 1294 2236 mit
1294 2191 1345 2236 den
1366 2192 1560 2239 Gemäßigten;
1560 2192 1634 2239 wir
1634 2192 1725 2239 haben
1734 2200 1828 2238 Nichts
1842 2197 1900 2233 mit
1900 2197 2005 2233 unsern

1062 2238 1194 2282 Gegnern
1194 2238 1311 2282 gemein,
1324 2232 1398 2272 denn
1410 2235 1495 2286 ihnen
1495 2235 1537 2286 ist
1537 2235 1583 2286 die
1594 2237 1729 2278 Republik
1729 2237 1783 2278 das
1797 2241 1888 2277 Glück,
1901 2240 1971 2272 uns
1970 2242 2008 2275 ist

1066 2286 1107 2326 sie
1107 2286 1150 2326 der
1162 2280 1317 2323 Untergang
1317 2280 1382 2323 des
1382 2280 1497 2323 Landes.
1497 2280 1576 2323 Wie
1576 2280 1625 2323 ist
1625 2280 1666 2323 da
1666 2280 1740 2323 eine
1740 2280 1927 2323 Versöhnung
1927 2280 2007 2323 denk¬

1063 2327 1135 2361 bar?
1146 2323 1234 2364 Ueber
1245 2326 1291 2357 die
1298 2324 1493 2366 Betheiligung
1503 2329 1542 2361 an
1549 2326 1607 2360 den
1611 2320 1728 2355 Wahlen
1744 2323 1808 2361 habe
1812 2327 1867 2362 ich
1870 2319 1948 2361 keine
1957 2320 2008 2364 ge¬

1065 2375 1162 2407 machte
1171 2364 1301 2407 Ansicht;
1310 2372 1348 2401 ich
1363 2359 1467 2406 glaubte
1479 2364 1580 2397 immer
1584 2370 1646 2403 und
1660 2366 1757 2405 glaube
1765 2366 1792 2399 es
1809 2369 1881 2406 noch,
1894 2366 1954 2405 daß
1957 2369 2009 2403 der

1064 2411 1169 2451 Kampf
1175 2409 1259 2448 besser
1265 2409 1300 2446 ist
1307 2403 1362 2442 als
1371 2406 1428 2444 das
1443 2402 1628 2448 Gehenlassen;
1645 2408 1709 2442 aber
1722 2406 1773 2446 seit
1785 2409 1889 2442 meiner
1899 2406 2011 2454 Abreise

1067 2450 1137 2498 von
1137 2450 1293 2498 Neuenburg
1300 2441 1361 2490 hat
1361 2441 1419 2490 sich
1419 2441 1486 2490 die
1486 2441 1607 2490 Ansicht
1607 2441 1654 2490 der
1667 2448 1832 2492 Roaylisten
1832 2448 1904 2492 über
1923 2454 2007 2487 diesen

1063 2487 1169 2541 Punkt
1169 2487 1317 2541 bedeutend
1317 2487 1468 2541 modifizirt
1468 2487 1542 2541 und
1542 2487 1596 2541 da
1596 2487 1635 2541 die
1653 2492 1732 2533 große
1747 2491 1881 2531 Mehrheit
1898 2495 1944 2535 sich
1961 2495 2009 2530 für

1070 2543 1121 2572 eine
1133 2540 1299 2577 Enthaltung
1317 2542 1371 2570 von
1382 2536 1432 2567 den
1440 2529 1554 2574 Wahlen
1562 2536 1762 2575 auszusprechen
1774 2539 1885 2575 scheint,
1892 2538 1919 2574 so
1932 2538 2008 2574 möge

1070 2588 1097 2614 es
1117 2584 1181 2620 sein.
1215 2582 1266 2612 Die
1284 2580 1434 2617 Royalisten
1452 2580 1530 2610 allein
1558 2580 1656 2610 können
1686 2580 1818 2617 ermessen,
1837 2584 1906 2609 was
1907 2580 2010 2615 ihnen

1066 2626 1163 2664 ziemt,
1184 2628 1239 2653 und
1262 2627 1344 2657 wenn
1362 2619 1397 2661 sie
1411 2619 1459 2655 der
1472 2617 1558 2659 Sache
1575 2622 1622 2655 des
1633 2619 1743 2658 Königs
1769 2626 1822 2651 und
1844 2621 1887 2652 es
1902 2618 2006 2656 Landes

1069 2665 1148 2700 durch
1158 2662 1323 2705 Entfernung
1337 2664 1392 2693 von
1409 2661 1461 2693 den
1470 2658 1642 2698 öffentlichen
1646 2660 1756 2703 Dingen
1780 2661 1858 2700 besser
1869 2666 1911 2700 zu
1913 2660 2013 2694 dienen

1069 2709 1206 2749 glauben,
1215 2706 1243 2744 so
1259 2707 1327 2741 muß
1339 2703 1382 2742 ich
1395 2704 1470 2739 einer
1480 2701 1576 2749 solchen
1583 2702 1787 2745 Entschließung
1800 2701 1869 2743 ohne
1879 2704 2009 2743 Rückhalt

1067 2750 1243 2791 beistimmen,
1256 2753 1312 2782 um
1320 2744 1354 2787 so
1364 2748 1437 2782 mehr
1453 2746 1498 2779 als
1515 2746 1555 2786 ich
1572 2748 1651 2786 dieses
1657 2751 1694 2778 im
1700 2744 1822 2780 Grunde
1834 2752 1894 2779 nur
1893 2743 1944 2782 für
1955 2750 2008 2778 eine

1070 2797 1274 2830 untergeordnete
1286 2786 1374 2828 Frage
1390 2787 1477 2827 halte.
1481 2787 1553 2826 Das
1562 2786 1731 2829 Wesentliche
1742 2787 1783 2830 ist,
1792 2783 1871 2829 einig
1886 2792 1944 2821 und
1945 2786 2012 2826 treu
