3839 5551
239 139 328 195 Nr.
355 131 440 194 31
480 129 929 198 Morgenblatt.

1569 106 1657 181 Der
1688 101 1854 179 Zürcher
1877 99 2049 178 Zeitung
2078 97 2185 168 121.
2201 90 2433 175 Jahrgang.

2717 75 3077 155 Mittwoch,
3102 69 3213 140 31.
3240 69 3510 152 Januar
3538 59 3750 137 1900.

231 275 1048 689 Neue
1161 229 3814 731 Zürcher-Zeitung

415 747 838 799 Abonnementspreise.
868 758 887 784 3
889 755 991 783 Monate.
1012 754 1027 779 6
1033 752 1131 780 Monate

244 786 1124 836 Zürich wenn die Zeitung abgeholt wird . . . Fr. 5.50 Fr. 10.—
237 866 356 869 Schweiz
374 858 498 869 Bestellung
505 853 558 869 beim
571 852 699 869 Postbureau
722 862 728 869 .
759 861 767 869 .
790 861 797 869 .
825 860 831 869 .
870 858 886 869 „
911 843 976 866 6.50
1015 855 1026 869 „
1056 840 1129 864 12.50

237 869 356 893 Schweiz
374 869 498 886 Bestellung
505 869 558 876 beim
571 869 699 876 Postbureau
722 869 728 872 .
759 869 767 870 .
790 869 797 870 .
825 869 831 870 .
870 869 886 873 „
1015 869 1026 873 „

246 923 973 974 Deutschland-Ungarn do. fl. 3 W. 5.66
304 872 1126 918 do. mit Bezug unter Privatadresse . . . „ 8.— „ 15.—
244 895 972 950 Deutschland Bestellung beim Postamt . . . Mt. 6.—
244 966 524 1001 Italien-Aegypten
600 957 644 980 do.
763 967 771 980 .
795 969 806 981 .
829 966 835 979 .
862 950 909 951 Fr.
862 951 909 979 Fr.
914 950 979 951 8.10
914 951 979 976 8.10
1002 948 1043 951 Fr.
1002 951 1043 978 Fr.
1057 948 1132 951 15.50
1057 951 1132 972 15.50

251 1025 338 1034 Uebrige
344 1023 435 1034 Staaten
444 1014 488 1034 des
496 1010 745 1034 Weltpostvereins
760 1021 774 1032 .
795 1020 812 1030 .
828 1021 835 1030 .
847 1005 890 1034 Fr.
904 1002 983 1031 12.50
1002 1004 1045 1030 Fr.
1054 998 1135 1025 24.—

251 1034 338 1050 Uebrige
344 1034 435 1047 Staaten
444 1034 488 1042 des
496 1034 741 1040 Weltpostvereins
847 1034 890 1036 Fr.

928 1050 955 1064 10
318 1060 335 1092 5
341 1053 465 1086 Theaterstr.
483 1050 781 1085 Redaktionsbureau
797 1050 917 1071 Goethestr.

1356 818 1496 955 und
1564 807 2096 977 schweizerisches
2160 804 2676 970 Handelsblatt.

3126 742 3495 782 Insertionspreise:

3058 787 3099 811 Per
3111 784 3234 813 einspaltige
3242 784 3344 811 Petitzeile
3359 784 3404 805 oder
3417 786 3475 806 deren
3491 783 3563 805 Raum

3004 817 3615 841 für die Schweiz 25 Rp., für das Ausland 40 Rp.,
2840 838 3783 869 Lokal-Inserate 20 Rp. (exkl. Finanz- u. Chiffre-Anzeigen, sowie f. Aktien-Ges.)
3145 865 3258 873 Reklamen
3145 873 3258 893 Reklamen
3272 865 3320 873 Fr.
3272 873 3320 893 Fr.
3320 865 3377 873 1.—
3320 873 3377 893 1.—
3377 865 3414 873 per
3377 873 3414 893 per
3420 859 3487 873 Zeile
3420 873 3487 891 Zeile

3120 902 3231 928 Alleinige
3248 901 3516 928 Inseraten-Annahme

3165 934 3317 964 Rudolf
3332 935 3465 966 Mosse

2866 972 3108 1000 Annoncen-Expedition
3128 971 3163 998 für
3177 971 3215 992 alle
3230 969 3391 999 schweizerischen
3406 970 3449 991 und
3465 966 3620 995 ausländischen
3637 967 3754 995 Zeitungen

3084 1006 3098 1026 5
3111 1004 3237 1031 Theaterstr.
3263 999 3359 1002 Zürich
3263 1002 3359 1034 Zürich
3388 1001 3504 1002 Goethestr.
3388 1002 3504 1028 Goethestr.
3522 1000 3547 1002 10
3522 1002 3547 1022 10

249 1146 466 1201 Eidgenössische
493 1142 700 1194 Versicherung
726 1138 786 1181 und
814 1131 1098 1188 Doppelinitiative.

552 1204 797 1245 (Korrespondenz.)

315 1266 361 1305 In
385 1265 436 1301 der
460 1262 578 1308 Politik
603 1260 680 1297 wird
706 1258 771 1301 doch
797 1257 852 1292 das
870 1251 1099 1298 Ungereimteste

247 1309 552 1356 zusammengereimt!
599 1305 747 1347 Manches
771 1301 879 1337 erklärt
904 1298 957 1342 sich
983 1296 1096 1341 freilich

249 1360 308 1392 aus
332 1354 393 1388 dem
418 1351 648 1394 doppelseitigen
662 1347 805 1385 Naturell
827 1348 877 1380 der
893 1345 977 1387 Frau
1003 1341 1094 1386 Poli¬

253 1400 322 1440 tika,
358 1397 409 1432 der
433 1395 530 1437 Sach-
555 1391 616 1429 und
641 1394 691 1427 der
716 1388 980 1433 Personenpolitik,
1035 1386 1098 1420 dem

254 1443 382 1482 Landes-
409 1441 470 1476 und
495 1439 558 1472 dem
582 1432 883 1479 Personeninteresse.

322 1492 371 1526 So
394 1489 429 1531 ist
453 1487 525 1529 auch
547 1486 584 1520 da
609 1483 671 1518 und
696 1482 765 1515 dort
788 1480 834 1514 die
858 1479 1010 1513 Kranken-
1036 1477 1098 1511 und

253 1534 561 1579 Unfallversicherung
585 1528 642 1564 mit
666 1526 717 1561 der
739 1522 910 1562 Initiative
949 1521 1001 1562 auf
1038 1520 1103 1554 Re¬

255 1581 350 1621 vision
374 1580 426 1615 der
448 1570 750 1614 Bundesverfassung
774 1567 814 1602 im
841 1564 930 1600 Sinn
952 1564 1002 1598 der
1027 1564 1105 1597 Ein¬

247 1624 386 1667 führung
410 1624 460 1658 der
484 1615 663 1658 Volkswahl
699 1614 750 1646 des
789 1609 1003 1645 Bundesrates
1043 1607 1105 1641 und

255 1670 307 1707 der
351 1660 614 1710 Verhältniswahl
661 1657 714 1692 des
762 1653 1001 1689 Nationalrates
1051 1660 1102 1693 zu¬

256 1710 549 1755 sammenge—leimt
575 1705 708 1740 worden.
734 1700 786 1733 Da
803 1697 871 1741 hieß
883 1701 926 1737 es,
943 1705 1028 1732 wenn
1055 1696 1106 1730 der

259 1753 537 1801 Doppelinitiative
561 1750 609 1785 ein
648 1744 821 1786 Begräbnis
868 1743 954 1782 erster
1002 1740 1107 1781 Klasse

260 1803 420 1843 beschieden
443 1800 492 1842 sei,
522 1796 552 1840 so
576 1791 648 1833 stehe
672 1788 831 1830 hinwieder
856 1786 912 1819 das
959 1782 1104 1828 Schicksal

261 1847 313 1883 der
357 1846 509 1882 Kranken-
554 1836 615 1873 und
662 1830 968 1874 Unfallversicherung
1016 1829 1109 1867 außer

261 1891 402 1932 Zweifel.
451 1886 513 1921 Ein
537 1881 660 1916 anderer
684 1876 801 1917 meinte,
851 1874 908 1908 wie
933 1873 1001 1916 klug
1046 1871 1109 1906 und

262 1931 346 1970 weise
369 1932 419 1964 der
443 1925 607 1969 Präsident
630 1923 680 1957 der
713 1918 993 1962 nationalrätlichen
1018 1916 1108 1953 Kom¬

262 1973 380 2016 mission
405 1973 514 2015 gethan
538 1968 619 2010 habe,
665 1965 757 2005 dieses
782 1963 917 1999 Mandat
956 1961 1109 2004 niederzu¬

263 2020 355 2062 legen,
404 2017 452 2051 ein
477 2013 587 2049 dritter
625 2020 679 2056 zog
714 2008 874 2053 hinwieder
898 2007 960 2042 eine
1007 2005 1110 2049 gleich¬

267 2062 368 2109 zeitige
389 2059 601 2100 Abstimmung
625 2058 676 2090 der
723 2053 826 2096 sozial-
873 2052 934 2086 und
970 2051 1023 2085 der
1045 2057 1112 2090 per¬

267 2105 524 2150 sonenpolitischen
541 2101 667 2144 Reform
686 2098 719 2133 in
737 2098 831 2140 seinen
849 2093 1112 2131 weltüberblicken¬

268 2153 322 2187 den
347 2150 460 2186 Calcul.
512 2147 574 2182 Ein
599 2143 811 2187 Parteimann,
864 2140 895 2175 in
942 2139 1005 2174 dem
1052 2136 1113 2171 kein

269 2196 400 2238 Tropfen
425 2189 704 2237 staatsmännischen
732 2187 844 2222 Blutes
861 2184 957 2226 fließt,
985 2180 1105 2220 meinte,

270 2241 324 2283 erst
348 2239 435 2280 müsse
457 2237 503 2273 die
549 2234 763 2275 Versicherung
809 2228 866 2264 mit
911 2226 1004 2269 Hülfe
1041 2224 1117 2257 aller

268 2288 357 2319 unter
379 2284 471 2326 Dach,
522 2282 603 2314 dann
629 2278 721 2312 könne
745 2275 794 2308 der
839 2268 1119 2312 Doppelinitiatlve

269 2328 362 2362 kalten
379 2328 492 2362 Blutes
506 2325 556 2360 der
569 2321 687 2365 Prozeß
701 2317 827 2362 gemacht
845 2314 962 2349 werden
974 2322 1008 2346 u.
1024 2320 1052 2345 a.
1069 2319 1110 2344 m.

336 2372 431 2406 Einen
456 2368 669 2414 gemeinsamen
709 2364 779 2405 Zug
818 2358 911 2404 haben
960 2357 1019 2391 alle
1042 2356 1117 2396 diese

267 2417 524 2457 Volksanfragen,
565 2414 601 2446 ob
625 2411 689 2452 ihre
711 2408 815 2449 Wiege
854 2403 891 2437 in
912 2402 976 2436 dem
1016 2400 1122 2441 parla¬

269 2459 478 2502 mentarischen
502 2457 609 2490 Salon
634 2454 701 2487 oder
739 2451 772 2484 in
810 2450 859 2483 der
906 2445 1121 2487 unparlamen¬

271 2503 410 2544 tarischen
435 2500 594 2541 Werkstatt
619 2496 701 2538 steht,
736 2493 793 2534 daß
818 2492 849 2526 in
874 2490 940 2523 dem
962 2489 1116 2526 Moment,

272 2552 320 2579 wo
344 2545 379 2586 sie
403 2555 443 2580 an
483 2545 540 2577 das
588 2535 823 2581 Schweizervolk
867 2533 1020 2575 gelangen,
1073 2530 1122 2563 der

272 2588 396 2632 Partei-
420 2589 482 2623 und
506 2581 749 2630 Fraktionsgeist
793 2587 874 2623 zwar
920 2576 999 2617 nicht
1048 2574 1122 2616 ohn¬

272 2632 397 2674 mächtig
421 2630 508 2669 wird,
552 2626 713 2671 jedenfalls
754 2624 823 2657 aber
868 2631 907 2654 an
932 2618 1038 2660 Macht
1064 2616 1125 2650 und

273 2677 403 2717 Einfluß
428 2674 559 2709 verliert.
612 2672 658 2704 Es
698 2669 751 2709 hat
775 2668 831 2700 das
855 2664 1055 2705 Referendum
1094 2660 1125 2694 in

271 2720 392 2759 Ziffern
414 2719 538 2757 schwarz
561 2714 615 2753 auf
639 2711 718 2748 weiß
741 2707 914 2749 dargethan,
959 2705 1018 2746 daß
1043 2703 1123 2737 keine

271 2759 389 2802 Partei,
433 2757 505 2798 auch
542 2756 591 2788 die
612 2748 1006 2794 freisinnig-demokratische
1032 2747 1120 2789 nicht,

274 2803 326 2845 auf
354 2803 408 2836 das
435 2796 670 2842 Schweizervolk
695 2796 728 2830 in
753 2795 845 2838 jedem
890 2793 978 2836 Falle
1024 2792 1126 2835 zählen

275 2848 362 2886 kann,
390 2844 534 2888 dasselbe,
585 2840 644 2876 wie
688 2850 759 2873 man
804 2843 883 2872 etwa
920 2837 1005 2879 sagen
1043 2836 1121 2877 hört,

273 2891 439 2933 unbedingt
463 2888 563 2931 hinter
587 2886 640 2929 sich
676 2885 743 2926 hat.
789 2883 845 2924 Ich
870 2880 1002 2914 erinnere
1028 2889 1052 2921 z.
1081 2879 1122 2913 B.

273 2946 313 2971 an
336 2937 388 2969 den
412 2932 540 2976 Wechsel
555 2931 605 2965 der
632 2927 856 2970 „Volksgunst"
882 2925 914 2958 in
931 2925 985 2958 den
1002 2923 1123 2964 Jahren

279 2981 363 3012 1894
385 2980 447 3013 und
474 2978 569 3016 1895,
622 2984 661 3008 an
687 2974 743 3007 den
766 2968 998 3014 parteipolitisch
1024 2967 1126 3001 innert

279 3024 456 3066 Jahresfrist
473 3019 634 3056 diametral
654 3015 895 3059 entgegengesetzt
923 3011 1124 3055 abgegebenen

278 3067 427 3110 Entscheid
450 3068 503 3101 des
529 3064 641 3099 Volkes
667 3062 701 3095 in
725 3062 777 3094 der
799 3057 1011 3099 Abstimmung
1056 3055 1127 3089 über

278 3111 324 3146 die
348 3110 576 3154 Zollinitiative
598 3108 661 3142 und
687 3105 734 3140 die
757 3102 905 3145 Revision
937 3102 988 3135 der
1028 3099 1124 3133 Mili¬

280 3156 431 3191 tärartikel
454 3157 503 3190 der
529 3149 842 3193 Bundesverfassung,
871 3154 931 3180 von
955 3143 1126 3188 derjenigen

277 3200 347 3234 über
369 3200 413 3235 die
453 3194 868 3239 Disciplinarstrafordnung
912 3192 962 3224 der
1007 3189 1125 3228 Armee,

274 3245 375 3287 welche
396 3245 498 3280 innert
522 3241 658 3276 weiterer
682 3236 869 3280 Jahresfrist
890 3234 1027 3276 erfolgte,
1073 3242 1129 3274 gar

272 3290 352 3330 nicht
373 3299 409 3330 zu
432 3290 532 3322 reden.
581 3286 679 3325 Heute
702 3285 765 3319 rot,
814 3288 933 3319 morgen
974 3281 1027 3316 tot,
1069 3277 1126 3308 das

272 3333 337 3366 eine
361 3333 443 3372 Jahr
491 3328 615 3368 Sieger,
664 3325 720 3357 das
746 3322 852 3354 andere
875 3319 1029 3358 Besiegter
1064 3318 1127 3349 und

272 3376 342 3412 doch
366 3382 428 3408 war
453 3377 486 3405 es
509 3370 587 3411 nicht
612 3366 730 3398 blinder
755 3360 951 3397 Unverstand,
995 3360 1047 3390 der
1071 3359 1125 3389 den

272 3419 306 3461 ja
329 3417 389 3449 und
413 3414 482 3448 nein
530 3407 728 3451 schreibenden
777 3401 863 3445 Stift
910 3401 959 3433 der
1004 3399 1128 3439 Bürger

273 3459 382 3501 führte.

344 3504 389 3537 Es
413 3502 490 3536 kann
514 3497 627 3541 freilich
649 3496 701 3529 der
724 3490 927 3534 Partei-und
942 3489 1128 3531 Fraktions¬

277 3546 347 3591 geist
372 3547 440 3588 auch
466 3544 548 3587 schon
573 3542 613 3575 im
638 3538 831 3581 Parlament,
872 3534 997 3574 seltener
1019 3531 1054 3566 in
1077 3531 1127 3564 der

273 3586 607 3629 Initiativ-Schmiede
645 3583 726 3623 mehr
752 3581 818 3613 oder
843 3577 972 3618 weniger
1010 3575 1133 3618 hervor¬

276 3635 373 3665 treten
396 3633 466 3664 oder
489 3638 568 3670 ganz
589 3624 815 3667 verschwinden.
866 3621 912 3658 In
946 3620 1002 3654 wie
1027 3621 1129 3661 hohem

275 3675 375 3716 Maße
396 3674 463 3708 dies
486 3673 537 3714 für
560 3670 608 3704 die
625 3678 690 3703 nun
712 3675 768 3701 vor
783 3667 842 3699 das
857 3664 936 3699 Volk
948 3664 1130 3707 gelangende

275 3719 426 3756 Kranken-
452 3717 513 3752 und
539 3710 850 3755 Unfallversicherung
901 3709 970 3752 gilt,
1021 3707 1058 3747 ist
1084 3707 1132 3740 be¬

277 3765 380 3799 kannt.
420 3763 486 3797 Der
512 3757 705 3801 Parteigeist,
751 3755 867 3797 welcher
891 3753 923 3796 ja
946 3763 996 3786 am
1018 3752 1130 3794 rechten

278 3809 339 3844 Ort
365 3807 426 3843 und
447 3815 501 3849 zur
525 3804 640 3845 rechten
663 3800 734 3844 Zeit
761 3799 807 3833 ein
833 3801 919 3841 guter
944 3796 1037 3839 Geist,
1084 3798 1134 3829 der

280 3853 382 3886 Gutes
403 3850 518 3895 schafft,
547 3848 593 3891 ist,
638 3848 691 3887 hat
730 3848 828 3878 etwas
852 3842 966 3884 gelernt
989 3841 1053 3875 und
1076 3840 1134 3873 das

284 3895 422 3930 Gelernte
445 3895 524 3937 nicht
549 3891 709 3933 vergessen.
735 3886 926 3931 Freisinnige
944 3886 1003 3919 und
1020 3884 1129 3919 Ultra¬

283 3943 429 3982 montane,
457 3936 672 3981 Konservative
697 3934 763 3968 und
784 3930 984 3967 Demokraten
1030 3928 1126 3972 haben

1143 1110 1221 1154 nicht
1245 1119 1304 1144 nur
1327 1118 1366 1144 an
1392 1108 1454 1140 dem
1490 1103 1576 1140 Werk
1616 1101 1842 1145 mitgearbeitet,
1894 1097 1990 1141 haben

1145 1156 1214 1199 auch
1240 1154 1271 1189 in
1295 1155 1345 1188 der
1390 1149 1587 1193 Kommission
1633 1147 1700 1190 Sitz
1746 1146 1807 1181 und
1854 1144 1993 1179 Stimme

1145 1199 1261 1245 gehabt,
1292 1198 1329 1240 sie
1353 1197 1418 1242 sind
1444 1195 1512 1238 auch
1537 1193 1639 1237 gehört
1663 1190 1793 1226 worden.
1837 1190 1883 1224 Es
1909 1189 1993 1230 trägt

1145 1247 1201 1281 das
1227 1243 1411 1287 Geschaffene
1436 1237 1657 1276 unverkennbar
1682 1237 1734 1271 den
1760 1234 1901 1277 Stempel
1924 1234 1995 1275 gut¬

1145 1286 1486 1335 freundeidgenössischer
1510 1282 1616 1320 Arbeit
1655 1291 1689 1325 zu
1729 1279 1835 1323 seinem
1874 1275 1995 1313 Vorteil

1146 1336 1216 1376 und,
1245 1334 1331 1377 sagen
1355 1332 1473 1371 andere,
1516 1326 1661 1370 Nachteil.
1714 1325 1785 1361 Wer
1808 1323 1900 1366 Recht
1924 1322 1988 1365 hat,

1147 1381 1222 1416 kann
1247 1378 1324 1422 nicht
1347 1376 1393 1412 die
1429 1375 1622 1417 Gegenwart,
1668 1371 1743 1406 kann
1782 1379 1841 1404 nur
1865 1368 1912 1403 die
1936 1367 1997 1400 Er¬

1147 1426 1276 1469 fahrung
1301 1425 1350 1457 der
1374 1419 1510 1465 Zukunft
1534 1418 1633 1462 sagen.
1683 1416 1754 1451 Das
1793 1411 1996 1457 Referendum

1148 1469 1260 1513 fordert
1285 1467 1378 1510 diesen
1403 1464 1485 1505 Geist
1509 1471 1575 1498 vom
1600 1460 1791 1504 Parlament.

1216 1512 1278 1547 Die
1300 1509 1486 1552 Volksrechte
1510 1506 1659 1551 forderten
1683 1504 1752 1539 aber
1791 1502 1861 1545 noch
1900 1503 1999 1536 etwas

1152 1556 1295 1590 anderes:
1340 1556 1510 1589 Vertrauen
1557 1551 1588 1586 in
1636 1551 1692 1584 das
1717 1547 1792 1583 Volk
1817 1547 1879 1582 und
1904 1544 1999 1588 dessen

1154 1598 1459 1640 Gleichberechtigung
1483 1596 1537 1631 mit
1561 1596 1624 1630 dem
1648 1594 1828 1636 Parlament
1854 1591 1885 1626 in
1932 1591 1996 1624 dem

1154 1642 1268 1682 Sinne,
1318 1641 1377 1682 daß
1400 1640 1453 1682 sich
1477 1640 1522 1673 die
1546 1636 1805 1681 Parlamentarier
1829 1637 1890 1671 und
1932 1634 1997 1677 ihre

1154 1696 1264 1730 engern
1289 1682 1531 1726 Streitgenossen
1577 1682 1687 1716 einmal
1709 1681 1800 1723 dahin
1822 1679 1994 1723 bescheiden,

1155 1731 1233 1775 nicht
1257 1730 1405 1773 gescheiter
1429 1727 1498 1770 sein,
1551 1726 1595 1760 die
1622 1725 1717 1767 Sache
1740 1725 1827 1766 besser
1851 1724 1999 1767 verstehen

1154 1787 1190 1820 zu
1215 1775 1332 1815 wollen,
1362 1773 1412 1808 als
1436 1771 1482 1806 die
1510 1768 1884 1811 „unparlamentarischen"
1912 1767 2001 1810 Refe¬

1155 1819 1418 1861 rendumsbürger,
1448 1815 1548 1858 welche
1572 1813 1705 1855 draußen
1731 1812 1833 1855 stehen,
1862 1811 1929 1846 aber
1946 1812 2003 1845 das

1155 1865 1234 1907 letzte
1256 1864 1319 1898 und
1341 1860 1554 1904 entscheidende
1577 1858 1668 1893 Wort
1691 1855 1796 1900 haben.
1831 1856 1904 1890 Das
1928 1855 2003 1889 Um¬

1156 1908 1285 1952 gekehrte
1311 1907 1343 1949 ist
1369 1910 1429 1941 uns
1455 1903 1652 1948 Federhelden
1676 1900 1787 1945 freilich
1818 1899 2006 1944 gelegentlich

1157 1952 1234 1996 nicht
1259 1951 1373 1986 minder
1398 1948 1546 1992 geläufig!

1224 1997 1269 2031 Es
1296 1995 1370 2030 wird
1394 2003 1460 2036 zum
1485 1992 1683 2035 Referendum
1724 1989 1794 2025 über
1833 1989 1879 2024 die
1927 1988 2005 2023 Ver¬

1157 2039 1448 2085 sicherungsvorlage
1475 2036 1531 2072 mit
1547 2035 1640 2078 Recht
1666 2034 1776 2077 darauf
1792 2032 1999 2076 hingewiesen,

1159 2086 1217 2128 daß
1242 2085 1355 2127 manche
1379 2083 1486 2127 Frage,
1516 2079 1721 2122 Grundfrage,
1751 2078 1813 2119 sehr
1838 2077 2004 2112 diskutier¬

1160 2131 1214 2165 bar
1238 2129 1277 2171 sei
1301 2129 1360 2163 und
1384 2127 1455 2161 eben
1492 2135 1556 2160 nun
1595 2124 1628 2158 in
1652 2121 1831 2165 Diskussion
1880 2121 2000 2156 komme.

1161 2172 1269 2214 Unsere
1294 2169 1552 2213 Parlamentarier
1591 2167 1657 2209 sind
1703 2167 1779 2208 nicht
1826 2166 1930 2208 gerade
1955 2164 2002 2198 be¬

1163 2217 1287 2258 sonders
1310 2212 1482 2256 zugänglich
1505 2212 1554 2252 für
1599 2210 1646 2243 die
1690 2209 1857 2251 Ansichten,
1907 2209 2007 2251 welche

1165 2257 1305 2298 während
1329 2257 1378 2289 der
1402 2253 1509 2288 Arbeit
1532 2252 1695 2293 außerhalb
1740 2253 1792 2285 des
1836 2253 2002 2294 Ratsaales

1167 2300 1309 2344 geäußert
1332 2298 1464 2339 werden;
1512 2300 1543 2330 es
1590 2294 1664 2336 ließe
1687 2294 1739 2336 sich
1764 2295 1831 2335 auch
1856 2295 1940 2335 heute
1963 2296 2012 2328 ein

1168 2344 1299 2380 Liedlein
1346 2343 1443 2377 davon
1490 2340 1603 2382 singen.
1654 2337 1821 2380 Umsomehr
1861 2330 1917 2379 soll
1963 2337 2013 2371 der

1168 2391 1298 2431 Bürger,
1341 2386 1459 2427 welcher
1483 2384 1531 2419 die
1552 2382 1776 2426 Konsequenzen
1815 2381 1865 2415 der
1910 2380 2012 2422 parla¬

1170 2431 1374 2474 mentarischen
1392 2430 1511 2471 Lösung
1535 2437 1570 2472 zu
1589 2431 1691 2470 tragen
1717 2427 1777 2469 hat,
1808 2425 1857 2459 der
1881 2425 2011 2467 Bürger,

1171 2479 1288 2520 welcher
1305 2494 1345 2500 —
1362 2475 1448 2518 zahlt,
1468 2473 1570 2515 gehört
1586 2472 1650 2506 und
1665 2470 1827 2513 widerlegt,
1850 2469 2016 2513 aufgeklärt

1171 2523 1233 2558 und
1259 2521 1368 2562 belehrt
1392 2518 1515 2552 werden.

1239 2561 1310 2606 Es
1310 2561 1432 2606 gibt
1432 2561 1533 2606 eine
1569 2558 1892 2603 Versicherung
1929 2558 2012 2592 und

1172 2610 1271 2644 eine
1317 2604 1648 2649 Versicherung!
1672 2605 1723 2647 hat
1748 2607 1780 2637 es
1818 2602 1917 2645 jüngst
1955 2606 2014 2636 aus

1173 2655 1222 2688 der
1248 2652 1378 2695 welschen
1404 2650 1539 2693 Schweiz
1561 2659 1636 2692 ganz
1658 2647 1830 2689 vernünftig
1847 2657 1887 2681 an
1912 2646 2013 2688 unsere

1174 2698 1276 2740 Ohren
1301 2697 1472 2739 geklungen.
1520 2695 1593 2728 Das
1642 2691 1734 2731 „wie"
1777 2690 1815 2730 ist
1850 2690 1936 2730 heute
1983 2689 2015 2722 in

1172 2743 1280 2785 Frage,
1309 2743 1366 2774 das
1409 2739 1483 2778 „ob"
1525 2736 1564 2779 ist
1583 2735 1681 2777 längst
1726 2733 1916 2776 entschieden.
1965 2732 2018 2766 So

1174 2786 1267 2824 haben
1292 2789 1325 2818 es
1349 2784 1420 2825 auch
1442 2781 1548 2816 andere
1572 2778 1605 2814 in
1628 2779 1678 2813 der
1713 2780 1811 2821 Frage
1848 2778 1898 2811 der
1945 2776 2022 2810 Ver¬

1174 2830 1368 2871 staatlichung
1394 2827 1443 2859 der
1467 2823 1672 2866 Eisenbahnen
1697 2822 1830 2864 gehalten
1857 2821 1918 2855 und
1942 2820 2022 2862 ihrer

1173 2882 1226 2908 vor
1250 2872 1322 2915 zwei
1345 2870 1464 2913 Jahren
1488 2869 1544 2902 mit
1560 2866 1744 2910 gewaltigem
1762 2865 1855 2907 Mehr
1873 2864 2017 2907 erfolgten

1172 2918 1329 2957 Annahme
1353 2923 1412 2949 nur
1436 2912 1558 2955 deshalb
1603 2910 1794 2953 zugestimmt,
1846 2909 1914 2943 weil
1961 2908 2019 2942 das

1173 2962 1352 3002 Parlament
1377 2956 1582 2999 insbesondere
1606 2964 1695 2997 gegen
1741 2954 1794 2988 den
1833 2952 2018 2995 fiskalischen

1173 3004 1307 3044 Betrieb,
1359 3001 1405 3037 die
1429 2999 1686 3043 Verstaatlichung
1725 2997 1775 3032 als
1820 2997 2022 3038 Steuermaß¬

1174 3050 1288 3090 nahme,
1318 3046 1466 3088 Vorsorge
1491 3043 1635 3086 getroffen
1660 3045 1753 3085 hatte,
1791 3041 1825 3076 in
1863 3041 2022 3076 Ueberein¬

1174 3093 1338 3135 stimmung
1380 3089 1437 3125 mit
1484 3089 1641 3123 Stimmen
1691 3090 1770 3126 „aus
1807 3086 1872 3119 dem
1896 3084 2021 3120 Volke".

1176 3138 1294 3173 Andere
1317 3135 1410 3177 haben
1434 3134 1539 3167 darum
1579 3132 1626 3165 die
1671 3129 1868 3165 Staatsbank
1912 3130 2023 3163 anders

1177 3180 1340 3226 gewünscht
1365 3179 1432 3214 oder
1457 3188 1510 3221 gar
1534 3175 1708 3219 verworfen.
1759 3175 1830 3208 Das
1877 3173 1942 3209 Wie
1967 3173 2024 3216 soll

1178 3227 1239 3261 und
1264 3225 1342 3259 wird
1365 3227 1426 3258 uns
1450 3222 1519 3264 auch
1544 3221 1575 3256 in
1600 3221 1651 3254 der
1695 3218 1930 3262 Durchführung
1976 3219 2025 3251 der

1177 3267 1401 3312 Rechtseinheit
1425 3266 1621 3309 entscheidend
1650 3263 1720 3307 sein.
1770 3264 1863 3304 Das
1892 3262 2017 3304 „Wie"

1177 3314 1267 3353 soll
1289 3315 1405 3347 dann
1428 3306 1543 3352 aber
1543 3306 1645 3352 auch
1645 3306 1852 3352 geprüft
1852 3306 2025 3352 werden

1177 3354 1361 3393 dürfen,
1412 3362 1498 3388 wenn
1544 3353 1576 3396 es
1615 3353 1671 3396 sich
1693 3352 1753 3388 um
1800 3352 2026 3393 Annahme

1176 3394 1279 3427 oder
1302 3394 1613 3436 Verwerfung
1645 3399 1717 3430 der
1741 3394 2027 3439 Doppelini¬

1176 3435 1349 3471 tiative
1373 3436 1573 3478 handelt.
1601 3438 1690 3478 Nicht
1714 3439 1775 3475 daß
1797 3442 1830 3473 es
1853 3440 1928 3482 diese
1953 3440 2026 3473 oder

1175 3481 1238 3523 jene
1262 3480 1372 3521 Partei
1410 3478 1455 3521 ist,
1507 3478 1607 3520 welche
1652 3479 1700 3512 die
1744 3479 1925 3522 Volkswahl
1970 3483 2023 3515 des

1177 3524 1389 3560 Bundesrates
1413 3523 1475 3557 und
1500 3523 1545 3557 die
1569 3522 1831 3565 Verhältniswahl
1865 3524 1919 3558 des
1959 3525 2025 3558 Na¬

1180 3569 1357 3602 tionalrates
1396 3567 1450 3609 auf
1484 3567 1546 3609 ihre
1577 3567 1751 3601 Standarte
1788 3566 1906 3610 schrieb,
1948 3567 2025 3601 wird

1178 3613 1294 3653 manche
1317 3612 1416 3651 leiten,
1454 3611 1573 3652 handelt
1596 3616 1629 3645 es
1652 3611 1705 3653 sich
1729 3611 1795 3654 doch
1819 3621 1868 3645 um
1894 3611 2024 3646 eminent

1178 3655 1332 3698 politische
1352 3655 1569 3698 Grundfragen
1586 3654 1627 3688 im
1642 3655 1789 3697 weitesten
1812 3656 1925 3698 Sinne,
1954 3655 2022 3699 son¬

1180 3703 1251 3735 dern
1276 3702 1346 3734 eben
1369 3700 1425 3734 das
1450 3699 1518 3734 Wie
1542 3699 1620 3742 ihrer
1643 3699 1774 3742 Lösung.

1248 3745 1294 3779 Es
1319 3743 1408 3787 giebt,
1437 3743 1493 3777 wie
1517 3748 1548 3777 es
1573 3744 1829 3787 Verstaatlichung
1863 3744 1925 3779 und
1949 3744 2025 3780 Ver¬

1180 3789 1383 3831 staatlichung,
1403 3787 1615 3830 Versicherung
1632 3789 1693 3823 und
1706 3788 1916 3832 Versicherung
1934 3789 2023 3832 giebt,

1179 3835 1251 3876 auch
1273 3833 1338 3867 eine
1361 3832 1540 3874 Volkswahl
1563 3834 1625 3866 und
1648 3832 1712 3867 eine
1736 3833 1924 3877 Volkswahl,
1964 3835 2028 3868 eine

1180 3876 1487 3919 Proportionalwahl
1511 3876 1572 3910 und
1596 3876 1661 3910 eine
1705 3878 2022 3921 Proportionalwahl,

1179 3922 1360 3965 Volkswahl
1383 3922 1438 3955 des
1462 3921 1673 3955 Bundesrates
1698 3921 1731 3955 in
1747 3921 1840 3955 einem
1857 3923 2029 3965 Wahlkreis

2042 1095 2102 1131 und
2126 1094 2158 1129 in
2184 1094 2340 1136 mehreren,
2370 1086 2636 1132 Verhältniswahl
2656 1085 2707 1119 des
2724 1083 2889 1119 National¬

2041 1144 2124 1175 rates
2148 1139 2189 1174 im
2213 1138 2345 1176 Kanton,
2397 1136 2447 1170 als
2486 1132 2580 1168 einem
2613 1128 2796 1172 Wahlkreis,
2848 1126 2888 1162 im

2042 1185 2173 1226 Kanton,
2219 1183 2268 1217 der
2291 1180 2451 1225 fakultativ
2476 1177 2507 1212 in
2534 1175 2660 1218 mehrere
2707 1171 2890 1215 Wahlkreise

2042 1230 2148 1273 zerlegt
2173 1228 2287 1262 werden
2313 1225 2388 1260 kann
2414 1223 2474 1259 und
2493 1221 2524 1257 in
2550 1218 2760 1263 Wahlkreisen,
2791 1216 2890 1258 welche

2043 1285 2082 1309 an
2107 1273 2184 1308 keine
2208 1272 2454 1313 Kantonsgrenze
2492 1265 2645 1309 gebunden
2692 1262 2767 1306 sind.
2819 1261 2890 1296 Das

2048 1318 2151 1361 „Wie"
2180 1317 2217 1359 ist
2240 1316 2302 1360 hier
2324 1314 2413 1349 alles.

2111 1362 2208 1397 Eines
2232 1369 2289 1396 nur
2314 1359 2400 1400 noch!
2447 1357 2494 1396 In
2541 1355 2635 1389 einem
2660 1352 2762 1394 Punkt
2788 1350 2823 1393 ist
2848 1349 2893 1385 die

2045 1405 2262 1452 eidgenössische
2286 1402 2497 1446 Versicherung
2520 1400 2571 1434 der
2619 1394 2894 1440 Doppelinitiative

2046 1450 2221 1496 entschieden
2245 1448 2331 1490 über;
2378 1447 2425 1482 die
2449 1445 2549 1487 erstere
2597 1443 2633 1486 ist
2658 1442 2687 1476 in
2713 1442 2894 1484 staatsmän¬

2047 1497 2153 1541 nischer
2177 1492 2370 1536 Würdigung
2394 1492 2444 1526 der
2467 1487 2625 1531 Ansichten
2649 1487 2708 1521 und
2754 1483 2895 1527 Wünsche

2047 1543 2120 1577 aller
2144 1539 2309 1584 Patrioten
2333 1547 2367 1580 zu
2394 1535 2493 1578 Stande
2509 1534 2684 1576 gekommen,
2714 1530 2762 1565 der
2780 1531 2893 1574 letztern

2047 1587 2081 1629 ist
2106 1595 2164 1621 nur
2189 1584 2236 1619 die
2259 1582 2330 1623 eine,
2360 1576 2678 1622 alleinseligmachende
2703 1575 2812 1618 Partei
2859 1583 2893 1616 zu

2048 1632 2194 1667 Gevatter
2220 1627 2373 1672 gestanden
2400 1624 2470 1666 und,
2522 1631 2583 1657 wer
2629 1620 2682 1664 sich
2721 1619 2797 1662 sonst
2821 1621 2897 1652 etwa

2047 1677 2114 1720 noch
2153 1676 2204 1710 als
2229 1671 2420 1714 Volkswahl-
2468 1668 2529 1706 und
2576 1662 2897 1710 Proportionalwahl¬

2047 1720 2151 1764 freund
2176 1729 2229 1763 zur
2275 1716 2370 1759 Sache
2418 1713 2549 1756 äußerte,
2602 1710 2735 1754 predigte
2782 1707 2891 1743 tauben

2049 1767 2163 1809 Ohren.
2206 1764 2316 1799 Etwas
2340 1759 2469 1802 weniger
2503 1753 2789 1800 Ausschließlichkeit
2836 1752 2897 1786 und

2050 1808 2230 1852 Parteigeist
2254 1808 2357 1842 könnte
2381 1804 2450 1847 auch
2467 1801 2649 1842 Initianten
2669 1798 2745 1842 nicht
2763 1797 2889 1840 schaden,

2052 1853 2148 1896 zumal
2171 1852 2242 1895 auch
2264 1850 2304 1894 sie
2326 1857 2379 1885 vor
2396 1849 2453 1883 das
2480 1843 2675 1890 „parteilose"
2703 1842 2780 1878 Volk
2806 1843 2894 1886 gehen

2055 1897 2176 1940 müssen.

2141 1940 2211 1975 Und
2237 1948 2299 1974 nun
2323 1937 2399 1971 wird
2423 1939 2457 1971 es
2481 1937 2534 1977 gut
2557 1933 2628 1976 sein,
2657 1931 2702 1966 die
2719 1931 2796 1974 eidg.
2816 1929 2893 1963 Ver¬

2055 1985 2202 2030 sicherung
2228 1992 2285 2019 von
2309 1983 2358 2016 der
2397 1976 2675 2024 Doppelinitiative
2722 1976 2782 2010 und
2830 1972 2903 2015 diese

2056 2040 2114 2066 von
2138 2029 2220 2073 jener
2243 2025 2462 2069 loszukoppeln,
2508 2023 2586 2065 nicht
2634 2020 2701 2055 weil
2747 2020 2804 2053 das
2828 2017 2905 2052 Volk

2056 2075 2134 2118 nicht
2157 2074 2190 2109 in
2215 2074 2264 2107 der
2281 2071 2488 2114 Abstimmung
2505 2077 2539 2110 zu
2557 2064 2770 2108 unterscheiden
2788 2063 2897 2104 wüßte,

2056 2119 2179 2161 sondern
2205 2127 2254 2152 um
2280 2115 2324 2151 die
2349 2115 2453 2157 Sorge
2491 2113 2540 2155 für
2569 2110 2669 2146 kranke
2708 2108 2768 2144 und
2815 2107 2904 2150 ihnen

2055 2162 2188 2205 folgende
2212 2160 2388 2202 arbeitslose
2414 2160 2496 2201 Tage
2521 2164 2579 2191 von
2627 2151 2904 2197 parteipolitischem

2054 2204 2298 2251 Chauvinismus
2322 2204 2386 2246 fern
2402 2212 2437 2245 zu
2456 2201 2568 2245 halten.
2598 2202 2664 2235 Res
2680 2209 2774 2233 sacra
2791 2207 2902 2232 miser.

2305 2300 2667 2365 Kantone.

2427 2375 2574 2417 Zürich.

2133 2421 2258 2465 (Korr.)
2273 2419 2333 2456 Die
2351 2415 2911 2461 Entschädigungspflicht

2066 2469 2116 2503 des
2135 2467 2271 2501 Staates
2288 2462 2449 2507 gegenüber
2467 2459 2779 2504 strafrechtlich
2805 2458 2914 2494 Ver¬

2063 2511 2255 2555 folgten,
2285 2510 2368 2543 deren
2386 2505 2639 2549 Schuldlosigkeit
2655 2504 2775 2539 erkannt
2794 2503 2913 2539 worden

2063 2557 2107 2599 ist,
2136 2554 2170 2596 ist
2196 2553 2228 2588 in
2253 2553 2301 2588 der
2319 2550 2496 2586 kantonalen
2515 2549 2727 2593 Gesetzgebung
2752 2558 2811 2583 nur
2835 2558 2908 2591 ganz

2065 2597 2286 2641 unvollständig
2309 2595 2466 2631 normiert.
2515 2594 2577 2629 Die
2600 2592 2718 2633 Unbill,
2761 2592 2811 2627 die
2834 2593 2911 2626 dem¬

2065 2643 2180 2687 jenigen
2206 2642 2354 2685 angethan
2378 2640 2466 2679 wird,
2509 2639 2558 2672 der
2583 2635 2852 2681 ungerechterweise
2877 2636 2907 2670 in

2067 2688 2129 2721 eine
2153 2685 2466 2727 Strafuntersuchung
2489 2683 2657 2722 verwickelt,
2701 2690 2753 2715 vor
2793 2680 2913 2722 Gericht

2069 2730 2179 2774 gestellt
2204 2730 2272 2764 oder
2296 2727 2381 2770 sogar
2405 2727 2551 2769 verhaftet
2575 2726 2662 2766 wird,
2714 2725 2748 2768 ist
2772 2725 2803 2768 so
2828 2724 2912 2767 groß,

2070 2775 2127 2816 daß
2152 2784 2181 2808 er
2206 2774 2270 2808 eine
2293 2772 2522 2814 Genugthuung
2545 2770 2689 2805 verdient.
2741 2770 2810 2804 Und
2849 2769 2915 2812 doch

2069 2819 2104 2861 ist
2128 2819 2174 2853 die
2198 2819 2306 2862 Frage,
2336 2817 2373 2850 ob
2396 2817 2626 2858 Genugthuung
2665 2824 2699 2858 zu
2732 2814 2829 2856 leisten
2865 2813 2912 2856 sei,

2069 2863 2099 2898 in
2125 2863 2178 2896 den
2197 2862 2315 2904 meisten
2333 2861 2441 2904 Fällen
2459 2860 2511 2895 ins
2528 2859 2677 2902 Ermessen
2695 2859 2746 2893 des
2763 2858 2917 2901 Gerichtes

2068 2906 2188 2951 gestellt,
2241 2904 2317 2948 und,
2339 2915 2399 2939 nur
2435 2904 2467 2940 in
2492 2905 2545 2940 den
2571 2903 2704 2946 wenigen
2728 2904 2837 2955 Fällen
2862 2912 2917 2937 un¬

2069 2950 2234 2995 gesetzlicher
2258 2949 2450 2991 Verhaftung
2489 2948 2525 2990 ist
2548 2949 2597 2983 ein
2621 2948 2797 2991 subjektives
2821 2947 2912 2990 Recht

2069 2995 2121 3038 auf
2145 2994 2372 3037 Genugthuung
2395 2992 2571 3028 anerkannt.
2622 2992 2675 3026 So
2706 2993 2770 3035 sagt
2795 2992 2866 3028 Art.
2898 2993 2915 3025 7

2070 3042 2119 3074 der
2144 3038 2319 3073 kantonalen
2342 3036 2541 3079 Verfassung:
2592 3035 2800 3079 „Ungesetzlich
2839 3036 2917 3070 Ver¬

2072 3084 2200 3128 hafteten
2226 3083 2261 3125 ist
2284 3090 2348 3116 vom
2372 3082 2473 3116 Staat
2508 3080 2704 3124 angemessene
2743 3080 2917 3123 Entschädi¬

2073 3138 2156 3171 gung
2178 3127 2247 3162 oder
2271 3126 2497 3169 Genugthuung
2521 3135 2555 3168 zu
2591 3125 2725 3165 leisten."
2774 3125 2823 3163 In
2860 3124 2915 3159 den

2072 3173 2190 3216 Fällen,
2244 3171 2277 3206 in
2300 3170 2390 3205 denen
2414 3171 2562 3212 Personen
2588 3169 2733 3212 verhaftet
2781 3168 2908 3210 werden,

2072 3219 2158 3251 deren
2182 3215 2378 3258 Verhaftung
2412 3215 2466 3258 sich
2489 3215 2573 3257 durch
2599 3216 2656 3249 das
2694 3213 2788 3256 Gesetz
2829 3214 2918 3255 recht¬

2071 3260 2196 3304 fertigen
2222 3260 2298 3302 läßt,
2329 3259 2427 3302 später
2451 3258 2519 3293 aber
2553 3259 2603 3292 als
2640 3258 2785 3292 materiell
2825 3267 2917 3300 unge¬

2076 3304 2257 3347 rechtfertigt
2280 3303 2332 3345 sich
2357 3303 2556 3345 herausstellt,
2586 3303 2693 3345 besteht
2715 3302 2792 3337 keine
2815 3301 2913 3345 gesetz¬

2073 3351 2127 3391 lich
2144 3349 2302 3383 normierte
2318 3347 2683 3390 Entschädigungspflicht
2700 3347 2750 3381 des
2767 3348 2912 3382 Staates.

2141 3394 2220 3436 Nach
2246 3394 2265 3435 §
2291 3393 2353 3424 776
2378 3392 2429 3425 des
2455 3391 2584 3434 Gesetzes
2609 3392 2683 3426 betr.
2726 3391 2771 3426 die
2794 3391 2917 3434 Rechts¬

2073 3438 2170 3482 pflege
2193 3438 2287 3480 haben
2313 3436 2367 3479 sich
2389 3435 2436 3470 bei
2459 3435 2639 3480 Sistierung
2686 3435 2765 3470 einer
2810 3436 2917 3471 Unter¬

2074 3483 2203 3525 suchung
2228 3481 2339 3523 sowohl
2361 3482 2410 3515 der
2434 3480 2555 3522 Antrag
2579 3481 2630 3515 der
2663 3480 2919 3523 Anklagebehörde

2074 3526 2126 3561 als
2150 3527 2198 3560 der
2224 3525 2374 3568 Entscheid
2398 3525 2451 3559 des
2475 3524 2630 3567 Gerichtes
2654 3525 2780 3559 darüber
2812 3529 2923 3568 auszu¬

2073 3570 2216 3613 sprechen,
2261 3570 2297 3605 ob
2320 3571 2382 3604 dem
2405 3568 2671 3613 Angeschuldigten
2695 3569 2743 3610 für
2767 3569 2813 3605 die
2837 3569 2923 3612 durch

2072 3613 2121 3648 die
2143 3615 2367 3658 Untersuchung
2392 3614 2451 3657 ihm
2467 3614 2667 3657 verursachten
2685 3613 2837 3648 Umtriebe
2861 3614 2923 3649 eine

2071 3657 2317 3702 Entschädigung
2340 3669 2377 3703 zu
2400 3659 2488 3702 geben
2526 3658 2574 3702 sei.
2624 3658 2703 3693 Eine
2748 3658 2922 3701 Entschädi¬

2072 3703 2280 3746 gungspflicht
2304 3704 2339 3746 ist
2363 3704 2427 3746 also
2449 3703 2526 3746 nicht
2549 3702 2697 3745 statuiert,
2724 3703 2848 3743 sondern
2866 3703 2922 3736 das

2073 3746 2193 3788 Gericht
2217 3747 2388 3790 entscheidet
2411 3748 2483 3791 nach
2507 3747 2606 3790 freiem
2631 3747 2788 3789 Ermessen,
2819 3745 2854 3780 ob
2879 3751 2911 3780 es

2073 3790 2136 3825 eine
2160 3784 2401 3834 Entschädigung
2424 3793 2592 3834 zusprechen
2617 3791 2704 3827 wolle
2731 3792 2798 3826 oder
2825 3790 2915 3833 nicht.

2074 3835 2154 3877 Nach
2178 3836 2345 3877 konstanter
2360 3835 2478 3877 Praxis
2494 3836 2592 3878 erhält
2608 3837 2659 3871 der
2676 3835 2918 3879 Angeschuldigte

2076 3889 2135 3914 nur
2159 3880 2240 3914 dann
2263 3880 2325 3914 eine
2348 3879 2599 3923 Entschädigung,
2629 3886 2716 3914 wenn
2732 3890 2762 3914 er
2779 3882 2924 3916 entweder

2075 3924 2221 3967 verhaftet
2246 3932 2309 3959 war
2334 3924 2400 3959 oder
2423 3933 2511 3959 wenn
2534 3925 2596 3968 ihm
2620 3924 2707 3968 durch
2731 3924 2778 3960 die
2812 3925 2924 3960 Unter¬

2938 1080 3066 1123 suchung
3090 1077 3247 1122 erhebliche
3269 1075 3422 1112 Umtriebe
3445 1073 3610 1117 verursacht
3650 1071 3785 1108 wurden.

2942 1127 2979 1166 §
2979 1126 3049 1159 905
3074 1125 3125 1159 des
3160 1123 3283 1166 gleichen
3331 1120 3462 1164 Gesetzes
3506 1120 3620 1154 lautet:
3670 1117 3786 1159 „Unter

2938 1170 3119 1211 Umständen
3145 1169 3220 1203 kann
3246 1166 3337 1201 einem
3379 1163 3639 1207 freigesprochenen
3686 1162 3787 1203 Ange¬

2939 1215 3054 1258 klagten
3079 1214 3148 1256 auch
3175 1212 3239 1247 eine
3261 1210 3503 1254 Entschädigung
3528 1208 3577 1251 für
3624 1208 3685 1250 ihm
3723 1213 3789 1239 ver¬

2940 1260 3067 1303 ursachte
3092 1257 3244 1294 Umtriebe
3267 1260 3325 1291 aus
3343 1257 3393 1290 der
3411 1253 3605 1296 Staatskasse
3622 1250 3791 1295 gesprochen

2938 1304 3088 1339 werden."
3134 1301 3225 1343 Diese
3250 1300 3456 1343 Bestimmung
3481 1299 3515 1339 ist
3539 1298 3608 1339 noch
3626 1297 3685 1331 viel
3700 1303 3791 1338 vager

2940 1350 2990 1384 als
3016 1347 3159 1391 diejenige
3184 1354 3241 1380 von
3269 1346 3287 1387 §
3316 1346 3391 1380 776.
3420 1344 3466 1378 Es
3489 1343 3525 1384 ist
3541 1341 3722 1384 vollständig
3739 1340 3790 1374 ins

2941 1393 3084 1429 Belieben
3109 1393 3160 1427 des
3187 1390 3340 1434 Gerichtes
3366 1388 3486 1431 gestellt,
3532 1387 3597 1421 eine
3621 1383 3795 1429 Entschädi¬

2941 1448 3023 1482 gung
3047 1447 3080 1481 zu
3107 1437 3196 1479 geben
3221 1436 3288 1470 oder
3335 1433 3424 1476 nicht.
3476 1430 3669 1475 Gewöhnlich
3716 1429 3794 1464 wird

2942 1485 3005 1518 dem
3031 1482 3243 1524 Angeklagten,
3296 1487 3382 1514 wenn
3423 1477 3498 1519 seine
3538 1473 3789 1520 Schuldlosigkeit

2943 1528 3067 1563 erkannt
3091 1527 3126 1569 ist
3151 1526 3213 1562 und
3237 1534 3267 1559 er
3291 1526 3338 1559 ein
3387 1520 3790 1565 Entschädigungsbegehren

2943 1572 3032 1613 stellt,
3076 1579 3142 1605 vom
3168 1569 3288 1612 Gericht
3313 1570 3377 1603 eine
3423 1566 3664 1611 Entschädigung
3710 1573 3794 1607 zuge¬

2944 1617 3088 1660 sprochen.
3125 1615 3191 1650 Vor
3216 1615 3326 1657 kurzem
3353 1612 3388 1655 ist
3412 1617 3443 1647 es
3469 1612 3536 1646 aber
3561 1610 3791 1653 vorgekommen,

2944 1662 3004 1704 daß
3029 1661 3075 1695 ein
3115 1658 3317 1704 zürcherisches
3365 1656 3486 1700 Gericht
3532 1655 3624 1690 einem
3671 1653 3792 1698 Freige¬

2945 1706 3116 1748 sprochenen
3140 1708 3200 1739 aus
3224 1704 3286 1738 dem
3313 1702 3439 1737 Grunde
3464 1701 3540 1736 keine
3558 1698 3799 1743 Entschädigung

2947 1753 2995 1793 für
3021 1749 3253 1793 ausgestandene
3277 1748 3354 1792 Haft
3380 1746 3445 1789 gab,
3491 1745 3558 1781 weil
3583 1755 3614 1780 er
3637 1749 3670 1779 es
3694 1746 3797 1779 unter¬

2946 1795 3038 1839 lassen
3084 1796 3175 1839 hatte,
3216 1793 3264 1829 ein
3311 1790 3715 1835 Entschädigungsbegehren
3762 1796 3798 1831 zu

2944 1841 3056 1882 stellen.

3014 1886 3060 1919 Es
3084 1884 3121 1926 ist
3143 1882 3353 1926 verdienstlich,
3406 1881 3464 1924 daß
3489 1881 3538 1916 der
3563 1876 3802 1923 Schweizerische

2948 1928 3188 1970 Juristenverein
3213 1927 3259 1961 die
3281 1928 3381 1970 Frage
3427 1927 3477 1960 der
3523 1923 3801 1967 Entschädigungs¬

2950 1973 3052 2017 pflicht
3077 1970 3238 2015 gegenüber
3264 1970 3466 2014 strafrechtlich
3491 1969 3669 2012 Verfolgten
3715 1966 3802 2008 durch

2952 2017 3145 2060 Aufstellung
3191 2016 3270 2050 einer
3324 2014 3545 2058 Preisaufgabe
3591 2014 3662 2048 über
3708 2010 3801 2054 dieses

2953 2063 3068 2107 Thema
3092 2072 3145 2106 zur
3169 2060 3350 2104 Diskussion
3377 2060 3509 2103 gebracht
3535 2059 3598 2102 hat.

3319 2120 3455 2156 Luzern.

3007 2171 3054 2203 (*
3065 2169 3154 2203 Korr.)
3192 2167 3248 2197 Wie
3267 2168 3294 2197 in
3313 2168 3356 2197 der
3377 2167 3430 2202 „N.
3448 2167 3482 2203 Z.
3501 2166 3580 2202 Ztg."
3600 2165 3693 2196 bereits
3712 2162 3806 2193 notiert

2956 2210 3061 2240 worden
3079 2209 3118 2243 ist,
3138 2209 3203 2238 wird
3222 2216 3266 2237 am
3284 2208 3399 2243 nächsten
3421 2207 3596 2243 „schmutzigen
3612 2202 3802 2238 Donnerstag"

2955 2252 3013 2285 (22.
3023 2249 3146 2285 Februar)
3160 2249 3187 2278 in
3202 2247 3295 2283 Luzern
3315 2256 3370 2277 nun
3381 2248 3439 2281 doch
3457 2248 3498 2277 ein
3516 2247 3636 2283 größerer
3655 2243 3811 2282 Fritschi¬

2954 2298 3021 2325 zug
3053 2289 3212 2324 stattfinden,
3244 2288 3345 2321 welcher
3364 2287 3455 2317 Bilder
3487 2290 3538 2317 aus
3555 2288 3614 2316 dem
3641 2275 3809 2322 luzernischen

2954 2329 3036 2359 Leben
3054 2337 3085 2364 zu
3115 2329 3224 2364 Anfang
3256 2328 3336 2362 dieses
3367 2326 3569 2362 Jahrhunderts
3600 2326 3707 2362 bringen
3736 2324 3810 2354 wird.

2954 2370 3027 2398 Man
3048 2369 3134 2398 wollte
3153 2369 3205 2398 das
3225 2368 3381 2403 neunzehnte
3401 2368 3587 2402 Jahrhundert
3607 2367 3670 2402 nicht
3689 2373 3717 2402 zu
3735 2365 3808 2394 Ende

2956 2409 3037 2443 gehen
3054 2408 3143 2443 lassen,
3161 2408 3229 2441 ohne
3246 2409 3295 2437 den
3313 2408 3424 2438 Bruder
3430 2408 3534 2443 Fritschi
3552 2408 3619 2442 nicht
3636 2407 3698 2441 noch
3716 2404 3814 2435 einmal

2960 2447 3009 2476 mit
3029 2448 3134 2481 großem
3153 2447 3265 2482 Gefolge
3283 2447 3463 2483 vorzuführen.
3503 2447 3567 2478 Das
3602 2448 3765 2484 Programm
3784 2444 3814 2480 ist

2962 2486 3081 2521 offenbar
3099 2487 3162 2519 recht
3180 2489 3227 2520 gut
3245 2488 3364 2521 gewählt,
3383 2488 3417 2516 da
3436 2491 3465 2517 es
3483 2489 3531 2518 den
3545 2487 3651 2521 Beginn
3670 2488 3717 2517 des
3729 2485 3815 2520 Jahr¬

2962 2526 3090 2561 hunderts
3110 2526 3158 2555 mit
3189 2526 3247 2555 dem
3267 2526 3340 2555 Ende
3370 2526 3500 2560 desselben
3524 2527 3665 2562 verknüpft.
3704 2525 3761 2556 Wie
3781 2524 3815 2559 ich

2961 2566 3032 2602 höre,
3052 2566 3116 2596 wird
3138 2565 3233 2601 speziell
3252 2566 3290 2596 die
3309 2566 3559 2602 militärische
3576 2568 3687 2602 Gruppe
3704 2566 3749 2602 sich
3767 2565 3812 2595 als

2962 2606 3070 2642 „Clou"
3101 2607 3148 2635 des
3178 2606 3391 2643 Karnevalzuges
3423 2607 3603 2642 präsentieren.
3640 2607 3693 2637 Die
3711 2606 3816 2641 Leitung

2960 2647 3040 2680 dieser
3060 2646 3168 2682 Gruppe
3188 2646 3248 2681 liegt
3269 2647 3295 2676 in
3315 2647 3383 2677 einer
3403 2648 3516 2678 eminent
3535 2647 3715 2683 sachkundigen
3728 2646 3815 2682 Hand.

2962 2686 3038 2716 Man
3068 2687 3134 2716 wird
3165 2689 3217 2717 aus
3247 2687 3295 2716 den
3327 2686 3527 2723 schweizerischen
3547 2688 3731 2724 Zeughäusern
3750 2687 3817 2716 alles

2964 2726 3163 2762 herbeischaffen,
3196 2735 3243 2756 um
3272 2728 3311 2757 ein
3332 2731 3449 2763 getreues
3468 2728 3532 2758 Bild
3552 2729 3599 2757 des
3619 2727 3819 2764 schweizerischen

2963 2767 3089 2796 Militärs
3107 2770 3160 2796 aus
3178 2767 3237 2796 dem
3255 2767 3341 2801 Jahre
3353 2770 3423 2795 1800
3433 2768 3605 2804 herzustellen.
3623 2768 3700 2803 Diese
3709 2767 3820 2801 Gruppe

2965 2807 3051 2841 dürfte
3070 2807 3114 2842 sich
3140 2807 3216 2841 somit
3235 2808 3278 2837 als
3297 2808 3336 2837 die
3355 2812 3437 2844 great
3456 2811 3607 2839 attraction
3635 2809 3682 2839 des
3705 2807 3819 2844 Fritschi¬

2964 2850 3043 2884 zuges
3061 2848 3187 2882 erweisen.

3018 2888 3071 2917 Die
3090 2888 3245 2923 kommende
3245 2888 3353 2923 Saison
3367 2890 3433 2919 wird
3452 2890 3505 2920 drei
3524 2898 3615 2920 neue
3634 2888 3820 2926 prächtige

2965 2928 3150 2962 Gasthöfe
3178 2928 3208 2957 in
3237 2929 3341 2963 unserer
3372 2929 3645 2965 Fremdenmetropole
3674 2929 3822 2963 vorfinden.

2965 2969 3014 2999 Da
3033 2969 3063 3003 ist
3082 2968 3195 3004 zunächst
3214 2968 3256 2997 der
3276 2977 3328 2998 von
3358 2969 3403 2998 der
3433 2970 3674 3006 Aktiengesellschaft
3705 2967 3821 3006 Hotel

2965 3009 3159 3039 National
3179 3008 3285 3043 erstellte
3304 3010 3481 3047 Neubau,
3501 3012 3603 3045 welcher
3623 3012 3670 3041 mit
3689 3012 3745 3041 dem
3764 3009 3819 3038 bis¬

2964 3049 3068 3084 herigen
3086 3049 3165 3084 Hotel
3182 3049 3258 3083 durch
3278 3050 3327 3079 das
3347 3050 3419 3084 schon
3438 3059 3485 3081 vor
3514 3052 3573 3088 zwei
3591 3052 3697 3086 Jahren
3716 3050 3821 3086 gebaute

2963 3089 3109 3124 einstöckige
3125 3089 3287 3124 Restaurant
3305 3090 3453 3121 verbunden
3473 3092 3512 3126 ist.
3543 3092 3601 3122 Der
3620 3092 3739 3126 Neubau,
3759 3090 3820 3119 wel¬

2963 3130 3017 3163 cher
3035 3129 3073 3158 im
3091 3129 3167 3159 Stile
3186 3130 3235 3158 des
3265 3130 3413 3166 bisherigen
3431 3133 3527 3167 Hotels
3557 3133 3622 3168 (sog.
3641 3130 3822 3163 Louvre-Stil)

2963 3169 3083 3205 gehalten
3101 3169 3140 3204 ist,
3160 3169 3227 3199 wird
3246 3170 3291 3199 als
3309 3173 3509 3207 family-house
3528 3173 3702 3209 eingerichtet;
3720 3180 3746 3202 er
3764 3174 3819 3201 ent¬

2968 3209 3025 3245 hält
3046 3212 3096 3238 100
3115 3210 3236 3245 Zimmer
3253 3211 3305 3240 und
3320 3211 3432 3241 Salons
3452 3214 3506 3242 und
3517 3216 3550 3241 40
3562 3213 3821 3250 Privatbadzimmer.

2966 3250 3014 3280 Da
3035 3251 3085 3279 das
3103 3250 3180 3285 Hotel
3190 3250 3321 3281 National
3341 3251 3385 3286 sich
3405 3253 3537 3290 unstreitig
3557 3262 3610 3283 von
3629 3255 3724 3288 unsern
3743 3253 3822 3287 sämt¬

2965 3291 3046 3324 lichen
3065 3290 3211 3325 Gasthöfen
3229 3291 3274 3320 der
3292 3292 3496 3328 bevorzugtesten
3515 3293 3580 3329 Lage
3598 3295 3703 3329 erfreut,
3738 3294 3772 3322 da
3792 3296 3822 3322 es

2965 3331 3005 3360 die
3023 3331 3187 3366 Hauptfront
3206 3331 3265 3360 dem
3283 3332 3394 3367 prächtig
3414 3335 3556 3370 gelegenen,
3593 3334 3638 3367 für
3665 3336 3713 3364 den
3731 3333 3818 3368 Fuhr¬

2964 3371 3133 3405 werkverkehr
3152 3371 3331 3407 geschlossenen
3350 3372 3428 3402 Quai
3448 3375 3554 3409 gleichen
3574 3374 3697 3405 Namens
3715 3374 3822 3410 zukehrt,

2965 3412 2991 3444 so
3011 3411 3078 3440 wird
3096 3415 3126 3441 es
3145 3411 3205 3446 auch
3226 3413 3282 3442 dem
3303 3414 3482 3449 vergrößerten
3493 3415 3687 3450 Etablissement
3699 3424 3734 3445 an
3747 3418 3820 3450 guter

2966 3452 3099 3487 Frequenz
3117 3452 3182 3484 nicht
3200 3453 3293 3485 fehlen.
3321 3454 3400 3484 Beim
3421 3455 3546 3491 Bahnhof
3567 3457 3672 3491 erheben
3691 3455 3737 3490 sich
3754 3456 3823 3484 links

2967 3492 3021 3521 und
3041 3492 3120 3524 rechts
3139 3500 3201 3521 vom
3222 3493 3301 3527 Hotel
3311 3493 3458 3531 Monopol,
3477 3496 3582 3530 welches
3592 3497 3677 3531 letzten
3692 3496 3824 3526 Sommer

2968 3534 2996 3563 in
3015 3531 3118 3561 Betrieb
3137 3532 3220 3568 gesetzt
3240 3534 3335 3569 wurde,
3367 3535 3428 3569 zwei
3460 3544 3523 3566 neue
3543 3536 3679 3572 Gasthöfe,
3712 3536 3821 3569 nämlich

2968 3572 3019 3602 das
3038 3572 3364 3608 Bahnhof-Hotel
3395 3575 3443 3604 des
3473 3577 3558 3612 Herrn
3579 3577 3625 3606 Bl.
3645 3577 3738 3611 Muth,
3768 3576 3823 3605 eine

2970 3611 3058 3642 Baute
3088 3612 3125 3642 im
3152 3612 3281 3647 deutschen
3300 3614 3520 3651 Renaissancestil,
3549 3617 3606 3646 und
3636 3617 3680 3647 der
3710 3616 3823 3651 kleinere,

2969 3652 3032 3682 aber
3068 3653 3173 3687 schmuck
3207 3654 3263 3682 und
3300 3654 3353 3689 fein
3383 3654 3430 3689 sich
3457 3657 3659 3691 präsentierende
3695 3656 3825 3687 Wald¬

2970 3693 3175 3728 stätterhof
3194 3694 3241 3722 des
3254 3695 3339 3730 Herrn
3353 3695 3648 3733 Bierbrauereibesitzers
3658 3698 3824 3727 Endemann.

2969 3733 3024 3762 Als
3042 3733 3164 3763 Direktor
3193 3735 3241 3763 des
3270 3735 3368 3770 letztern
3398 3738 3486 3767 wurde
3506 3739 3573 3774 Herr
3590 3739 3746 3774 Hierholzer,
3770 3738 3819 3766 den

2967 3772 3098 3808 Zürchern
3118 3774 3161 3803 als
3181 3774 3297 3808 früherer
3315 3776 3438 3807 Direktor
3458 3779 3502 3807 des
3529 3779 3606 3814 Hotel
3627 3779 3752 3813 Uetliberg
3783 3779 3824 3806 be¬

2968 3814 3055 3847 kannt,
3074 3813 3188 3848 berufen.
3216 3814 3269 3843 Die
3288 3816 3341 3845 drei
3362 3825 3445 3846 neuen
3466 3818 3590 3853 Gasthöfe
3610 3819 3704 3855 mögen
3722 3818 3822 3854 zusam¬

2969 3860 3029 3883 men
3048 3855 3099 3881 350
3118 3854 3160 3884 bis
3179 3856 3232 3882 400
3251 3854 3464 3890 Fremdenbetten
3482 3859 3624 3892 enthalten.

3023 3893 3109 3923 Leider
3127 3895 3230 3924 werden
3248 3895 3288 3925 die
3306 3896 3457 3930 Aussichten
3475 3899 3518 3933 für
3536 3899 3575 3928 die
3602 3899 3698 3933 nächste
3719 3898 3821 3932 Saison

2969 3933 3035 3967 nicht
3054 3935 3098 3964 als
3130 3935 3184 3970 sehr
3214 3935 3330 3972 günstige
3349 3937 3490 3972 betrachtet.
3527 3938 3585 3970 Der
3602 3939 3680 3975 Krieg
3699 3940 3726 3970 in
3745 3939 3822 3969 Süd¬

313 4091 331 4117 6
553 4049 861 4122 Feuilleton.

304 4161 413 4196 Edgar
434 4160 533 4190 Allan
554 4158 623 4192 Poe
649 4155 712 4186 und
739 4152 881 4186 Charles
902 4151 1110 4181 Baudelaire.

437 4209 491 4238 Ein
512 4208 671 4242 Phänomen
699 4203 744 4232 der
766 4199 974 4233 Weltliteratur,

622 4249 719 4285 erzählt
745 4254 798 4276 von

566 4294 682 4324 Louis
711 4291 745 4327 P.
776 4290 857 4325 Betz.

333 4348 487 4382 Immerhin
507 4349 597 4377 wurde
615 4350 671 4382 Poe
691 4350 756 4384 nicht
776 4348 823 4378 mit
841 4346 921 4376 einem
941 4343 1054 4377 Schlage
1082 4344 1133 4372 das

275 4387 397 4422 poetische
431 4388 501 4422 Idol
538 4387 722 4419 Baudelaires.
781 4388 904 4422 Anfangs
954 4391 999 4417 zog
1050 4382 1133 4413 diesen

277 4434 331 4457 nur
349 4428 400 4455 das
417 4427 603 4463 verblüffende,
623 4428 674 4457 das
694 4428 721 4460 so
738 4437 802 4464 ganz
820 4424 981 4461 Eigenartige
1000 4421 1025 4450 in
1059 4421 1132 4454 Poes

278 4467 466 4502 Schöpfungen
486 4475 530 4496 an.
569 4468 628 4496 Der
645 4467 858 4502 Künstlergeist
887 4463 966 4497 fühlte
997 4461 1041 4496 sich
1073 4469 1131 4497 zum

274 4507 399 4540 Künstler
416 4509 590 4541 hingezogen;
611 4507 661 4536 das
679 4508 884 4541 Künstlerherz
897 4504 962 4536 hatte
994 4501 1038 4536 sich
1070 4502 1131 4534 noch

274 4547 343 4581 nicht
371 4548 485 4583 ergeben.
533 4546 631 4581 Zuerst
661 4546 705 4580 sah
736 4556 766 4576 er
791 4546 854 4579 bloß
871 4544 920 4576 sein
939 4542 1051 4577 Sehnen
1070 4542 1131 4574 nach

276 4588 385 4622 Neuem,
402 4587 625 4621 Absonderlichem
638 4586 772 4621 befriedigt
790 4601 823 4607 —
835 4586 1000 4621 ployer....
1014 4592 1052 4612 au
1066 4584 1130 4611 fond

276 4630 310 4657 de
328 4630 469 4657 l'inconnu
490 4637 561 4664 pour
580 4630 693 4655 trouver
712 4627 748 4653 du
761 4625 911 4654 nouveau."
927 4637 958 4643 —
969 4622 1017 4652 So
1030 4622 1131 4656 schreibt

279 4675 305 4696 er
321 4668 345 4697 in
366 4670 409 4697 der
426 4668 524 4696 kleinen
543 4666 705 4699 Einleitung,
726 4665 767 4693 die
784 4672 809 4693 er
840 4663 919 4697 seiner
949 4663 1027 4695 ersten
1061 4663 1130 4695 Poe-

280 4706 449 4744 Uebersetzung
468 4707 508 4738 (in
526 4707 574 4737 der
592 4707 720 4740 „Liberté
733 4707 766 4734 de
779 4704 901 4741 penser“,
916 4704 958 4738 15.
970 4703 1032 4738 Juli
1048 4704 1130 4737 1848)

285 4749 467 4784 vorausschickte
487 4753 515 4774 u.
533 4753 567 4774 a.:
582 4748 656 4776 „...
667 4746 711 4775 Es
730 4754 786 4774 war
802 4745 829 4774 in
849 4744 928 4779 letzter
945 4744 1006 4779 Zeit
1017 4743 1067 4773 viel
1078 4751 1130 4772 von

283 4786 368 4821 Edgar
403 4790 458 4823 Poe
495 4786 534 4813 die
571 4785 651 4816 Rede.
702 4786 774 4815 Sein
794 4785 884 4819 Ruhm
904 4785 960 4814 kam
980 4785 1026 4814 mit
1045 4784 1130 4813 einem

278 4824 413 4861 Bändchen
454 4824 582 4857 Novellen
623 4824 701 4853 übers
734 4825 821 4855 Meer.
868 4825 907 4854 Er
943 4829 1037 4860 erregte
1083 4831 1130 4852 vor

275 4866 343 4896 allen
381 4864 485 4904 Dingen
522 4863 753 4899 Erstaunen,
792 4866 840 4895 viel
877 4865 952 4899 mehr
981 4865 1130 4899 Erstaunen

272 4907 318 4937 als
337 4908 490 4941 Teilnahme
508 4905 563 4933 und
583 4903 813 4939 Bewunderung."
834 4921 869 4926 —
888 4905 962 4937 Nach
983 4906 1037 4934 und
1069 4904 1131 4937 nach

272 4948 385 4981 vertiefte
403 4949 447 4981 sich
467 4943 627 4976 Baudelaire
656 4941 721 4974 nicht
740 4950 793 4972 nur
811 4945 838 4973 in
857 4944 895 4974 die
927 4943 1015 4974 Werke
1046 4943 1132 4978 Poes,

273 4985 381 5019 sondern
399 4993 460 5021 auch
480 4989 507 5016 in
525 4984 565 5013 die
585 4982 701 5017 Sprache
721 4982 859 5015 desselben.
908 4985 962 5014 Als
991 4985 1131 5020 Zwanzig¬

268 5025 383 5064 jähriger
401 5030 469 5064 hatte
489 5035 515 5056 er
533 5024 658 5058 während
677 5022 748 5050 eines
768 5021 890 5056 längeren
909 5025 1083 5059 Aufenthalts
1100 5024 1131 5053 in

266 5068 370 5102 Indien
389 5072 472 5099 etwas
491 5065 596 5102 englisch
615 5062 722 5099 gelernt.
760 5061 811 5090 Da
826 5069 853 5090 er
872 5062 962 5099 fühlte,
988 5065 1041 5098 daß
1061 5064 1130 5097 seine

267 5107 433 5141 sprachlichen
449 5106 601 5139 Kenntnisse
619 5103 685 5134 nicht
702 5101 832 5135 genügten
852 5104 909 5129 und
937 5104 988 5136 daß
1019 5107 1047 5132 es
1080 5105 1131 5133 mit

265 5147 324 5177 dem
361 5149 545 5182 litterarischen
575 5142 693 5180 Englisch
724 5143 790 5173 nicht
808 5141 902 5175 gethan
922 5141 960 5173 sei,
992 5150 1039 5171 um
1071 5144 1130 5176 Poe

264 5189 405 5224 vollgültig
440 5198 474 5224 zu
510 5188 656 5221 übersetzen,
695 5183 772 5216 suchte
809 5189 835 5210 er
872 5179 917 5213 sich
963 5188 1014 5210 vor
1045 5182 1130 5210 allem,

261 5227 319 5257 das
351 5228 553 5262 amerikanische,
590 5223 784 5256 volkstümliche
813 5220 930 5255 Englisch
958 5219 1127 5258 anzueignen,

260 5268 346 5297 wobei
382 5276 410 5298 er
444 5268 494 5303 auf
528 5267 670 5301 folgenden
706 5262 810 5297 Einfall
844 5261 930 5296 geriet.
966 5260 1007 5289 Er
1035 5260 1128 5288 wurde

260 5306 433 5343 Stammgast
454 5310 499 5337 der
516 5307 634 5339 Kneipen
653 5305 697 5335 der
728 5301 789 5334 Rue
808 5301 906 5337 Rivoli,
938 5307 978 5330 wo
1007 5298 1044 5329 die
1064 5306 1125 5331 eng¬

1180 4019 1271 4052 lischen
1299 4022 1355 4049 und
1378 4019 1585 4052 amerikanischen
1613 4018 1739 4053 Kutscher,
1769 4017 1941 4050 Stallknechte
1972 4020 2027 4046 und

1181 4060 1290 4095 Jockeys
1309 4059 1453 4091 verkehrten
1472 4061 1525 4088 und
1545 4059 1614 4092 ihren
1635 4056 1747 4091 Sherry,
1769 4058 1840 4092 ihren
1874 4057 1942 4088 „Ale
1974 4058 2028 4084 and

1182 4101 1279 4129 Stout'
1299 4101 1412 4129 tranken.
1452 4099 1578 4134 Anfangs
1605 4100 1647 4128 der
1672 4097 1807 4133 Fünfziger
1823 4099 1909 4133 Jahre
1939 4094 2028 4129 finden

1182 4140 1230 4169 wir
1249 4137 1293 4172 ihn
1312 4138 1385 4171 schon
1413 4149 1479 4176 ganz
1510 4139 1546 4168 im
1565 4138 1658 4167 Banne
1690 4140 1770 4174 seines
1801 4136 1922 4171 Abgotts.
1963 4136 2028 4171 Jetzt

1181 4180 1276 4215 dichtet,
1294 4181 1374 4213 denkt,
1392 4179 1469 4212 redet,
1488 4179 1593 4212 handelt
1611 4179 1664 4207 und
1685 4178 1783 4213 schreibt
1799 4184 1826 4206 er
1843 4186 1894 4207 nur
1914 4177 1975 4206 noch
1985 4175 2027 4207 für

1185 4220 1249 4253 Poe.
1283 4220 1348 4249 Kein
1368 4218 1496 4252 Verleger,
1516 4219 1568 4248 kein
1584 4219 1692 4249 Kritiker
1723 4219 1754 4252 ist
1784 4225 1833 4247 vor
1850 4217 1939 4250 seinem
1960 4214 2026 4247 Poe-

1182 4260 1391 4293 Enthusiasmus
1423 4257 1503 4291 sicher.
1540 4259 1671 4288 Niemand
1702 4258 1801 4293 entgeht
1831 4258 1910 4292 seiner
1927 4256 2027 4291 Frage:

1184 4299 1443 4334 „Connaissez-vous
1473 4299 1567 4334 Edgar
1596 4299 1692 4328 Poe?"
1711 4317 1746 4321 —
1777 4295 1853 4330 Wer
1865 4302 1946 4329 etwas
1975 4306 2025 4327 von

1181 4341 1236 4374 ihm
1266 4340 1340 4374 weiß,
1377 4340 1442 4373 muß
1471 4342 1500 4368 es
1528 4337 1651 4373 erzählen,
1694 4346 1746 4368 wer
1776 4339 1820 4372 ihn
1852 4337 1917 4369 nicht
1943 4336 2024 4369 kennt,

1180 4382 1245 4414 muß
1265 4381 1397 4415 herhalten
1416 4381 1469 4409 und
1488 4379 1543 4407 eine
1559 4377 1700 4412 begeisterte
1718 4377 1892 4412 Schilderung
1910 4377 1971 4406 über
1983 4375 2027 4408 sich

1179 4422 1287 4453 ergehen
1306 4422 1392 4455 lassen.
1428 4420 1467 4449 Er
1497 4419 1589 4452 zwingt
1620 4418 1753 4448 Bekannte
1782 4418 1838 4448 und
1856 4418 2026 4454 Unbekannte,

1179 4458 1224 4489 sich
1242 4459 1287 4491 für
1307 4461 1363 4494 Poe
1382 4465 1413 4492 zu
1429 4460 1572 4490 erwärmen
1591 4461 1645 4488 und
1663 4466 1695 4492 zu
1721 4462 1880 4490 verwenden.
1917 4458 1954 4488 Er
1973 4465 2026 4486 ver¬

1177 4497 1257 4531 folgte
1275 4499 1313 4527 die
1335 4501 1529 4533 ausländischen
1546 4497 1725 4530 Buchhändler
1748 4499 1775 4528 in
1793 4501 1875 4533 Paris
1896 4499 1942 4529 mit
1961 4498 2025 4532 Fra¬

1178 4545 1226 4572 gen
1244 4536 1308 4565 über
1325 4539 1366 4567 die
1382 4541 1568 4572 verschiedenen
1584 4540 1721 4575 englischen
1739 4539 1882 4574 Ausgaben
1902 4540 1945 4568 der
1959 4540 2025 4573 Poe¬

1178 4578 1244 4611 schen
1265 4576 1361 4606 Werke.
1396 4580 1521 4609 Kannten
1541 4582 1611 4611 dann
1628 4578 1665 4607 die
1687 4579 1867 4613 Betreffenden
1886 4578 1967 4608 weder
1979 4578 2026 4606 den

1177 4619 1265 4647 Autor
1283 4617 1343 4648 noch
1362 4619 1442 4652 dessen
1465 4616 1559 4651 Werke,
1592 4623 1650 4649 was
1672 4620 1792 4653 meistens
1820 4622 1865 4650 der
1883 4620 1943 4655 Fall
1963 4624 2026 4653 war,

1178 4659 1203 4692 so
1221 4658 1299 4693 geriet
1319 4657 1484 4693 Baudelaire,
1518 4660 1561 4689 der
1579 4659 1644 4690 nicht
1662 4660 1761 4695 begriff,
1790 4660 1837 4689 wie
1864 4666 1927 4688 man
1957 4659 2026 4687 leben

1179 4701 1279 4730 konnte,
1307 4697 1372 4730 ohne
1409 4698 1472 4726 über
1507 4700 1559 4733 jede
1589 4699 1729 4734 Einzelheit
1761 4703 1814 4729 aus
1844 4701 1918 4734 Poes
1947 4699 2027 4729 Leben

1177 4739 1231 4768 und
1251 4737 1358 4766 Werken
1378 4735 1538 4768 unterrichtet
1552 4745 1582 4772 zu
1602 4738 1661 4772 sein,
1691 4740 1771 4773 außer
1801 4739 1846 4772 sich
1875 4747 1924 4769 vor
1953 4739 2026 4768 Wut.

1177 4779 1333 4814 Asselineau,
1363 4778 1403 4809 ein
1422 4783 1505 4808 treuer
1527 4776 1630 4810 Freund
1652 4777 1836 4813 Baudelaires,
1855 4779 1958 4814 erzählt,
1980 4778 2026 4806 wie

1178 4822 1221 4849 der
1237 4818 1340 4851 Dichter
1362 4817 1407 4850 ihn
1423 4818 1522 4847 einmal
1542 4818 1568 4846 in
1585 4818 1625 4847 ein
1648 4817 1753 4851 Pariser
1776 4820 1853 4854 Hotel
1882 4819 2024 4854 geschleppt,

1177 4867 1223 4888 um
1241 4862 1300 4889 dort
1318 4859 1392 4888 einen
1411 4858 1619 4890 amerikanischen
1635 4858 1773 4889 Litteraten
1793 4858 1964 4893 aufzusuchen,
1983 4861 2027 4888 der

1176 4901 1232 4934 Poe
1251 4900 1363 4934 gekannt
1380 4899 1459 4932 hatte.
1496 4900 1553 4929 Wie
1570 4899 1604 4930 sie
1622 4900 1649 4928 in
1661 4902 1713 4930 das
1742 4900 1863 4934 Zimmer
1891 4902 2028 4934 eintraten,

1177 4941 1272 4972 fanden
1304 4939 1336 4972 sie
1354 4939 1402 4967 den
1431 4939 1534 4974 Yankee
1562 4940 1598 4969 im
1629 4939 1828 4973 notdürftigsten
1856 4937 2027 4971 Unterhosen¬

1177 4979 1282 5013 kostüm,
1301 4980 1419 5014 umringt
1438 4987 1490 5009 von
1509 4976 1578 5010 einer
1596 4978 1691 5007 kleinen
1710 4979 1795 5013 Flotte
1819 4983 1870 5008 von
1902 4977 2026 5011 Schuhen

1175 5021 1230 5051 und
1248 5019 1376 5054 Stiefeln,
1397 5020 1434 5049 die
1451 5021 1491 5049 ein
1511 5019 1701 5053 Schuhmacher
1719 5019 1773 5054 ihm
1792 5020 1834 5048 der
1855 5018 1935 5052 Reihe
1966 5019 2027 5053 nach

1175 5060 1346 5095 anprobierte.
1382 5060 1445 5091 Das
1465 5060 1578 5093 hinderte
1597 5061 1657 5089 aber
1675 5060 1831 5090 Baudelaire
1851 5059 1917 5092 nicht
1934 5059 1971 5088 im
1986 5066 2027 5092 ge¬

1176 5100 1298 5135 ringsten,
1315 5102 1367 5130 den
1383 5098 1614 5134 schuhbedürftigen
1638 5098 1810 5127 Landsmann
1841 5098 1917 5131 Poes
1947 5099 2028 5133 sofort

1175 5142 1220 5171 ins
1237 5141 1341 5174 Verhör
1360 5146 1390 5175 zu
1408 5140 1528 5171 nehmen.
1556 5139 1611 5169 Als
1627 5140 1669 5168 der
1688 5138 1884 5172 wahrscheinlich
1904 5141 1969 5174 nicht
1987 5143 2029 5170 be¬

1175 5182 1284 5213 sonders
1301 5184 1347 5215 gut
1367 5180 1487 5214 gelaunte
1503 5180 1571 5215 Herr
1589 5180 1625 5208 im
1645 5179 1767 5215 Négligé,
1800 5181 1855 5215 Poe
1885 5183 1930 5211 als
1948 5181 2021 5210 einen

1173 5225 1258 5250 etwas
1276 5220 1427 5251 verdrehten
1449 5222 1503 5248 und
1541 5220 1730 5253 verschrobenen
1766 5218 1834 5252 Kopf
1873 5219 2026 5254 bezeichnete,

1173 5259 1270 5290 machte
1286 5258 1332 5289 sich
1343 5259 1501 5288 Baudelaire
1507 5260 1613 5287 wütend
1618 5260 1716 5293 davon,
1724 5258 1817 5292 seinem
1828 5258 1947 5293 Freunde
1970 5267 2025 5288 ver¬

1172 5295 1271 5329 ächtlich
1289 5298 1431 5332 zurufend:
1451 5296 1509 5328 „Es
1527 5298 1558 5328 ist
1576 5299 1602 5329 ja
1621 5306 1672 5327 nur
1690 5298 1732 5327 ein
1750 5299 1876 5333 Yankee!"
1896 5311 1932 5323 —
1956 5300 2023 5329 Eine

2076 4021 2174 4050 beredte
2193 4020 2313 4054 Sprache
2341 4022 2454 4055 sprechen
2474 4030 2522 4052 vor
2537 4024 2605 4053 allen
2626 4022 2733 4058 Dingen
2753 4023 2928 4053 Baudelaires

2077 4054 2163 4088 Briefe
2181 4069 2216 4088 an
2237 4062 2286 4088 den
2296 4061 2473 4096 allmächtigen
2489 4060 2597 4089 Kritiker
2615 4061 2924 4094 Sainte-Beuve,

2074 4098 2122 4125 den
2141 4099 2184 4126 der
2209 4099 2429 4132 Poe-Enthusiast
2468 4102 2517 4130 mit
2554 4102 2618 4130 aller
2653 4102 2760 4130 Gewalt
2796 4101 2839 4134 für
2876 4102 2922 4128 den

2074 4137 2177 4169 Dichter
2201 4137 2283 4169 seines
2310 4138 2422 4172 Herzens
2453 4137 2589 4171 gewinnen
2624 4140 2719 4169 wollte.
2755 4138 2820 4172 „Ich
2843 4139 2921 4172 schicke

2073 4176 2176 4211 Ihnen,
2200 4179 2271 4207 mein
2296 4178 2370 4207 lieber
2390 4178 2513 4212 Gönner,
2540 4178 2595 4207 eine
2628 4176 2678 4207 Art
2705 4186 2757 4208 von
2774 4177 2922 4212 Litteratur,

2074 4222 2109 4239 —
2127 4217 2226 4250 schreibt
2246 4217 2402 4246 Baudelaire
2431 4225 2476 4246 am
2497 4219 2537 4246 19.
2558 4217 2638 4252 März
2663 4220 2730 4245 1856
2749 4225 2786 4242 —
2811 4219 2856 4254 für
2884 4222 2924 4252 die

2075 4258 2127 4289 Sie
2146 4256 2190 4289 sich
2210 4257 2282 4291 wohl
2300 4259 2374 4288 kaum
2394 4259 2419 4292 so
2440 4255 2576 4290 begeistern
2594 4259 2705 4294 werden,
2726 4258 2774 4288 wie
2793 4259 2837 4294 ich.
2871 4262 2926 4292 Ed¬

2074 4306 2122 4332 gar
2141 4297 2205 4331 Poe,
2226 4300 2270 4329 der
2287 4307 2318 4334 zu
2336 4297 2421 4331 Hause
2439 4296 2504 4330 nicht
2523 4298 2572 4327 viel
2590 4299 2646 4334 gilt,
2668 4302 2759 4336 muß,
2787 4298 2823 4332 so
2843 4301 2925 4331 will

2074 4335 2116 4369 ich
2134 4340 2180 4371 es,
2198 4339 2241 4373 für
2262 4337 2409 4373 Frankreich
2440 4339 2481 4368 ein
2512 4339 2605 4374 großer
2627 4338 2720 4368 Mann
2745 4340 2862 4374 werden;
2893 4337 2927 4370 ich

2073 4380 2150 4409 kenne
2168 4378 2257 4413 Ihren
2276 4379 2345 4408 Mut
2361 4380 2415 4409 und
2434 4377 2523 4413 Ihren
2542 4378 2584 4412 für
2602 4382 2653 4411 das
2670 4379 2743 4408 Neue
2775 4380 2802 4413 so
2822 4378 2924 4412 offenen

2074 4418 2151 4449 Sinn
2171 4420 2225 4448 und
2243 4420 2322 4452 daher
2350 4419 2412 4452 habe
2446 4419 2480 4450 ich
2511 4417 2607 4449 Michel
2625 4418 2695 4453 Lévy,
2714 4421 2784 4454 (dem
2803 4418 2926 4455 Verleger

2074 4460 2119 4488 der
2147 4457 2376 4491 Baudelaireschen
2409 4459 2585 4495 Uebersetzung
2614 4458 2701 4494 Poes)
2735 4461 2802 4496 Ihre
2833 4462 2925 4491 Unter¬

2073 4500 2187 4535 stützung
2204 4498 2378 4534 zugesichert".
2395 4517 2403 4532 .
2420 4518 2430 4527 .
2478 4498 2570 4533 Einige
2601 4499 2673 4533 Tage
2703 4500 2796 4535 darauf
2825 4504 2880 4533 teilt
2899 4508 2925 4530 er

2075 4539 2131 4570 ihm
2147 4542 2204 4575 mit,
2224 4541 2277 4574 daß
2295 4546 2322 4567 er
2339 4540 2387 4570 mit
2415 4539 2485 4568 einer
2504 4540 2604 4571 Studie
2631 4541 2695 4570 über
2723 4539 2797 4573 Poes
2826 4541 2925 4571 littera¬

2074 4577 2148 4610 rische
2187 4581 2242 4609 und
2279 4578 2499 4613 wissenschaftliche
2535 4577 2669 4613 Ansichten
2706 4578 2846 4614 beschäftigt
2885 4583 2926 4616 sei.

2074 4616 2190 4652 „Wegen
2209 4620 2254 4648 der
2277 4618 2387 4653 letzteren
2406 4621 2472 4655 muß
2509 4619 2542 4652 ich
2577 4626 2613 4648 an
2648 4621 2735 4657 Herrn
2766 4628 2817 4650 von
2836 4621 2925 4655 Hum¬

2074 4660 2147 4689 boldt
2166 4660 2295 4693 schreiben,
2313 4667 2358 4688 um
2377 4660 2428 4689 mir
2447 4657 2497 4691 sein
2516 4658 2598 4688 Urteil
2618 4659 2680 4689 über
2699 4660 2739 4689 ein
2750 4660 2853 4696 kleines,
2869 4661 2922 4693 ihm

2072 4699 2237 4733 gewidmetes
2258 4700 2328 4733 Buch
2347 4706 2376 4733 zu
2395 4699 2527 4729 erbitten."
2576 4699 2640 4728 Das
2664 4699 2743 4735 Buch,
2782 4702 2844 4732 über
2873 4704 2922 4732 das

2073 4740 2129 4773 ihm
2149 4742 2193 4770 der
2208 4738 2317 4768 damals
2342 4737 2670 4773 siebeundachtzigjährige
2697 4740 2768 4775 Alex.
2796 4748 2820 4770 v.
2837 4743 2922 4778 Hum¬

2075 4779 2149 4808 boldt
2164 4778 2298 4810 Auskunft
2315 4779 2392 4814 geben
2413 4780 2469 4815 soll,
2506 4779 2535 4811 ist
2555 4778 2628 4812 Poes
2652 4779 2760 4811 Eureka,
2791 4780 2830 4809 ein
2850 4781 2921 4816 „Ge¬

2073 4820 2137 4850 dicht
2155 4821 2182 4849 in
2202 4819 2314 4853 Prosa",
2346 4818 2373 4846 in
2401 4819 2461 4847 dem
2481 4819 2537 4853 Poe
2568 4819 2608 4848 die
2638 4817 2734 4852 tiefsten
2754 4819 2858 4855 Fragen
2879 4821 2922 4849 der

2075 4856 2247 4891 Wissenschaft
2266 4859 2321 4889 und
2338 4858 2381 4887 der
2399 4856 2555 4889 Menschheit
2575 4859 2679 4893 berührt
2699 4869 2733 4883 —
2752 4858 2843 4892 freilich
2858 4858 2920 4890 nicht

2076 4901 2122 4930 als
2135 4897 2343 4931 wissenschaftlich
2374 4897 2510 4931 gebildeter
2528 4897 2724 4932 Naturforscher
2745 4899 2799 4927 und
2826 4899 2921 4930 Philo¬

2076 4939 2146 4972 soph,
2163 4941 2273 4973 sondern
2297 4939 2341 4967 als
2359 4940 2470 4972 Dichter.
2506 4940 2566 4970 Nur
2597 4940 2623 4972 so
2653 4939 2683 4972 ist
2711 4938 2788 4969 dieses
2807 4939 2920 4972 seltsame

2075 4979 2150 5009 Werk
2167 4986 2196 5012 zu
2216 4979 2353 5014 verstehen,
2371 4980 2421 5008 das
2439 4979 2488 5007 den
2506 4978 2627 5012 Stempel
2653 4979 2725 5008 eines
2740 4979 2835 5013 großen
2859 4982 2921 5012 Gei¬

2075 5020 2126 5053 stes
2144 5019 2214 5053 trägt
2229 5019 2286 5047 und
2304 5018 2347 5047 der
2366 5017 2435 5047 Welt
2455 5019 2534 5054 einige
2553 5026 2614 5047 neue
2627 5019 2765 5048 Gedanken
2784 5027 2835 5049 von
2849 5019 2919 5053 höch¬

2073 5059 2135 5092 stem
2155 5060 2237 5095 Fluge
2259 5060 2374 5095 gegeben.

2127 5098 2289 5128 Baudelaire
2308 5097 2442 5132 beschwört
2462 5097 2675 5131 Sainte-Beuve,
2712 5100 2785 5134 jenen
2805 5098 2872 5130 nicht
2890 5107 2920 5134 zu

2073 5139 2194 5176 glauben,
2209 5138 2248 5168 die
2260 5138 2289 5167 in
2302 5140 2358 5173 Poe
2368 5146 2417 5166 nur
2431 5140 2505 5168 einen
2517 5137 2732 5171 amerikanischen
2743 5139 2912 5174 „Jongleur"

2073 5180 2154 5216 sehen.
2174 5179 2374 5208 Nimmermüde
2391 5176 2478 5206 wurde
2499 5185 2533 5213 er,
2554 5176 2600 5209 auf
2622 5176 2672 5205 das
2695 5176 2919 5209 Uebernatürliche

2073 5220 2101 5248 in
2133 5219 2207 5252 Poes
2226 5218 2301 5252 Lyrik
2317 5218 2370 5245 und
2400 5216 2486 5251 Prosa
2522 5217 2704 5252 hinzudeuten.
2748 5219 2789 5254 In
2821 5218 2915 5252 seinem

2075 5255 2217 5287 Schreiben
2234 5263 2297 5285 vom
2320 5260 2358 5286 14.
2380 5258 2451 5293 Juni
2476 5258 2545 5282 1858
2564 5256 2664 5286 kommt
2694 5266 2720 5286 er
2756 5256 2803 5288 auf
2822 5256 2919 5287 Loève-

2072 5297 2207 5326 Weimars
2224 5304 2255 5329 zu
2268 5299 2388 5334 sprechen,
2405 5298 2452 5327 den
2466 5298 2648 5334 Zeitgenossen
2668 5298 2722 5327 und
2737 5298 2911 5328 Landsmann

2973 4022 3084 4058 Heines.
3124 4024 3219 4057 Dieser
3238 4026 3366 4060 Franzose
3387 4027 3538 4059 gewordene
3568 4026 3683 4060 deutsche
3704 4027 3821 4064 Israelit

2971 4073 3006 4085 —
3026 4062 3070 4090 der
3090 4062 3134 4089 als
3151 4061 3265 4090 Litterat
3281 4064 3336 4092 und
3355 4063 3503 4096 Diplomat
3526 4068 3582 4098 eine
3607 4070 3693 4096 etwas
3716 4065 3824 4100 zweifel¬

2968 4098 3042 4133 hafte
3077 4100 3155 4130 Rolle
3194 4101 3303 4135 gespielt
3320 4118 3353 4126 —
3373 4105 3448 4140 hatte
3469 4107 3501 4138 E.
3522 4108 3572 4143 Th.
3593 4107 3630 4138 A.
3662 4107 3826 4143 Hoffmanns

2969 4140 3153 4176 Erzählungen
3173 4142 3200 4172 in
3220 4143 3379 4177 Frankreich
3409 4145 3602 4182 eingebürgert.
3626 4150 3713 4185 „Man
3735 4149 3780 4183 hat
3800 4149 3824 4184 so

2970 4180 3022 4209 viel
3038 4178 3199 4214 Aufhebens
3217 4190 3272 4212 von
3294 4181 3530 4216 Loève-Weimars
3553 4191 3669 4226 gemacht
3698 4187 3753 4217 und
3772 4197 3827 4219 von

2971 4219 3021 4248 den
3040 4219 3178 4258 Diensten,
3218 4223 3259 4252 die
3278 4232 3307 4254 er
3326 4224 3371 4254 der
3409 4226 3590 4263 französischen
3608 4228 3754 4258 Litteratur
3785 4237 3825 4259 er¬

2973 4261 3083 4294 wiesen!
3118 4261 3216 4295 Findet
3240 4264 3284 4298 sich
3322 4267 3391 4300 wohl
3412 4268 3511 4299 einmal
3543 4269 3586 4297 ein
3601 4265 3740 4302 Wackerer,
3783 4272 3825 4301 der

2973 4301 3092 4334 dasselbe
3111 4309 3162 4330 von
3174 4306 3226 4334 mir
3249 4306 3325 4342 sagen
3341 4306 3425 4335 wird?
3447 4308 3506 4339 Wie
3526 4309 3575 4344 soll
3592 4311 3626 4344 ich
3636 4314 3666 4340 es
3687 4309 3821 4344 anstellen,

2972 4342 3022 4370 wie
3041 4340 3106 4375 mich
3127 4342 3165 4372 bei
3185 4344 3276 4379 Ihnen
3297 4345 3508 4385 einschmeicheln,
3552 4350 3638 4381 damit
3659 4351 3712 4381 Sie
3736 4355 3766 4382 es
3783 4353 3825 4387 für

2974 4379 3038 4412 mich
3057 4381 3141 4416 thun?
3159 4384 3229 4414 Was
3251 4383 3286 4418 ich
3306 4394 3357 4416 von
3376 4389 3470 4424 Ihnen
3489 4387 3622 4425 verlange,
3648 4391 3677 4425 ist
3695 4392 3754 4426 doch
3773 4398 3825 4420 nur

2972 4420 3067 4454 gerecht
3087 4424 3139 4452 und
3160 4423 3234 4460 billig
3254 4433 3279 4455 u.
3301 4427 3319 4461 s.
3343 4428 3395 4457 w."
3447 4430 3505 4459 Und
3529 4433 3577 4462 wie
3598 4437 3645 4470 gut
3664 4431 3819 4462 Baudelaire

2971 4461 3038 4495 seine
3058 4460 3270 4496 Pappenheimer
3291 4465 3379 4496 kennt!
3417 4470 3502 4500 Stets
3523 4471 3554 4505 ist
3572 4480 3599 4501 er
3619 4472 3729 4507 besorgt,
3772 4473 3821 4506 daß

2973 4499 3046 4533 Poes
3067 4499 3155 4530 Name
3173 4505 3199 4540 ja
3220 4504 3313 4540 richtig
3338 4507 3493 4542 geschrieben
3511 4510 3603 4541 werde.
3629 4512 3704 4547 Sehr
3715 4512 3821 4546 geschickt

2972 4541 3044 4574 weiß
3052 4548 3095 4571 er
3102 4543 3174 4580 seine
3188 4541 3293 4574 Lektion
3316 4546 3355 4576 bei
3384 4548 3594 4582 Sainte-Beuve
3626 4549 3823 4584 anzubringen:

2972 4581 3038 4617 „Ich
3057 4581 3102 4611 bin
3123 4583 3269 4618 überzeugt,
3311 4586 3362 4621 daß
3383 4589 3423 4618 ein
3444 4591 3543 4627 Mann,
3570 4593 3615 4622 der
3634 4592 3660 4626 so
3687 4591 3823 4627 sorgfältig

2969 4618 3088 4655 arbeitet,
3130 4626 3177 4655 wie
3197 4624 3265 4661 Sie,
3308 4629 3336 4655 es
3355 4629 3407 4657 mir
3429 4629 3495 4663 nicht
3514 4629 3572 4660 übel
3607 4636 3721 4665 nehmen
3746 4633 3823 4669 wird,

2969 4668 3045 4689 wenn
3086 4665 3120 4698 ich
3140 4664 3183 4697 ihn
3203 4664 3275 4701 bitte,
3315 4666 3354 4696 die
3375 4667 3576 4705 Orthographie
3614 4674 3663 4704 des
3693 4672 3819 4702 Namens

2970 4701 3060 4735 Edgar
3076 4702 3132 4736 Poe
3149 4710 3180 4738 zu
3194 4701 3320 4735 beachten.
3343 4709 3412 4740 Kein
3432 4711 3447 4740 d
3469 4711 3598 4745 (nämlich
3611 4713 3682 4745 nicht
3696 4713 3823 4749 Edgard)

2968 4739 3020 4768 kein
3032 4740 3130 4771 Trema
3143 4741 3197 4770 und
3210 4743 3264 4773 kein
3286 4745 3419 4778 Accent!"
3438 4764 3476 4772 —
3494 4752 3639 4784 Verlorene
3648 4751 3748 4787 Mühe!
3769 4755 3822 4785 Die

2967 4782 3116 4817 Franzosen
3150 4782 3280 4820 schreiben
3306 4785 3388 4820 heute
3401 4789 3491 4826 noch,
3518 4785 3592 4821 mit
3592 4785 3724 4823 wenigen
3746 4794 3822 4825 Aus¬

2965 4822 3087 4852 nahmen
3096 4820 3175 4853 Poë.

3019 4859 3087 4892 Daß
3111 4859 3275 4893 Baudelaire
3308 4865 3371 4901 auch
3406 4870 3456 4901 den
3496 4874 3596 4908 großen
3627 4878 3730 4908 Denker
3765 4872 3820 4902 und

2968 4899 3205 4936 Kulturhistoriker
3221 4904 3259 4939 H.
3280 4905 3365 4936 Taine
3385 4911 3437 4940 mit
3461 4911 3543 4945 seiner
3563 4913 3819 4947 Poe-Propaganda

2967 4940 3034 4974 nicht
3052 4944 3204 4980 verschonte,
3228 4945 3288 4979 geht
3309 4951 3361 4977 aus
3378 4947 3536 4986 folgendem,
3576 4955 3604 4983 in
3626 4954 3746 4989 mancher
3764 4952 3817 4983 Be¬

2964 4982 3074 5016 ziehung
3094 4983 3173 5016 höchst
3194 4985 3402 5022 merkwürdigen
3430 4992 3485 5019 und
3504 4994 3530 5028 so
3552 4997 3598 5026 gut
3617 4995 3666 5023 wie
3687 5001 3735 5027 gar
3756 4995 3822 5028 nicht

2965 5019 3107 5050 bekannten
3130 5020 3221 5054 Briefe
3241 5025 3347 5056 Taines
3366 5036 3427 5057 vom
3446 5034 3491 5062 20.
3512 5030 3591 5065 März
3613 5037 3684 5062 1865
3712 5035 3815 5067 hervor.

2964 5061 3021 5092 Der
3036 5061 3168 5096 Verfasser
3181 5064 3224 5092 der
3240 5064 3278 5094 im
3289 5068 3374 5102 Jahre
3392 5078 3472 5105 zuvor
3487 5073 3659 5108 erschienenen
3679 5077 3822 5112 „Histoire

2964 5101 3001 5133 de
3006 5102 3056 5134 la
3064 5098 3233 5138 Littérature
3250 5104 3399 5139 anglaise"
3422 5110 3542 5144 schreibt:
3554 5113 3603 5148 Ich
3619 5116 3666 5146 bin
3676 5117 3821 5151 dermaßen

2966 5145 3013 5170 mit
3034 5140 3126 5172 Arbeit
3146 5142 3312 5182 überbürdet,
3355 5149 3409 5178 und
3429 5153 3514 5182 meine
3536 5153 3702 5192 Gesundheit
3739 5157 3772 5192 ist
3788 5157 3817 5190 so

2965 5182 3078 5216 schwach,
3120 5183 3172 5216 daß
3194 5185 3227 5218 ich
3250 5186 3334 5220 außer
3373 5190 3462 5223 stande
3483 5193 3536 5231 bin,
3577 5195 3672 5231 Ihnen
3692 5197 3742 5228 den
3761 5205 3817 5227 ver¬

2964 5222 3070 5251 langten
3109 5224 3240 5258 wichtigen
3279 5227 3378 5259 Artikel
3417 5239 3449 5267 zu
3482 5229 3616 5269 schreiben.
3657 5237 3716 5273 Ich
3755 5237 3818 5267 be¬

2964 5260 3142 5292 wundere
3161 5263 3237 5299 Poe
3257 5266 3350 5304 sehr,
3390 5272 3418 5301 er
3436 5272 3470 5306 ist
3507 5275 3553 5306 der
3570 5276 3668 5310 Typus
3698 5277 3745 5309 des
3764 5284 3818 5309 ger¬

2963 5301 3107 5334 manischen
3127 5303 3295 5337 Engländers
3316 5310 3365 5339 mit
3390 5311 3468 5351 tiefen
3488 5314 3662 5351 Intuitionen
3682 5318 3735 5348 und
3755 5318 3806 5348 mit
