3896 5551
69 109 161 165 Nr.
197 107 273 169 51
371 108 571 174 Erstes
607 110 813 169 Blatt.

1481 108 1889 181 Verundsechzigster
1925 107 2153 181 Jahrgang

2607 110 2939 175 Mittwoch,
2977 113 3073 171 20.
3111 112 3393 184 Februar
3431 114 3605 176 1884.

83 236 923 637 Neue
979 230 3611 728 Zürcher-Zeitung

204 781 726 817 Abonnementspreise.

617 828 631 848 3
640 826 738 848 Monate.
761 825 781 851 6
781 825 891 851 Montate

48 848 149 879 Zürich
156 850 235 877 (wenn
242 848 278 877 die
289 848 388 884 Zeitung
397 850 501 879 abgeholt
505 853 580 877 wird
609 852 656 883 Fr.
666 853 729 876 5.50
754 853 793 880 Fr.
807 855 882 876 10.—

46 880 172 910 Schweiz
181 873 319 910 (Bestellung
319 873 386 910 beim
386 873 525 910 Postbureau)
541 901 546 903 .
572 893 583 902 .
624 901 633 906 „
664 881 685 903 6.
698 881 725 902 70
766 882 791 906 „
791 882 882 906 12.50

79 910 115 932 do.
141 907 223 933 (direkte
238 907 355 936 Bestellung
368 910 402 931 bei
414 909 448 930 der
460 907 583 935 Expedition

135 936 180 957 und
195 934 265 962 Bezug
279 937 342 957 unter
354 935 519 960 Privatadresse)
540 950 546 957 .
574 950 580 956 .
623 949 633 959 „
662 934 725 957 7.50
765 948 776 960 „
805 936 880 958 14.—

50 962 231 989 Deutschland
255 962 384 986 (Bestellung
405 963 460 984 beim
478 962 581 987 Postamt)
607 961 654 983 Mk.
664 962 723 984 7.—

51 989 338 1016 Oesterreich-Ungarn
351 989 415 1016 (Best.
425 991 447 1012 b.
457 989 561 1014 Postamt)
577 989 603 1014 fl.
603 989 654 1014 dW.
663 990 725 1010 5.20

51 1016 216 1042 Frankreich,
227 1015 338 1040 Italien
351 1017 398 1039 und
410 1016 482 1043 übrige
493 1016 584 1038 Staaten

135 1044 173 1065 des
187 1043 432 1069 Weltpostvereins
448 1044 529 1069 (direkte
544 1043 584 1065 Be¬

135 1071 223 1099 stellung
235 1072 269 1094 bei
282 1071 317 1093 der
331 1070 467 1098 Expedition)
507 1086 513 1093 .
540 1085 546 1093 .
573 1086 581 1094 .
607 1070 647 1097 Fr.
657 1070 727 1092 11.50
753 1070 790 1096 Fr.
804 1072 880 1093 21.—

1801 785 1899 843 und

1040 873 1840 1101 schweizerisches
1912 878 2676 1090 Handelsblatt.

3005 787 3476 825 Insertionsgebühr.

3144 833 3346 858 Annoncen:

2829 857 2875 883 Für
2888 857 2921 881 die
2934 857 3029 886 Schweiz
3042 860 3069 881 20
3082 858 3129 885 Rp.,
3144 858 3183 886 für
3183 858 3238 886 das
3238 858 3346 886 Ausland
3361 862 3389 884 25
3400 862 3443 889 Rp.
3457 863 3505 885 oder
3519 865 3547 886 20
3558 858 3657 891 Pfennig

3105 889 3142 912 per
3155 886 3296 915 sechsspaltige
3308 888 3375 915 Zeile.

2977 912 3100 938 Reclamen
3114 919 3141 936 rc.
3155 915 3225 939 (unter
3239 917 3284 936 dem
3297 914 3500 943 Redaktionsstrich):

3044 940 3071 961 50
3080 939 3113 966 Rp
3136 944 3170 967 per
3182 942 3313 969 vierspaltige
3323 942 3437 970 Petitzeile.

2869 964 2968 992 Inserate
2985 969 3029 988 und
3043 966 3155 989 Reclamen
3172 968 3217 994 sind
3230 969 3379 994 ausschließlich
3392 970 3524 995 einzusenden
3537 976 3566 993 an
3579 973 3613 996 die

2841 992 2944 1020 Schweiz.
2959 994 3184 1020 Annoncenbureaux
3196 999 3238 1016 von
3251 995 3315 1023 Orell
3327 987 3403 1020 Füßli
3415 987 3436 1025 &
3449 998 3496 1025 Cie.
3510 998 3538 1020 in
3549 998 3642 1027 Zürich,

3022 1020 3085 1046 Basel,
3106 1022 3175 1047 Bern,
3187 1022 3306 1048 Lausanne,
3320 1022 3385 1050 Genf,
3393 1029 3420 1046 rc.
3431 1029 3458 1046 rc.

3037 1049 3108 1071 Preis
3121 1050 3161 1072 der
3173 1050 3289 1077 einzelnen
3302 1052 3447 1073 Nummern:

2908 1074 3006 1101 Einfache
3020 1076 3049 1097 10
3062 1075 3107 1102 Rp.
3122 1078 3163 1099 mit
3177 1078 3264 1107 Beilage
3279 1079 3306 1100 15
3318 1078 3368 1104 Rp.,
3381 1079 3474 1104 doppelte
3487 1078 3515 1101 20
3528 1078 3570 1105 Rp.

110 1135 321 1188 Täglich,
349 1135 444 1176 mit
471 1135 781 1187 Ausnahme
810 1136 895 1176 ds
924 1135 1208 1188 Sonntags,
1236 1136 1541 1189 zweimalige
1567 1135 1827 1189 Ausgabe.

2043 1136 2271 1187 Büreau
2300 1138 2388 1178 der
2415 1137 2724 1188 Redaktion:
2753 1138 3092 1192 Brunngasse
3118 1140 3222 1192 Nr.
3250 1145 3283 1182 2
3309 1141 3372 1183 in
3396 1140 3593 1196 Zürich.

191 1280 255 1324 Ein
284 1279 463 1332 Uebelstand
493 1278 535 1320 im
564 1277 790 1329 Armenwesen.

126 1362 157 1384 x.
193 1349 236 1382 Es
259 1348 294 1387 ist
317 1347 422 1387 endlich
448 1347 554 1380 einmal
578 1356 617 1379 an
641 1347 689 1379 der
712 1346 789 1386 Zeit,
820 1346 923 1387 hinzu¬

55 1397 159 1435 weisen
182 1394 234 1433 auf
258 1393 338 1425 einen
360 1392 539 1433 Uebelstand,
567 1391 681 1431 welcher
709 1400 760 1432 zur
784 1391 924 1431 Erschwe¬

56 1451 137 1483 rung
161 1440 209 1471 der
233 1439 286 1470 den
310 1438 485 1472 Gemeinden
516 1437 699 1478 obliegenden
722 1437 925 1473 Armenlasten

55 1485 236 1527 Namhaftes
261 1484 395 1525 beiträgt,
421 1482 548 1522 welchem
572 1483 640 1515 aber
657 1481 759 1522 Gesetze
782 1482 842 1514 und
866 1482 925 1515 Be¬

58 1533 170 1575 hörden
204 1529 345 1569 machtlos
380 1528 638 1570 gegenüberstehen.
685 1528 728 1566 Je
761 1527 841 1567 mehr
877 1526 926 1566 seit

60 1580 139 1612 einer
162 1575 252 1615 Reihe
285 1580 343 1607 von
365 1574 484 1615 Jahren
517 1573 560 1606 die
583 1572 827 1613 Auswanderung
857 1572 926 1611 nach

56 1622 196 1658 Amerika
220 1619 374 1658 erleichtert
397 1619 481 1657 wird,
516 1620 600 1659 sogar
623 1617 709 1657 durch
732 1616 799 1657 freie
822 1616 927 1650 Ueber¬

59 1669 146 1711 fahrt
168 1665 237 1704 nach
263 1664 389 1706 gewissen
414 1664 569 1700 Kolonien,
606 1663 679 1702 desto
714 1661 845 1703 häufiger
870 1671 928 1694 em¬

60 1716 191 1755 pfangen
226 1710 449 1750 Armenpflegen
484 1709 527 1741 die
560 1707 733 1741 betrübende
766 1706 926 1747 Nachricht,

61 1759 123 1797 daß
147 1757 192 1790 ein
216 1754 377 1795 außerhalb
406 1755 454 1786 der
477 1752 737 1794 Heimatgemeinde
760 1752 929 1793 wohnender

61 1806 194 1843 Bürger,
220 1801 304 1839 Frau
320 1800 378 1833 und
396 1799 507 1832 Kinder
529 1799 560 1831 in
583 1798 677 1839 völlig
700 1798 835 1838 hülfloser
855 1798 930 1838 Lage

62 1846 279 1891 zurücklassend,
314 1844 443 1885 heimlich
484 1843 571 1883 „über
606 1843 659 1875 den
696 1842 803 1884 großen
826 1842 924 1883 Bach"

63 1902 211 1938 gegangen
235 1890 280 1931 sei.
306 1891 356 1924 Da
379 1890 470 1931 fallen
494 1889 567 1922 denn
580 1889 632 1928 auf
645 1888 753 1921 einmal
769 1888 838 1926 vier,
863 1889 931 1929 fünf

63 1941 127 1974 und
150 1937 230 1978 mehr
265 1945 438 1976 unerzogene
462 1935 570 1968 Kinder
593 1935 656 1966 dem
679 1934 857 1975 Armengute
880 1943 932 1974 zur

61 1986 141 2024 Last,
166 1983 209 2015 die
220 1980 380 2022 Ausgaben
404 1980 543 2019 desselben
566 1980 685 2021 steigern
701 1978 751 2020 sich
763 1979 817 2012 mit
830 1979 932 2012 Einem

64 2030 195 2070 Schlage
229 2036 281 2059 um
317 2028 380 2058 500
405 2026 453 2059 bis
479 2027 563 2057 1000
588 2025 720 2064 Franken
755 2030 804 2061 per
838 2024 933 2065 Jahr,

64 2076 129 2110 und
141 2074 186 2105 die
201 2072 398 2110 Steuerquote
414 2071 487 2110 muß
502 2069 681 2109 beträchtlich
694 2069 794 2109 erhöht
810 2069 933 2101 werden.

139 2116 273 2157 Kürzlich
296 2116 349 2157 hat
370 2116 442 2156 solch
471 2116 517 2148 ein
539 2114 740 2155 gewissenloser
763 2114 936 2154 Hausvater

65 2170 154 2208 sogar
185 2163 239 2195 mit
264 2162 485 2202 Hinterlassung
510 2166 566 2193 von
578 2169 655 2192 neun
668 2159 937 2200 arbeitsunfähigen

68 2210 204 2246 Kindern
228 2208 282 2239 das
306 2206 400 2240 Weite
436 2205 552 2247 gesucht.
600 2206 642 2244 Je
676 2204 756 2245 mehr
790 2213 854 2237 nun
890 2206 938 2236 der

71 2254 202 2295 Mangel
226 2262 266 2285 an
290 2251 376 2285 allem
401 2250 607 2293 Pflichtgefühl
641 2249 702 2282 und
734 2249 778 2282 die
802 2249 939 2289 Mißach¬

69 2307 148 2342 tung
180 2299 228 2331 der
262 2298 418 2338 theuersten
441 2297 554 2334 Bande,
591 2295 689 2335 welche
713 2294 863 2335 Menschen
888 2304 940 2327 an¬

73 2345 212 2382 einander
235 2343 341 2384 fesseln,
374 2342 524 2383 überhand
546 2341 676 2382 nehmen,
713 2340 784 2380 desto
809 2340 941 2381 häufiger

72 2392 187 2427 werden
210 2389 253 2421 die
270 2388 450 2427 Hausväter,
475 2386 572 2425 welche
594 2385 664 2426 nach
680 2384 850 2427 Gründung
866 2386 942 2418 einer

72 2434 250 2480 zahlreichen
275 2433 401 2471 Familie
424 2432 468 2464 die
485 2432 582 2472 Sorge
606 2432 656 2471 für
679 2429 793 2469 dieselbe
816 2436 874 2463 von
891 2430 942 2472 sich

72 2480 252 2522 abschütteln
276 2478 335 2510 und
359 2478 442 2519 ihren
458 2476 652 2517 Mitbürgern
672 2474 843 2516 aufbürden.
869 2476 943 2509 Eine

71 2527 163 2569 solche
186 2522 414 2564 Schändlichkeit
437 2521 506 2555 aber
529 2522 638 2562 müssen
660 2520 713 2562 sich
735 2520 778 2553 die
801 2520 944 2561 ehrbaren

72 2576 197 2613 Bürger
231 2569 344 2610 hülflos
378 2568 502 2609 gefallen
536 2567 634 2608 lassen.
682 2566 738 2599 Sie
761 2567 870 2608 müssen
894 2575 944 2606 zu¬

72 2619 168 2662 sehen,
203 2615 255 2648 wie
280 2614 325 2646 ein
347 2612 625 2655 Pflichtvergessener
660 2613 706 2653 sie,
742 2610 784 2643 die
819 2611 945 2652 ohnehin

74 2665 136 2698 mit
171 2661 304 2694 Steuern
337 2657 558 2695 Ueberladenen,
594 2657 716 2698 zwingt,
752 2655 812 2696 ihm
847 2656 946 2697 Jahre

75 2712 153 2749 lang
176 2704 261 2739 Weib
285 2704 345 2736 und
370 2703 482 2736 Kinder
505 2712 540 2742 zu
563 2702 703 2743 erhalten.
726 2700 845 2733 Wollen
862 2703 947 2733 näm¬

75 2754 134 2793 lich
158 2752 201 2783 die
223 2749 447 2789 Armenpflegen
484 2748 535 2787 auf
570 2746 623 2779 den
647 2747 856 2779 Entronnenen
879 2746 948 2779 tele¬

81 2795 227 2840 graphisch
251 2793 376 2835 fahnden
399 2794 498 2833 lassen,
534 2801 585 2824 um
620 2792 709 2830 seiner
743 2796 787 2823 wo
823 2790 948 2832 möglich

80 2850 138 2877 vor
160 2840 288 2880 Abfahrt
312 2839 360 2872 des
383 2837 508 2879 Schiffes
534 2836 601 2876 noch
625 2836 747 2878 habhaft
769 2845 803 2876 zu
826 2837 948 2874 werden,

77 2892 111 2930 so
134 2888 226 2920 lautet
246 2885 294 2917 der
306 2884 455 2924 Bescheid:
485 2882 560 2921 „Die
575 2882 692 2922 schweiz.
707 2881 841 2920 Konsuln
854 2882 886 2914 in
897 2882 951 2914 den

82 2931 292 2975 Hafenstädten
308 2930 427 2970 nehmen
447 2928 532 2969 solche
546 2928 691 2968 Aufträge
714 2925 789 2967 nicht
812 2936 862 2965 an,
884 2927 951 2960 weil

79 2982 133 3012 der
155 2975 323 3015 betreffende
345 2975 452 3012 Staat,
477 2983 500 3014 z.
526 2973 564 3006 B.
590 2971 762 3012 Frankreich
783 2972 852 3004 oder
874 2972 951 3013 Hol¬

80 3023 165 3061 land,
202 3021 245 3054 die
276 3021 488 3061 Auslieferung
524 3019 571 3051 des
605 3017 796 3059 Inhaftirten
832 3026 872 3050 an
907 3017 951 3050 die

76 3065 325 3111 Heimatbehörde
348 3065 521 3106 verweigern
545 3063 642 3096 würde
666 3063 699 3095 in
722 3062 868 3103 Betracht,
893 3062 951 3102 daß

82 3116 154 3149 laut
188 3111 241 3145 den
265 3111 534 3151 Staatsverträgen
567 3118 626 3141 nur
649 3107 820 3146 Verbrecher
847 3112 952 3149 ausge¬

81 3160 181 3200 liefert
204 3156 345 3190 werden."
381 3157 450 3190 Das
474 3156 509 3195 ist
533 3153 668 3195 juristisch
692 3152 852 3195 allerdings
876 3153 953 3186 voll¬

83 3208 215 3240 kommen
231 3202 397 3243 begründet.
423 3201 496 3234 Soll
521 3199 586 3233 aber
610 3209 661 3232 um
684 3198 835 3238 deßwillen
859 3198 952 3239 nichts

79 3250 192 3294 gethan
226 3247 347 3286 werden,
382 3247 444 3280 dem
479 3244 757 3286 beklagenswerthen
780 3244 952 3285 Uebelstand

82 3293 282 3336 abzuhelfen?

156 3344 225 3378 Wir
248 3344 357 3375 können
388 3347 448 3375 uns
472 3351 531 3374 nur
551 3341 619 3381 zwei
640 3340 729 3381 Wege
753 3349 803 3379 zur
826 3339 954 3380 Abhülfe

84 3392 204 3426 denken:
240 3388 391 3421 Entweder
427 3387 502 3427 sucht
537 3396 606 3419 man
641 3386 685 3418 die
708 3385 956 3426 Staatsverträge

84 3437 179 3478 dahin
201 3443 236 3474 zu
258 3435 406 3474 ergänzen,
444 3432 501 3472 daß
529 3441 597 3464 man
620 3430 673 3472 sich
695 3431 861 3472 gegenseitig
886 3430 955 3470 auch

84 3492 141 3525 zur
164 3479 372 3520 Auslieferung
405 3478 510 3518 solcher
533 3478 712 3517 Hausväter,
748 3476 845 3517 welche
869 3485 956 3509 uner¬

86 3536 190 3570 zogene
218 3524 327 3558 Kinder
361 3523 508 3556 mittellos
542 3522 735 3563 zurücklassen,
772 3521 955 3562 verpflichtet,

86 3575 158 3607 oder
181 3580 251 3604 man
274 3569 380 3603 nimmt
403 3569 453 3601 ein
472 3567 574 3608 solches
597 3567 762 3608 Verfahren
785 3574 843 3600 von
856 3567 957 3607 Haus¬

88 3621 196 3654 vätern
219 3624 305 3657 gegen
327 3614 387 3656 ihre
410 3613 559 3654 Familien
582 3613 642 3645 und
658 3612 958 3654 Heimatsgemeinden

89 3665 145 3705 auf
167 3664 253 3695 unter
277 3660 320 3693 die
343 3660 385 3693 im
407 3657 647 3700 Strafgesetzbuch
671 3658 863 3699 angeführten
882 3658 958 3691 Ver¬

90 3708 217 3750 brechen,
252 3707 312 3739 und
348 3706 393 3739 ein
417 3703 593 3743 Verbrechen
628 3704 663 3742 ist
687 3707 717 3736 es
740 3703 772 3735 in
795 3704 842 3737 der
867 3704 958 3744 That,

92 3754 165 3789 ein
188 3751 453 3791 Verbrechen
482 3758 610 3791 gegen
638 3748 703 3781 die
733 3748 961 3790 menschliche

93 3797 385 3840 Gesellschaft
419 3797 447 3835 so
477 3797 531 3835 gut
553 3794 601 3827 als
625 3793 723 3835 irgend
747 3793 831 3828 eines.
879 3794 961 3827 Oder

91 3847 157 3884 wie,
181 3844 259 3885 heißt
272 3843 326 3875 das
337 3842 411 3883 nicht
424 3841 467 3874 die
478 3839 738 3881 Heimatgemeinde
750 3848 800 3872 um
811 3840 962 3880 Hunderte

92 3892 155 3925 und
179 3888 327 3929 Tausende
349 3894 408 3922 von
420 3885 553 3927 Franken
575 3883 790 3922 berauben,
816 3892 900 3918 wenn
917 3885 963 3918 ein

92 3939 214 3978 Bürger
238 3933 323 3974 durch
345 3932 488 3975 heimliche
512 3931 615 3971 Flucht
638 3929 752 3970 dieselbe
776 3930 960 3972 zwingt,

966 1259 1027 1300 ihm
1050 1259 1093 1291 die
1116 1258 1272 1300 Ausgaben
1295 1261 1344 1299 für
1368 1260 1441 1299 seine
1463 1260 1590 1299 Familie
1615 1259 1828 1300 abzunehmen?

968 1304 1026 1337 Ein
1050 1303 1251 1345 gewöhnlicher
1276 1305 1350 1339 Dieb
1386 1304 1518 1345 erscheint
1551 1305 1727 1347 wahrhaftig
1761 1307 1830 1345 noch

968 1349 1091 1390 weniger
1103 1349 1222 1389 schlecht,
1246 1350 1283 1382 da
1299 1360 1328 1383 er
1343 1349 1388 1382 bei
1404 1351 1451 1382 der
1467 1350 1832 1393 Eigenthumsschädigung

968 1404 1055 1435 gegen
1071 1394 1182 1426 Andere
1199 1394 1273 1434 nicht
1296 1395 1364 1434 auch
1388 1395 1456 1435 noch
1472 1395 1517 1427 die
1532 1396 1677 1436 heiligsten
1690 1396 1832 1436 Pflichten

970 1440 1030 1471 und
1055 1438 1178 1479 Gefühle
1213 1440 1261 1472 der
1284 1440 1619 1480 Blutsverwandtschaft
1652 1440 1706 1473 mit
1730 1441 1834 1481 Füßen

970 1484 1048 1517 tritt.
1084 1484 1195 1517 Würde
1218 1485 1244 1522 so
1270 1485 1312 1518 ein
1329 1485 1449 1526 Bürger
1471 1485 1543 1526 seine
1557 1485 1835 1527 Heimatsgemeinde

971 1539 1031 1561 nur
1064 1539 1117 1561 um
1143 1531 1205 1561 100
1230 1530 1283 1569 Fr.
1317 1530 1464 1571 bestehlen,
1501 1533 1574 1563 etwa
1609 1530 1693 1570 durch
1728 1532 1835 1565 Unter¬

973 1574 1136 1615 schlagung,
1171 1576 1198 1614 so
1227 1574 1390 1617 behandelte
1413 1585 1483 1608 man
1507 1576 1557 1617 ihn
1580 1576 1631 1609 als
1653 1575 1835 1616 Verbrecher.

972 1619 1044 1658 Daß
1056 1629 1085 1651 er
1098 1620 1133 1660 sie
1148 1619 1286 1661 hingegen
1308 1620 1393 1660 durch
1409 1621 1466 1661 sein
1481 1621 1644 1662 heimliches
1657 1622 1837 1661 Entweichen

974 1664 1136 1706 wissentlich
1167 1674 1219 1697 um
1242 1666 1388 1705 Tausende
1423 1666 1554 1707 schädigt,
1590 1667 1644 1706 soll
1677 1666 1737 1700 kein
1759 1667 1836 1701 Ver¬

973 1709 1086 1749 brechen
1109 1710 1188 1749 sein?
1236 1711 1313 1751 Doch
1349 1711 1404 1744 wir
1434 1712 1537 1745 wollen
1560 1716 1621 1744 uns
1643 1712 1739 1745 weiter
1761 1712 1838 1751 nicht

974 1755 1005 1788 in
1029 1755 1177 1796 juristische
1201 1755 1432 1798 Betrachtungen
1455 1757 1604 1790 verlieren.

1042 1800 1098 1833 Ein
1122 1800 1316 1842 Schutzmittel
1347 1811 1434 1843 gegen
1457 1803 1511 1835 das
1546 1802 1707 1843 dargelegte
1730 1801 1839 1841 Unheil

975 1845 1049 1877 wird
1072 1845 1220 1887 ausfindig
1255 1847 1380 1888 gemacht
1405 1847 1515 1879 werden
1538 1848 1657 1887 müssen,
1688 1853 1772 1879 wenn
1796 1846 1840 1878 die

975 1891 1175 1930 Armenlasten
1200 1891 1247 1923 der
1272 1892 1446 1924 Gemeinden
1468 1892 1520 1932 sich
1555 1891 1641 1931 durch
1675 1891 1718 1923 die
1752 1891 1837 1924 über¬

975 1935 1205 1976 handnehmende
1229 1935 1492 1978 Gewissenlosigkeit
1517 1937 1640 1977 weniger
1670 1935 1843 1969 bemittelter

977 1981 1146 2021 Hausväter
1176 1980 1251 2020 nicht
1276 1982 1324 2014 ins
1348 1981 1566 2023 Unerträgliche
1589 1981 1709 2022 steigern
1744 1982 1842 2021 sollen.

979 2026 1062 2058 Man
1085 2026 1178 2058 wende
1202 2030 1260 2059 uns
1284 2026 1358 2066 nicht
1382 2027 1439 2064 ein,
1469 2030 1498 2059 es
1523 2027 1558 2066 sei
1581 2026 1614 2067 ja
1637 2026 1696 2059 kein
1721 2027 1842 2065 Schade,

978 2076 1062 2103 wenn
1086 2070 1255 2112 dergleichen
1279 2072 1480 2113 Taugenichtse
1503 2072 1559 2104 das
1582 2071 1664 2105 Land
1686 2072 1844 2113 verlassen;

980 2116 1055 2147 denn
1078 2116 1121 2148 die
1144 2116 1312 2158 Erfahrung
1335 2117 1417 2158 zeigt,
1443 2117 1499 2157 daß
1523 2117 1609 2157 solche
1622 2117 1790 2157 Hausväter
1814 2118 1847 2149 in

980 2161 1029 2193 der
1052 2161 1141 2202 Regel
1162 2161 1268 2202 rüstige
1280 2162 1338 2194 und
1351 2162 1483 2203 geschickte
1494 2162 1630 2195 Arbeiter
1653 2162 1723 2203 sind,
1748 2162 1847 2202 welche

982 2206 1045 2246 ihre
1068 2206 1215 2246 Familien
1248 2207 1303 2241 mit
1338 2207 1436 2248 Ehren
1470 2207 1677 2248 durchbringen
1711 2208 1844 2245 könnten,

983 2258 1066 2283 wenn
1090 2253 1126 2292 sie
1149 2251 1215 2284 eben
1238 2261 1296 2285 nur
1319 2252 1413 2294 sähen,
1439 2253 1495 2291 daß
1520 2253 1556 2293 sie
1586 2253 1752 2293 müssen
1787 2253 1848 2285 und

983 2296 1070 2337 ihnen
1093 2297 1257 2338 unmöglich
1289 2298 1333 2338 sei,
1370 2298 1453 2339 ihren
1483 2298 1610 2331 Gatten-
1645 2298 1705 2330 und
1741 2298 1851 2332 Vater¬

984 2342 1126 2382 pflichten,
1157 2351 1208 2375 um
1232 2342 1280 2375 der
1312 2343 1459 2384 mehreren
1480 2343 1718 2384 Bequemlichkeit
1752 2343 1852 2377 willen

985 2397 1019 2428 zu
1056 2388 1217 2421 entrinnen.
1272 2389 1314 2421 Es
1349 2388 1422 2421 wird
1459 2398 1544 2430 gegen
1578 2388 1721 2429 derartige
1756 2389 1852 2427 Maß¬

985 2434 1083 2474 regeln
1107 2433 1174 2473 auch
1197 2432 1271 2472 nicht
1295 2433 1482 2475 eingewendet
1505 2434 1629 2472 werden,
1665 2433 1722 2474 daß
1746 2435 1781 2475 sie
1805 2433 1853 2466 der

986 2478 1175 2518 persönlichen
1199 2479 1324 2520 Freiheit
1346 2489 1382 2519 zu
1405 2479 1480 2520 nahe
1502 2481 1617 2520 treten;
1641 2479 1714 2512 denn
1739 2479 1782 2512 die
1794 2479 1853 2512 Be¬

985 2524 1159 2565 schränkung
1181 2523 1230 2556 der
1252 2524 1444 2565 persönlichen
1465 2524 1593 2565 Freiheit
1618 2524 1702 2563 durch
1715 2524 1855 2565 Rücksicht

987 2570 1039 2609 auf
1063 2569 1117 2602 das
1141 2568 1338 2610 Gemeinwohl
1373 2570 1433 2602 und
1457 2570 1504 2602 des
1539 2569 1657 2609 Rechtes
1692 2569 1776 2610 durch
1812 2569 1856 2602 die

987 2614 1095 2655 Pflicht
1119 2614 1218 2656 gehört
1241 2624 1275 2654 zu
1300 2615 1351 2648 den
1385 2614 1512 2655 obersten
1548 2615 1741 2656 Grundsätzen
1775 2615 1853 2656 jedes

988 2660 1216 2699 Staatswesens.
1263 2660 1331 2692 Wie
1354 2660 1495 2697 vollends,
1522 2666 1605 2692 wenn
1631 2660 1674 2693 ein
1685 2661 1857 2700 Hausvater

989 2705 1033 2737 die
1058 2705 1170 2737 Seinen
1194 2704 1331 2746 verlassen
1354 2705 1445 2746 hätte,
1480 2715 1531 2738 um
1555 2705 1606 2746 sich
1630 2705 1697 2744 nach
1721 2706 1858 2740 Batavia

991 2749 1145 2782 anwerben
1166 2758 1201 2789 zu
1224 2750 1339 2792 lassen?
1386 2751 1495 2790 Dürfte
1520 2751 1557 2782 da
1581 2751 1643 2782 eine
1653 2750 1860 2792 Verwendung

992 2794 1041 2827 des
1065 2794 1285 2835 Bundesrathes
1308 2795 1351 2828 bei
1386 2795 1435 2827 der
1471 2795 1639 2836 Regierung
1668 2795 1716 2828 der
1740 2796 1859 2829 Nieder¬

992 2840 1079 2872 lande
1102 2840 1176 2880 nicht
1212 2840 1414 2882 gerechtfertigt
1451 2840 1611 2880 erscheinen,
1648 2840 1770 2882 obgleich
1793 2841 1860 2882 hin¬

993 2885 1112 2927 sichtlich
1136 2886 1224 2926 dessen
1248 2885 1318 2918 keine
1337 2886 1584 2927 Staatsverträge
1609 2885 1764 2926 existiren?
1788 2886 1861 2920 Wir

995 2930 1130 2971 glauben,
1154 2935 1183 2964 es
1207 2930 1302 2973 dürfte
1324 2931 1440 2972 dieselbe
1463 2931 1557 2963 keinen
1571 2931 1704 2971 Anstand
1728 2932 1860 2972 nehmen,

994 2977 1048 3009 den
1070 2975 1304 3017 Angeworbenen
1325 2986 1411 3018 gegen
1434 2977 1671 3018 Rückerstattung
1693 2976 1743 3010 der
1755 2978 1863 3018 Kosten

993 3022 1082 3061 seiner
1106 3021 1233 3061 Familie
1262 3022 1363 3055 wieder
1398 3021 1627 3063 zurückzugeben,
1663 3023 1690 3062 so
1715 3022 1806 3063 gewiß
1832 3027 1862 3056 es

995 3068 1057 3100 eine
1079 3066 1234 3107 öffentliche
1257 3067 1365 3100 Moral
1388 3066 1462 3109 gibt,
1496 3072 1552 3100 vor
1574 3067 1689 3107 welcher
1712 3068 1764 3109 sich
1788 3068 1859 3107 auch

995 3112 1038 3145 die
1062 3113 1206 3154 Regenten
1229 3121 1262 3152 zu
1286 3113 1394 3154 beugen
1416 3112 1520 3154 haben.

997 3218 1259 3271 Verhandlungen
1287 3220 1342 3262 des
1361 3218 1574 3272 zürcherischen
1592 3218 1866 3272 Kantonsrathes.

1234 3281 1346 3318 Sitzung
1364 3290 1424 3312 vom
1446 3281 1487 3312 19.
1504 3281 1632 3317 Februar.

1071 3324 1128 3354 Der
1164 3323 1343 3359 Kantonsrath
1388 3324 1534 3357 behandelte
1570 3325 1598 3354 in
1636 3324 1715 3358 seiner
1751 3326 1869 3362 heutigen

999 3365 1113 3400 Sitzung
1132 3364 1180 3393 das
1208 3364 1337 3401 wichtigste
1365 3364 1546 3395 Traktandum
1566 3364 1609 3395 der
1630 3373 1725 3400 ganzen
1744 3366 1870 3402 Session:

999 3406 1037 3435 die
1058 3405 1279 3439 Liquidation
1300 3409 1354 3435 der
1364 3405 1750 3439 Nationalbahnschuld.
1771 3407 1869 3442 Oberst

999 3446 1153 3480 Meister
1169 3445 1264 3481 verließ
1264 3445 1318 3481 verließ
1325 3446 1573 3481 Präsidentenstuhl,
1573 3446 1628 3481 um
1639 3447 1682 3476 als
1692 3447 1869 3483 Vorsitzender

1000 3487 1043 3516 der
1063 3486 1234 3520 Kommission
1252 3494 1281 3523 zu
1301 3487 1429 3522 referiren.
1456 3487 1495 3517 Er
1513 3487 1659 3521 konstatirte
1676 3488 1797 3525 zunächst,
1817 3489 1868 3523 daß

1001 3526 1039 3556 die
1057 3526 1230 3561 Kommission
1248 3529 1316 3558 allen
1334 3528 1470 3563 Anträgen
1487 3527 1533 3557 des
1552 3528 1805 3563 Regierungsrathes
1826 3537 1869 3564 zu¬

1002 3568 1102 3601 stimme
1132 3568 1185 3597 und
1217 3568 1366 3605 begründete
1397 3568 1495 3600 sodann
1525 3569 1556 3597 in
1573 3568 1872 3606 anderthalbstündigem

1002 3608 1132 3644 Vortrage
1164 3608 1239 3638 deren
1257 3609 1438 3643 Standpunkt.
1476 3609 1514 3639 Er
1542 3609 1590 3642 gab
1630 3609 1707 3644 zuerst
1727 3610 1782 3640 eine
1800 3611 1869 3640 klare

1003 3650 1175 3684 Darstellung
1192 3650 1237 3679 der
1256 3649 1444 3685 geschichtlichen
1463 3649 1641 3686 Entwicklung
1659 3650 1701 3679 der
1713 3650 1873 3686 Angelegen¬

1004 3691 1054 3725 heit
1073 3691 1115 3720 der
1128 3690 1522 3727 Nationalbahngarantieschuld
1543 3691 1586 3725 seit
1604 3690 1662 3720 dem
1674 3691 1700 3721 3.
1709 3691 1782 3726 Juni
1793 3692 1873 3727 1883,

1004 3731 1062 3761 dem
1079 3732 1156 3768 Tage,
1189 3731 1222 3761 da
1241 3731 1285 3765 sich
1304 3732 1346 3762 der
1363 3731 1521 3768 zürcherische
1521 3731 1707 3768 Kantonsrath
1725 3741 1783 3767 zum
1793 3733 1875 3768 ersten

1005 3773 1072 3803 Mal
1089 3773 1137 3802 mit
1155 3772 1197 3802 der
1217 3772 1299 3806 Sache
1318 3773 1478 3808 beschäftigte.
1495 3772 1554 3802 Der
1564 3772 1687 3807 Beschluß
1698 3772 1741 3803 der
1751 3773 1875 3803 Bundes¬

1006 3813 1197 3848 versammlung
1226 3820 1285 3843 vom
1304 3813 1348 3842 21.
1367 3812 1504 3848 Dezember
1524 3812 1597 3841 1883
1625 3812 1658 3846 ist
1683 3813 1726 3843 der
1744 3814 1875 3850 Ausgang

1006 3854 1051 3884 der
1070 3853 1154 3887 Sache
1174 3861 1222 3883 vor
1240 3853 1288 3883 den
1307 3853 1544 3888 Bundesbehörden
1563 3852 1617 3883 und
1637 3853 1706 3888 heute
1723 3854 1805 3889 stehen
1825 3855 1876 3884 wir

1007 3903 1066 3924 nun
1084 3903 1133 3925 vor
1150 3894 1192 3924 der
1209 3894 1313 3931 Frage:
1331 3894 1430 3925 Sollen
1451 3894 1500 3923 wir
1518 3897 1575 3923 uns
1591 3894 1719 3928 zufrieden
1737 3896 1815 3930 geben
1826 3895 1878 3924 mit

1007 3936 1050 3965 der
1069 3935 1237 3971 Vertheilung
1255 3936 1299 3965 des
1318 3935 1461 3970 Anleihens
1488 3935 1543 3965 und
1574 3935 1620 3964 wie
1640 3935 1687 3970 soll
1706 3934 1749 3965 der
1768 3935 1877 3966 Kanton

1874 1262 1914 1291 die
1931 1262 1989 1296 Last
2007 1263 2054 1292 mit
2073 1262 2237 1298 Winterthur
2254 1263 2345 1297 theilen
2357 1263 2372 1293 ?
2390 1263 2435 1298 Ist
2454 1262 2498 1292 der
2515 1263 2561 1298 auf
2579 1263 2626 1293 den
2637 1263 2744 1295 Kanton

1875 1302 1970 1338 Zürich
1988 1302 2097 1333 fallende
2115 1303 2189 1336 Theil
2216 1304 2241 1337 so
2259 1303 2332 1339 groß,
2351 1303 2402 1337 daß
2421 1312 2446 1332 er
2466 1303 2669 1339 zurückgewiesen
2683 1313 2745 1334 wer¬

1876 1344 1924 1372 den
1942 1342 2008 1376 muß
2033 1343 2088 1372 und
2106 1343 2153 1376 soll
2171 1342 2264 1379 Zürich
2284 1344 2343 1376 bloß
2362 1343 2479 1377 deßhalb,
2508 1344 2564 1373 weil
2583 1344 2620 1374 im
2639 1344 2745 1380 Aargau

1877 1382 2098 1416 Schwierigkeiten
2115 1390 2144 1417 zu
2155 1382 2321 1413 überwinden
2330 1383 2397 1416 sind,
2406 1383 2461 1412 eine
2474 1384 2747 1420 unverhältnißmäßig

1880 1423 1959 1458 große
1978 1422 2079 1456 Schuld
2096 1423 2263 1457 annehmen?
2282 1423 2338 1453 Der
2357 1423 2464 1454 Kanton
2476 1423 2570 1459 Zürich
2588 1425 2630 1458 hat
2649 1425 2693 1459 für
2709 1426 2747 1455 die

1879 1463 2078 1496 Nationalbahn
2095 1463 2241 1497 3,341,000
2264 1463 2314 1498 Fr.
2341 1463 2508 1498 ausgegeben,
2545 1473 2572 1493 er
2602 1465 2643 1497 hat
2673 1465 2748 1500 dieser

1880 1503 1998 1532 Summe
2016 1503 2089 1532 einen
2107 1502 2242 1538 jährlichen
2253 1503 2363 1538 Beitrag
2383 1503 2543 1539 hinzugefügt
2563 1504 2591 1533 in
2610 1505 2653 1534 der
2666 1505 2749 1541 Form

1879 1543 1926 1572 des
1943 1543 2159 1578 dreiprozentigen
2168 1543 2513 1576 Ein-Millionenanleihens
2530 1552 2566 1573 an
2580 1544 2750 1578 Winterthur.

1881 1583 1959 1618 Dazu
1977 1583 2093 1613 kommen
2111 1583 2150 1613 die
2168 1582 2290 1618 Beiträge
2308 1584 2350 1613 der
2369 1583 2550 1616 Gemeinden,
2582 1584 2609 1618 so
2639 1584 2688 1619 daß
2706 1585 2751 1619 sich

1881 1624 1921 1653 die
1947 1623 2097 1658 Leistungen
2133 1624 2179 1652 des
2210 1623 2325 1654 Staates
2361 1624 2417 1653 und
2452 1623 2496 1653 der
2525 1624 2684 1655 Gemeinden
2705 1626 2750 1660 auf

1883 1664 2042 1698 14,345,011
2063 1664 2110 1699 Fr.
2128 1664 2255 1697 belaufen.
2274 1664 2327 1695 Die
2344 1663 2519 1698 Kommission
2538 1664 2582 1697 hat
2602 1665 2641 1693 die
2658 1665 2751 1702 Frage,

1884 1705 1917 1734 ob
1926 1704 2019 1740 Zürich
2037 1704 2175 1740 angesichts
2193 1704 2270 1739 dieser
2280 1712 2404 1734 enormen
2411 1705 2497 1739 Opfer
2508 1705 2567 1738 noch
2580 1705 2621 1734 ein
2630 1704 2752 1736 Weiteres

1884 1746 1950 1778 thun
1970 1745 2037 1778 solle,
2056 1745 2105 1774 mit
2123 1744 2164 1779 Ja
2193 1745 2367 1774 beantwortet.
2404 1745 2466 1774 Aus
2493 1745 2539 1774 den
2557 1745 2651 1781 Voten,
2670 1747 2707 1776 die
2725 1748 2754 1776 in

1884 1785 1934 1815 den
1951 1785 2055 1820 Räthen
2075 1785 2183 1820 gefallen
2212 1786 2277 1821 sind,
2307 1786 2398 1815 konnte
2426 1794 2490 1815 man
2517 1785 2678 1822 entnehmen,
2705 1788 2755 1822 daß

1886 1826 2018 1856 Niemand
2036 1827 2119 1855 daran
2138 1826 2243 1860 zweifle,
2271 1826 2366 1862 Zürich
2386 1826 2467 1856 werde
2485 1829 2513 1855 es
2531 1827 2668 1863 vorziehen,
2696 1829 2756 1863 noch

1887 1867 1994 1902 größere
2013 1866 2096 1901 Opfer
2113 1875 2143 1901 zu
2162 1866 2280 1902 bringen,
2311 1875 2363 1896 nur
2382 1875 2429 1896 um
2446 1866 2540 1901 endlich
2558 1867 2597 1896 die
2615 1867 2699 1904 Frage
2717 1878 2757 1904 ge¬

1888 1908 1942 1937 löst
1960 1915 1990 1942 zu
2010 1908 2088 1941 sehen,
2107 1908 2147 1936 die
2165 1907 2232 1942 nicht
2251 1907 2312 1940 bloß
2330 1908 2384 1937 eine
2403 1907 2488 1943 Frage
2513 1907 2557 1937 des
2577 1907 2682 1942 Geldes,
2701 1909 2758 1940 son¬

1888 1949 1951 1978 dern
1970 1948 2024 1978 eine
2041 1947 2115 1982 solche
2133 1947 2177 1976 der
2195 1948 2263 1981 Ehre
2282 1948 2321 1982 ist.
2339 1947 2434 1984 Zürich
2452 1948 2539 1977 würde
2557 1947 2603 1981 sich
2622 1948 2692 1984 selbst
2706 1958 2755 1979 un¬

1889 1991 1947 2018 treu
1965 1987 2076 2022 werden,
2094 1988 2179 2018 wollte
2207 1991 2236 2018 es
2260 1989 2315 2018 eine
2332 1988 2424 2018 andere
2441 1988 2560 2024 Haltung
2579 1996 2615 2018 an
2632 1988 2680 2019 den
2698 1990 2756 2027 Tag

1891 2031 1971 2064 legen,
1989 2029 2032 2058 als
2051 2028 2089 2057 die
2109 2028 2196 2064 welche
2215 2037 2265 2059 von
2285 2029 2339 2063 ihm
2368 2031 2486 2058 erwartet
2505 2029 2579 2058 wird.
2597 2028 2650 2059 Die
2668 2030 2760 2066 Frage,

1892 2071 1925 2099 ob
1941 2069 2036 2105 Zürich
2065 2069 2122 2099 dem
2148 2069 2327 2105 Bundesrath
2350 2070 2418 2104 seine
2446 2070 2571 2099 Antwort
2597 2070 2762 2102 übermitteln

1892 2110 1960 2144 solle,
1980 2110 2056 2139 bevor
2065 2110 2173 2145 Aargau
2192 2110 2242 2139 das
2259 2111 2325 2146 letzte
2339 2110 2418 2140 Wort
2431 2110 2575 2145 gesprochen
2584 2110 2635 2146 hat,
2648 2113 2762 2147 gewinnt

1892 2159 1928 2180 an
1946 2150 2102 2185 Bedeutung
2133 2150 2208 2185 durch
2239 2151 2277 2181 die
2306 2151 2389 2186 letzten
2416 2150 2552 2185 Beschlüsse
2581 2151 2624 2180 der
2647 2152 2763 2188 Bürger¬

1894 2191 2040 2225 gemeinden
2059 2198 2111 2220 von
2130 2190 2222 2220 Baden
2242 2191 2296 2221 und
2314 2191 2451 2226 Lenzburg.
2472 2190 2540 2223 Auch
2559 2191 2589 2220 in
2606 2191 2683 2226 dieser
2697 2193 2764 2228 Hin¬

1895 2232 1951 2266 sicht
1970 2231 2001 2265 ist
2020 2231 2062 2260 der
2073 2231 2145 2266 Weg,
2164 2231 2213 2261 den
2223 2231 2317 2267 Zürich
2335 2239 2364 2266 zu
2384 2231 2517 2267 verfolgen
2534 2231 2587 2266 hat,
2605 2240 2688 2267 genau
2705 2242 2764 2264 vor¬

1896 2272 2033 2308 gezeichnet.

1952 2309 2017 2339 Das
2034 2308 2168 2344 energische
2177 2308 2322 2345 Festhalten
2332 2308 2442 2345 Zürichs
2460 2317 2496 2339 an
2515 2310 2584 2339 einer
2602 2309 2764 2344 ehrenvollen

1896 2350 2000 2386 Lösung
2019 2349 2061 2379 der
2080 2349 2163 2385 Frage
2192 2350 2236 2383 hat
2263 2350 2301 2379 im
2320 2350 2430 2385 Aargau
2448 2349 2522 2379 einen
2540 2350 2710 2388 Umschwung
2729 2352 2765 2382 be¬

1899 2390 1982 2419 wirkt.
2011 2389 2160 2423 Mannhaft
2178 2390 2209 2424 ist
2228 2390 2270 2419 der
2291 2389 2381 2424 Große
2399 2389 2471 2424 Rath
2491 2389 2534 2423 für
2552 2390 2593 2420 die
2611 2390 2695 2426 Sache
2713 2393 2768 2422 ein¬

1898 2430 2042 2465 gestanden,
2061 2429 2117 2459 und
2136 2432 2165 2459 es
2182 2430 2215 2464 ist
2234 2438 2262 2466 zu
2280 2430 2376 2465 hoffen,
2404 2430 2454 2464 daß
2483 2429 2521 2460 die
2550 2430 2671 2465 früheren
2691 2435 2769 2468 guten

1899 2470 2079 2506 Beziehungen
2097 2471 2141 2499 der
2161 2470 2279 2501 Kantone
2308 2479 2337 2506 zu
2364 2470 2487 2500 einander
2515 2471 2606 2501 wieder
2632 2472 2770 2509 hergestellt

1900 2511 2011 2541 werden.
2046 2511 2100 2541 Die
2117 2510 2239 2547 Haltung
2265 2511 2310 2541 der
2328 2511 2487 2541 Gemeinden
2505 2512 2600 2542 Baden
2625 2513 2682 2543 und
2699 2514 2772 2550 Lenz¬

1900 2552 1966 2587 burg
1986 2551 2085 2582 können
2103 2553 2157 2580 uns
2176 2551 2242 2586 nicht
2260 2551 2378 2587 hindern,
2407 2553 2550 2587 unentwegt
2579 2553 2625 2586 auf
2654 2555 2770 2589 unserem

1901 2592 1979 2628 Wege
1997 2592 2130 2621 vorwärts
2153 2599 2184 2626 zu
2212 2592 2327 2627 schreiten
2354 2591 2411 2621 und
2439 2591 2496 2622 dem
2514 2593 2696 2628 Bundesrathe
2725 2603 2770 2630 zur

1902 2634 1998 2665 rechten
2017 2633 2076 2668 Zeit
2093 2640 2123 2667 zu
2142 2632 2264 2667 erklären,
2284 2632 2336 2667 daß
2354 2633 2406 2662 wir
2424 2633 2471 2662 den
2484 2633 2707 2670 Bundesbeschluß
2725 2644 2772 2665 an¬

1904 2673 2014 2709 nehmen
2032 2673 2134 2702 wollen.

1957 2715 2054 2750 Welche
2073 2714 2138 2750 Lage
2156 2714 2241 2750 schafft
2258 2723 2316 2745 nun
2331 2714 2369 2744 die
2387 2715 2527 2750 Annahme
2545 2715 2592 2746 des
2609 2716 2773 2753 Darleihens

1902 2756 1960 2786 dem
1990 2756 2088 2786 Staate
2115 2756 2257 2791 gegenüber
2284 2755 2476 2790 Winterthur?
2513 2755 2573 2786 Von
2603 2757 2699 2788 Seiten
2727 2758 2774 2789 des

1905 2797 2020 2827 Staates
2038 2797 2068 2831 ist
2088 2795 2163 2831 durch
2180 2798 2232 2826 das
2250 2796 2447 2832 dreiprozentige
2464 2796 2775 2833 Einmillionenanleihen

1911 2837 2077 2871 Winterthur
2096 2837 2138 2867 ein
2156 2836 2287 2872 jährlicher
2300 2837 2410 2873 Beitrag
2428 2845 2481 2867 von
2495 2838 2592 2873 10,000
2605 2838 2652 2874 Fr.
2670 2841 2776 2876 geleistet

1906 2878 2022 2909 worden.
2040 2877 2129 2908 Wenn
2147 2877 2253 2908 damals
2270 2878 2315 2908 der
2333 2877 2516 2912 Kantonsrath
2533 2878 2572 2908 die
2590 2879 2776 2917 Berechtigung

1908 2920 1977 2949 einer
1995 2918 2188 2955 Hülfeleistung
2207 2919 2370 2952 anerkannte,
2400 2919 2427 2953 so
2449 2919 2515 2953 muß
2542 2928 2568 2949 er
2588 2920 2620 2954 sie
2638 2919 2717 2957 heute,
2744 2922 2777 2951 da

1909 2959 2078 2992 Winterthur
2096 2960 2145 2989 mit
2164 2960 2270 2990 weitern
2288 2960 2408 2994 800,000
2419 2959 2465 2995 Fr.
2486 2960 2586 2995 belastet
2604 2963 2703 2991 werden
2722 2963 2791 2999 soll,

1908 3009 1956 3030 um
1975 3001 2002 3034 so
2022 3000 2095 3035 mehr
2112 2999 2280 3034 anerkennen,
2309 3008 2385 3030 wenn
2404 3008 2432 3030 er
2450 3001 2516 3032 nicht
2532 3001 2581 3031 mit
2598 3001 2644 3037 sich
2660 3003 2731 3036 selbst
2749 3003 2779 3033 in

1909 3040 2085 3075 Widerspruch
2105 3041 2221 3071 kommen
2241 3041 2306 3071 will.
2342 3041 2388 3071 So
2418 3041 2506 3075 mußte
2533 3050 2586 3071 von
2609 3043 2716 3079 Anfang
2743 3052 2779 3074 an

1909 3082 1958 3112 das
1976 3080 2075 3115 Gefühl
2095 3080 2134 3110 die
2155 3080 2331 3115 Kommission
2350 3081 2514 3117 beherrschen,
2538 3085 2620 3112 etwas
2638 3083 2717 3118 müsse
2736 3084 2780 3113 der

1910 3122 2017 3153 Kanton
2046 3121 2092 3155 für
2119 3121 2158 3151 die
2186 3122 2323 3157 bedrängte
2348 3121 2434 3152 Stadt
2460 3122 2535 3157 thun.
2570 3122 2615 3158 In
2632 3122 2719 3160 Bezug
2734 3125 2781 3159 auf

1911 3163 1960 3193 das
1971 3162 2060 3197 „Wie"
2072 3162 2140 3197 sagte
2158 3161 2203 3198 sich
2222 3162 2261 3192 die
2270 3162 2445 3196 Kommission
2462 3163 2512 3192 mit
2530 3163 2586 3193 dem
2606 3163 2782 3201 Regierungs¬

1913 3203 1980 3239 rath,
1998 3203 2042 3233 der
2054 3202 2178 3238 Beschluß
2196 3203 2243 3233 des
2255 3203 2466 3237 Kantonsrathes
2487 3203 2565 3238 müsse
2584 3205 2722 3240 angesichts
2739 3206 2783 3236 der

1913 3245 2001 3280 kurzen
2019 3244 2091 3280 Frist
2109 3244 2136 3278 so
2155 3244 2241 3279 gefaßt
2258 3243 2367 3277 werden,
2395 3244 2447 3279 daß
2464 3244 2514 3276 das
2526 3245 2700 3278 Referendum
2719 3246 2783 3279 nicht

1913 3285 2003 3320 nöthig
2023 3284 2065 3319 sei.
2102 3285 2160 3315 Der
2178 3285 2361 3319 Kantonsrath
2389 3285 2456 3314 kann
2488 3286 2541 3315 eine
2560 3285 2665 3321 jährlich
2683 3287 2785 3317 wieder¬

1916 3326 2032 3361 kehrende
2051 3325 2176 3360 Ausgabe
2194 3334 2249 3355 von
2266 3326 2365 3362 20,000
2384 3326 2432 3362 Fr.
2452 3326 2618 3361 beschließen;
2646 3329 2683 3358 im
2702 3329 2784 3364 letzten

1918 3367 1989 3402 Jahr
2007 3366 2050 3400 hat
2068 3374 2096 3396 er
2114 3366 2158 3400 für
2167 3365 2332 3400 Winterthur
2350 3367 2443 3397 bereits
2457 3367 2555 3401 10,000
2564 3367 2612 3403 Fr.
2633 3367 2784 3405 beschlossen,

1916 3406 2015 3442 folglich
2035 3406 2102 3436 kann
2120 3415 2147 3436 er
2166 3406 2226 3437 blos
2245 3407 2304 3440 noch
2322 3408 2421 3437 weitere
2440 3407 2538 3442 10,000
2555 3407 2603 3443 Fr.
2621 3408 2716 3443 leisten.

1971 3450 2026 3479 Die
2051 3449 2189 3483 jährlichen
2206 3450 2351 3485 Ausgaben
2376 3450 2425 3479 des
2441 3449 2603 3485 Haushaltes
2630 3450 2673 3481 der
2700 3451 2785 3481 Stadt

1917 3490 2081 3524 Winterthur
2101 3490 2221 3525 betragen
2234 3490 2352 3525 340,000
2360 3490 2419 3526 Fr.,
2437 3490 2475 3520 die
2489 3491 2655 3524 Einnahmen
2667 3492 2785 3528 370,000

1917 3531 1973 3567 Fr.,
1994 3531 2020 3563 so
2039 3530 2090 3565 daß
2110 3533 2138 3560 es
2155 3530 2261 3566 jährlich
2278 3532 2354 3560 einen
2372 3531 2525 3566 Ueberschuß
2550 3539 2601 3561 von
2619 3532 2719 3566 30,000
2737 3532 2785 3568 Fr.

1919 3572 2009 3607 erzielt.
2031 3571 2074 3607 In
2096 3571 2172 3607 erster
2190 3572 2263 3603 Linie
2280 3572 2344 3605 stellt
2363 3572 2409 3608 sich
2428 3572 2487 3602 aber
2506 3573 2561 3602 dem
2579 3573 2718 3608 gegenüber
2735 3574 2785 3603 das

1917 3612 2024 3647 Pariser
2033 3612 2161 3647 Anleihen
2170 3620 2223 3643 von
2236 3612 2306 3648 11½
2317 3613 2393 3642 Mill.
2412 3613 2504 3647 Dieses
2514 3612 2639 3646 Anleihen
2652 3614 2786 3648 veranlaßt

1918 3652 2022 3688 jährlich
2040 3653 2087 3687 auf
2105 3652 2144 3683 die
2162 3652 2257 3683 Dauer
2273 3661 2326 3683 von
2348 3653 2386 3682 82
2395 3652 2499 3688 Jahren
2522 3653 2574 3683 eine
2594 3652 2717 3690 Ausgabe
2735 3662 2787 3684 von

1923 3694 2040 3729 507.000
2057 3694 2106 3730 Fr.
2124 3695 2201 3731 Dazu
2220 3696 2314 3725 kommt
2332 3694 2381 3725 das
2400 3694 2617 3728 Staatsanleihen
2637 3695 2711 3729 sowie
2729 3696 2783 3726 eine

1920 3735 2020 3770 Anzahl
2039 3734 2159 3765 kleinerer
2177 3736 2347 3771 Hypotheken.
2373 3735 2442 3765 Eine
2459 3734 2654 3772 Verpflichtung
2674 3737 2788 3770 schwerer

1920 3775 1971 3805 Art
1999 3775 2070 3810 lastet
2099 3775 2159 3809 noch
2187 3776 2235 3809 auf
2262 3775 2443 3806 Winterthur:
2473 3778 2503 3804 es
2533 3776 2574 3809 hat
2606 3775 2710 3811 jährlich
2740 3777 2790 3807 das

1922 3816 2209 3851 Obligationenkapital
2241 3822 2283 3846 der
2312 3815 2496 3851 Tößthalbahn
2529 3816 2565 3845 im
2594 3817 2706 3853 Betrage
2737 3826 2790 3848 von

1924 3856 2070 3891 1,815,000
2088 3857 2134 3892 Fr.
2163 3858 2211 3887 mit
2239 3856 2340 3891 90,000
2365 3857 2414 3893 Fr.
2441 3865 2470 3892 zu
2500 3857 2635 3893 verzinsen.
2670 3858 2715 3894 In
2742 3859 2791 3888 den

1923 3898 2007 3933 letzten
2024 3898 2084 3933 zwei
2104 3897 2207 3932 Jahren
2226 3898 2258 3932 ist
2285 3901 2314 3927 es
2333 3898 2375 3928 der
2393 3898 2540 3932 sparsamen
2558 3897 2732 3935 Verwaltung
2749 3907 2791 3935 ge¬

1929 3939 2034 3974 lungen,
2060 3947 2096 3968 an
2115 3939 2153 3967 die
2172 3938 2515 3974 Obligationenverzinsung
2543 3939 2735 3976 vorzuschießen,
2764 3941 2792 3973 so

2793 1265 2843 1300 daß
2872 1266 2915 1295 der
2932 1266 3052 1302 Zinsfuß
3080 1274 3132 1297 von
3151 1267 3168 1296 5
3186 1267 3231 1299 aus
3249 1268 3348 1303 4½%
3371 1268 3526 1304 herabgesetzt
3554 1270 3655 1300 werden

2794 1306 2894 1336 konnte.
2912 1306 2964 1341 Im
2978 1306 3085 1342 Ganzen
3104 1307 3219 1343 beziffern
3240 1308 3284 1341 sich
3301 1308 3340 1338 die
3360 1308 3492 1342 jährlichen
3511 1309 3655 1346 Ausgaben

2793 1346 2975 1380 Winterthurs
2987 1346 3030 1380 für
3049 1347 3330 1383 Schuldenverzinsung
3340 1349 3395 1377 und
3404 1348 3593 1382 Amortisation
3611 1351 3657 1383 auf

2794 1386 2914 1421 645,000
2931 1386 2990 1421 Fr.,
3017 1386 3096 1415 denen
3123 1388 3222 1422 30,000
3240 1388 3288 1423 Fr.
3314 1388 3480 1423 Einnahmen
3507 1390 3659 1424 gegenüber¬

2794 1427 2884 1461 stehen.

2849 1468 2900 1497 Um
2918 1467 2968 1496 das
2988 1467 3014 1499 so
3041 1467 3195 1502 entstehende
3223 1468 3318 1504 Defizit
3345 1477 3399 1498 von
3426 1469 3545 1503 615,000
3562 1470 3609 1507 Fr.
3628 1479 3656 1506 zu

2795 1507 2884 1542 decken,
2915 1507 2945 1541 ist
2977 1508 3030 1537 eine
3062 1506 3281 1542 Gemeindesteuer
3309 1517 3361 1538 von
3393 1510 3459 1541 9‰
3487 1511 3664 1547 nothwendig,

2796 1548 2984 1583 vorausgesetzt,
3003 1548 3053 1582 daß
3073 1548 3139 1578 keine
3157 1549 3339 1583 Kapitalflucht
3358 1551 3430 1581 mehr
3447 1551 3554 1580 eintritt.

2849 1588 2903 1618 Die
2920 1588 3013 1623 Frage,
3040 1588 3073 1618 ob
3092 1587 3256 1624 Winterthur
3274 1589 3338 1622 nicht
3357 1590 3404 1623 auf
3422 1591 3568 1621 indirektem
3585 1592 3665 1627 Wege

2797 1628 2909 1663 geholfen
2928 1628 3029 1658 werden
3049 1628 3147 1663 könnte,
3166 1629 3233 1659 kann
3252 1629 3316 1663 nicht
3335 1630 3404 1664 leicht
3414 1630 3579 1662 beantwortet
3597 1640 3663 1662 wer¬

2797 1669 2852 1699 den.
2891 1670 2956 1700 Eine
2975 1670 3154 1706 Vermehrung
3171 1671 3215 1701 der
3232 1671 3353 1706 Beiträge
3373 1680 3408 1701 an
3427 1672 3466 1701 die
3484 1672 3578 1706 höhern
3589 1673 3664 1706 Lehr¬

2799 1709 2924 1743 anstalten
2943 1710 2999 1739 und
3016 1710 3065 1739 den
3084 1710 3318 1744 Einwohnerspital
3336 1711 3429 1741 könnte
3448 1720 3500 1742 nur
3519 1712 3566 1747 auf
3584 1713 3665 1749 gesetz¬

2800 1750 2956 1785 geberischem
2975 1750 3052 1786 Wege
3071 1750 3201 1785 geschehen.
3239 1751 3303 1781 Das
3321 1752 3351 1785 ist
3370 1752 3430 1782 aber
3450 1761 3535 1788 wegen
3553 1753 3596 1784 der
3607 1755 3666 1792 kurz

2801 1789 2952 1824 bemessenen
2970 1790 3039 1825 Frist
3059 1790 3121 1821 nicht
3141 1791 3211 1825 mehr
3242 1791 3356 1826 möglich.
3394 1793 3547 1828 Allerdings
3576 1795 3667 1825 konnte

2802 1830 2847 1863 sich
2865 1830 2904 1859 die
2921 1829 3093 1864 Kommission
3117 1832 3161 1860 der
3185 1831 3286 1864 Ansicht
3314 1832 3380 1866 nicht
3406 1841 3469 1868 ganz
3495 1833 3667 1869 verschließen,

2803 1871 2853 1903 daß
2871 1870 3014 1900 Sanitäts-
3031 1871 3087 1899 und
3105 1871 3387 1907 Erziehungsdirektion
3397 1873 3454 1908 Zeit
3464 1874 3552 1909 gehabt
3571 1875 3667 1910 hätten,

2804 1911 2843 1940 die
2861 1911 2944 1943 Sache
2964 1910 3078 1946 gesetzlich
3096 1919 3125 1947 zu
3144 1913 3250 1947 regeln;
3268 1913 3315 1947 auf
3333 1913 3377 1942 der
3386 1913 3483 1943 andern
3493 1914 3569 1945 Seite
3586 1916 3667 1951 liegen

2805 1951 2916 1987 dagegen
2933 1951 3045 1981 Gründe
3065 1959 3119 1987 vor,
3139 1953 3224 1986 welche
3242 1953 3331 1988 zeigen,
3350 1953 3401 1987 daß
3418 1954 3457 1983 die
3468 1954 3604 1989 Behörden
3614 1957 3669 1987 kein

2806 1992 2932 2026 Vorwurf
2951 1992 3042 2026 treffen
3062 1992 3136 2022 kann.
3173 1993 3226 2023 Die
3250 1993 3412 2029 Konsequenz
3439 1995 3504 2024 wird
3532 2004 3595 2025 man
3622 1998 3672 2026 mit

2807 2033 2850 2062 der
2867 2032 3059 2068 Hülfeleistung
3076 2041 3111 2063 an
3129 2033 3294 2067 Winterthur
3313 2034 3379 2069 nicht
3397 2035 3509 2071 schaffen,
3539 2036 3588 2070 daß
3607 2046 3671 2067 man

2807 2073 2859 2108 jede
2895 2073 3035 2103 Gemeinde
3071 2074 3223 2110 unterstütze,
3264 2075 3341 2104 deren
3377 2075 3523 2108 Steuerlast
3550 2077 3605 2108 eine
3624 2087 3662 2114 ge¬

2809 2114 2875 2148 wisse
2893 2114 2964 2149 Höhe
2983 2113 3082 2147 erreicht
3099 2114 3152 2149 hat.
3170 2115 3219 2145 Bei
3229 2115 3395 2150 Winterthur
3412 2117 3492 2152 liegen
3501 2118 3671 2153 Ausnahms¬

2810 2154 2969 2189 verhältnisse
2994 2162 3049 2184 vor.
3085 2155 3143 2186 Der
3161 2156 3266 2186 Kanton
3285 2157 3315 2188 ist
3332 2165 3369 2186 an
3398 2157 3441 2186 der
3468 2157 3532 2193 Lage
3559 2158 3675 2189 Winter¬

2810 2196 2887 2228 thurs
2905 2195 3062 2231 mitschuldig
3087 2197 3142 2226 und
3160 2197 3254 2226 darum
3280 2197 3312 2231 ist
3339 2198 3401 2231 auch
3427 2198 3479 2232 sein
3508 2199 3617 2236 Beitrag
3636 2201 3676 2230 be¬

2811 2235 2927 2272 gründet.

2865 2277 3014 2312 Regierung
3044 2276 3099 2305 und
3127 2277 3309 2312 Kantonsrath
3340 2279 3421 2311 haben
3451 2279 3489 2309 die
3519 2280 3679 2315 Eisenbahn¬

2813 2316 2900 2351 politik
2918 2316 3098 2349 Winterthurs
3115 2318 3279 2353 gutgeheißen
3309 2319 3363 2348 und
3391 2319 3447 2352 sind
3464 2328 3521 2354 zum
3541 2321 3614 2355 Theil
3633 2321 3678 2356 für

2814 2358 2852 2387 die
2870 2357 2970 2392 Folgen
2999 2356 3123 2391 derselben
3152 2359 3364 2393 verantwortlich.
3413 2360 3474 2390 Wir
3500 2361 3594 2391 wollen
3612 2362 3679 2395 nicht

2816 2398 2877 2428 über
2895 2397 3016 2432 dieselben
3034 2405 3065 2433 zu
3084 2397 3198 2433 Gerichte
3216 2399 3303 2434 sitzen;
3331 2400 3381 2429 wir
3408 2400 3488 2434 haben
3514 2401 3567 2437 jetzt
3584 2402 3679 2437 einfach

2816 2447 2846 2474 zu
2863 2439 2954 2473 sagen:
2983 2446 3024 2468 wo
3041 2437 3266 2474 Verpflichtungen
3286 2441 3424 2475 vorliegen,
3452 2441 3485 2470 da
3511 2442 3612 2477 müssen
3630 2443 3683 2472 wir

2817 2479 2849 2512 sie
2866 2478 2993 2512 erfüllen;
3019 2478 3079 2507 aber
3106 2480 3156 2509 wir
3184 2480 3278 2509 wollen
3306 2481 3360 2510 eine
3382 2489 3446 2510 neue
3464 2481 3546 2517 Bahn
3563 2482 3682 2513 betreten.

2816 2519 2860 2554 In
2885 2518 2933 2548 den
2960 2518 3065 2553 Räthen
3092 2519 3147 2549 und
3176 2520 3205 2549 in
3230 2519 3273 2549 der
3299 2520 3533 2556 bundesräthlichen
3552 2523 3681 2559 Botschaft

2818 2560 2905 2590 wurde
2922 2559 2969 2593 auf
2987 2559 3025 2588 die
3043 2558 3185 2594 Mitschuld
3203 2561 3248 2590 des
3266 2560 3390 2591 Kantons
3402 2562 3496 2598 Zürich
3513 2563 3680 2600 hingewiesen

2818 2601 2872 2630 und
2891 2600 3008 2635 offenbar
3026 2602 3101 2629 unter
3120 2601 3350 2638 Berücksichtigung
3380 2602 3456 2636 dieser
3474 2603 3576 2638 Schuld
3593 2605 3686 2635 wurde

2818 2650 2879 2671 vom
2897 2640 3081 2675 Bundesrathe
3107 2641 3150 2671 der
3168 2642 3272 2676 Antheil
3300 2651 3344 2673 am
3362 2644 3504 2677 Darleihen
3522 2645 3552 2677 so
3570 2646 3627 2680 hoch
3646 2646 3686 2675 be¬

2820 2682 2921 2717 messen.
2957 2681 3001 2711 Es
3019 2680 3076 2716 sind
3093 2682 3152 2711 aber
3170 2684 3229 2715 auch
3248 2682 3358 2713 Gründe
3382 2684 3540 2720 finanzieller
3558 2685 3617 2721 Art,
3645 2686 3685 2716 die

2821 2726 2875 2753 uns
2904 2730 2948 2758 zur
2966 2722 3105 2756 Annahme
3131 2723 3177 2752 des
3194 2723 3449 2760 Bundesbeschlusses
3474 2725 3597 2762 bewegen.
3634 2727 3697 2757 Die

2820 2763 2964 2798 finanzielle
2975 2761 3146 2798 Konsequenz,
3166 2763 3204 2793 die
3221 2763 3265 2793 der
3273 2764 3397 2794 Konkurs
3412 2765 3591 2800 Winterthurs
3609 2768 3689 2803 hätte,

2823 2803 2891 2834 wäre
2910 2803 2958 2833 viel
2977 2802 3069 2838 größer
3086 2804 3129 2833 als
3147 2803 3191 2833 der
3208 2805 3306 2840 Betrag
3325 2805 3369 2835 des
3392 2806 3542 2840 Anleihens,
3571 2808 3618 2837 den
3644 2808 3689 2838 der

2823 2843 2929 2875 Kanton
2946 2843 2995 2877 auf
3013 2842 3056 2877 sich
3076 2844 3182 2878 nehmen
3194 2845 3267 2879 muß,
3286 2845 3340 2875 und
3352 2846 3392 2875 die
3404 2846 3502 2882 Folgen
3511 2855 3564 2877 von
3574 2848 3686 2879 Winter¬

2824 2885 2901 2919 thurs
2918 2883 3040 2915 Konkurs
3058 2883 3103 2918 für
3120 2884 3170 2914 das
3186 2885 3300 2919 Tößthal
3328 2886 3385 2921 sind
3412 2887 3438 2921 so
3456 2888 3605 2925 großartig,
3636 2889 3690 2924 daß

2825 2925 2863 2954 die
2880 2924 3001 2958 800,000
3018 2924 3064 2959 Fr.
3083 2924 3128 2960 fast
3147 2933 3195 2960 gar
3212 2926 3276 2959 nicht
3294 2927 3323 2956 in
3340 2927 3459 2962 Betracht
3477 2929 3600 2959 kommen.
3625 2930 3684 2960 Alle

2825 2965 2887 2998 diese
2905 2964 3017 2995 Gründe
3036 2964 3115 2999 haben
3133 2967 3173 2995 die
3190 2965 3363 3002 Kommission
3382 2976 3428 3004 zur
3439 2968 3633 3006 Ueberzeugung
3652 2979 3691 3006 ge¬

2825 3007 2915 3040 bracht,
2942 3006 2995 3040 daß
3023 3006 3066 3035 der
3084 3005 3185 3041 Boden,
3214 3008 3261 3037 den
3279 3008 3322 3037 der
3339 3009 3563 3045 Regierungsrath
3582 3011 3692 3041 betreten

2826 3047 2877 3081 hat,
2895 3046 2939 3076 der
2957 3046 3057 3082 richtige
3077 3046 3116 3081 sei,
3135 3047 3256 3083 diejenige
3273 3049 3373 3085 Lösung
3393 3050 3490 3087 bringe,
3517 3050 3556 3080 die
3575 3052 3692 3082 Winter¬

2828 3088 2887 3122 thur
2915 3090 2942 3117 es
2970 3087 3122 3123 ermöglicht,
3150 3089 3188 3118 bei
3214 3090 3278 3119 aller
3303 3090 3485 3126 Anstrengung
3514 3092 3599 3125 seinen
3626 3093 3694 3124 Ver¬

2828 3128 2999 3163 pflichtungen
3025 3128 3238 3164 nachzukommen,
3275 3130 3330 3160 und
3364 3130 3416 3166 daß
3443 3131 3486 3161 der
3504 3132 3687 3169 Kantonsrath

2828 3169 2967 3203 seinerseits
3000 3168 3037 3198 bei
3063 3168 3107 3198 der
3132 3169 3234 3206 Lösung
3263 3170 3306 3200 der
3335 3171 3420 3208 Frage
3447 3173 3582 3207 innerhalb
3612 3174 3695 3209 seiner

2830 3209 3012 3245 Kompetenzen
3029 3208 3128 3243 handle.

2884 3250 3051 3286 Einstimmig
3069 3249 3178 3285 beschloß
3195 3251 3292 3286 hierauf
3320 3251 3362 3282 der
3380 3253 3461 3289 Rath,
3489 3254 3535 3289 auf
3563 3255 3602 3285 die
3619 3256 3691 3286 Vor¬

2831 3292 2885 3327 lage
2902 3291 3061 3326 einzutreten.

2883 3331 2940 3361 Der
2946 3331 3007 3365 erste
3016 3331 3112 3362 Artikel
3120 3332 3265 3368 ermächtigt
3274 3333 3321 3363 den
3330 3334 3565 3372 Regierungsrath,
3575 3337 3698 3367 Namens

2830 3372 2874 3401 des
2892 3371 3016 3402 Kantons
3028 3372 3121 3408 Zürich
3137 3374 3188 3403 das
3196 3374 3271 3406 durch
3280 3375 3340 3405 Art.
3354 3375 3369 3404 1
3383 3374 3429 3405 des
3441 3376 3701 3413 Bundesbeschlusses

2831 3421 2891 3443 vom
2909 3413 2954 3442 21.
2971 3412 3111 3448 Dezember
3130 3415 3201 3444 1883
3220 3415 3371 3445 anerbotene
3390 3417 3445 3446 und
3464 3417 3556 3453 gemäß
3574 3419 3632 3449 Art.
3651 3419 3669 3448 2
3681 3428 3699 3447 e

2830 3454 2905 3487 durch
2928 3453 3227 3490 Bundesrathsbeschluß
3253 3464 3316 3486 vom
3343 3457 3388 3487 15.
3416 3457 3526 3492 Januar
3555 3459 3626 3489 1884
3652 3460 3701 3494 auf

2831 3493 2948 3528 800,000
2965 3493 3014 3529 Fr.
3032 3493 3169 3531 festgesetzte
3181 3496 3460 3531 Bundes-Darleihen,
3480 3499 3625 3534 verzinslich
3644 3500 3700 3529 und

2833 3534 2988 3569 rückzahlbar
3005 3535 3081 3568 durch
3099 3534 3132 3565 51
3153 3536 3317 3568 Annuitäten
3336 3546 3390 3568 von
3410 3538 3509 3575 28,000
3526 3539 3584 3576 Fr.,
3610 3548 3641 3576 zu
3659 3549 3701 3571 ac¬

2833 3575 2949 3610 ceptiren.

2887 3615 2956 3650 Nach
2974 3615 3035 3646 Art.
3053 3616 3071 3645 2
3092 3617 3156 3648 wird
3175 3618 3254 3652 dieses
3272 3619 3399 3654 Anleihen
3423 3619 3466 3650 der
3489 3619 3703 3657 Stadtgemeinde

2834 3656 2999 3692 Winterthur
3018 3657 3168 3693 abgetreten,
3188 3659 3274 3694 welche
3290 3659 3335 3694 für
3352 3660 3391 3689 die
3411 3661 3504 3691 Dauer
3521 3662 3567 3691 des
3579 3661 3703 3692 Bundes-¬

2835 3696 2997 3730 Darleihens
3016 3698 3067 3727 eine
3086 3698 3217 3730 Annuität
3235 3708 3287 3730 von
3307 3700 3407 3735 18,000
3419 3701 3465 3736 Fr.
3484 3701 3527 3735 für
3539 3701 3703 3738 Verzinsung

2836 3737 2890 3767 und
2909 3737 3100 3771 Amortisation
3117 3748 3152 3769 an
3181 3740 3227 3770 den
3246 3740 3330 3771 Staat
3348 3741 3442 3776 Zürich
3468 3749 3499 3777 zu
3517 3741 3631 3777 bezahlen
3651 3742 3705 3777 hat.

2894 3778 3104 3816 Finanzdirektor
3122 3780 3264 3816 Hauser
3284 3781 3425 3817 beleuchtete
3442 3782 3481 3811 bei
3499 3782 3589 3815 diesem
3606 3783 3704 3813 Artikel

2838 3819 2876 3848 die
2895 3819 3026 3855 Stellung
3044 3819 3089 3850 des
3108 3822 3359 3857 Regierungsrathes
3378 3831 3408 3858 zu
3427 3822 3599 3858 Winterthur,
3617 3824 3706 3853 indem

2839 3868 2866 3889 er
2884 3859 3012 3896 bemerkte,
3030 3860 3080 3894 daß
3098 3861 3142 3897 sich
3160 3862 3268 3896 derselbe
3296 3863 3344 3898 auf
3361 3863 3411 3893 den
3429 3863 3534 3899 gleichen
3553 3863 3647 3894 Boden
3665 3873 3703 3901 ge¬

2839 3900 2906 3934 stellt
2923 3900 2985 3935 habe
3004 3901 3051 3931 wie
3068 3901 3108 3932 die
3124 3903 3298 3937 Kommission
3316 3904 3371 3934 und
3388 3912 3443 3934 von
3460 3903 3505 3934 der
3521 3904 3624 3941 Ansicht
3641 3908 3708 3935 aus¬

2841 3949 2970 3977 gegangen
2990 3942 3032 3978 sei,
3050 3945 3078 3972 es
3098 3943 3157 3979 liege
3176 3945 3213 3974 im
3231 3944 3358 3980 Interesse
3376 3944 3580 3980 Winterthurs,
3599 3946 3650 3979 daß
3667 3946 3708 3976 die

368 4066 544 4120 Feuilleton
577 4063 693 4109 1884.

255 4173 419 4210 Zwölfter
447 4168 797 4205 Rathhausvortrag.

97 4226 174 4261 Prof.
193 4224 227 4261 H.
246 4224 427 4255 Steiner:
464 4223 522 4253 Der
545 4221 660 4256 Mythus
687 4218 725 4248 bei
754 4220 802 4248 den
820 4217 964 4253 Hebräern.

151 4268 209 4298 Der
227 4265 342 4301 Mythos
360 4281 395 4287 —
413 4265 463 4296 mit
491 4264 566 4296 dieser
597 4261 763 4298 allgemeinen
790 4259 964 4295 Betrachtung

96 4309 164 4339 leitet
182 4308 225 4337 der
243 4306 421 4343 Vortragende
440 4306 506 4341 seine
524 4304 693 4339 Darstellung
721 4301 763 4332 ein
782 4315 815 4322 —
834 4301 865 4335 ist
892 4301 965 4335 mehr

97 4350 143 4379 ein
160 4349 308 4379 nationales
326 4349 370 4379 als
388 4349 430 4378 ein
449 4346 580 4383 religiöses
597 4343 715 4380 Produkt
743 4341 796 4372 und
814 4342 879 4376 seine
898 4342 965 4372 Ent¬

97 4390 204 4425 stehung
222 4389 252 4422 ist
270 4388 347 4424 daher
363 4389 409 4423 auf
427 4388 485 4418 dem
502 4387 595 4418 Boden
623 4385 688 4420 jeder
706 4383 830 4419 Religion
848 4383 964 4419 möglich.

97 4431 167 4461 Eine
185 4428 319 4461 besonders
346 4430 434 4465 innige
461 4427 606 4464 Beziehung
637 4426 679 4460 hat
705 4424 750 4454 der
776 4423 889 4459 Mythos
920 4431 965 4458 zur

100 4471 224 4505 Sprache.
265 4470 409 4506 „Mythos"
444 4469 515 4503 selbst
547 4468 655 4498 bedeutet
685 4464 860 4501 ursprünglich
887 4463 965 4498 Rede,

101 4512 260 4548 Erzählung.
298 4512 337 4542 Er
354 4512 385 4547 ist
403 4512 445 4542 ein
463 4510 580 4547 Versuch,
599 4509 661 4539 über
680 4506 837 4542 interessante
855 4506 966 4540 Erschei¬

102 4560 208 4588 nungen
227 4552 255 4582 in
274 4552 436 4587 bestimmter,
455 4550 637 4585 bezeichnender
646 4548 727 4581 Weise
745 4555 775 4583 zu
792 4547 876 4577 reden.
896 4546 967 4580 Auch

100 4602 144 4624 wo
163 4593 212 4623 wir
230 4593 290 4627 noch
309 4601 360 4624 von
380 4594 427 4623 den
437 4592 642 4628 Erscheinungen
659 4591 744 4625 reden,
761 4588 793 4619 da
805 4588 904 4620 machen
917 4587 967 4617 wir

102 4635 138 4668 sie
156 4642 185 4670 zu
203 4633 346 4667 Subjekten
365 4634 424 4663 oder
443 4641 490 4669 gar
507 4641 539 4668 zu
556 4632 697 4668 Personen,
721 4630 770 4659 wir
788 4629 877 4665 sagen:
915 4627 968 4658 Die

102 4675 202 4705 Sonne
220 4674 366 4709 verscheucht
384 4674 434 4704 das
443 4674 550 4704 Dunkel
566 4674 609 4703 der
619 4672 708 4706 Nacht,
727 4671 770 4701 der
782 4670 862 4701 Wind
871 4669 969 4705 peitscht

101 4715 142 4744 die
160 4714 265 4745 Wolken
284 4722 311 4743 u.
331 4715 348 4748 s.
362 4724 395 4745 w.
413 4746 417 4750 .
431 4715 502 4746 Auch
520 4714 559 4743 die
567 4712 748 4749 geschlechtliche
757 4710 968 4748 Differenzirung

102 4758 147 4785 der
165 4754 278 4789 Sprache
307 4756 394 4790 gehört
414 4754 521 4790 hierher.
557 4753 658 4790 Früher
671 4761 727 4783 war
739 4752 797 4783 aber
807 4752 847 4782 die
856 4751 969 4786 Sprach¬

101 4797 211 4832 bildung
229 4795 290 4829 noch
308 4796 337 4826 in
365 4796 415 4826 viel
441 4795 547 4831 höherm
565 4795 653 4825 Grade
681 4803 734 4824 von
760 4793 804 4823 der
829 4792 970 4828 Phantasie

99 4836 242 4871 beeinflußt
254 4836 310 4866 und
321 4836 359 4866 die
368 4837 529 4871 sprachlichen
539 4836 744 4871 Bezeichnungen
754 4843 841 4866 waren
850 4834 970 4870 geradezu

100 4878 224 4907 Abbilder
242 4878 286 4907 der
298 4877 396 4914 Dinge,
414 4878 447 4911 sei
464 4880 493 4907 es
512 4885 578 4911 nun,
596 4876 647 4910 daß
656 4876 701 4911 für
713 4876 755 4906 ein
763 4876 840 4912 Ding
859 4875 969 4910 mehrere

98 4919 305 4955 Bezeichnungen
323 4918 366 4954 für
384 4919 423 4948 die
442 4918 569 4953 einzelnen
581 4917 677 4947 Seiten
687 4916 814 4952 desselben
833 4915 970 4953 geschaffen

96 4960 217 4995 wurden,
236 4960 268 4993 sei
286 4962 323 4995 es,
354 4960 404 4994 daß
421 4958 586 4994 überflüssige
604 4958 889 4994 Nebenbezeicknungen
906 4959 971 4987 aus¬

94 5000 208 5036 gelassen
227 5000 280 5031 und
298 5001 342 5031 der
360 5001 436 5037 übrig
463 4999 603 5036 gebliebene
631 4999 716 5029 Name
744 5000 789 5030 als
808 5000 970 5035 Eigenname

98 5041 211 5076 belassen
230 5043 327 5073 wurde.
363 5042 410 5073 So
428 5042 460 5077 ist
477 5041 521 5071 der
539 5040 662 5076 Mythos,
694 5049 742 5071 vor
759 5040 846 5071 Allem
873 5040 917 5070 der
935 5039 971 5073 so¬

96 5082 229 5118 genannte
246 5082 538 5118 Naturmythus
557 5081 597 5110 ein
609 5080 785 5117 Niederschlag
803 5082 848 5111 des
857 5080 971 5115 Sprach¬

99 5123 224 5158 prozesses
241 5123 323 5158 selbst.
366 5124 435 5158 Auch
463 5121 580 5157 Mythus
607 5121 663 5151 und
690 5122 804 5157 religiöse
830 5122 971 5156 Redeweise

99 5164 204 5199 hängen
222 5172 282 5201 enge
300 5166 454 5201 zusammen.
491 5164 536 5199 Ist
555 5163 594 5192 ein
611 5162 679 5193 Volk
697 5162 791 5197 lebhaft
808 5163 863 5193 und
875 5164 971 5197 heitern

101 5204 256 5240 Gemüthes,
285 5206 312 5240 so
341 5206 407 5237 wird
426 5206 471 5235 der
489 5204 606 5239 Mythus
630 5203 692 5238 auch
719 5204 748 5233 in
775 5205 819 5234 der
845 5204 972 5240 Religion

101 5245 282 5280 fortwachsen;
301 5247 332 5281 ist
350 5248 399 5278 das
408 5246 475 5278 Volk
494 5245 563 5281 ernst
580 5244 635 5274 und
647 5244 676 5274 in
689 5244 734 5279 sich
744 5244 846 5281 gekehrt,
866 5246 893 5278 so
905 5245 972 5275 wird

98 5287 165 5317 auch
190 5286 234 5315 der
259 5287 464 5324 Bildungstrieb
490 5288 537 5317 des
563 5285 681 5321 Mythus
707 5285 845 5320 schwächer.
900 5286 973 5322 Max

100 5326 209 5358 Müller
228 5331 325 5358 nannte
343 5330 437 5359 darum
455 5328 504 5358 den
516 5327 633 5363 Mythus
651 5326 700 5356 den
716 5326 826 5357 dunkeln
836 5327 970 5363 Schatten,

1011 4022 1060 4052 den
1079 4023 1117 4052 die
1137 4022 1251 4056 Sprache
1268 4023 1314 4057 auf
1332 4024 1379 4052 den
1390 4022 1527 4053 Gedanken
1542 4022 1620 4056 wirft.
1657 4023 1726 4055 Auch
1738 4023 1777 4052 die
1786 4022 1878 4058 Philo¬

1009 4062 1092 4097 sophie
1111 4063 1142 4098 ist
1160 4063 1201 4092 ein
1219 4062 1316 4098 Kampf
1334 4063 1379 4093 des
1401 4062 1556 4093 Gedankens
1583 4063 1631 4092 mit
1653 4062 1695 4092 der
1713 4063 1879 4100 Mythologie

1010 4102 1065 4132 und
1085 4103 1235 4139 umgekehrt,
1254 4112 1295 4134 wo
1314 4103 1351 4133 die
1372 4103 1608 4138 Gedankensprache
1634 4103 1698 4136 nicht
1726 4104 1797 4135 mehr
1815 4106 1880 4134 aus¬

1010 4143 1091 4176 reicht,
1109 4143 1142 4173 da
1161 4144 1225 4178 muß
1243 4143 1281 4175 die
1301 4144 1493 4180 mythologische
1510 4143 1654 4177 Redeweise
1671 4144 1812 4180 aushelfen.
1833 4144 1880 4175 So

1011 4184 1048 4214 im
1067 4183 1265 4219 Gnostizismus
1283 4185 1337 4216 und
1355 4185 1554 4221 Mystizismus.

1065 4227 1123 4258 Der
1141 4227 1452 4264 Kulturmythus
1471 4228 1526 4258 tritt
1545 4228 1592 4262 erst
1603 4228 1660 4263 auf,
1679 4236 1753 4259 wenn
1763 4230 1803 4259 ein
1813 4229 1881 4259 Volk

1012 4266 1060 4296 den
1078 4267 1143 4303 Weg
1163 4268 1242 4302 seiner
1260 4269 1438 4305 Entwicklung
1458 4269 1517 4301 nach
1535 4267 1676 4298 rückwärts
1702 4276 1731 4304 zu
1750 4269 1882 4305 verfolgen

1012 4307 1086 4341 sucht.
1123 4308 1163 4337 Er
1181 4308 1237 4338 will
1254 4309 1291 4339 die
1310 4309 1385 4344 Kluft
1404 4308 1578 4343 überbrücken,
1610 4308 1697 4343 welche
1723 4309 1763 4339 die
1780 4309 1882 4346 Gegen¬

1013 4349 1080 4378 wart
1097 4356 1150 4378 von
1169 4349 1211 4379 der
1229 4349 1432 4386 Vergangenheit
1450 4351 1537 4379 trennt
1565 4349 1619 4379 und
1647 4349 1707 4383 füllt
1734 4350 1772 4380 die
1791 4350 1883 4381 Lücken

1012 4388 1057 4417 des
1076 4388 1191 4423 Wissens
1209 4390 1258 4420 mit
1276 4391 1321 4421 der
1338 4390 1479 4425 Phantasie
1496 4393 1557 4420 aus.
1593 4390 1652 4420 Der
1674 4389 1882 4427 Kulturmythus

1013 4429 1043 4463 ist
1062 4429 1104 4459 ein
1122 4430 1152 4459 in
1172 4430 1407 4467 Erzählungsform
1435 4431 1577 4467 gekleideter
1601 4430 1721 4461 Gedanke
1749 4433 1813 4467 ohne
1842 4434 1883 4463 be¬

1013 4469 1124 4503 stimmte
1144 4470 1279 4507 historische
1292 4473 1472 4509 Erinnerung.
1490 4472 1592 4502 Natur-
1604 4473 1661 4502 und
1676 4472 1883 4509 Kulturmythus

1014 4510 1113 4541 können
1131 4514 1191 4544 auch
1209 4512 1238 4542 in
1258 4514 1378 4544 einander
1396 4513 1545 4549 übergehen.
1582 4513 1628 4543 So
1639 4512 1740 4544 werden
1756 4514 1884 4550 solarische

1014 4551 1117 4587 Mächte
1135 4560 1166 4587 zu
1183 4552 1290 4588 Helden,
1322 4555 1359 4584 die
1386 4563 1465 4591 gegen
1495 4554 1532 4584 die
1562 4554 1640 4586 rohen
1670 4554 1884 4592 Naturgewalten

1015 4592 1147 4627 kämpfen!
1184 4594 1274 4626 Dieser
1296 4595 1347 4625 Art
1375 4595 1407 4630 ist
1434 4595 1480 4625 der
1508 4595 1645 4631 griechische
1673 4594 1802 4633 Herakles,
1841 4598 1886 4628 der

1014 4633 1165 4669 phönizische
1182 4634 1305 4671 Melkart,
1324 4638 1366 4666 der
1384 4635 1518 4671 hebräische
1536 4635 1661 4669 Simson.

1070 4675 1146 4710 Diese
1165 4677 1334 4712 allgemeinen
1351 4678 1464 4714 Umrisse
1495 4677 1551 4713 sind
1582 4686 1639 4707 nun
1670 4678 1715 4714 auf
1743 4679 1792 4709 das
1817 4679 1886 4715 heb¬

1015 4715 1152 4750 räische
1171 4716 1263 4747 Volk
1281 4719 1463 4754 anzuwenden.
1500 4719 1543 4755 Zu
1564 4719 1701 4753 erwähnen
1719 4720 1750 4755 ist
1768 4720 1820 4755 hier
1839 4729 1887 4752 vor

1015 4756 1102 4785 Allem
1120 4757 1166 4786 des
1185 4756 1304 4793 jüngsten
1323 4759 1471 4794 Versuches,
1499 4760 1536 4789 die
1564 4759 1610 4794 aus
1638 4760 1754 4793 arischem
1782 4761 1888 4792 Gebiete

1016 4797 1187 4832 gehandhabte
1204 4798 1328 4833 Methode
1346 4801 1407 4835 auch
1432 4801 1480 4834 auf
1506 4801 1555 4831 das
1584 4801 1717 4836 hebräische
1734 4802 1809 4839 Volk,
1840 4811 1889 4834 vor

1015 4837 1104 4868 Allem
1121 4838 1170 4873 auf
1186 4838 1225 4869 die
1244 4839 1380 4876 Geschichte
1398 4841 1441 4871 der
1461 4842 1584 4878 Erzväter
1601 4843 1784 4877 anzuwenden.
1810 4844 1888 4878 Diese

1016 4878 1152 4913 Geschichte
1172 4880 1217 4912 soll
1236 4881 1278 4910 ein
1296 4890 1342 4917 zur
1361 4883 1514 4913 nationalen
1523 4883 1600 4919 Sage
1612 4884 1774 4920 gewordener
1786 4884 1889 4916 Natur¬

1017 4920 1126 4956 mythus
1143 4920 1203 4954 sein.
1241 4921 1305 4952 Das
1324 4922 1500 4958 Hauptthema
1530 4924 1563 4959 ist
1581 4925 1641 4958 auch
1660 4924 1713 4960 hier
1730 4926 1774 4955 der
1790 4926 1889 4962 Kampf

1015 4961 1130 4999 zwischen
1148 4961 1212 4996 Licht
1243 4966 1298 4993 und
1326 4963 1486 5000 Finsterniß.
1520 4965 1591 5000 Nach
1621 4965 1699 5000 dieser
1728 4967 1889 5004 Auffassung

1017 5003 1086 5033 wäre
1103 5002 1205 5033 Abram
1222 5002 1267 5034 der
1286 5004 1484 5043 Nachthimmel,
1501 5006 1582 5041 Isaak
1599 5007 1642 5038 der
1662 5007 1799 5042 leuchtende
1820 5009 1889 5046 Tag,

1016 5043 1110 5078 Sarah
1128 5043 1172 5073 der
1190 5044 1289 5081 Mond,
1307 5046 1398 5082 Hagar
1416 5047 1456 5077 die
1469 5047 1578 5083 Sonne,
1596 5048 1645 5079 Lea
1658 5048 1696 5078 die
1705 5050 1890 5086 untergehende

1017 5086 1123 5119 Sonne,
1142 5084 1234 5119 Rachel
1252 5087 1291 5116 die
1309 5087 1427 5123 Wolken,
1444 5088 1519 5124 Josef
1536 5089 1583 5119 der
1601 5089 1691 5126 Regen
1700 5097 1727 5120 u.
1737 5091 1756 5126 s.
1767 5099 1800 5121 w.
1818 5092 1890 5122 Aber

1016 5126 1079 5161 diese
1096 5126 1224 5162 Deutung
1243 5126 1287 5157 der
1304 5128 1410 5159 Namen
1428 5130 1460 5162 ist
1479 5130 1543 5164 nicht
1562 5131 1615 5161 klar
1640 5132 1695 5161 und
1722 5132 1788 5167 nicht
1814 5133 1890 5168 noth¬

1018 5168 1118 5203 wendig
1136 5168 1191 5197 und
1209 5170 1238 5197 es
1257 5169 1288 5203 ist
1307 5169 1371 5204 nicht
1398 5171 1603 5207 wahrscheinlich,
1630 5172 1683 5207 daß
1709 5172 1748 5203 die
1775 5173 1890 5209 Hebräer

1018 5209 1080 5244 diese
1097 5208 1212 5245 Figuren
1232 5208 1261 5239 in
1279 5209 1369 5245 diesem
1388 5210 1481 5241 Sinne
1499 5212 1649 5247 verstanden
1669 5213 1757 5247 haben.

1075 5249 1166 5283 Schon
1185 5249 1237 5284 ihre
1247 5248 1364 5285 Sprache
1382 5251 1413 5284 ist
1432 5260 1462 5287 zu
1482 5252 1625 5288 derartigen
1635 5253 1892 5290 Mythenbildungen

1020 5291 1088 5326 nicht
1103 5291 1222 5327 geeignet.
1258 5290 1314 5326 Ihr
1332 5291 1412 5328 Stoff
1438 5293 1471 5328 ist
1489 5292 1598 5327 spröder,
1625 5294 1681 5328 ihre
1706 5293 1892 5329 Wortstämme

1020 5332 1123 5368 einfach,
1141 5331 1180 5361 die
1197 5331 1385 5369 Wortbildung
1410 5333 1477 5369 folgt
1505 5333 1664 5369 bestimmten
1693 5335 1817 5371 einfachen
1835 5336 1891 5367 Ge¬

1925 4029 2005 4064 setzen.
2041 4029 2094 4060 Die
2114 4028 2215 4064 meisten
2235 4029 2414 4065 Eigennamen
2434 4029 2515 4064 haben
2533 4029 2584 4064 ihre
2605 4030 2792 4066 ursprüngliche

1925 4070 2077 4105 Bedeutung
2097 4069 2262 4105 beibehalten,
2280 4070 2335 4099 eine
2347 4069 2508 4106 Umbildung
2521 4078 2572 4100 von
2585 4069 2794 4101 Gemeinnamen

1926 4111 1954 4141 in
1972 4111 2122 4146 persönliche
2141 4111 2322 4147 Eigennamen
2341 4112 2371 4146 ist
2390 4119 2444 4141 nur
2467 4112 2497 4141 in
2516 4111 2692 4146 beschränktem
2711 4113 2795 4146 Maße

1925 4151 2040 4187 zulässig.
2076 4151 2147 4184 Auch
2165 4151 2204 4182 die
2222 4152 2399 4188 Polyonymie
2418 4152 2450 4188 ist
2466 4152 2565 4187 dürftig
2583 4153 2724 4183 entwickelt.
2750 4153 2796 4183 So

1926 4192 1969 4222 bot
1986 4192 2025 4221 die
2044 4192 2160 4227 Sprache
2179 4192 2251 4229 selbst
2271 4193 2313 4223 bis
2332 4193 2376 4228 auf
2395 4194 2470 4223 einen
2488 4193 2605 4228 gewissen
2626 4192 2705 4224 Grad
2723 4194 2797 4224 einen

1927 4232 2030 4263 Damm
2049 4241 2127 4269 gegen
2145 4232 2184 4263 die
2197 4233 2388 4270 Vergötterung
2407 4233 2451 4263 der
2463 4234 2561 4264 Natur.
2599 4233 2687 4265 Einen
2697 4234 2797 4265 Natur¬

1927 4273 2033 4308 mythus
2052 4273 2080 4302 in
2100 4273 2158 4303 dem
2177 4274 2271 4304 Sinne
2302 4274 2349 4304 des
2378 4274 2443 4304 oben
2473 4274 2640 4310 angeführten
2670 4274 2798 4309 Beispiels

1928 4314 2007 4348 haben
2026 4313 2082 4348 also
2100 4313 2139 4344 die
2157 4314 2272 4351 Hebräer
2290 4315 2364 4351 nicht,
2394 4314 2453 4347 doch
2480 4314 2561 4350 haben
2588 4314 2650 4351 auch
2677 4316 2710 4350 sie
2737 4315 2799 4349 diese

1928 4354 2187 4391 Vorstellungsweise
2210 4355 2405 4392 durchgemacht.
2442 4355 2569 4391 Mythisch
2596 4356 2627 4390 ist
2657 4364 2677 4392 z.
2696 4356 2732 4387 B.
2761 4357 2800 4386 die

1928 4395 2082 4432 Schöpfung
2111 4396 2156 4426 des
2174 4396 2278 4427 Weibes
2314 4400 2367 4426 aus
2402 4396 2446 4426 der
2472 4397 2557 4432 Rippe
2593 4396 2640 4427 des
2669 4397 2800 4427 Mannes.

1927 4435 2045 4470 Knochen
2065 4436 2126 4467 oder
2144 4436 2245 4468 Gebein
2265 4438 2394 4474 bezeichnet
2413 4438 2474 4468 eben
2492 4437 2553 4472 auch
2571 4437 2620 4468 das
2632 4437 2722 4473 Wesen
2740 4438 2800 4468 oder

1929 4474 1967 4507 die
1985 4477 2121 4514 Substanz
2149 4478 2194 4509 des
2222 4479 2368 4514 Menschen.
2405 4479 2488 4514 Jener
2519 4479 2637 4514 Mythus
2664 4480 2720 4508 will
2747 4479 2801 4514 also

1929 4518 2011 4554 sagen,
2030 4518 2082 4553 daß
2101 4518 2141 4548 die
2158 4518 2234 4555 Frau
2253 4520 2360 4556 gleichen
2377 4519 2486 4554 Wesens
2506 4520 2554 4549 mit
2571 4520 2629 4549 dem
2641 4521 2747 4550 Manne
2760 4520 2803 4555 sei.

1929 4558 2057 4593 Mythisch
2076 4560 2107 4594 ist
2126 4560 2211 4594 ferner
2230 4561 2269 4590 die
2286 4560 2442 4597 Schöpfung
2461 4560 2506 4591 des
2520 4561 2656 4596 Menschen
2673 4564 2727 4591 aus
2746 4561 2803 4592 dem

1930 4601 2067 4632 Erdboden
2087 4610 2115 4632 u.
2134 4602 2153 4637 s.
2171 4610 2205 4633 w.

1985 4640 2029 4670 An
2049 4641 2092 4671 der
2110 4641 2260 4678 Phantasie,
2292 4642 2377 4678 welche
2396 4642 2575 4677 Menschliches
2593 4642 2640 4676 auf
2658 4643 2697 4673 die
2715 4642 2804 4673 Natur

1932 4682 2074 4718 überträgt,
2092 4682 2144 4718 fehl
2162 4686 2191 4713 es
2219 4685 2268 4713 den
2296 4683 2451 4718 hebräischen
2475 4684 2598 4717 Dichtern
2627 4684 2700 4719 nicht.
2735 4684 2805 4713 Aber

1932 4723 2040 4756 dadurch
2058 4723 2138 4753 allein
2157 4724 2224 4754 wird
2243 4724 2303 4758 noch
2322 4724 2375 4754 kein
2393 4724 2514 4760 Mythus
2539 4726 2645 4761 erzeugt.
2681 4724 2805 4761 Dagegen

1932 4765 2048 4794 erinnert
2066 4764 2117 4794 das
2127 4765 2199 4799 Buch
2208 4765 2278 4801 Hiob
2296 4765 2346 4795 mit
2364 4765 2458 4799 seinem
2467 4765 2604 4799 Leviathan
2623 4773 2659 4795 an
2676 4764 2806 4801 mythische

1933 4804 2051 4835 Gebilde.
2087 4805 2159 4839 Auch
2177 4806 2215 4835 die
2233 4806 2465 4842 Ausdrucksweise,
2493 4806 2578 4840 welche
2607 4805 2675 4836 Gott
2702 4806 2807 4839 mensch¬

1933 4847 1990 4880 liche
2009 4845 2122 4880 Gestalt,
2142 4847 2295 4883 menschliche
2314 4848 2504 4883 Eigenschaften
2532 4847 2586 4877 und
2604 4847 2735 4883 Zustände
2757 4846 2808 4876 bei¬

1933 4889 1992 4924 legt,
2011 4886 2079 4917 kann
2096 4888 2141 4917 als
2159 4889 2278 4924 mythisch
2287 4888 2416 4925 bezeichnet
2426 4890 2537 4919 werden.
2571 4888 2680 4925 Freilich
2697 4888 2742 4924 hat
2757 4889 2807 4918 das

1934 4928 2067 4963 hebräische
2093 4928 2262 4964 Bewußtsein
2288 4930 2349 4964 auch
2375 4930 2473 4960 reinere
2499 4930 2555 4959 und
2582 4930 2708 4966 geistigere
2737 4929 2809 4959 Aus¬

1933 4968 2017 5000 drücke
2036 4969 2079 5004 für
2097 4971 2149 5000 das
2158 4969 2249 5004 Wesen
2260 4970 2356 5002 Gottes
2374 4971 2512 5007 gefunden,
2528 4971 2587 5001 aber
2604 4970 2644 5001 die
2656 4970 2807 5005 mythischen

1935 5010 1989 5040 und
2006 5009 2103 5040 darum
2123 5011 2363 5047 volksthümlichern
2381 5012 2471 5047 laufen
2492 5012 2606 5042 daneben
2625 5011 2676 5048 her.
2709 5011 2811 5045 Gleich¬

1935 5051 1999 5087 falls
2028 5051 2197 5087 menschlicher
2214 5053 2344 5088 Analogie
2371 5052 2541 5088 entstammen
2567 5052 2606 5082 die
2634 5052 2810 5088 Bezeichnung

1934 5092 2034 5123 Gottes
2052 5094 2096 5123 als
2116 5093 2188 5124 eines
2207 5093 2311 5130 Königs
2329 5093 2384 5124 und
2395 5094 2478 5128 seines
2485 5094 2647 5130 Hofstaates,
2666 5095 2709 5124 der
2720 5094 2813 5130 Engel,

1934 5134 1979 5164 als
1996 5132 2094 5167 Söhne
2113 5133 2220 5165 Gottes.
2259 5135 2350 5169 Selbst
2374 5135 2477 5171 Satan,
2513 5136 2583 5165 einer
2610 5135 2686 5170 dieser
2717 5135 2812 5171 Engel,

1934 5175 1975 5205 ein
1993 5174 2078 5209 Feind
2096 5174 2143 5205 des
2161 5175 2308 5212 Menschen,
2327 5177 2358 5212 ist
2376 5177 2430 5206 eine
2449 5177 2577 5212 poetische,
2601 5176 2666 5212 nicht
2685 5177 2739 5207 eine
2756 5177 2816 5207 reli¬

1934 5215 2000 5252 giöse
2027 5215 2123 5252 Figur.
2170 5216 2225 5248 Ein
2258 5217 2349 5253 bloßes
2375 5217 2503 5253 Symbol
2538 5218 2600 5253 ohne
2628 5218 2741 5254 religiöse
2767 5218 2817 5248 Be¬

1935 5258 2050 5291 deutung
2068 5256 2126 5291 sind
2143 5257 2188 5288 der
2201 5257 2306 5293 Cherub
2324 5257 2384 5288 oder
2396 5258 2437 5288 die
2446 5258 2598 5293 Cherubim,
2616 5258 2666 5289 das
2678 5258 2818 5299 Fahrzeug

1935 5296 2041 5331 Gottes,
2060 5297 2153 5327 womit
2170 5306 2198 5328 er
2215 5298 2293 5335 durch
2310 5298 2352 5329 die
2368 5299 2442 5335 Lüfte
2460 5299 2539 5335 fährt,
2566 5299 2590 5329 d.
2619 5300 2639 5331 i.
2656 5299 2700 5330 die
2721 5299 2818 5334 Wolke.

1936 5338 1989 5369 Als
2008 5337 2160 5374 geflügeltes
2178 5338 2272 5374 Wesen
2291 5339 2359 5370 wird
2377 5339 2419 5370 der
2434 5340 2544 5375 Cherub
2563 5340 2660 5375 sodann
2673 5349 2731 5377 zum
2740 5340 2819 5376 Thier

2841 4032 2894 4061 und
2914 4032 3046 4068 schließlich
3075 4034 3119 4064 als
3141 4035 3282 4070 Cherubim
3310 4035 3371 4065 über
3399 4035 3443 4065 der
3471 4035 3638 4066 Bundeslade
3664 4036 3708 4066 der

2842 4072 3021 4109 unbewegliche
3039 4074 3137 4111 Träger
3155 4076 3199 4105 der
3216 4076 3349 4111 göttlichen
3367 4076 3503 4110 Majestät.

2895 4113 2962 4143 Was
2993 4114 3033 4149 die
3061 4116 3188 4149 zweite
3217 4116 3389 4152 Hauptform,
3421 4117 3469 4146 den
3499 4117 3713 4153 Kulturmythus,

2842 4153 2947 4190 betrifft,
2973 4155 3001 4189 so
3030 4155 3090 4191 liegt
3118 4157 3222 4191 derselbe
3250 4157 3427 4191 insbesondere
3454 4158 3483 4188 in
3511 4158 3557 4188 den
3578 4159 3611 4194 elf
3629 4159 3710 4195 ersten

2843 4195 2962 4230 Kapiteln
2980 4196 3025 4226 der
3043 4196 3151 4231 Genesis
3170 4198 3224 4228 und
3241 4206 3308 4234 zwar
3327 4199 3355 4234 in
3377 4200 3465 4234 zwei
3490 4199 3712 4235 Haupttypen

2844 4245 2899 4266 vor.
2941 4237 2999 4267 Der
3026 4238 3086 4272 erste
3112 4239 3280 4274 Haupttypus
3311 4240 3342 4273 ist
3371 4240 3415 4270 ein
3445 4239 3520 4271 Werk
3546 4242 3591 4271 der
3619 4241 3712 4277 Phan¬

2845 4277 2904 4312 tasie
2932 4277 2985 4307 und
3014 4277 3056 4307 der
3084 4278 3225 4313 dichtenden
3243 4279 3389 4316 Volkssage,
3419 4280 3461 4310 der
3478 4281 3561 4316 zweite
3574 4282 3616 4312 ein
3634 4282 3711 4313 Werk

2845 4318 2890 4347 des
2920 4318 3075 4352 Verstandes
3103 4320 3156 4350 und
3184 4320 3227 4350 der
3256 4321 3435 4355 priesterlichen
3460 4322 3610 4353 Tradition.
3638 4323 3712 4359 Zum

2846 4358 2925 4392 ersten
2943 4359 3038 4394 Typus
3054 4359 3140 4396 gehört
3167 4360 3206 4390 die
3224 4360 3397 4395 Stammtafel
3416 4362 3464 4392 mit
3489 4361 3532 4392 der
3561 4364 3713 4398 mythischen

2846 4398 3016 4435 Darstellung
3051 4399 3094 4429 der
3129 4400 3249 4437 Anfänge
3289 4401 3456 4436 menschlicher
3488 4402 3597 4434 Kultur.
3651 4404 3713 4435 Aus

2847 4440 2984 4475 Anfängen
3002 4440 3058 4474 sind
3076 4440 3129 4475 hier
3146 4442 3281 4478 Ansänger
3298 4443 3442 4478 geworden.
3478 4443 3531 4474 Die
3549 4446 3611 4480 erste
3628 4445 3714 4479 Stufe

2848 4479 2923 4510 bildet
2941 4481 2989 4510 das
2998 4480 3207 4513 Nomadenleben
3225 4483 3280 4512 und
3297 4484 3348 4515 mit
3364 4483 3421 4519 ihm
3438 4484 3477 4514 die
3495 4485 3610 4517 bildende
3621 4486 3716 4524 Kunst,

2848 4521 2932 4556 Jabal
2948 4521 3002 4551 und
3020 4522 3107 4558 Jubal
3125 4523 3180 4553 und
3197 4523 3275 4560 Kain,
3293 4524 3317 4555 d.
3328 4525 3352 4560 h.
3371 4525 3416 4555 der
3434 4525 3563 4561 Schmied.
3582 4527 3625 4563 In
3644 4527 3718 4558 Kain

2849 4562 2903 4592 und
2921 4562 2985 4592 Abel
3003 4564 3081 4593 treten
3101 4564 3146 4600 sich
3163 4564 3207 4594 der
3226 4564 3344 4595 Nomade
3362 4566 3418 4595 und
3436 4566 3479 4596 der
3492 4566 3652 4600 Ackerbauer,
3672 4569 3717 4599 der

2850 4603 2966 4633 Beduine
2990 4604 3045 4634 und
3067 4604 3111 4635 der
3135 4605 3225 4641 Fellah
3243 4606 3392 4642 gegenüber.
3429 4607 3520 4641 Dieser
3537 4608 3608 4640 Kain
3625 4610 3657 4644 ist
3674 4610 3717 4640 ein

2850 4644 3034 4680 Dopelgänger
3062 4644 3134 4680 jenes
3159 4646 3267 4676 andern.
3304 4647 3372 4678 Eine
3404 4648 3535 4682 besondere
3565 4649 3642 4680 Seite
3672 4652 3719 4680 des

2851 4684 3004 4714 Ackerbaues
3028 4685 3128 4716 vertritt
3144 4686 3223 4722 Noah
3246 4686 3290 4717 der
3307 4688 3475 4719 Weinbauer.
3511 4689 3564 4720 Die
3583 4690 3720 4726 Geschichte

2851 4725 2944 4761 Noahs
2961 4726 2991 4760 ist
3010 4726 3188 4763 ursprünglich
3207 4728 3323 4764 offenbar
3341 4729 3395 4759 eine
3409 4729 3572 4767 Fortsetzung
3591 4731 3637 4762 des
3654 4732 3719 4762 vier¬

2852 4769 2894 4796 ten
2911 4766 3031 4800 Kapitels
3057 4766 3102 4798 der
3121 4768 3248 4804 Genesis;
3278 4769 3316 4800 die
3334 4770 3428 4800 andere
3446 4770 3554 4807 Gestalt,
3572 4773 3611 4802 die
3629 4773 3658 4803 in
3676 4772 3721 4803 der

2853 4806 3029 4843 Verfluchung
3047 4807 3175 4839 Kanaans
3201 4810 3297 4846 gipfelt,
3323 4810 3411 4846 gehört
3439 4811 3521 4841 einem
3538 4813 3649 4843 anderen
3668 4812 3722 4843 Ge¬

2853 4847 3021 4882 dankenkreise
3039 4856 3083 4879 an.

2908 4888 2974 4919 Eine
3001 4890 3100 4921 weitere
3118 4890 3203 4928 Frage
3230 4900 3287 4922 war
3307 4901 3364 4922 nun
3381 4891 3440 4922 die:
3476 4892 3591 4924 Warum
3609 4894 3665 4929 sind
3683 4894 3727 4926 die

2855 4929 2990 4963 Menschen
3009 4930 3074 4965 nicht
3092 4932 3234 4969 gleichartig
3253 4933 3379 4970 geblieben
3398 4934 3455 4964 und
3473 4941 3577 4964 warum
3596 4936 3721 4970 verstehen

2856 4971 2888 5006 sie
2914 4971 2961 5006 sich
2986 4972 3054 5006 nicht
3079 4973 3174 5008 mehr?
3211 4974 3264 5004 Die
3282 4974 3405 5005 Antwort
3429 4975 3526 5010 ertheilt
3542 4975 3588 5006 der
3604 4976 3724 5012 Mythus

2858 5020 2918 5042 vom
2946 5013 3136 5048 babylonischen
3153 5015 3265 5050 Thurm.
3302 5015 3360 5046 Der
3383 5015 3484 5051 kühnste
3502 5015 3583 5051 Wurf
3601 5016 3660 5047 aber
3678 5020 3725 5048 des

2858 5054 2976 5090 Mythus
2994 5054 3098 5089 bestand
3116 5056 3201 5089 darin,
3229 5056 3280 5092 daß
3298 5065 3324 5086 er
3341 5056 3390 5087 das
3408 5057 3556 5093 allgemeine
3576 5058 3724 5093 Menschen¬

2859 5097 2919 5126 loos
2937 5103 2967 5132 zu
2983 5096 3097 5127 erklären
3116 5097 3245 5131 versuchte.
3279 5098 3343 5128 Das
3360 5099 3443 5134 zweite
3460 5097 3516 5128 und
3534 5099 3572 5129 die
3592 5099 3727 5136 folgenden

2861 5136 2963 5172 Kapitel
2988 5136 3034 5167 der
3052 5137 3160 5174 Genesis
3187 5138 3279 5174 führen
3306 5139 3356 5169 das
3373 5139 3457 5170 Elend
3486 5139 3540 5169 und
3557 5139 3599 5171 die
3615 5140 3728 5175 Mühsal

2862 5177 2907 5207 des
2925 5178 3097 5214 menschlichen
3116 5179 3212 5209 Lebens
3229 5179 3275 5214 auf
3293 5179 3331 5209 die
3350 5180 3512 5215 Erkenntniß
3529 5181 3622 5216 zurück,
3642 5181 3730 5215 welche

2864 5218 2932 5249 Gott
2949 5219 3023 5256 gleich
3048 5227 3077 5255 zu
3095 5219 3148 5255 sein
3164 5221 3262 5255 wähnt,
3289 5220 3349 5251 aber
3375 5221 3456 5251 darob
3484 5221 3532 5251 den
3548 5221 3657 5258 Frieden
3685 5222 3732 5251 der

2865 5259 2943 5290 Seele
2960 5260 3015 5291 und
3034 5259 3072 5290 die
3090 5260 3215 5297 Unschuld
3235 5261 3280 5292 des
3298 5262 3410 5298 Herzens
3432 5262 3542 5292 verliert.
3579 5263 3645 5293 Eine
3663 5262 3729 5296 weh¬

2865 5301 3156 5339 müthig-pessimistische
3171 5302 3334 5339 Stimmung
3361 5302 3451 5338 spricht
3475 5303 3522 5338 sich
3544 5302 3573 5333 in
3592 5302 3660 5337 jener
3678 5302 3732 5334 Er¬

2865 5342 2974 5379 zählung
2991 5345 3053 5374 aus.
