2736 3484
226 29 522 77 Pränumeration.

163 100 448 135 Jährlich...
457 100 505 127 .6
513 100 526 124 i
535 98 590 132 Dtz.

165 136 523 170 Halbjährlich.32
536 135 594 168 Btz.

198 496 478 542 Sonnabend

2107 23 2508 70 Insertions-Gebühren.

2080 97 2138 126 Die
2161 97 2230 127 Zeile
2251 98 2266 122 ü
2286 92 2532 126 Zurcher-Kreuz»«.

2086 134 2180 166 Briefe
2197 133 2252 165 »uh
2277 131 2375 160 Gelder
2399 129 2531 161 franco.

369 201 869 377 '^eue

1208 486 1322 538 Nro.
1358 484 1452 540 28.

821 618 930 655 (Druck
958 618 1011 648 und
1041 617 1148 654 Verlag
1176 621 1229 646 von
1256 613 1378 650 Orell,
1394 613 1510 650 .Fiißli
1535 611 1591 645 Und
1620 612 1867 655 Compagnie.)

2039 491 2115 530 den
2142 490 2180 531 6.
2206 492 2337 536 April
2371 495 2505 536 1833.

408 755 701 791 Schweizerische
733 754 1098 791 Eidgenossenschaft.

235 808 468 845 Tagsatzung.
522 800 578 831 Die
598 800 795 834 Kommission,
829 800 922 831 welche
942 806 1032 836 wegen
1054 799 1101 828 den
1123 798 1330 836 Baslerangele¬

177 864 217 891 ge,
220 856 310 888 iheiken
333 847 506 884 niedergeseht
527 845 558 877 ist
573 867 582 881 ,
606 848 676 878 häkle
698 846 770 874 einen
793 845 903 877 Bericht
924 845 1080 882 eingegebe»
1095 865 1104 878 ,
1126 845 1171 874 -er
1192 852 1233 873 am
1253 847 1283 875 3.
1305 843 1332 873 in

175 901 336 931 Berathung
357 894 425 926 kam,
449 891 502 920 und
525 890 559 920 im
582 890 771 923 Wesentlichen
793 889 873 923 dahin
895 890 983 926 ging,
1014 890 1064 923 daß
1087 890 1137 924 ste,
1167 890 1191 922 so
1212 890 1271 918 bald
1294 888 1332 917 die

176 942 314 972 Umstände
335 939 383 973 stch
406 937 474 974 dazu
495 936 630 974 eigneten,
652 933 714 965 über
731 936 772 965 die
785 935 1052 973 Hauptgegensiände
1066 935 1195 967 derselben
1209 935 1334 971 Anträge

177 989 286 1024 bringen
307 982 412 1019 werde,
444 980 602 1016 einstweilen
622 981 683 1009 aber
705 981 800 1015 darauf
819 985 952 1017 antrage,
981 981 1019 1010 die
1039 988 1090 1010 von
1113 981 1210 1015 beyden
1234 980 1333 1011 Seiten

176 1036 390 1072 eingegangenen
421 1026 606 1060 Bittschriften
633 1024 669 1051 ad
696 1034 759 1053 acta
790 1033 822 1061 zu
851 1027 948 1063 legen,
981 1025 1040 1055 weil
1067 1026 1098 1060 ste
1131 1026 1192 1060 doch
1221 1034 1271 1055 nur
1292 1025 1334 1053 als

178 1081 339 1114 Symptome
359 1074 402 1104 der
423 1072 560 1108 Stellung
581 1072 608 1100 in
629 1070 761 1106 einzelnen
783 1071 948 1102 Gemeinden
969 1071 1057 1107 seyen.
1096 1072 1217 1109 Luzern.
1240 1071 1331 1105 Thur¬

178 1129 230 1163 gau
252 1122 304 1152 und
331 1117 595 1153 Basel-Landschaft
621 1118 716 1152 trugen
745 1124 800 1147 nun
821 1116 917 1151 darauf
942 1124 997 1151 an,
1034 1116 1074 1145 die
1102 1116 1278 1150 Kommission
1301 1123 1333 1152 zu

176 1168 368 1202 beförderlicher
390 1163 515 1201 Eingabe
537 1162 606 1191 eine»
627 1163 784 1199 Anträge«,
806 1162 854 1192 wie
875 1162 916 1191 die
935 1161 1082 1196 Beschlüsse
1095 1168 1155 1191 vom
1180 1163 1226 1192 14.
1243 1161 1331 1195 Sept.

178 1216 231 1245 und
254 1217 282 1243 5.
302 1212 370 1244 Okt.
393 1211 479 1245 letzten
501 1209 605 1244 Jahre«
625 1207 654 1237 in
674 1207 857 1245 Vollziehung
878 1208 965 1245 gesetzt
985 1206 1088 1237 werden
1109 1207 1244 1243 könnten,
1278 1206 1335 1235 ein-

178 1260 297 1297 ziiladen.
352 1257 472 1294 Zugleich
503 1257 572 1288 hatte
600 1253 642 1282 der
663 1253 808 1288 Präsident
828 1253 882 1283 eine
903 1252 1119 1290 Korrespondenz
1139 1258 1192 1283 von
1213 1252 1256 1282 der
1278 1252 1333 1282 Re¬

181 1307 289 1342 gierung
309 1311 341 1339 zu
363 1301 446 1334 Basel
467 1299 521 1330 und
543 1307 572 1335 zu
595 1298 686 1329 Liestal
707 1307 740 1328 an
763 1298 893 1329 denselben
915 1300 1068 1335 vorgelegt,
1098 1301 1205 1327 woraus
1236 1301 1264 1326 es
1285 1297 1333 1332 sich

177 1351 257 1387 ergab
273 1371 282 1384 ,
303 1349 351 1382 daß
373 1347 415 1377 ein
435 1353 487 1376 von
508 1347 683 1381 vergantetem
705 1343 880 1380 Gemeinholz
903 1343 1092 1379 herrührende«
1108 1344 1267 1378 Depositum
1282 1348 1334 1371 von

177 1399 232 1424 25o
255 1394 374 1429 Franken
387 1414 395 1427 ,
418 1393 451 1420 da
471 1394 499 1420 es
522 1390 589 1424 nicht
610 1390 681 1423 mehr
702 1389 748 1423 bey
770 1388 818 1418 den
839 1388 1054 1426 eidgenössischen
1075 1388 1277 1423 Kommissarien
1293 1388 1335 1417 d<-

175 1441 264 1476 p.'nirt
291 1440 394 1469 werden
422 1437 534 1470 konnte,
564 1436 693 1469 nunmehr
721 1435 798 1470 beym
825 1435 932 1465 Vorort
958 1434 1079 1469 deponirt
1107 1434 1214 1464 werden
1245 1434 1332 1468 sollte,

174 1493 250 1522 wozu
272 1486 381 1520 derselbe
401 1484 463 1516 auch
486 1481 561 1513 durch
585 1480 619 1508 12
629 1480 637 1498 l
638 1478 652 1510 l
651 1494 665 1514 2
685 1480 807 1512 Stimme
834 1480 970 1515 autorisirt
991 1478 1093 1509 wurde.
1135 1479 1200 1512 Den
1227 1482 1335 1515 Antrag

174 1532 217 1561 der
239 1530 426 1563 Kommission,
450 1528 476 1557 in
498 1529 595 1563 Bezug
610 1525 657 1557 auf
671 1524 710 1555 die
725 1525 931 1560 Bittschriften,
953 1525 1135 1562 genehmigten
1149 1526 1248 1561 Bern,
1272 1524 1334 1556 So¬

173 1579 300 1613 lothurn,
337 1572 553 1608 Schaffhausen,
585 1572 639 1602 St.
664 1570 782 1604 Gallen,
805 1572 938 1607 Aargau,
959 1570 1072 1606 Tessin,
1094 1570 1189 1605 Genf,
1205 1568 1333 1604 Waadt,

176 1621 382 1654 Graubiinden,
405 1618 567 1654 Appenzell,
591 1616 748 1653 Freyburg,
773 1616 897 1651 Glarus,
927 1618 1024 1652 Luzern
1053 1615 1107 1644 und
1136 1615 1243 1652 Zürich.
1294 1615 1334 1650 Zu

176 1669 231 1698 dem
253 1669 363 1704 Antrag
383 1665 444 1694 aber
466 1663 507 1692 die
527 1661 703 1694 Kommission
725 1662 895 1696 einzulade»,
930 1660 1095 1695 beförderlich
1117 1661 1156 1690 «in
1181 1660 1333 1695 Gutachten

176 1714 223 1746 auf
242 1714 284 1743 die
305 1710 471 1746 Grundlage
490 1708 536 1738 der
556 1707 703 1740 Exekution
725 1706 814 1742 obiger
829 1704 1147 1743 Tagsatzungrdeschlüsie
1163 1714 1195 1741 zu
1210 1706 1335 1743 bringen,

177 1759 286 1790 stimmte
306 1765 357 1786 nur
374 1756 487 1791 Luzern,
510 1750 616 1788 Zürich,
639 1752 693 1782 St.
710 1752 831 1785 Gallen,
853 1754 977 1788 Aargau,
990 1746 1146 1787 Thürgau,
1172 1749 1332 1787 Appenzell.

177 1805 250 1837 Noch
283 1803 357 1831 ward
388 1800 426 1828 die
455 1796 666 1831 Oeffenrlichkcit
696 1797 738 1825 der
765 1797 935 1834 Sitzungen,
965 1795 1020 1826 und
1050 1796 1089 1826 die
1117 1797 1269 1830 Aufnahme
1290 1794 1335 1824 der

173 1849 274 1882 äußern
294 1845 405 1883 Bezirke
427 1851 479 1873 von
501 1843 644 1878 Schwyz,
664 1839 741 1877 durch
762 1850 813 1871 neu
833 1842 1037 1880 eingekommene
1057 1842 1113 1872 und
1133 1841 1257 1878 eröffnet«
1277 1842 1335 1879 In¬

178 1895 334 1927 struktionen
358 1892 382 1925 so
402 1889 453 1918 viel
475 1889 517 1916 als
539 1885 706 1918 entschieden.

236 1938 368 1975 Zürich.
423 1932 728 1967 Verhandlungen
759 1930 821 1961 des
853 1931 983 1969 großen
1016 1931 1170 1968 Rathes.
1223 1933 1327 1968 Fort¬

176 1984 324 2020 setzung.
366 1981 421 2013 Di«
443 1979 592 2014 Sitzungen
613 1984 673 2006 vom
687 1981 735 2007 28.
750 1976 804 2006 und
825 1980 873 2007 29.
890 1978 971 2013 Merz
986 1978 1100 2010 scheinen
1116 1978 1163 2010 auf
1183 1978 1229 2006 den
1251 1977 1332 2009 ersten

177 2027 287 2058 Anblick
308 2026 392 2062 wenig
408 2024 539 2060 Interesse
560 2022 746 2058 darzubieten,
770 2023 831 2051 weil
851 2023 878 2052 in
900 2022 1031 2055 denselben
1054 2022 1107 2052 eine
1123 2023 1265 2059 Mehrzahl
1279 2030 1331 2052 von

176 2073 333 2108 Geschäften
355 2073 419 2107 ohne
441 2068 591 2103 einläßliche
613 2066 800 2100 Diskussionen
832 2067 954 2104 erlediget
985 2067 1105 2099 wurde».
1158 2069 1248 2098 Allein
1276 2068 1332 2097 dem

173 2118 320 2148 denkenden
342 2116 506 2149 Beobachter
527 2114 558 2147 ist
578 2113 671 2151 gerade
691 2114 754 2144 diese
775 2113 862 2146 leichte
882 2113 1088 2150 Behandlung,
1109 2122 1188 2143 wenn
1208 2122 1234 2144 er
1254 2115 1335 2151 lheils

174 2164 216 2194 die
238 2166 331 2195 Natur
353 2163 396 2191 der
419 2159 629 2198 Gegenstände,
664 2160 743 2194 theils
764 2159 802 2187 die
825 2159 979 2196 Ergebnisse
1000 2160 1044 2188 ins
1067 2161 1144 2196 Auge
1171 2159 1246 2196 faßt,
1280 2160 1334 2194 sehr

173 2209 331 2240 bedeutsam,
354 2212 398 2234 um
420 2204 533 2236 darnach
555 2206 632 2240 theil«
655 2205 692 2234 di«
716 2205 883 2241 finanziellen
900 2204 997 2237 Kräfte
1019 2206 1109 2237 unserS
1130 2205 1227 2235 kleinen
1245 2206 1335 2237 Staa¬

175 2257 216 2282 te«
236 2251 333 2286 sowohl
353 2248 396 2283 für
415 2248 483 2282 seine
502 2248 596 2278 inner»
617 2249 787 2285 Bedürfnisse
809 2252 850 2279 al»
871 2251 898 2280 in
922 2250 1082 2287 Beziehung
1103 2251 1151 2285 auf
1170 2252 1239 2289 eidg.
1263 2252 1336 2283 Ver¬

174 2296 313 2332 hältnisse,
341 2294 420 2331 theilS
450 2292 496 2321 den
520 2291 620 2322 Grund
647 2295 706 2325 oder
731 2297 859 2333 Ungrund
882 2303 933 2324 von
955 2295 1129 2333 Hoffnungen
1152 2305 1184 2333 zu
1208 2297 1334 2330 beurthei-

174 2343 234 2376 len,
270 2342 361 2371 welche
392 2338 431 2368 die
463 2337 706 2372 Neaktionrpartey
737 2350 769 2371 an
802 2341 848 2369 den
878 2341 993 2377 Zustand
1022 2340 1067 2368 de«
1089 2341 1218 2372 Kantons
1239 2340 1341 2377 Zürich,

173 2386 286 2422 knüpfen
301 2384 408 2420 möchte.
450 2383 519 2420 Zum
533 2383 613 2417 Theil
634 2383 729 2415 erklärt
751 2387 797 2420 sich
820 2385 926 2420 freyllch
949 2385 988 2413 die
1002 2384 1093 2420 Kürze
1115 2385 1157 2414 der
1173 2386 1331 2420 Derathun-

173 2441 223 2470 gcn
246 2432 323 2462 durch
347 2430 385 2460 die
406 2428 559 2465 Prüfung,
594 2427 685 2461 welche
718 2432 779 2464 nach
808 2431 899 2463 unfern
928 2428 1091 2465 bestehenden
1118 2430 1332 2466 Einrichtungen

175 2479 215 2507 dir
237 2485 268 2515 zu
291 2474 484 2511 behandelnden
507 2472 693 2510 Gegenstände
715 2475 808 2504 bereits
830 2475 927 2509 sowohl
948 2482 1007 2504 vom
1024 2474 1274 2512 RegierungSrathe
1289 2476 1332 2504 als

177 2531 227 2553 von
246 2521 436 2556 verschiedenen
459 2519 667 2553 Kommilflonen
689 2519 734 2548 de«
754 2520 851 2557 großen
863 2519 975 2554 RatheS
997 2519 1070 2553 selbst
1090 2520 1227 2552 bestanden
1249 2523 1330 2556 hatte,

180 2569 231 2599 und
251 2569 327 2599 durch
351 2567 399 2596 daS
421 2566 568 2601 Zutrauen,
590 2564 697 2594 welche«
719 2565 757 2594 di«
778 2566 912 2602 einzelnen
936 2564 1094 2602 Mitglieder
1115 2565 1192 2599 dieser
1212 2566 1333 2599 verschie¬

179 2615 255 2644 denen
275 2611 419 2650 prüfenden
442 2607 584 2644 Behörden
606 2608 653 2641 bey
675 2607 717 2637 der
739 2610 876 2643 Mehrheit
896 2609 942 2639 de«
971 2610 1069 2647 großen
1099 2611 1206 2645 RatheS
1236 2611 1334 2650 genies-

179 2660 229 2693 sen.
269 2660 357 2689 Allein
380 2657 442 2690 noch
465 2656 537 2689 mehr
558 2653 611 2683 und
632 2653 774 2688 wesentlich
798 2653 885 2687 rührte
907 2654 949 2684 die
970 2655 1135 2693 Leichtigkeit
1162 2657 1207 2687 der
1227 2658 1335 2689 Erledi¬

181 2713 251 2742 gung
271 2706 324 2734 und
346 2705 389 2734 der
413 2701 531 2738 Mangel
552 2699 719 2728 bedeutender
741 2700 919 2735 Einsprachen
942 2701 973 2729 da
992 2703 1046 2736 her,
1070 2702 1118 2735 daß
1141 2703 1179 2732 die
1202 2703 1337 2740 dargeleg¬

184 2753 225 2777 ten
244 2751 399 2784 Resultate,
428 2748 468 2777 dir
488 2746 635 2784 gemailten
659 2744 820 2780 Vorschläge
841 2746 930 2783 wenig
951 2746 1037 2781 Stöff
1054 2754 1089 2781 zu
1109 2748 1257 2782 plausibel»
1278 2749 1336 2778 An¬

185 2793 276 2829 griffen
295 2797 341 2827 mit
361 2794 462 2832 einiger
485 2790 627 2829 Hoffnung
647 2795 700 2818 von
728 2788 826 2826 Erfolg
848 2789 990 2823 darboten;
1026 2791 1058 2823 sie
1079 2791 1195 2825 betrafen
1217 2792 1336 2824 meisten«

179 2839 264 2870 unsere
286 2841 442 2878 Finanzen,
466 2836 521 2867 und
542 2844 602 2866 man
624 2834 691 2864 kann
713 2835 759 2869 sich
782 2833 898 2869 denken,
928 2835 959 2863 ob
980 2834 1019 2864 die
1041 2836 1206 2870 Opposition
1227 2837 1289 2870 diese
1310 2837 1334 2869 so

172 2887 299 2918 populär«
318 2884 497 2921 Gelegenheit
523 2891 556 2920 zu
577 2880 741 2914 Einwürfen
769 2881 901 2914 versäumt
930 2881 1025 2917 hätte,
1063 2888 1138 2910 wenn
1169 2882 1203 2913 sie
1230 2889 1259 2910 e«
1284 2882 1335 2910 mit

175 2930 278 2960 Grund
300 2932 372 2962 hatte
393 2931 460 2956 tbun
480 2926 601 2962 können,
637 2927 686 2956 wie
708 2926 773 2956 denn
795 2927 857 2958 auch
879 2925 922 2955 der
943 2926 1003 2957 erste
1024 2926 1146 2958 Versuch
1169 2927 1248 2959 dieser
1269 2929 1334 2962 Art,

172 2976 280 3009 obschon
303 2972 351 3001 mit
373 2969 550 3004 Mäßigung,
573 2974 634 2999 aber
655 2974 717 3004 nach
735 2971 884 3002 Verdienen
906 2973 953 3001 mit
976 2972 1128 3002 Nachdruck
1149 2972 1333 3012 zurückgewie-

171 3021 212 3054 sen
233 3017 335 3050 wurde.
385 3015 456 3044 Nun
478 3013 571 3047 fragen
591 3014 666 3048 wir,
698 3024 775 3046 wenn
796 3017 860 3050 diese
881 3017 1057 3055 Lebensfrage
1077 3021 1123 3047 des
1144 3020 1334 3056 Staatshaus¬

171 3068 257 3102 halte«
278 3064 321 3093 der
343 3058 506 3094 Opposition
528 3057 597 3085 keine
618 3056 713 3086 Mittel
735 3060 872 3095 darbietet,
896 3063 928 3091 ob
951 3064 989 3093 die
1010 3066 1179 3104 au«wärtige
1201 3065 1333 3097 Reaktion

171 3112 219 3146 sich
243 3106 403 3144 schmeicheln
425 3102 512 3136 dürfe,
535 3101 571 3130 im
591 3100 702 3132 Kanton
724 3102 816 3137 Zürich
839 3106 913 3136 leicht
935 3108 989 3141 ihre
1012 3109 1112 3144 Zweck«
1133 3119 1164 3148 zu
1186 3111 1336 3145 erreichen?

171 3157 322 3194 Uebrigen«
341 3154 428 3183 bieten
450 3150 492 3179 die
513 3145 745 3183 Verhandlungen
765 3146 843 3179 dieser
863 3150 961 3180 beyden
981 3152 1081 3188 Tage,
1102 3155 1183 3185 neben
1205 3157 1261 3187 dem
1282 3157 1337 3188 Er¬

171 3202 313 3240 freulichen
335 3199 379 3231 der
402 3195 540 3233 Resultate
555 3193 589 3227 t'm
603 3193 741 3233 Ganzen,
765 3192 827 3230 noch
843 3192 877 3222 im
893 3193 1042 3231 Einzelnen
1061 3199 1336 3242 Lemerkenswertht«

1372 752 1443 787 dar,
1466 752 1520 782 und
1540 755 1693 784 namentlich
1717 754 1878 785 beurkundet
1900 755 1964 788 diese
1984 759 2036 786 auS
2058 757 2292 793 volkrthümlichen
2315 760 2467 790 Elementen
2489 767 2535 795 zur

1372 799 1583 835 sammengesetzte
1605 800 1812 837 Versammlung
1835 800 1962 837 keinerley
1978 801 2128 839 Kargheit,
2149 805 2200 834 wie
2223 805 2256 838 sie
2275 811 2329 834 von
2349 804 2433 834 einem
2443 805 2533 835 Man»

1373 844 1413 881 gel
1435 852 1468 873 an
1491 844 1570 875 Sinn
1592 843 1635 878 für
1656 845 1704 873 da«
1725 844 1941 883 Gemeinnützige
1965 854 1996 883 zu
2019 847 2139 886 besorgen
2160 848 2246 881 wäre.

1432 891 1484 918 Am
1507 892 1551 919 28.
1577 891 1665 920 wurde
1685 890 1867 922 allervorderst
1889 890 1928 919 die
1942 891 2180 932 Staaterechnung
2200 902 2261 925 vom
2281 895 2356 930 Jahr
2372 897 2459 929 1831,
2482 893 2538 925 und

1373 933 1411 963 die
1433 934 1582 972 Rechnung
1605 935 1667 964 über
1688 934 1728 964 die
1748 938 1825 964 unter
1850 935 1997 967 besonderer
2018 937 2202 977 Verwaltung
2231 940 2367 976 stehenden
2390 939 2537 970 National¬

1374 980 1449 1017 güter
1468 980 1578 1013 verlesen
1600 980 1653 1009 und
1674 981 1809 1016 ratifizirt.
1852 982 1914 1014 Bey
1935 980 1980 1011 der
2000 990 2070 1020 ganz
2091 983 2186 1021 kurzen
2203 985 2404 1022 Verhandlung
2427 981 2539 1015 darüber

1373 1025 1428 1055 kam
1450 1029 1476 1054 es
1497 1025 1575 1059 indeß
1595 1032 1643 1062 zur
1665 1026 1806 1060 Sprach«,
1829 1025 1879 1058 daß
1901 1026 1927 1055 in
1949 1034 2055 1057 neuerer
2068 1028 2128 1065 Zeit
2148 1029 2197 1059 da«
2213 1030 2409 1064 Lotteriewestn
2432 1030 2468 1060 im
2484 1029 2541 1063 hie¬

1374 1071 1442 1108 sigen
1464 1070 1575 1101 Kanton
1595 1072 1669 1106 mehr
1695 1070 1738 1099 als
1766 1070 1855 1106 früher
1883 1071 2072 1112 Ausdehnung
2101 1081 2134 1110 zu
2164 1077 2281 1110 erhalten
2313 1076 2420 1109 scheint.
2472 1071 2539 1106 Wir

1373 1117 1466 1145 wollen
1488 1115 1527 1144 die
1548 1115 1650 1150 hierauf
1669 1116 1802 1151 ertheilten
1826 1118 2008 1154 Antworten,
2045 1119 2069 1152 so
2098 1119 2161 1149 weit
2185 1120 2217 1156 sie
2242 1121 2288 1156 stch
2311 1120 2359 1154 auf
2378 1116 2540 1154 Rechtferti¬

1374 1169 1450 1198 gung
1470 1160 1515 1190 der
1529 1157 1670 1195 Behörden
1693 1162 1754 1194 nach
1777 1160 1940 1196 bestehenden
1957 1163 2076 1198 Gesetzen
2098 1164 2228 1201 beziehen,
2250 1166 2336 1204 gelten
2352 1166 2431 1200 lassen
2446 1167 2539 1200 (wenn

1374 1206 1453 1244 gleich
1474 1206 1586 1235 darüber
1604 1205 1782 1239 abweichende
1802 1207 1941 1241 Ansichten
1963 1207 2076 1245 möglich
2099 1210 2184 1245 sind).
2236 1212 2326 1241 Allein
2358 1212 2409 1241 wir
2436 1208 2538 1241 können

1374 1252 1444 1286 nicht
1464 1251 1553 1287 umhin
1576 1251 1625 1282 den
1640 1251 1723 1284 Ernst
1743 1251 1788 1281 des
1800 1253 1986 1290 Gesetzgeber«
2006 1254 2033 1283 in
2049 1255 2186 1291 Anspruch
2208 1263 2241 1293 zu
2264 1259 2391 1291 nehmen,
2413 1264 2457 1285 um
2473 1256 2539 1288 dies«

1374 1296 1583 1333 Jmmoralität,
1604 1298 1697 1330 welche
1719 1297 1863 1332 hinwieder
1884 1298 1924 1327 die
1944 1298 2092 1332 fruchtbare
2113 1301 2224 1331 Mutter
2245 1302 2324 1331 vieler
2343 1301 2451 1331 anderer
2471 1302 2541 1336 Jm-

1374 1342 1563 1377 moralitäken,
1597 1343 1626 1377 ja
1654 1343 1819 1377 Verbrechen
1848 1343 1904 1377 ist,
1937 1343 2015 1375 durch
2045 1345 2179 1383 geeignete
2200 1346 2420 1383 Bestimmungen
2443 1353 2475 1382 zu
2495 1346 2539 1376 be¬

1375 1387 1513 1423 kämpfen,
1546 1388 1628 1424 theil«
1655 1387 1733 1423 durch
1752 1388 1915 1425 unbedingte
1936 1388 2152 1428 Verweigerung
2173 1391 2241 1421 alles
2261 1392 2454 1427 Rechthaltens
2474 1390 2540 1423 über

1376 1434 1586 1470 Forderungen,
1608 1433 1701 1466 welche
1722 1440 1774 1463 von
1796 1434 1892 1465 solchen
1914 1434 2068 1470 Verkehren
2089 1436 2256 1473 herrühren,
2290 1438 2370 1474 theils
2391 1437 2467 1471 durch
2488 1443 2539 1468 an¬

1373 1479 1511 1517 gemessene
1532 1479 1652 1514 Strafen
1677 1486 1759 1516 gegen
1787 1477 1831 1511 die
1853 1479 2047 1514 Kollekteurs,
2082 1481 2137 1517 ihre
2155 1482 2248 1520 Helfer
2275 1483 2330 1512 und
2348 1482 2540 1522 Helfershelfer

1374 1525 1407 1554 im
1429 1525 1510 1557 ersten
1527 1524 1602 1559 Falle
1624 1524 1666 1553 der
1681 1525 1885 1561 Uebertretung.
1916 1523 1959 1556 E«
1983 1525 2014 1558 ist
2036 1526 2106 1563 nicht
2126 1526 2153 1557 in
2175 1527 2257 1557 einem
2272 1529 2447 1565 regenerirten
2461 1529 2539 1559 Kan¬

1374 1574 1417 1599 ton
1431 1590 1441 1605 ,
1463 1570 1514 1603 daß
1535 1577 1595 1598 man
1616 1570 1672 1599 eine
1691 1569 1717 1604 so
1737 1570 1863 1603 schlimme
1880 1570 1975 1603 Sache
1993 1568 2165 1610 begünstigen
2187 1572 2273 1609 wird,
2295 1581 2377 1611 gegen
2398 1574 2491 1606 welche
2509 1574 2539 1602 in

1374 1617 1440 1645 allen
1461 1615 1696 1646 konsiitulionellen
1718 1616 1844 1647 Staaten
1862 1616 1892 1649 je
1907 1616 1945 1645 die
1969 1616 2091 1651 Freunde
2112 1618 2156 1647 der
2171 1617 2242 1653 Frey
2247 1619 2299 1654 heit
2322 1618 2376 1651 und
2398 1617 2541 1651 Volksbil¬

1376 1661 1448 1698 dung
1471 1668 1513 1690 am
1533 1661 1636 1692 meisten
1657 1659 1790 1697 kämpfen.
1831 1661 1876 1691 E«
1903 1660 1997 1691 wurde
2015 1662 2125 1698 hierauf
2142 1662 2192 1693 das
2210 1665 2367 1696 Gutachten
2389 1658 2515 1695 der.Koii
2526 1673 2541 1690 -

1374 1707 1477 1739 Mission
1509 1705 1554 1735 de«
1582 1706 1679 1743 großen
1710 1706 1820 1743 Rathes
1847 1706 1912 1739 über
1939 1705 1990 1736 den
2016 1705 2203 1746 Voranschlag
2223 1708 2270 1739 der
2288 1704 2465 1744 Ginnahmen
2484 1709 2541 1739 und

1376 1749 1524 1789 Ausgaben
1545 1750 1591 1780 de«
1610 1751 1715 1787 Jahre«
1736 1752 1813 1781 1833
1827 1770 1836 1785 ,
1859 1749 1922 1782 und.
1934 1751 1977 1781 die
1992 1751 2135 1792 Ueber,sicht
2154 1753 2198 1784 der
2218 1753 2344 1789 während
2366 1746 2416 1784 den
2432 1755 2538 1790 Jähria

1380 1799 1567 1828 18-9—1831
1589 1796 1625 1826 im
1647 1793 1892 1833 Staatsvermögen
1915 1796 2044 1834 erfolgten
2059 1798 2393 1837 Kapitalveränderungen
2413 1800 2548 1833 verlesen,.

1375 1844 1475 1877 (Siehe
1496 1843 1552 1872 Nr.
1578 1844 1612 1871 15
1633 1841 1688 1870 und
1708 1843 1745 1871 16
1766 1841 1809 1870 der
1832 1843 1874 1872 N.
1898 1842 1919 1878 Z
1953 1842 2005 1879 Z.)
2045 1841 2231 1879 Rückstchtlich
2253 1845 2297 1874 der
2319 1845 2491 1880 Einnahmen
2507 1845 2550 1880 ist.

1374 1886 1551 1920 allervorderst
1574 1886 1826 1921 bemerkenSwerth,
1865 1887 1915 1919 daß
1943 1886 1989 1916 der
2007 1894 2060 1917 von
2082 1888 2130 1917 den
2152 1888 2370 1928 gegenwärtigen
2393 1885 2538 1925 Machtha¬

1374 1936 1434 1962 bern
1457 1930 1656 1970 unabhängige,
1677 1939 1729 1961 von
1750 1931 1820 1967 jeher
1841 1932 1973 1968 wahrhaft
1993 1932 2070 1968 freyst
2081 1933 2153 1972 inige
2168 1934 2222 1964 und
2236 1942 2329 1972 wegen
2343 1935 2426 1969 seiner
2441 1935 2540 1970 Recht¬

1373 1977 1471 2010 lichkeit
1491 1976 1551 2006 und.
1566 1977 1648 2011 seiner
1669 1977 1821 2011 Einsichten
1844 1984 1897 2007 von
1919 1978 1988 2007 allen
2008 1978 2147 2013 Parteyen
2168 1981 2298 2017 geachtete
2312 1980 2460 2017 Referent,
2482 1982 2541 2019 Hr.

1373 2023 1474 2057 Sensal
1493 2021 1645 2059 Pestalutz,
1667 2021 1814 2058 eröffnete,
1837 2022 1887 2058 daß
1911 2023 1974 2058 nach
1996 2023 2184 2062 ringezogener
2207 2026 2315 2061 näherer
2335 2024 2541 2065 Erkundigung

1372 2071 1415 2098 drr
1436 2067 1637 2104 muthmaßiiche
1659 2066 1801 2105 Uebertcäg
1822 2076 1882 2098 vom
1904 2069 1979 2104 Jahr
2001 2072 2075 2101 1832
2102 2070 2151 2100 mit
2178 2065 2308 2106 150,000
2336 2070 2388 2106 Fr.
2417 2072 2487 2105 nicht
2506 2079 2541 2109 zu

1374 2115 1432 2149 hoch
1454 2113 1575 2150 angrsitzt
1597 2114 1660 2150 sey,
1683 2113 1732 2144 daß
1749 2113 1788 2143 die
1804 2111 2118 2151 Prüfungskommission
2140 2116 2293 2154 anfänglich
2315 2117 2444 2155 geglaubt
2456 2116 2540 2157 Jade,

1374 2165 1401 2188 es
1422 2160 1495 2194 seyen
1518 2159 1552 2188 im
1574 2158 1636 2190 Tit.
1659 2160 1698 2188 I!.
1722 2158 1760 2189 die
1780 2159 1966 2196 Kapitalzinse
1989 2160 2037 2190 mit
2060 2163 2188 2198 152,900
2210 2161 2260 2196 Fe.
2286 2159 2351 2192 über
2373 2161 2538 2197 DerMtmß

1375 2206 1519 2242 angesctzt,
1548 2205 1628 2234 allein
1650 2206 1712 2236 auch
1737 2204 1848 2234 darüber
1872 2206 1923 2235 den
1942 2205 2137 2243 beruhigenden
2159 2207 2303 2240 Aufschluß
2326 2208 2445 2242 erhalte»
2461 2208 2540 2243 habe,

1376 2255 1403 2279 e»
1423 2247 1500 2284 rührt
1522 2249 1599 2282 dieser
1620 2252 1682 2286 hohe
1704 2250 1809 2287 Betrag
1830 2258 1882 2280 von
1903 2250 1951 2280 den
1973 2258 2033 2280 vom
2056 2251 2326 2286 Domainciiverkauf«
2346 2246 2470 2285 erlöst«««
2483 2253 2544 2283 und

1375 2296 1421 2329 auf
1441 2296 1509 2331 Jiii«
1530 2296 1684 2333 angelegten
1701 2295 1820 2327 Geldern
1844 2298 1905 2327 her:
1928 2296 1992 2328 auch
2013 2296 2054 2331 fey
2076 2295 2115 2325 die
2130 2292 2304 2330 Kommission
2320 2295 2458 2332 versichert
2470 2305 2542 2328 war¬

1375 2341 1420 2369 ben
1436 2360 1446 2373 ,
1469 2340 1508 2367 die
1529 2339 1622 2374 Zinsen
1643 2347 1694 2369 von
1717 2339 1974 2375 Zchntenkapitalien
1997 2339 2091 2377 steigen
2113 2340 2160 2376 auf
2179 2341 2291 2377 62,000
2311 2341 2387 2378 Fr.;
2415 2342 2464 2373 der
2483 2343 2545 2376 Er¬

1373 2388 1431 2420 trag
1454 2383 1496 2412 der
1519 2383 1734 2421 Zehntengefälle
1755 2383 1825 2417 selbst
1848 2384 1890 2419 sey
1911 2392 1943 2420 zu
1963 2386 2042 2414 6000
2064 2386 2113 2421 Fr.
2144 2393 2351 2423 angenommen.
2402 2387 2450 2424 Irr
2469 2384 2543 2428 tzbr-

1372 2429 1432 2463 sicht
1454 2427 1499 2457 de«
1523 2429 1576 2458 III.
1600 2428 1662 2460 Tit.
1685 2428 1802 2465 (Ertrag
1833 2428 1877 2458 der
1898 2429 2047 2467 Regalien)
2068 2429 2131 2465 fand
2151 2431 2195 2461 der
2216 2432 2297 2470 große
2319 2433 2397 2468 Rath
2424 2433 2471 2469 stch
2493 2434 2544 2468 auf

1372 2473 1421 2503 den
1437 2475 1545 2511 Antrag
1565 2474 1610 2503 de«
1627 2476 1715 2512 Herrn
1732 2474 1908 2508 Referenten,
1931 2476 1994 2508 nach
2016 2476 2157 2515 Maßgabe
2179 2477 2223 2506 der
2239 2478 2362 2515 Ertrags
2383 2485 2434 2508 von
2452 2475 2539 2516 1832,

1372 2519 1529 2552 veranlaßt,
1550 2519 1605 2549 eine
1626 2517 1778 2556 Erhöhung
1798 2526 1852 2549 von
1877 2525 1985 2557 10,000
2002 2520 2051 2556 Fr.
2074 2524 2279 2559 vorzunehmen.
2321 2522 2469 2560 Bezüglich
2491 2523 2542 2561 auf

1375 2565 1423 2595 den
1444 2565 1494 2593 IV.
1509 2564 1572 2596 Tit.
1596 2565 1734 2599 (Steuern
1756 2565 1810 2596 und
1825 2566 1969 2604 Abgaben)
1985 2566 2077 2597 wurde
2090 2567 2259 2602 rücksichtlich
2273 2568 2316 2598 der
2333 2571 2458 2605 150,000
2473 2568 2539 2608 Fr.,

1375 2611 1468 2642 welche
1489 2609 1565 2644 durch
1589 2609 1628 2641 die
1650 2610 1862 2649 Vermögens-,
1883 2611 2035 2643 Erwerbs-
2056 2612 2111 2642 und
2131 2612 2407 2646 Einkommenssteuer
2427 2614 2542 2651 erhoben

1376 2650 1480 2686 werden
1500 2656 1600 2692 sollen,
1622 2657 1805 2690 nachstehende
1825 2658 1946 2694 Fassung
1966 2664 2177 2693 angenommen:
2198 2677 2219 2694 „
2229 2658 2288 2690 Der
2302 2659 2542 2698 Regi»ung»rath

1376 2701 1443 2731 wird
1465 2702 1550 2735 spater
1570 2701 1626 2731 dem
1649 2703 1746 2739 großen
1766 2702 1857 2737 Rath«
1878 2702 1945 2734 seine
1966 2701 2099 2738 speziellen
2128 2703 2251 2742 Anträge
2279 2704 2342 2735 über
2368 2704 2419 2736 den
2441 2706 2541 2745 Bezug

1376 2747 1453 2778 dieser
1474 2746 1577 2776 Steuer
1598 2745 1642 2780 für
1662 2749 1739 2778 1833
1759 2747 2005 2784 hinterbringen;"
2026 2755 2155 2786 wogegen
2176 2748 2218 2780 di«
2238 2750 2356 2782 Worte:
2379 2751 2423 2788 „ä
2443 2750 2482 2790 '/z
2493 2760 2541 2789 pr,

1374 2790 1471 2819 mille"
1495 2790 1634 2827 gesirkchen
1655 2791 1777 2823 wurden.
1829 2792 1898 2822 Don
1920 2793 2013 2825 unser»
2034 2801 2133 2824 neuern
2155 2794 2306 2832 Zuständen
2327 2796 2358 2829 ist
2378 2796 2420 2827 die
2440 2797 2542 2833 Erfah¬

1374 2843 1456 2872 rung,
1481 2836 1572 2870 welche
1594 2844 1655 2867 man
1676 2844 1765 2875 wegen
1786 2836 1832 2867 de«
1848 2838 1963 2877 Bezug«
1977 2838 2056 2873 dieser
2072 2840 2175 2873 Steuer
2186 2840 2353 2876 rückstchtlich
2367 2841 2412 2872 der
2424 2843 2541 2877 Pflicht-

1373 2880 1516 2918 Mäßigkeit
1538 2881 1591 2911 und
1611 2882 1657 2913 de«
1678 2883 1868 2921 werkthätl'gen
1888 2884 2092 2919 Patriolismu«
2113 2886 2245 2920 Mancher
2271 2888 2319 2923 hat
2344 2888 2448 2918 machen
2470 2884 2540 2921 müs¬

1374 2927 1437 2961 sen,
1461 2928 1516 2957 eine
1537 2926 1579 2957 der
1600 2927 1772 2966 widrigsten,
1794 2930 1888 2960 welche
1909 2938 1960 2961 nur
1982 2930 2060 2962 durch
2082 2930 2122 2962 die
2144 2931 2382 2966 belobenswerrhen
2398 2932 2539 2967 Beyspicke

1376 2973 1622 3011 entgegengesetzter
1643 2976 1698 3006 Art
1718 2975 1912 3013 einigermaßen
1940 2977 2077 3013 gemildert
2102 2977 2192 3011 wird,
2224 2977 2365 3011 jedenfalls
2394 2976 2455 3006 aber
2481 2977 2539 3008 rin«

1376 3018 1511 3048 Remedur
1533 3019 1668 3054 erfordert.
1709 3021 1873 3057 Schließlich
1894 3021 2006 3056 forderte
2026 3023 2079 3061 Hr.
2094 3019 2368 3058 Reinhard-Künzli,
2391 3020 2441 3056 baß
2457 3022 2538 3059 brym

1376 3064 1442 3095 VII.
1466 3064 1543 3096 Titel
1562 3067 1625 3100 auch
1646 3066 1688 3097 die
1706 3066 1782 3103 Zinse
1803 3066 1849 3096 des
1870 3066 2095 3100 kaufmännischen
2115 3065 2358 3100 Direktorialfonds
2380 3067 2538 3106 ausgenom¬

1377 3117 1433 3140 men
1455 3109 1580 3147 werden,
1602 3111 1634 3141 da
1656 3115 1684 3140 es
1704 3112 1768 3141 viele
1789 3110 1951 3148 Mitglieder
1970 3118 2029 3139 vom
2052 3112 2137 3142 Lande
2158 3110 2304 3144 befremden
2325 3109 2426 3148 müsse,
2459 3122 2539 3146 wenn

1376 3158 1406 3185 es
1426 3156 1518 3186 immer
1540 3155 1594 3187 und
1615 3157 1705 3186 immer
1724 3155 1874 3189 verschoben
1896 3154 1980 3184 werde
1992 3174 2001 3189 ,
2036 3154 2098 3185 über
2125 3155 2173 3185 den
2202 3155 2432 3189 kaufmännischen
2462 3160 2541 3196 Fond

1376 3201 1449 3236 «ine»
1470 3201 1631 3239 bestimmten
1654 3203 1761 3240 Antrag
1778 3208 1815 3241 zu
1834 3200 2053 3240 Hinterbringen;
2076 3201 2146 3232 kenn
2168 3201 2208 3235 di«
2229 3202 2324 3242 Zinsen
2345 3202 2427 3243 diese«
2447 3205 2541 3244 Fo.chs
