3905 5551
193 129 281 185 M
319 127 429 189 149
469 129 725 200 zweites
761 127 947 191 Blatt
999 125 1035 183 8

2787 127 3071 201 Montag,
3109 127 3207 191 89.
3241 127 3383 193 Mai
3419 127 3591 193 IMS.

148 236 972 644 Neue
1052 236 3636 780 Lürcher-Leitung

131 822 169 836 ..
240 825 261 836 „
281 788 575 821 Eldonnement-
614 801 661 823 ....
689 801 715 823 t,

130 821 219 846 glli*
232 825 301 846 (toinn
315 824 345 844 tat
358 824 452 852 Sntuns
465 826 560 852 «b«iott
572 827 624 851 u::V
679 845 684 852 .
708 845 714 852 .
740 830 776 857 Fr.
791 833 810 852 4.
827 832 855 853 50
882 831 919 858 Fr.
945 833 966 853 3.
979 833 1005 853 M

128 849 236 874 S4»mj
253 848 378 876 tSSrttCung
392 851 443 872 beim
458 852 607 878 Postbureau..
640 870 714 879 ...
753 859 805 882 ,6
826 869 853 874 _
935 859 957 879 u
980 870 1003 875 _

179 875 210 896 ba.
252 876 299 900 (r.;:
315 876 383 904 L-zug
397 879 459 900 unter
473 878 630 907 SPributabtefle)
668 898 674 906 .
702 899 708 906 .
752 886 760 908 ,
791 886 803 905 7
805 900 810 906 .
824 885 852 906 SO
893 899 904 906 .
933 887 966 906 U.
979 895 1005 900 —

128 901 300 928 Beatftlask
327 903 454 931 tBrftellung
473 906 527 928 Leim
539 907 641 933 Postamt)
674 926 679 932 .
706 925 712 932 .
734 911 778 932 TU.
793 913 806 932 5
806 927 812 933 .
825 913 853 933 25

127 929 252 968 Defttiyi
264 929 408 958 »-N-ig-rn
428 932 490 957 (Best.
503 934 523 956 b.
539 935 641 961 Postamt)
675 936 698 964 fl.
712 936 731 959 t.
745 937 778 959 83.
792 939 811 960 4.
825 939 854 959 82

127 956 209 982 vidrige
219 956 310 977 Staaten
323 957 359 979 beb
374 958 617 986 Weltpostverein,
631 978 637 984 .
666 979 672 987 .
732 964 770 991 Fr.
780 965 805 986 11
806 980 811 987 .
825 965 854 986 50
881 965 917 991 5t.
930 968 964 988 M.
979 975 1002 981 -

127 995 579 1042 _R-dakttoirsöureau:
597 1002 746 1036 Brunngaffe
764 1003 810 1031 Sir.
827 1001 855 1029 2.

1218 834 1358 962 tu!)
1414 834 1962 994 HmMkS
2018 834 2550 994 H«»i>klsM.

3013 798 3399 836 JttsrrtionSprrife«

2956 834 2999 859 Per
3011 835 3132 862 einsaitige
3140 835 3242 862 Petitzeile
3255 836 3301 857 ober
3313 837 3372 859 bereu
3386 838 3456 860 Ran«

2898 861 2931 887 fSr
2945 861 2978 883 bte
2992 861 3081 887 Schwei)
3096 864 3122 883 SS
3136 861 3190 886 El-.,
3209 862 3244 888 füc
3256 862 3296 884 ba»
3310 863 3407 886 Auslonb
3418 868 3445 887 in
3458 865 3513 892 Et»,
3641 859 3649 884 1

2766 887 2930 914 Ibeel-Fnlerale
2940 889 2968 910 20
2977 888 3022 910 Etz.
3037 888 3092 913 <e;cl.
3101 888 3178 914 flnanz.
3188 888 3303 916 «n,eigen),
3318 889 3427 913 vteclasrn
3435 893 3473 918 Fr.
3483 896 3527 916 h-
3537 898 3572 918 jet
3582 894 3649 918 »eBfl

2941 914 3110 950 _»»einige
3122 908 3367 941 Znseraten.«nn«hme
3379 918 3411 939 bei

2889 957 2940 962 —
2938 958 3030 962 -
3059 940 3214 970 Rudolf
3226 942 3354 973 Messe
3381 949 3469 970 —~4
3469 961 3523 968 —

2766 976 3010 1004 »nnoneen^krprbition
3027 977 3063 1005 für
3076 978 3114 999 alle
3128 978 3286 1005 schweizerischen
3302 981 3344 1001 unb
3360 980 3515 1008 aublS-,bischen
3529 982 3645 1010 Zetta»,«

3033 1005 3143 1042 Zürich,
3161 1007 3312 1041 SchifflLnde
3323 1007 3367 1035 32.

305 1119 801 1201 Tagesbericht

431 1207 495 1234 vom
518 1203 572 1236 29.
596 1202 677 1237 Mai.

196 1261 340 1304 Partei
354 1277 364 1294 -
379 1265 670 1311 Umbildungen
715 1269 758 1304 in
800 1267 975 1311 Deutsch¬

128 1309 237 1348 land.
285 1311 351 1348 Pd
376 1310 557 1352 Berlin,
593 1315 647 1347 26.
682 1314 761 1348 Mai.
808 1315 883 1348 Was
918 1319 977 1348 dem

130 1354 206 1387 alten
222 1352 369 1387 BiSmarck
393 1356 448 1395 sein
464 1357 563 1399 Lebtag
586 1359 639 1392 mit
664 1359 732 1392 aller
755 1359 976 1400 diplomatischen

130 1398 220 1433 Kunst
242 1399 315 1437 nicht
338 1399 448 1442 gelang,
472 1402 537 1443 sinkt
559 1404 619 1436 dem
644 1403 753 1445 Grafen
778 1404 896 1444 Caprivi
923 1411 976 1437 von

130 1443 208 1484 selbst
231 1442 262 1475 in
286 1443 335 1476 den
353 1444 463 1486 Schoß.
497 1446 555 1480 Die
568 1447 869 1490 Deutschfreisinnigen
892 1449 976 1489 fallen

131 1487 328 1526 auseinander,
350 1490 408 1522 und
432 1492 479 1523 der
501 1492 582 1532 große
605 1493 717 1532 Thurm
753 1494 800 1526 des
824 1494 976 1527 Centrums

130 1532 230 1571 spaltet
264 1533 312 1573 sich
345 1533 375 1566 in
411 1535 462 1567 den
486 1534 689 1578 Grundvestcn.
735 1539 834 1577 Selbst
869 1538 898 1571 in
933 1539 977 1571 der

129 1577 397 1618 Sozialdemokratie
430 1580 499 1621 zeigt
533 1581 581 1623 sich
617 1583 661 1615 ein
695 1582 851 1622 feindlicher
882 1582 977 1622 Bohr¬

131 1630 222 1655 wurm
262 1622 291 1654 in
326 1622 437 1664 Gestalt
476 1626 521 1658 der
556 1627 738 1667 anarchistisch
778 1628 977 1668 augehauchten

131 1666 363 1708 Unabhängigen.
398 1669 560 1703 Bismarcks
584 1670 678 1704 innere
690 1671 794 1710 Politik
806 1679 867 1704 war
880 1672 977 1704 leiden¬

134 1711 278 1752 schaftlich,
314 1712 443 1754 energisch
479 1714 530 1747 wie
565 1716 610 1748 der
649 1725 730 1757 ganze
764 1716 876 1750 Mann.
921 1716 977 1750 Sie

132 1759 283 1796 hämmerte
306 1756 358 1789 mit
382 1757 497 1791 Gewalt
520 1759 592 1799 nicht
615 1769 671 1793 nur
693 1760 734 1793 die
757 1762 894 1800 Freunde,
918 1761 977 1801 son¬

132 1803 196 1834 dern
231 1801 297 1840 auch
334 1802 374 1834 die
398 1803 500 1841 Feinde
538 1814 571 1845 zu
607 1806 694 1838 einem
729 1807 839 1846 festeren
863 1804 978 1846 Ganzen

131 1846 296 1886 zusammen.
342 1845 411 1879 Das
435 1847 490 1880 alte
513 1849 629 1889 deutsche
653 1850 896 1886 National-Laster
934 1852 979 1882 der

131 1890 354 1931 Zersplitterung
379 1892 528 1933 vermochte
551 1894 596 1935 sie,
620 1901 699 1927 wenn
725 1895 791 1934 auch
815 1895 889 1932 nicht
910 1903 979 1935 ganz

132 1944 165 1977 zu
199 1935 387 1974 überwinden,
411 1936 472 1975 doch
510 1947 544 1978 zu
566 1938 696 1971 mildern.
741 1939 805 1973 Wie
841 1940 882 1980 oft
904 1948 977 1972 mar¬

133 1979 259 2019 schierten
276 1980 540 2020 Nationalliberale,
564 1982 899 2025 Gemäßigtkonscrvativc
922 1985 978 2016 und

132 2024 391 2067 Hochkonscrvativc
425 2027 556 2068 unwillig
591 2028 637 2060 als
669 2027 980 2070 Regierungsmehrheit

132 2069 373 2107 nebeneinander,
412 2071 694 2112 zusammengehaltcn
729 2074 796 2105 'und
834 2073 980 2113 gebändigt

137 2113 222 2146 allein
246 2114 325 2154 durch
340 2115 390 2147 den
414 2115 531 2155 eisernen
543 2116 651 2149 Willen
675 2119 721 2150 dcö
745 2118 819 2150 alten
833 2116 978 2158 Kanzlers.

139 2159 203 2191 Und
227 2158 279 2190 wie
303 2158 383 2200 lange
407 2161 466 2198 sind
490 2161 530 2193 die
554 2162 894 2201 auSeinanderstrcbenden
916 2161 976 2194 Ele¬

135 2207 224 2235 mente
259 2203 289 2235 in
324 2204 368 2236 der
403 2204 599 2247 Opposition,
634 2206 675 2239 die
705 2206 891 2244 Aristokraten
923 2206 980 2238 und

135 2247 323 2281 Demokraten
345 2248 386 2280 im
411 2248 556 2289 Centrum,
581 2250 622 2283 die
646 2251 887 2291 Wadenstrümpfe
924 2251 980 2282 und

135 2292 176 2325 die
200 2292 393 2334 Wasserstiefel
417 2295 467 2333 auf
490 2295 535 2327 der
557 2294 665 2332 Linken,
689 2296 729 2328 die
753 2296 836 2328 Alten
861 2296 917 2328 und
942 2295 980 2327 die

135 2337 254 2378 Jungen
280 2337 320 2369 bei
344 2339 394 2370 den
418 2338 590 2379 Sozialisten
629 2340 716 2381 einzig
739 2341 795 2372 und
819 2340 903 2372 allein
927 2344 980 2372 aus

134 2383 237 2421 Furcht
261 2390 311 2413 vor
332 2381 481 2415 BiSmarck
503 2384 545 2416 bei
569 2385 697 2417 einander
720 2385 868 2425 geblieben.
905 2384 979 2423 Noch

132 2427 165 2459 in
189 2427 274 2462 diesen
287 2427 384 2467 Tagen
408 2428 499 2468 wußte
521 2430 567 2461 der
581 2429 771 2467 „Vorwärts"
798 2429 855 2462 kein
872 2429 980 2470 besseres

132 2470 237 2505 Mittel
271 2471 318 2508 für
351 2473 558 2513 oppositionelle
580 2474 811 2515 Wahlagitation
849 2473 895 2506 als
931 2474 980 2505 den

134 2516 353 2556 Bismarckbricf
394 2518 441 2549 deS
477 2517 598 2559 Prinzen
633 2518 759 2558 Albrecht
803 2522 885 2550 unter
922 2519 981 2550 dem

132 2560 259 2600 Schreck-
274 2561 330 2592 und
341 2560 467 2602 Weckruf
477 2571 509 2602 zu
526 2563 744 2603 veröffentlichen
758 2574 765 2595 :
794 2562 891 2605 „Habt
904 2562 980 2603 Acht,

134 2604 281 2638 BiSmarck
304 2605 404 2638 kommt
427 2606 558 2639 wieder!"

204 2649 303 2689 Daher
326 2657 385 2682 war
421 2655 450 2683 es
485 2651 553 2684 denn
589 2652 655 2691 auch
678 2670 719 2675 —
743 2651 889 2691 abgesehen
927 2657 980 2682 von

134 2694 218 2727 allem
242 2695 357 2727 anderen
382 2713 424 2717 —
449 2695 492 2728 ein
516 2696 613 2736 großer
636 2696 789 2736 politischer
811 2696 912 2735 Fehler
927 2695 979 2727 Ca-

134 2739 238 2779 privis,
278 2739 329 2778 daß
352 2748 380 2772 er
415 2740 473 2780 jene
507 2741 632 2780 amtliche
666 2740 859 2781 Kundgebung
884 2740 981 2780 zulicß,

133 2783 281 2817 BiSmarck
303 2785 391 2817 werde
414 2784 536 2817 niemals
559 2786 658 2818 wieder
681 2785 837 2825 politischen
861 2784 981 2824 Einfluß

135 2828 290 2870 gewinnen.
335 2828 377 2861 Er
400 2829 528 2862 beraubte
551 2830 640 2862 damit
667 2831 714 2871 sich
739 2830 795 2862 und
819 2829 862 2861 die
885 2829 981 2869 Regie¬

135 2882 208 2912 rung
233 2873 307 2905 eines
331 2874 376 2906 der
399 2874 580 2915 wirksamsten
607 2874 812 2915 Schreckmittel
835 2882 917 2914 gegen
942 2872 982 2905 die

134 2918 317 2957 Opposition.

201 2962 338 3001 Nachdem
361 2963 403 2995 die
426 2963 507 3004 starke
529 2963 617 3003 Faust
628 2962 792 2996 Bismarcks
814 2961 980 3001 verschwun¬

135 3008 185 3039 den
219 3009 275 3039 und
310 3007 350 3039 die
386 3007 456 3047 letzte
479 3008 567 3045 Spur
602 3015 657 3040 von
681 3008 777 3048 Sorge
801 3006 982 3046 ausgewischt

136 3060 206 3088 war,
241 3054 286 3083 der
310 3050 456 3090 Gefallene
489 3053 573 3084 könne
606 3052 752 3092 machtvoll
785 3050 981 3092 zurückkehren,

136 3097 244 3137 begann
267 3097 325 3135 jene
348 3096 496 3137 Lockerung
530 3097 559 3128 in
595 3098 644 3129 den
680 3096 816 3137 einzelnen
840 3095 982 3133 Parteien,

137 3144 216 3173 deren
239 3141 344 3182 Folgen
367 3141 422 3173 wir
445 3141 568 3182 zunächst
591 3141 621 3173 in
656 3141 706 3173 den
729 3140 915 3180 Spaltungen
940 3139 982 3170 bei

137 3187 187 3218 den
210 3185 400 3227 Freisinnigen
438 3187 495 3218 und
519 3187 578 3218 dem
602 3185 737 3218 Centrum
763 3185 851 3225 sehen.
897 3183 982 3216 Wäre

137 3230 218 3269 dieser
241 3230 350 3271 Zerfall
374 3231 426 3262 das
459 3230 598 3271 Ergebnis
632 3230 706 3262 einer
728 3229 791 3270 klug
814 3229 915 3266 darauf
939 3228 981 3260 be¬

135 3275 273 3314 rechneten
307 3275 412 3313 Politik
435 3274 570 3314 Caprivis
605 3276 662 3307 und
696 3276 790 3306 würde
827 3274 875 3305 der
897 3272 981 3313 jetzige

135 3319 342 3360 Reichskanzler
381 3324 435 3352 aus
475 3323 534 3352 dem
556 3318 885 3360 Zusamnicnstürzendcn
915 3326 982 3349 neue

136 3364 342 3405 lebenskräftige
365 3364 568 3405 Partcigcbilde
603 3372 666 3403 zum
689 3365 792 3403 Nutzen
815 3363 862 3395 der
884 3361 981 3402 Regie¬

136 3417 210 3449 rung
234 3418 265 3449 zu
288 3409 403 3449 schaffen
426 3408 466 3441 im
489 3409 579 3449 stände
614 3408 680 3448 sein,
714 3408 741 3447 so
765 3407 839 3445 hätte
863 3416 892 3438 er
913 3406 982 3444 seine

136 3453 273 3493 polnische
296 3453 542 3493 Meisterprüfung
560 3453 713 3491 bestanden.
759 3451 833 3484 Aber
857 3451 898 3483 die
909 3450 981 3487 Par¬

137 3497 208 3530 teien
232 3497 393 3538 zerbröckeln
428 3507 484 3529 nur
518 3498 622 3538 infolge
657 3498 703 3529 des
737 3496 838 3528 inner»
873 3494 980 3527 Wider¬

137 3542 249 3582 spruchs
288 3543 361 3582 ihrer
385 3542 526 3575 Elemente
562 3543 619 3574 und
655 3540 719 3573 weil
741 3541 776 3581 sie
810 3540 839 3572 in
864 3538 982 3579 Caprivi

136 3587 194 3619 eine
228 3586 353 3626 schwache
388 3586 473 3628 Hand
507 3586 574 3619 über
610 3585 659 3626 sich
690 3585 797 3627 fühlen.
843 3583 901 3616 Die
924 3590 981 3615 ver¬

135 3632 267 3664 änderten
297 3631 484 3672 Verhältnisse
522 3630 672 3671 verlangen
714 3629 873 3662 veränderte
909 3628 981 3666 Par¬

136 3676 218 3713 teien,
242 3677 298 3708 und
322 3676 362 3708 bei
387 3677 434 3708 der
457 3676 629 3715 Umbildung
661 3675 694 3711 ist
715 3673 790 3716 Herr
813 3680 839 3705 v.
866 3672 982 3711 Caprivi

137 3721 210 3758 nicht
233 3721 279 3752 der
303 3719 482 3760 Schiebende,
516 3720 630 3761 sondern
666 3722 711 3751 der
735 3718 903 3757 Geschobene
925 3717 981 3749 und

134 3764 268 3802 vielleicht
301 3766 343 3797 bei
367 3764 547 3805 Gelegenheit
583 3764 647 3803 auch
682 3763 746 3795 bald
785 3764 830 3794 der
853 3761 981 3803 Hinaus¬

133 3809 300 3851 geschobene,
336 3810 406 3842 denn
440 3809 532 3849 hinter
566 3809 624 3846 ihm
648 3808 715 3847 steht
745 3807 789 3839 ein
823 3805 982 3845 ausbündig

132 3854 228 3894 kluger
261 3854 316 3886 und
350 3854 514 3895 ehrgeiziger
544 3853 656 3891 Mann,
690 3853 735 3884 der
758 3850 910 3891 preußische
933 3850 982 3888 Fi-

134 3897 333 3939 nanzministcr
354 3898 414 3931 Dr.
426 3897 553 3938 Miguel,
578 3899 624 3930 der
646 3905 702 3929 nur
725 3897 777 3928 das
789 3894 910 3935 Unglück
922 3897 981 3934 hat,

133 3944 224 3976 weder
248 3943 294 3974 als
317 3941 438 3976 Militär
472 3943 577 3983 gedient
611 3951 645 3983 zu
680 3941 778 3981 haben,
815 3939 882 3978 noch
908 3945 981 3977 „von

132 3987 276 4027 Familie"
302 3996 335 4028 zu
357 3987 423 4027 sein.

202 4031 261 4065 Die
278 4031 466 4073 bedeutsamste
479 4031 666 4072 Erscheinung
689 4029 720 4062 in
742 4028 866 4068 unserem
884 4028 981 4069 öffent¬

134 4077 222 4118 lichen
259 4075 341 4110 Leben
375 4077 424 4117 seit
458 4077 517 4109 dem
540 4076 649 4115 Sturze
672 4073 836 4107 Bismarcks
872 4071 905 4111 ist
942 4072 982 4104 die

132 4121 275 4160 nunmehr
308 4121 395 4163 offene
418 4119 653 4162 Sezession
687 4119 737 4151 im
769 4117 980 4150 Centrum.

130 4166 230 4200 Wenn
264 4164 439 4206 Windthorst
476 4164 540 4205 noch
579 4164 659 4202 lebte,
696 4165 769 4195 wäre
806 4162 853 4194 der
887 4160 981 4199 Bruch

134 4210 269 4250 vielleicht
299 4210 363 4249 noch
397 4210 455 4242 eine
478 4208 566 4243 Weile
591 4205 849 4258 hinausgeschoben.
862 4206 981 4238 worden.

136 4255 216 4290 Sein
232 4254 410 4294 persönlicher
422 4253 542 4294 Einfluß
564 4253 621 4285 und
645 4252 715 4292 seine
731 4250 866 4291 Klugheit
889 4250 981 4290 hätten

129 4300 223 4341 gewiß
258 4299 362 4339 sowohl
397 4308 443 4331 am
466 4298 538 4340 Hofe
560 4299 609 4330 des
633 4295 747 4335 Kaisers
781 4295 832 4328 wie
868 4294 898 4327 in
932 4295 982 4326 den

135 4343 357 4384 demokratischen
395 4343 494 4384 Zelten
531 4344 579 4375 des
618 4340 868 4380 CentrumSlagcrS
905 4338 982 4371 einen

132 4389 296 4430 gangbaren
319 4387 482 4428 Mittelweg
517 4387 563 4428 für
598 4386 639 4418 die
668 4383 904 4424 Militärvorlage
935 4391 981 4423 ge¬

134 4435 250 4475 funden.
297 4431 364 4465 Den
387 4431 573 4472 Nachfolgern
596 4430 788 4468 WindthorstS
822 4428 892 4468 fehlt
925 4430 981 4459 ent¬

136 4480 225 4511 weder
259 4477 324 4516 nach
360 4477 428 4509 oben
461 4477 523 4508 oder
545 4476 612 4515 nach
634 4477 722 4506 unten
745 4474 803 4513 jene
824 4471 982 4509 Autorität,

135 4523 231 4561 welche
267 4521 308 4554 die
342 4520 510 4561 verstorbene
532 4519 616 4552 kleine
638 4518 777 4560 Exccllenz
801 4516 867 4556 nach
891 4515 982 4548 beiden

133 4567 313 4607 Richtungen
336 4565 423 4604 besaß.
463 4565 526 4597 Und
550 4564 633 4604 ihnen
658 4562 727 4604 fehlt
749 4561 802 4594 mit
825 4564 886 4593 dem
908 4560 981 4600 that-

136 4611 282 4651 sächlichen
316 4610 461 4649 Erlöschen
495 4609 542 4641 des
573 4606 804 4648 Kulturkampfes
838 4604 903 4645 auch
939 4606 983 4637 der

135 4655 249 4693 Boden,
272 4655 307 4696 sie
330 4662 361 4695 zu
386 4653 532 4686 erwerben.

202 4699 251 4740 In
285 4701 344 4731 dem
368 4698 504 4730 Centrum
537 4697 596 4736 sind
629 4696 671 4728 die
701 4693 982 4735 widersprechendsten

134 4744 281 4778 Elemente
302 4742 494 4775 beieinander:
523 4740 635 4781 rötliche
659 4739 856 4776 Demokraten,
880 4738 981 4778 kampf¬

138 4789 237 4829 lustige
260 4787 364 4820 niedere
380 4785 569 4826 Geistlichkeit,
593 4784 692 4817 kleiner
714 4785 770 4817 und
795 4783 892 4824 großer
903 4781 982 4819 Adel,

137 4833 205 4866 teils
244 4829 575 4872 partikular-süddeutsch,
613 4829 680 4861 teils
716 4826 982 4869 stramm-preußisch

134 4878 259 4919 gesinnt..
301 4875 386 4915 Dazu
420 4874 462 4906 die
495 4883 578 4915 ganze
601 4872 790 4914 Gefolgschaft
821 4873 868 4904 der
891 4870 982 4911 polni¬

135 4922 211 4962 schen
245 4921 303 4953 und
336 4918 681 4959 velfisch-hannöverschen
711 4916 890 4957 Aristokratie
926 4915 982 4947 und

137 4967 180 4999 die
203 4965 304 5006 höhere
326 4962 516 5004 Geistlichkeit.
561 4961 621 4994 Die
641 4961 804 5003 Scheidung
826 4960 878 5001 hat
900 4959 983 5001 zuerst

138 5011 228 5043 damit
251 5010 403 5050 begonnen,
434 5007 487 5047 daß
517 5006 559 5039 die
582 5006 639 5038 drei
663 5005 783 5046 höchsten
806 5003 982 5045 katholischen

138 5054 360 5094 Kirchenfürsten
382 5052 413 5085 in
426 5051 564 5090 Preußen,
587 5050 630 5082 die
641 5049 809 5090 Erzbischöfe
831 5056 888 5081 von
897 5047 983 5086 Köln,

138 5098 271 5132 Breslau
294 5098 350 5130 und
366 5097 456 5136 Posen
479 5095 527 5136 sich
551 5095 599 5127 der
613 5093 850 5135 Militärvorlage
874 5092 982 5134 günstig

138 5143 253 5185 ziigten,
277 5142 368 5180 ebenso
392 5142 439 5173 der
462 5138 595 5179 polnische
617 5138 698 5176 Adel,
734 5147 781 5170 um
806 5139 865 5170 dem
889 5136 983 5177 Kaiser

136 5187 254 5228 gefällig
278 5195 311 5228 zu
333 5185 388 5225 sein
412 5185 469 5217 und
492 5183 540 5224 sich
564 5182 622 5215 eine
646 5185 709 5222 gute
721 5182 795 5214 Note
818 5191 851 5223 zu
874 5182 981 5221 sichern.

138 5232 233 5264 Dann
258 5230 344 5272 folgte
366 5230 413 5262 der
435 5227 590 5268 katholische
613 5226 684 5259 Adel
706 5225 736 5258 in
759 5226 903 5267 Schlesien
925 5226 982 5257 und

137 5284 201 5308 nun
223 5277 269 5308 der
296 5272 465 5314 westfälische
487 5271 618 5311 Freiherr
640 5277 695 5302 von
718 5269 982 5309 Schorlemer-Alst,

138 5319 257 5361 zugleich
297 5321 342 5352 als
380 5317 490 5358 Führer
531 5317 577 5348 der
614 5313 789 5355 katholischen
827 5313 983 5347 Landwirte

1022 1101 1106 1141 seiner
1128 1101 1368 1144 Hcimatprovinz.
1413 1102 1488 1136 Auch
1521 1102 1563 1136 die
1585 1103 1701 1144 übrigen
1724 1103 1867 1145 rheinisch¬

1023 1146 1210 1188 westfälischen
1246 1146 1386 1180 Edelleute
1431 1147 1546 1180 würden
1579 1148 1657 1188 wohl
1689 1148 1765 1188 schon
1802 1157 1868 1189 gern

1022 1191 1075 1224 mit
1119 1191 1208 1233 ihrem
1264 1191 1455 1232 westfälischen
1499 1192 1758 1233 Standesgenossen
1803 1192 1869 1225 mit¬

1023 1236 1115 1277 gehen,
1160 1242 1241 1268 wenn
1287 1237 1320 1277 sie
1366 1236 1441 1276 ihrer
1485 1235 1606 1269 Bauern
1653 1237 1745 1276 ebenso
1788 1237 1869 1278 sicher

1023 1283 1126 1319 wären,
1164 1281 1216 1313 wie
1256 1280 1347 1320 dieser.
1393 1280 1524 1321 Aehnlich
1558 1281 1625 1320 steht
1660 1286 1688 1314 es
1723 1281 1774 1314 mit
1810 1283 1869 1314 dem

1023 1325 1208 1365 süddeutschen
1261 1325 1484 1357 CentrumSadcl.
1553 1326 1642 1358 Ueber
1688 1325 1750 1367 kurz
1807 1327 1870 1359 oder

1023 1370 1089 1410 lang
1139 1370 1209 1402 wird
1259 1369 1306 1410 sich
1355 1369 1398 1402 die
1443 1370 1599 1411 Trennung
1650 1371 1772 1412 zwischen
1819 1372 1869 1403 den

1023 1414 1208 1454 Aristokraten
1243 1415 1298 1446 und
1334 1414 1383 1446 den
1406 1413 1592 1447 Demokraten
1624 1416 1670 1448 der
1702 1415 1869 1448 CcntrumS-

1023 1459 1112 1496 partei
1135 1458 1230 1490 weiter
1253 1458 1411 1499 vollziehen,
1435 1459 1563 1499 nachdem
1584 1459 1671 1498 Frhr.
1695 1459 1869 1499 vonSchor-

1024 1503 1108 1536 lemer
1130 1503 1182 1535 mit
1198 1502 1438 1544 Entschlossenheit
1454 1505 1502 1536 den
1519 1504 1604 1543 ersten
1617 1504 1730 1544 Schritt
1750 1505 1869 1545 gemacht

1023 1548 1083 1585 hat.
1127 1547 1169 1580 Er
1191 1547 1268 1588 hatte
1290 1547 1388 1580 immer
1411 1551 1498 1580 etwas
1522 1556 1576 1580 von
1594 1548 1680 1581 einem
1696 1549 1868 1589 stürmischen

1023 1592 1217 1631 Reiterführer
1240 1601 1276 1624 an
1299 1593 1347 1632 sich
1371 1593 1429 1625 und
1445 1593 1491 1632 sah
1516 1594 1581 1629 auch
1607 1593 1658 1634 auf
1679 1594 1730 1626 den
1753 1593 1869 1627 Bänken

1025 1638 1072 1669 deS
1088 1636 1272 1675 Parlaments
1295 1636 1347 1669 mit
1370 1637 1470 1677 seinem
1492 1637 1659 1678 energischen
1674 1638 1785 1678 Antlitz,
1809 1639 1869 1670 dem

1024 1681 1124 1721 großen
1148 1690 1254 1722 grauen
1277 1681 1475 1721 Schnurrbart
1500 1683 1559 1714 und
1582 1684 1629 1714 der
1652 1682 1757 1722 raschen
1779 1683 1868 1715 Rede-

1024 1727 1081 1758 und
1093 1724 1332 1766 Gestikulierkunst
1348 1726 1413 1766 stets
1430 1725 1507 1765 mehr
1519 1727 1607 1759 einem
1619 1726 1869 1768 Husarenobersten

1024 1770 1071 1802 als
1094 1770 1180 1803 einem
1203 1769 1606 1810 päpstlichen-Kammerherrn
1630 1771 1749 1811 ähnlich,
1772 1772 1818 1804 der
1842 1780 1870 1804 er

1024 1814 1151 1847 nebenbei
1174 1821 1245 1847 war.

1090 1867 1178 1900 Denn
1201 1869 1253 1900 das
1277 1868 1309 1907 ist
1331 1868 1387 1900 kein
1410 1868 1550 1909 Zweifel:
1574 1868 1616 1900 die
1640 1869 1785 1908 schwarzen
1809 1868 1868 1901 De¬

1025 1912 1163 1945 mokraten
1186 1919 1252 1945 vom
1275 1912 1396 1953 Schlage
1432 1914 1478 1945 der
1499 1912 1559 1945 Dr.
1583 1913 1685 1950 Lieber,
1715 1913 1789 1954 Sigl
1813 1915 1870 1946 und

1024 1956 1178 1998 Fußangel,
1202 1957 1254 1989 wie
1277 1957 1310 1995 sie
1326 1956 1413 1997 West-
1438 1958 1493 1989 und
1506 1957 1750 1998 Süddeutschland
1772 1958 1803 1990 in
1821 1959 1870 1990 den

1025 2002 1174 2042 Reichstag
1197 2001 1292 2041 schickt,
1331 2002 1419 2040 haben
1457 2002 1487 2033 in
1523 2002 1642 2041 hundert
1675 2002 1791 2043 Dingen
1816 2002 1871 2035 viel

1025 2047 1102 2085 mehr
1125 2046 1219 2078 innere
1242 2044 1558 2086 Wahlverwandtschaft
1579 2046 1633 2079 mit
1649 2046 1747 2087 Eugen
1758 2047 1871 2086 Richter

1026 2092 1082 2123 und
1127 2091 1214 2131 dessen
1252 2091 1397 2128 Freunden
1443 2090 1488 2122 als
1530 2090 1581 2122 mit
1631 2091 1708 2130 ihren
1749 2091 1870 2132 adeligen

1026 2134 1313 2176 Glaubensgenossen.
1359 2135 1424 2167 Und
1448 2135 1541 2174 ebenso
1572 2135 1665 2175 finden
1687 2135 1736 2176 sich
1770 2136 1871 2176 letztere

1026 2180 1078 2220 auf
1099 2179 1204 2212 Grund
1229 2180 1422 2219 gemeinsamer
1455 2179 1729 2221 Standesinteressen
1764 2180 1870 2220 leichter

1026 2225 1079 2257 mit
1100 2225 1159 2256 dem
1182 2223 1601 2264 protestantisch-konservativen
1614 2225 1683 2257 Adel
1702 2225 1869 2265 zusammen.

1026 2268 1088 2301 Der
1109 2268 1274 2309 süddeutsche
1288 2268 1502 2301 Centrumsadel
1518 2268 1551 2309 ist
1566 2277 1622 2301 nur
1639 2269 1723 2309 seiner
1737 2268 1869 2304 Wähler¬

1026 2314 1106 2354 schaft
1125 2313 1245 2354 weniger
1264 2313 1341 2354 sicher
1364 2314 1421 2345 und
1437 2313 1503 2352 muß
1520 2312 1578 2352 ihre
1591 2313 1869 2354 partikularistischen

1026 2358 1190 2398 Neigungen
1220 2357 1315 2398 stärker
1349 2357 1575 2397 berücksichtigen,
1611 2358 1660 2397 hat
1691 2358 1756 2397 auch
1792 2358 1870 2398 selbst

1026 2403 1089 2442 noch
1112 2403 1222 2441 manche
1245 2402 1301 2434 und
1324 2402 1412 2442 pflegt
1434 2402 1470 2440 sie
1492 2408 1583 2442 wegen
1608 2403 1656 2434 des
1671 2402 1825 2442 Einflusses
1841 2403 1871 2435 in

1027 2447 1124 2487 seinem
1148 2455 1249 2487 engern
1271 2446 1476 2488 Heimatlande.

1092 2499 1165 2532 WaS
1210 2499 1253 2531 die
1297 2499 1391 2531 beiden
1436 2498 1778 2540 Hospitanten-Gruppen
1824 2500 1871 2532 des

1027 2544 1181 2576 Centrums
1212 2543 1329 2584 betrifft,
1363 2544 1414 2575 den
1450 2544 1666 2583 hannoverschen
1699 2543 1872 2584 Welfenadel

1027 2589 1084 2620 und
1107 2589 1148 2620 die
1171 2588 1289 2629 Elsässer
1310 2587 1473 2627 Protestler,
1510 2587 1538 2625 so
1572 2588 1631 2628 sind
1666 2589 1717 2619 das
1755 2588 1872 2628 einsame

1027 2632 1256 2672 Säulcnheilige,
1280 2632 1320 2664 die
1343 2632 1384 2664 bei
1409 2632 1483 2664 einer
1495 2632 1669 2672 Umbildung
1681 2632 1728 2664 der
1740 2632 1872 2671 Parteien

1026 2677 1096 2710 keine
1119 2677 1203 2709 Rolle
1227 2676 1326 2715 spielen
1351 2677 1408 2708 und
1433 2685 1521 2717 genug
1546 2676 1597 2709 mit
1621 2677 1708 2717 ihrem
1725 2677 1873 2718 Schmerze

1028 2730 1061 2763 zu
1083 2721 1206 2762 kämpfen
1231 2721 1328 2761 haben.

1093 2775 1186 2807 Wenn
1209 2783 1276 2806 man
1299 2773 1487 2814 ausländische
1499 2772 1658 2814 Zeitungen
1680 2773 1751 2813 liest,
1772 2775 1800 2812 so
1824 2775 1873 2814 hat

1027 2829 1093 2852 man
1117 2820 1189 2860 öfter
1213 2820 1265 2851 das
1289 2818 1408 2859 Gefühl,
1443 2819 1489 2850 als
1524 2818 1558 2850 ob
1589 2818 1631 2850 die
1655 2818 1873 2859 augenblickliche

1027 2864 1096 2904 Lage
1118 2864 1148 2895 in
1171 2862 1357 2902 Deutschland
1380 2862 1453 2902 nicht
1483 2862 1591 2895 überall
1615 2862 1668 2894 mit
1690 2864 1737 2895 der
1759 2863 1872 2904 nötigen

1027 2907 1237 2948 Kaltblütigkeit
1275 2908 1330 2939 und
1368 2906 1560 2948 Zweifelsucht
1600 2907 1730 2939 beurteilt
1773 2909 1872 2940 werde.

1027 2953 1139 2992 Vorerst
1173 2953 1206 2992 ist
1241 2951 1271 2984 in
1303 2951 1492 2991 Deutschland
1527 2951 1568 2983 die
1602 2951 1712 2992 Sorge,
1747 2952 1797 2991 daß
1829 2953 1872 2984 ein

1027 2996 1222 3037 langwieriger
1246 2997 1301 3028 und
1325 2996 1487 3036 ernsthafter
1499 2994 1623 3036 Konflikt
1638 2996 1763 3035 zwischen
1778 2996 1872 3028 Krone

1027 3042 1085 3073 und
1106 3041 1177 3073 Volk
1199 3048 1291 3081 wegen
1307 3041 1353 3072 der
1365 3040 1603 3080 Militärvorlage
1620 3041 1754 3081 entstehen
1765 3040 1872 3076 könnte,

1027 3086 1091 3125 noch
1114 3087 1141 3124 so
1166 3088 1216 3126 gut
1240 3085 1290 3117 wie
1312 3094 1363 3125 gar
1385 3084 1458 3124 nicht
1481 3084 1636 3116 verbreitet.
1681 3085 1739 3123 Im
1762 3084 1871 3125 Gegen¬

1027 3130 1096 3163 teil!
1141 3130 1183 3162 ES
1218 3130 1367 3169 überwicgt
1401 3129 1539 3169 durchaus
1568 3128 1609 3160 die
1632 3128 1785 3169 Meinung,
1822 3130 1873 3169 daß

1027 3184 1094 3207 man
1128 3173 1230 3206 bereits
1265 3174 1303 3206 im
1337 3173 1461 3212 nächsten
1483 3173 1633 3213 Reichstag
1657 3173 1817 3214 gegenseitig
1840 3183 1873 3214 zu

1028 3219 1235 3259 irgendwelcher
1270 3218 1470 3257 annehmbarer
1491 3217 1716 3258 Verständigung
1753 3218 1873 3250 kommen

1028 3264 1123 3296 werde.
1170 3262 1312 3302 Vielleicht
1334 3271 1399 3302 mag
1424 3266 1453 3294 eS
1477 3261 1519 3294 ein
1532 3262 1655 3301 Irrtum
1666 3263 1721 3301 sein
1745 3279 1784 3285 —
1811 3269 1873 3294 vor¬

1028 3308 1115 3348 läufig
1139 3307 1291 3347 überwiegt
1313 3307 1377 3338 aber
1401 3306 1468 3345 diese
1480 3306 1675 3347 Anschauung.
1706 3306 1786 3340 Man
1810 3307 1875 3346 darf

1027 3353 1099 3392 nicht
1122 3351 1268 3392 vergessen,
1294 3351 1345 3391 daß
1369 3352 1415 3383 der
1450 3351 1567 3390 deutsche
1589 3349 1685 3390 Kaiser
1718 3360 1753 3391 zu
1786 3350 1874 3383 einem

1028 3396 1304 3436 parlamentarischen
1339 3394 1462 3435 Konflikt
1495 3395 1561 3434 auch
1595 3396 1643 3427 der
1675 3395 1874 3436 Zustimmung

1028 3439 1428 3480 derBundeSfürstcnbedarf.
1463 3438 1555 3472 Wenn
1579 3439 1646 3478 diese
1668 3440 1746 3479 selbst
1767 3440 1874 3472 einer

1028 3484 1345 3526 Reichstagsauflösung
1368 3484 1541 3524 zustimmen,
1564 3484 1590 3522 so
1614 3484 1648 3524 ist
1671 3488 1700 3515 cS
1723 3484 1783 3522 doch
1808 3484 1872 3523 noch

1027 3531 1125 3562 immer
1149 3530 1193 3561 ein
1216 3530 1330 3561 anderes
1354 3528 1437 3569 Ding
1461 3528 1494 3566 sic
1522 3528 1570 3567 für
1603 3528 1776 3567 wiederholte
1800 3528 1872 3568 Auf¬

1028 3574 1160 3614 lösungen
1183 3583 1217 3613 zu
1241 3572 1393 3613 gewinnen.
1439 3571 1519 3605 Man
1547 3572 1671 3612 übersehe
1705 3572 1786 3611 nicht,
1822 3574 1874 3605 wie

1027 3619 1106 3659 sogar
1129 3618 1159 3650 in
1183 3619 1234 3650 den
1246 3617 1352 3656 Reihen
1369 3616 1717 3657 regierungsfreundlicher
1743 3616 1873 3655 Parteien

1028 3663 1072 3695 ein
1095 3662 1154 3702 sehr
1177 3662 1303 3703 geringer
1317 3661 1540 3701 Enthusiasmus
1564 3661 1611 3701 für
1635 3660 1675 3693 die
1698 3660 1782 3701 jetzige
1799 3661 1873 3693 Vor¬

1028 3707 1089 3747 lage
1110 3707 1237 3747 herrscht,
1260 3706 1316 3738 und
1340 3706 1385 3738 der
1408 3706 1553 3745 Umstand,
1577 3705 1629 3744 daß
1653 3704 1798 3738 BiSmarck
1822 3714 1873 3737 un¬

1028 3753 1171 3784 verändert
1193 3751 1236 3783 die
1258 3750 1443 3790 Verwerfung
1469 3749 1620 3790 empfiehlt,
1648 3749 1772 3789 schwächt
1795 3750 1873 3782 eben¬

1028 3796 1098 3836 falls
1120 3797 1170 3828 den
1194 3794 1337 3830 Glauben,
1372 3794 1425 3832 daß
1458 3794 1510 3826 mit
1546 3795 1591 3826 der
1614 3793 1780 3834 Ablehnung
1814 3795 1873 3826 dem

1027 3840 1196 3874 Baterlande
1221 3839 1265 3872 ein
1288 3839 1439 3871 dauernder
1464 3838 1592 3877 Schaden
1617 3838 1746 3879 zugefügt
1773 3839 1872 3870 werde.

1027 3884 1213 3925 Thatsächlich
1250 3883 1328 3923 spielt
1362 3882 1404 3915 die
1426 3881 1664 3922 Militärvorlage
1697 3883 1744 3914 als
1770 3882 1872 3922 Wahl¬

1029 3929 1123 3968 parole
1146 3928 1218 3968 nicht
1242 3927 1401 3966 annähernd
1425 3927 1483 3959 eine
1512 3926 1594 3966 solche
1618 3926 1701 3960 Rolle
1737 3926 1787 3959 wie
1823 3933 1873 3959 vor

1028 3974 1086 4006 drei
1106 3973 1222 4012 Jahren
1257 3972 1297 4004 die
1319 3970 1424 4010 Parole
1450 3971 1633 4009 „Septcnnat
1668 3972 1730 4003 oder
1756 3970 1869 4010 nicht!"

1027 4018 1185 4059 Agrarische
1208 4017 1266 4048 und
1290 4014 1494 4055 antisemitische
1508 4015 1717 4055 Forderungen,
1733 4015 1779 4047 der
1790 4016 1872 4056 Ruf:

1027 4062 1104 4100 mehr
1126 4061 1191 4100 nach
1216 4060 1299 4097 links,
1323 4060 1385 4092 oder
1409 4059 1474 4098 nach
1498 4059 1596 4098 rechts,
1622 4060 1723 4099 endlich
1749 4061 1799 4092 das
1817 4061 1872 4092 leb¬

1027 4107 1089 4147 haft
1111 4105 1242 4147 gefühlte,
1267 4103 1535 4144 unausgesprochene
1558 4104 1720 4145 Verlangen
1742 4104 1808 4144 nach
1832 4113 1873 4137 er-

1026 4152 1138 4191 hbhtem
1174 4147 1461 4188 parlamentarischem
1484 4147 1621 4189 Einflüsse
1653 4165 1694 4171 —
1729 4149 1779 4181 das
1814 4149 1872 4190 sind

1029 4195 1072 4228 die
1105 4194 1257 4231 wirklichen
1280 4193 1459 4234 Triebfedern
1493 4192 1536 4224 bei
1570 4194 1620 4224 den
1651 4192 1873 4233 bevorstehenden

1027 4239 1160 4279 Wahlen,
1198 4240 1279 4270 deren
1314 4236 1433 4277 Ausfall
1471 4245 1520 4276 zur
1559 4237 1676 4270 Stunde
1713 4238 1776 4277 noch
1817 4237 1874 4270 kein

1028 4284 1140 4322 Mensch
1166 4282 1196 4315 in
1208 4281 1396 4323 Deutschland
1421 4281 1554 4322 ernsthaft
1576 4290 1609 4320 zu
1633 4281 1775 4321 berechnen
1786 4285 1871 4322 wagt.

1093 4335 1151 4368 Die
1173 4334 1409 4374 Militärvorlage
1432 4333 1465 4372 ist
1488 4334 1553 4373 auch
1576 4333 1650 4373 nicht
1672 4335 1717 4366 der
1740 4334 1872 4374 Spreng¬

1027 4382 1101 4422 stoff,
1124 4381 1171 4412 der
1192 4379 1246 4411 mit
1269 4377 1492 4418 ursprünglicher
1514 4377 1631 4410 Gewalt
1653 4378 1748 4418 bisher
1780 4379 1872 4418 festge¬

1028 4427 1103 4467 fügte
1125 4423 1259 4463 Parteien
1282 4423 1469 4455 auseinander
1490 4422 1571 4461 reißt.
1616 4421 1651 4455 O
1683 4423 1768 4455 nein!
1816 4422 1873 4456 Sie

1027 4471 1062 4511 ist
1085 4478 1139 4502 nur
1163 4468 1220 4501 eine
1243 4467 1496 4506 verhältnismäßig
1530 4466 1691 4506 bescheidene
1715 4466 1872 4506 Dynamit-

1028 4517 1154 4553 Patrone,
1191 4512 1235 4545 die
1271 4512 1323 4544 mit
1360 4511 1436 4550 ihrer
1459 4510 1674 4551 Erschütterung
1703 4511 1805 4543 bereits
1829 4520 1872 4550 ge¬

1028 4558 1150 4591 lockertes
1173 4557 1232 4589 und
1254 4555 1385 4596 morsches
1408 4554 1550 4588 Bauwerk
1580 4564 1613 4596 zu
1637 4555 1760 4588 weiterer
1785 4555 1873 4588 Locke¬

1028 4612 1101 4644 rung
1123 4602 1230 4641 bringt.

1096 4647 1170 4679 Aber
1192 4645 1285 4685 ebenso
1307 4644 1358 4677 wie
1381 4653 1449 4676 man
1471 4650 1564 4684 wegen
1586 4644 1635 4676 des
1652 4643 1804 4684 Schicksals
1828 4644 1873 4676 der

1028 4689 1265 4730 Militärvorlage
1298 4689 1339 4721 die
1362 4688 1488 4731 Zuktznft
1518 4690 1567 4721 des
1597 4688 1733 4728 deutschen
1770 4688 1871 4721 Volke«

1028 4736 1100 4776 nicht
1123 4735 1197 4774 allzu
1219 4734 1334 4774 schwarz
1359 4733 1511 4772 betrachten
1547 4733 1621 4774 darf,
1656 4733 1748 4773 ebenso
1780 4732 1871 4773 wenig

1028 4781 1097 4819 muß
1119 4788 1185 4811 man
1197 4778 1246 4818 sich
1259 4778 1394 4815 einredcn,
1414 4777 1467 4816 daß
1479 4776 1520 4809 die
1532 4776 1675 4818 Sezession
1687 4777 1727 4810 im
1738 4776 1871 4816 Deutsch¬

1029 4825 1141 4867 freisinn
1164 4823 1221 4856 und
1246 4822 1285 4855 im
1308 4822 1445 4854 Centrum
1468 4821 1570 4854 bereits
1591 4822 1643 4854 den
1674 4821 1779 4861 raschen
1814 4822 1871 4853 und

1028 4868 1242 4902 vollkommenen
1265 4866 1393 4907 Einsturz
1409 4866 1492 4907 dieser
1506 4865 1725 4906 Parteigebäude
1740 4866 1870 4898 bedeutet.

1030 4913 1089 4946 Die
1111 4910 1321 4953 Sezessionisten
1344 4911 1434 4942 beider
1469 4910 1600 4949 Parteien
1635 4911 1766 4951 verfügen
1798 4910 1871 4950 nicht

1028 4958 1097 4991 über
1133 4957 1175 4989 die
1212 4954 1475 4995 Wahlmaschinerie
1512 4954 1588 4993 ihrer
1622 4956 1696 4987 alten
1727 4955 1870 4994 Parteien.

1027 5002 1110 5041 Diese
1132 5001 1167 5042 ist
1189 5000 1219 5032 in
1243 5001 1288 5032 der
1310 4999 1394 5041 Hand
1417 4999 1466 5031 des
1479 4998 1555 5031 alten
1569 4998 1721 5031 Stammes
1735 4998 1871 5040 geblieben

1028 5048 1086 5079 und
1108 5045 1224 5085 deshalb
1248 5044 1334 5084 haben
1357 5043 1484 5076 beiderlei
1508 5043 1730 5084 Sezessionisten,
1768 5042 1872 5083 sowohl

1028 5091 1071 5124 die
1094 5099 1140 5123 um
1163 5089 1271 5123 Rickert
1293 5087 1377 5125 links,
1399 5087 1451 5120 wie
1468 5087 1508 5120 die
1521 5096 1571 5119 um
1582 5087 1762 5127 Schorlemer
1783 5087 1871 5127 recht«

1028 5135 1169 5175 vorläufig
1191 5142 1249 5166 nur
1272 5132 1431 5173 bescheidene
1453 5131 1647 5173 Wahlerfolge
1669 5141 1702 5172 zu
1725 5134 1870 5164 erwarten.

1027 5179 1094 5213 Wir
1115 5179 1203 5219 stehen
1235 5178 1286 5218 erst
1308 5186 1376 5217 ganz
1400 5185 1446 5208 am
1469 5176 1598 5217 Anfänge
1621 5178 1669 5209 der
1690 5176 1871 5214 Partei-Um-

1028 5224 1188 5264 bildungen.
1211 5222 1254 5255 ES
1276 5221 1309 5262 ist
1330 5220 1458 5261 möglich,
1493 5221 1547 5260 daß
1580 5221 1615 5260 sie
1650 5221 1688 5253 im
1719 5220 1802 5261 Laufe
1826 5221 1872 5252 der

1028 5269 1149 5308 nächsten
1172 5267 1267 5307 Jahre
1289 5265 1361 5305 rasch
1385 5267 1526 5297 vorwärts
1550 5266 1656 5305 gehen;
1680 5268 1709 5297 eS
1733 5264 1766 5305 ist
1777 5265 1871 5305 ebenso

1029 5312 1155 5353 möglich,
1179 5311 1231 5351 daß
1254 5311 1288 5352 sie
1310 5310 1374 5343 bald
1397 5309 1497 5343 wieder
1519 5318 1588 5351 ganz
1612 5309 1662 5342 ins
1684 5309 1802 5343 Stocken
1827 5318 1871 5350 ge¬

1913 1106 2004 1137 raten.
2049 1104 2109 1138 Bis
2142 1106 2198 1146 jetzt
2234 1105 2315 1146 fehlte
2338 1106 2378 1139 im
2401 1107 2569 1147 Parlament
2601 1107 2646 1140 der
2668 1106 2759 1147 Nach¬

1913 1148 2006 1187 wuchs
2031 1152 2084 1182 von
2107 1150 2240 1190 jüngeren
2259 1150 2439 1185 bedeutenden
2458 1151 2589 1191 Kräften,
2613 1152 2656 1185 ein
2668 1152 2760 1191 Nach¬

1913 1193 2006 1233 wuchs
2032 1199 2086 1226 von
2108 1195 2238 1235 Führern
2260 1195 2314 1227 mit
2336 1196 2457 1237 stischem
2488 1196 2569 1230 Blut
2592 1198 2648 1229 und
2672 1205 2759 1230 neuen

1913 1238 2017 1277 Ideen.

1978 1282 2023 1315 ES
2046 1282 2078 1321 ist
2102 1283 2148 1316 der
2170 1283 2297 1323 Nachteil
2329 1284 2358 1316 in
2389 1285 2513 1324 unserem
2536 1295 2638 1327 ganzen
2661 1285 2758 1324 parla¬

1913 1327 2107 1366 mentarischen
2141 1327 2237 1365 Leben,
2270 1329 2323 1366 daß
2355 1328 2416 1368 ihm
2446 1330 2541 1367 bisher
2575 1331 2622 1362 der
2654 1330 2759 1371 stärkste

1913 1371 2015 1412 Anreiz
2038 1372 2140 1413 fehlte:
2164 1372 2206 1405 die
2230 1372 2366 1413 Aussicht,
2398 1373 2443 1406 als
2466 1374 2577 1413 Führer
2600 1374 2672 1407 einer
2696 1384 2758 1415 gro¬

1913 1416 1963 1455 ßen
1986 1416 2085 1455 Partei
2119 1416 2265 1457 schließlich
2302 1419 2366 1456 auch
2403 1418 2532 1451 leitender
2554 1418 2691 1458 Minister
2725 1428 2758 1459 zu

1913 1461 2031 1493 werden.
2077 1460 2236 1500 Besonders
2259 1462 2307 1502 für
2330 1463 2380 1495 den
2393 1461 2597 1495 Liberalismus
2620 1463 2651 1503 ist
2675 1463 2759 1503 dieser

1914 1504 2041 1545 Nachteil
2073 1505 2304 1546 verhängnisvoll
2338 1507 2465 1547 gewesen.
2512 1507 2555 1540 Er
2578 1507 2626 1546 hat
2647 1507 2758 1540 wieder¬

1914 1549 1973 1588 holt
1996 1559 2047 1590 zur
2068 1549 2290 1592 Zersplitterung
2315 1552 2371 1583 und
2395 1560 2430 1592 zu
2450 1552 2525 1591 jener
2537 1551 2642 1590 Politik
2653 1552 2759 1592 grund¬

1913 1594 2043 1634 sätzlicher
2077 1594 2258 1636 Verneinung
2293 1596 2415 1637 geführt,
2438 1596 2479 1628 die
2507 1596 2556 1637 sich
2581 1596 2612 1628 in
2634 1597 2694 1628 dem
2716 1596 2759 1628 be¬

1914 1639 2049 1679 gabtesten
2073 1638 2183 1676 Mann,
2208 1639 2238 1671 in
2260 1639 2358 1681 Eugen
2371 1640 2493 1679 Richter,
2518 1640 2675 1681 allmählich
2701 1647 2760 1672 ver¬

1913 1684 2021 1722 körpert
2044 1683 2101 1723 hat.
2148 1683 2205 1716 Ein
2238 1685 2348 1725 wahres
2377 1684 2599 1718 Gotteswunder
2632 1684 2674 1725 ist,
2710 1684 2760 1724 daß

1914 1729 1959 1760 der
1982 1727 2204 1767 vorgeschrittene
2229 1728 2433 1762 Liberalismus
2454 1729 2497 1761 bei
2518 1733 2577 1761 uns
2600 1729 2662 1769 noch
2688 1729 2760 1768 nicht

1914 1771 2002 1811 völlig
2027 1772 2279 1813 anti-monarchisch
2299 1774 2405 1806 wurde.
2449 1773 2544 1806 Wenn
2558 1783 2625 1806 man
2640 1774 2706 1813 stets
2729 1773 2760 1806 in

1914 1817 1960 1848 der
1974 1816 2150 1857 Opposition
2173 1818 2217 1856 ist,
2240 1818 2308 1858 ohne
2331 1818 2432 1858 jemals
2454 1819 2484 1850 in
2509 1818 2550 1850 die
2570 1817 2760 1859 Zwangslage

1914 1870 1947 1901 zu
1975 1861 2109 1898 kommen.
2143 1861 2357 1902 Versprochenes
2390 1862 2421 1894 in
2451 1864 2497 1895 der
2521 1862 2660 1903 Stellung
2685 1863 2760 1894 eines

1914 1906 2048 1937 leitenden
2060 1905 2214 1946 Ministers
2237 1906 2452 1948 durchzuführen
2476 1925 2519 1929 —
2542 1908 2618 1939 dann
2640 1907 2760 1939 vermin¬

1915 1950 1972 1982 dert
2007 1950 2055 1991 sich
2091 1950 2334 1991 natürlicherweise
2365 1953 2419 1983 das
2446 1951 2760 1991 Verantwortlichkeits-

1915 1993 2035 2034 Gefühl,
2059 1995 2188 2034 während
2204 1995 2245 2028 die
2260 1995 2527 2036 Phrasendrescherei
2550 1996 2607 2028 und
2630 1996 2675 2028 der
2689 1995 2761 2033 poli¬

1914 2038 1990 2078 tische
2027 2038 2278 2072 Doktrinarismus
2313 2041 2420 2080 wächst,
2453 2041 2505 2072 den
2538 2039 2647 2080 manche
2682 2039 2761 2073 Leute

1915 2092 1980 2124 gern
2003 2082 2057 2115 mit
2081 2083 2355 2125 Charakterfestigkeit
2382 2084 2567 2124 verwechseln.

1980 2127 2047 2160 Wie
2070 2128 2170 2169 gesagt,
2194 2129 2247 2161 wir
2270 2129 2359 2169 stehen
2390 2138 2436 2161 am
2458 2129 2576 2170 Anfang
2612 2135 2664 2161 von
2688 2128 2762 2166 Par¬

1914 2172 2164 2213 teiumbildungen,
2187 2173 2230 2206 die
2252 2177 2334 2206 unter
2349 2174 2518 2213 Umständen
2546 2173 2684 2214 wichtiger
2707 2172 2762 2211 sein

1914 2217 2030 2255 können,
2067 2217 2113 2249 als
2152 2219 2204 2250 das
2243 2227 2326 2258 ganze
2363 2218 2502 2258 Schicksal
2544 2218 2591 2250 der
2627 2217 2762 2251 Militär¬

1915 2261 2049 2302 vorlage;
2073 2262 2143 2294 denn
2166 2270 2216 2294 um
2239 2262 2305 2302 diese
2327 2262 2440 2302 braucht
2466 2271 2534 2295 man
2557 2261 2632 2301 nicht
2655 2261 2763 2302 besorgt

1915 2315 1948 2346 zu
1971 2306 2037 2345 sein.
2083 2306 2130 2345 In
2154 2307 2200 2338 der
2225 2306 2302 2339 einen
2336 2307 2400 2339 oder
2430 2308 2534 2339 andern
2556 2306 2644 2345 Form
2665 2305 2763 2338 bewil¬

1916 2350 1967 2390 ligt
1990 2351 2039 2382 der
2060 2350 2210 2391 Reichstag
2235 2351 2294 2391 doch
2312 2351 2455 2391 schließlich
2481 2351 2553 2383 alles
2576 2350 2690 2390 Nötige,
2713 2358 2763 2382 um

1915 2394 2086 2435 schlagfertig
2108 2404 2142 2436 zu
2165 2396 2291 2436 bleiben;
2317 2397 2368 2428 daS
2393 2396 2427 2435 ist
2449 2396 2491 2428 die
2506 2394 2763 2435 Grundstimmung

1915 2439 1955 2470 im
1977 2438 2071 2471 Volke.
2117 2440 2192 2472 Aber
2215 2447 2295 2472 wenn
2318 2440 2374 2481 jetzt
2397 2440 2440 2472 ein
2464 2439 2588 2481 genialer
2603 2439 2704 2473 Mann
2727 2448 2764 2470 an

1917 2484 1962 2515 der
1984 2483 2081 2523 Spitze
2105 2484 2150 2516 der
2172 2485 2332 2525 Regierung
2356 2485 2458 2525 stände,
2496 2485 2523 2523 so
2548 2487 2622 2517 wäre
2644 2484 2692 2523 für
2715 2482 2764 2522 ihn

1916 2527 2049 2567 vielleicht
2083 2528 2123 2560 die
2154 2528 2300 2569 günstigste
2322 2528 2387 2569 Zeit
2410 2528 2521 2565 leitend,
2545 2529 2596 2567 auf
2630 2528 2687 2560 eine
2710 2527 2763 2559 Er¬

1916 2580 2057 2613 neuerung
2080 2573 2191 2611 unseres
2226 2573 2503 2612 parlamentarischen
2536 2573 2638 2606 Lebens
2672 2571 2763 2611 einzu¬

1916 2615 2017 2648 wirken
2040 2618 2096 2648 und
2120 2616 2197 2649 einen
2222 2617 2339 2657 ruhigen
2354 2617 2517 2658 Uebergang
2541 2626 2575 2658 zu
2599 2617 2671 2649 einer
2683 2615 2762 2648 wirk¬

1917 2660 2001 2700 lichen
2026 2660 2239 2702 Mitherrschaft
2270 2663 2317 2693 des
2351 2661 2536 2700 Parlaments
2572 2661 2763 2702 anzubahnen.

1916 2705 2003 2737 Einer
2027 2705 2128 2745 solchen
2151 2706 2236 2746 gehen
2257 2706 2312 2738 wir
2334 2706 2362 2746 ja
2390 2705 2536 2745 schließlich
2571 2706 2632 2744 doch
2655 2705 2687 2737 in
2711 2713 2763 2737 un¬

1917 2750 1985 2789 serer
2009 2750 2189 2789 allgemeinen
2214 2750 2370 2789 politischen
2395 2749 2601 2790 Entwickelung
2624 2752 2763 2789 entgegen,

1917 2801 1996 2826 wenn
2021 2794 2068 2834 sich
2097 2794 2162 2834 auch
2185 2794 2331 2834 Einwürfc
2364 2795 2422 2827 und
2444 2794 2620 2836 Hindernisse
2643 2794 2765 2834 dagegen

1916 2839 1979 2878 noch
2004 2838 2122 2879 mächtig
2147 2840 2318 2880 auftürmen.

2173 2955 2518 3014 Kantone.

2265 3022 2422 3066 Zürich.

1960 3069 2495 3110 DasJnitiativbegehren
2519 3069 2766 3110 betreffend

1917 3113 2647 3154 diePensionenundRuhegehalte
2660 3113 2765 3145 lautet:

1920 3156 1952 3199 1)
1975 3158 2136 3198 Staatliche
2159 3157 2314 3199 Pensionen
2336 3159 2394 3190 und
2419 3157 2610 3198 Ruhegehalte
2636 3158 2694 3198 sind
2719 3158 2766 3189 ab¬

1917 3202 2066 3243 zuschaffen
2098 3203 2154 3235 und
2190 3203 2315 3242 demnach
2338 3203 2356 3241 §
2380 3202 2445 3234 256
2479 3203 2528 3235 deS
2553 3201 2671 3242 Gesetzes
2695 3201 2764 3233 betr.

1918 3249 1969 3278 daS
1992 3246 2195 3287 Kirchenwesen
2220 3254 2282 3279 vom
2306 3248 2357 3279 20.
2383 3247 2491 3287 August
2517 3246 2601 3278 1861
2632 3246 2688 3278 und
2723 3245 2764 3277 die

1916 3291 1954 3330 88
1975 3291 2042 3323 313
2076 3292 2133 3323 und
2160 3291 2226 3323 314
2260 3292 2307 3323 de«
2342 3290 2461 3330 Gesetzes
2496 3292 2544 3323 des
2578 3289 2764 3329 Unterrichts¬

1917 3332 2021 3374 wesens
2044 3342 2107 3368 vom
2132 3335 2183 3367 23.
2206 3335 2357 3376 Dezember
2383 3335 2478 3372 1859,
2510 3334 2592 3374 sowie
2616 3334 2655 3366 die
2677 3333 2763 3375 regie-

1917 3380 2121 3420 rungsrätliche
2158 3380 2346 3420 Verordnung
2391 3379 2539 3421 betreffend
2573 3378 2764 3419 Ruhegehalte

1918 3430 1981 3456 vom
2004 3425 2037 3456 3.
2061 3424 2231 3463 September
2266 3424 2349 3456 1891
2386 3424 2471 3463 außer
2494 3422 2580 3464 Kraft
2609 3432 2642 3463 zu
2664 3423 2763 3464 setzen;

1919 3467 1952 3509 2)
1975 3468 2048 3500 wird
2071 3469 2117 3500 der
2129 3467 2308 3501 Kantonsrat
2332 3467 2500 3508 eingeladen,
2513 3466 2555 3500 die
2567 3466 2764 3506 Mißbräuche,

1918 3512 2013 3552 welche
2047 3512 2089 3545 bei
2122 3512 2352 3552 gegenwärtigem
2386 3511 2484 3552 Bezug
2520 3518 2576 3544 von
2610 3512 2765 3552 Pensionen

1919 3557 2049 3596 bestehen,
2072 3557 2245 3597 abzustellen.
2291 3556 2350 3588 Die
2365 3556 2534 3595 Initianten
2558 3556 2635 3597 setzen
2657 3555 2764 3597 folgen¬

1919 3602 1968 3633 den
1990 3600 2117 3640 Nachsatz
2139 3610 2172 3642 zu
2195 3601 2269 3641 ihrer
2292 3600 2439 3641 Eingabe:
2484 3599 2552 3633 Mit
2578 3600 2766 3641 zeitgemäßer,

1919 3646 1969 3677 den
2006 3645 2166 3686 Leistungen
2200 3645 2418 3685 entsprechender
2453 3644 2619 3685 Besoldung
2654 3644 2766 3685 unserer

1919 3690 2158 3722 Staatsbeamten
2197 3690 2257 3732 sind
2294 3689 2349 3722 wir
2387 3689 2605 3728 einverstanden,
2647 3689 2766 3729 dagegen

1917 3734 2023 3766 können
2057 3734 2110 3766 wir
2145 3734 2190 3766 als
2230 3733 2430 3774 demokratische
2462 3733 2669 3772 Republikaner
2709 3737 2766 3765 uns

1918 3778 1989 3818 nicht
2013 3780 2083 3818 dazu
2118 3778 2263 3819 verstehen,
2299 3778 2437 3819 einzelnen
2460 3778 2598 3811 Ständen
2621 3777 2766 3816 Vorrechte

1918 3831 1952 3862 zu
1974 3824 2120 3863 gewähren
2144 3823 2201 3855 und
2226 3830 2300 3863 zwar
2324 3822 2532 3862 umsoweniger,
2557 3821 2603 3854 als
2619 3821 2673 3862 jetzt
2688 3821 2767 3862 schon

1918 3867 1959 3900 die
1981 3867 2109 3908 grellsten
2132 3866 2317 3907 Mißbräuche
2340 3866 2545 3907 vorgekommen
2568 3866 2637 3907 sind.

1969 3933 2004 3938 —
2025 3919 2065 3946 ch.
2085 3918 2136 3948 Am
2146 3919 2272 3952 Sonntag
2286 3918 2347 3951 hielt
2364 3917 2408 3947 der
2427 3917 2631 3947 kantonale
2649 3917 2767 3952 Hand¬

1917 3959 2069 3988 werker-
2096 3960 2166 3988 und
2190 3958 2503 3988 Gewerbeverein
2530 3957 2560 3986 in
2586 3957 2685 3990 Uster
2713 3957 2768 3986 eine

1917 3998 2268 4032 Delegiertenversammlung
2287 3997 2331 4031 ab,
2360 4005 2397 4026 an
2424 3996 2523 4029 welcher
2551 3996 2622 4030 durch
2649 3998 2713 4026 etwa
2732 3996 2770 4024 33

1917 4038 2092 4072 Abgeordnete
2118 4038 2235 4072 folgende
2262 4036 2403 4067 Sektionen
2433 4039 2552 4066 vertreten
2583 4043 2683 4065 waren:
2715 4035 2768 4065 Ge-

1917 4078 2082 4107 weib.-verein
2100 4077 2200 4112 Zürich,
2219 4076 2493 4110 Bäckermeisterverein
2511 4076 2612 4111 Zürich,
2630 4075 2768 4110 Schloffer-

1917 4118 2099 4150 meisterverein
2109 4117 2208 4152 Zürich,
2221 4116 2503 4152 Hafnermeisterverein
2513 4115 2613 4151 Zürich,
2623 4115 2768 4149 Schreiner-

1917 4158 2100 4192 meisterverein
2117 4157 2217 4192 Zürich,
2244 4157 2451 4187 Gewerbeverein
2468 4155 2605 4189 Riekbach,
2634 4155 2767 4185 Gewerbe¬

1917 4199 2014 4227 vereine
2033 4198 2110 4230 Uster,
2141 4197 2262 4232 Wehikon
2280 4197 2335 4225 und
2352 4196 2519 4230 Winterthur,
2547 4195 2767 4225 Gewerbevereine

1918 4238 1961 4266 der
1976 4237 2077 4272 Bezirke
2095 4237 2225 4272 Affoltern
2252 4237 2305 4265 und
2325 4235 2432 4268 Bülach.
2466 4236 2544 4270 Diese
2567 4235 2767 4269 Versammlung

1917 4278 1949 4311 ist
1966 4278 2100 4310 veranlaßt
2117 4278 2220 4306 worden
2240 4276 2310 4310 durch
2329 4276 2367 4305 die
2377 4276 2518 4310 Anregung
2530 4276 2577 4307 auf
2585 4275 2766 4310 Verschiebung

1918 4319 1962 4346 der
1982 4318 2134 4346 kantonalen
2153 4316 2447 4350 GcwerbeauSstellung.
2482 4316 2542 4346 Der
2558 4315 2702 4350 Präsident,
2721 4315 2767 4350 Hr.

1917 4357 2125 4391 Berchtold,
2152 4356 2220 4386 teilte
2248 4356 2303 4389 mit,
2331 4356 2382 4390 daß
2401 4364 2427 4385 er
2444 4355 2513 4390 schon
2538 4363 2588 4384 von
2607 4355 2713 4390 Anfang
2731 4362 2767 4383 an

1918 4397 1993 4431 dieser
2011 4396 2153 4430 Anregung
2181 4397 2409 4430 entgegengetteten
2437 4396 2478 4429 sei.
2513 4395 2567 4425 Die
2585 4393 2696 4428 Notlage
2725 4395 2768 4423 der

1917 4436 2060 4466 Landwirte
2078 4436 2158 4470 müsse
2176 4436 2203 4470 ja
2223 4436 2365 4469 allerdings
2385 4435 2524 4464 anerkannt
2533 4435 2642 4468 werden,
2661 4434 2767 4467 dieselbe

1918 4477 1993 4506 könne
2012 4476 2073 4506 aber
2092 4477 2144 4505 kein
2163 4476 2257 4506 Grund
2285 4476 2338 4510 sein
2364 4483 2408 4510 zur
2425 4475 2609 4509 Verschiebung
2637 4475 2679 4503 der
2697 4474 2767 4503 Aus¬

1917 4516 2036 4550 stellung.
2082 4516 2142 4545 Nur
2170 4515 2356 4551 Interessenten
2387 4516 2487 4544 werden
2519 4514 2623 4548 dieselbe
2652 4514 2766 4548 besuchen

1917 4558 1971 4585 und
1990 4556 2056 4591 diese
2074 4558 2137 4586 tbun
2156 4559 2184 4585 es
2203 4558 2258 4590 trotz
2276 4556 2333 4584 dem
2346 4554 2618 4589 landwirtschaftlichen
2630 4554 2767 4588 Notstand.

1917 4596 2015 4626 Würde
2035 4597 2074 4625 die
2083 4596 2251 4630 Ausstellung
2268 4603 2314 4624 um
2333 4595 2373 4623 ein
2382 4594 2455 4629 Jahr
2471 4594 2624 4628 verschoben,
2642 4594 2666 4628 so
2680 4593 2767 4623 würbe

1918 4637 1951 4670 sie
1968 4644 1997 4671 zu
2015 4636 2083 4670 nahe
2110 4644 2145 4665 an
2173 4637 2221 4665 den
2240 4634 2371 4670 Zeitpunkt
2399 4636 2442 4664 der
2459 4634 2721 4668 Landesausstellung
2738 4634 2767 4663 in

1917 4676 1988 4711 Genf
2016 4676 2115 4710 gerückt,
2143 4675 2229 4710 welche
2255 4674 2323 4708 schon
2349 4675 2386 4704 im
2404 4674 2487 4709 Jahre
2514 4674 2584 4702 1835
2612 4674 2659 4703 alle
2676 4674 2767 4708 Inter¬

1916 4716 2023 4750 essenten
2043 4716 2085 4746 der
2103 4723 2197 4750 ganzen
2216 4715 2329 4750 Schweiz
2346 4715 2371 4746 so
2391 4714 2486 4749 lebhaft
2514 4713 2673 4748 beschäftigen
2693 4713 2766 4746 wird,

1916 4757 1967 4791 daß
1993 4757 2039 4789 für
2064 4756 2150 4790 unsere
2180 4756 2314 4785 kantonale
2340 4754 2509 4789 Ausstellung
2539 4754 2623 4787 wenig
2640 4753 2767 4788 Interesse

1915 4796 1988 4830 übrig
2011 4796 2111 4825 bleiben
2128 4795 2225 4825 würde.
2252 4795 2292 4824 Es
2313 4795 2379 4829 giebt
2397 4802 2447 4824 nur
2463 4794 2522 4829 zwei
2531 4794 2625 4827 Wege:
2644 4793 2767 4822 entweder

1916 4836 1956 4864 die
1974 4835 2142 4869 Ausstellung
2170 4835 2207 4864 im
2236 4834 2347 4869 nächsten
2365 4834 2450 4869 Jahre
2467 4833 2599 4866 abhalten,
2617 4833 2676 4862 oder
2695 4833 2766 4862 dann

1916 4875 2009 4909 einfach
2038 4875 2130 4909 darauf
2157 4874 2298 4910 verzichten,
2325 4874 2478 4908 wenigstens
2508 4874 2537 4902 in
2568 4873 2658 4905 diesem
2684 4872 2766 4907 Jahr¬

1917 4916 2032 4947 hundert.
2067 4916 2124 4945 Der
2140 4915 2269 4948 Vorstand
2288 4914 2353 4947 stellt
2370 4914 2449 4947 daher
2466 4914 2516 4943 den
2534 4913 2644 4947 Antrag,
2661 4913 2709 4946 auf
2726 4912 2766 4941 die

1915 4955 1981 4990 Idee
2002 4956 2047 4984 der
2055 4955 2237 4989 Verschiebung
2255 4954 2318 4988 nicht
2336 4955 2482 4988 einzulreten
2501 4953 2555 4983 und
2574 4952 2767 4982 denGewcrbe-

1915 4996 1999 5025 vercin
2017 4995 2110 5031 Zürich
2126 5003 2156 5030 zu
2174 4994 2293 5029 ersuchen,
2321 4994 2387 5023 alles
2415 5002 2443 5028 zu
2467 4994 2540 5028 thun,
2569 4994 2620 5027 daß
2638 4993 2676 5022 die
2695 4993 2765 5022 Aus¬

1915 5036 2024 5070 stellung
2055 5036 2091 5064 im
2120 5035 2233 5069 nächsten
2259 5034 2343 5068 Jahre
2372 5034 2520 5068 stattfinden
2551 5033 2637 5063 könne.
2670 5033 2766 5068 Ferner

1915 5076 2000 5105 wurde
2019 5076 2061 5104 ein
2079 5075 2178 5108 Antrag
2198 5075 2242 5103 der
2258 5074 2458 5108 Versammlung
2481 5074 2526 5102 der
2544 5073 2765 5103 Gewerbevereine

1916 5117 1960 5145 der
1992 5115 2079 5145 Stadt
2110 5114 2201 5150 Zürich
2237 5122 2294 5144 vom
2332 5113 2465 5147 Samstag
2501 5113 2595 5142 Abend
2631 5114 2765 5147 vorgelegt,

1916 5156 2037 5185 lautend:
2075 5156 2142 5190 „Die
2162 5154 2259 5189 heutige
2277 5154 2476 5188 Versammlung
2504 5153 2630 5187 beschließt
2653 5153 2692 5182 die
2711 5152 2764 5182 Ab¬

1916 5196 2024 5230 haltung
2049 5195 2092 5224 der
2109 5195 2275 5229 Ausstellung
2303 5194 2340 5223 im
2356 5193 2443 5228 Jahre
2461 5193 2540 5226 1894,
2568 5193 2603 5222 da
2630 5193 2683 5222 eine
2702 5192 2766 5222 Ver¬

1916 5236 2045 5272 schiebung
2063 5236 2189 5267 derselben
2207 5235 2275 5264 einer
2292 5234 2449 5267 Aufhebung
2467 5233 2637 5267 gleichkäme."

1967 5275 2110 5306 Rcdactcur
2135 5275 2277 5305 Coradi
2305 5274 2370 5303 teilte
2399 5274 2436 5302 im
2454 5273 2565 5307 Auftrag
2594 5273 2669 5307 dieser
2699 5272 2763 5302 Ver¬

1916 5316 2063 5351 sammlung
2082 5314 2137 5349 mir,
2165 5314 2204 5344 die
2224 5313 2315 5344 bereits
2335 5312 2483 5348 geäußerten
2505 5311 2615 5342 Gründe
2636 5311 2720 5347 hätten
2737 5319 2767 5347 zu

2806 1105 2898 1140 diesem
2915 1105 3020 1138 Antrag
3045 1104 3158 1140 geführt;
3188 1106 3225 1135 im
3243 1105 3369 1141 Femeren
3396 1108 3428 1142 sei
3456 1108 3496 1137 die
3525 1108 3659 1138 landwirt¬

2806 1144 2936 1180 schaftliche
2954 1145 3066 1179 Notlage
3092 1146 3119 1174 in
3144 1146 3260 1178 unserem
3275 1146 3379 1177 Kanton
3398 1149 3472 1182 lange
3491 1149 3555 1181 nicht
3573 1149 3598 1183 so
3616 1149 3656 1178 be¬

2806 1186 2921 1218 deutend,
2949 1186 2998 1215 wie
3024 1186 3053 1215 in
3080 1185 3129 1214 den
3146 1185 3284 1216 Kantonen
3300 1187 3408 1221 Aargau
3425 1189 3478 1218 und
3497 1188 3660 1224 Solothurn.

2805 1226 2912 1256 Sollten
2930 1227 2994 1255 aber
3010 1233 3096 1259 wegen
3116 1225 3159 1255 der
3177 1225 3292 1260 Notlage
3316 1228 3354 1256 die
3373 1228 3574 1258 Subventionen
3592 1229 3658 1264 nicht

2805 1267 2832 1296 in
2852 1267 2909 1296 dem
2927 1267 3074 1295 erwarteten
3092 1266 3177 1299 Maße
3204 1266 3306 1301 fließen,
3333 1268 3359 1302 so
3386 1268 3417 1301 ist
3441 1272 3468 1298 cs
3488 1269 3550 1299 eben
3569 1269 3656 1304 Sache

2805 1307 2849 1336 des
2876 1305 3157 1341 Handwerkerstandes,
3186 1306 3229 1338 sich
3256 1307 3336 1341 selber
3359 1315 3389 1342 zu
3415 1309 3508 1341 helfen.
3543 1309 3586 1344 In
3611 1311 3659 1339 der

2803 1346 2954 1381 Diskussion
2975 1346 3050 1380 erhob
3068 1345 3113 1380 sich
3131 1344 3194 1380 nicht
3213 1346 3252 1375 die
3264 1347 3356 1381 leiseste
3364 1348 3519 1382 Opposition
3536 1349 3590 1378 und
3608 1349 3660 1378 mit

2804 1386 2980 1416 Akklamation
3007 1386 3113 1415 wurden
3144 1386 3299 1420 einstimmig
3318 1387 3358 1416 die
3376 1391 3521 1422 genannten
3539 1388 3654 1423 Anträge

2803 1433 3000 1460 angenommen.

2855 1464 2969 1500 Hernach
2999 1465 3075 1499 folgte
3104 1465 3144 1494 ein
3162 1464 3267 1498 Referat
3290 1473 3341 1495 von
3367 1466 3433 1501 Hrn.
3450 1466 3519 1501 Ing.
3537 1467 3557 1497 L
3569 1468 3578 1496 i
3587 1475 3605 1497 n
3615 1467 3636 1496 ck
3645 1475 3661 1496 e

2804 1505 2866 1534 über
2885 1505 2931 1534 den
2950 1505 3051 1540 jetzigen
3069 1505 3161 1534 Stand
3194 1505 3236 1534 der
3253 1505 3658 1542 AuSstellungsoorbereitungen,

2806 1545 2948 1579 beginnend
2968 1546 3015 1574 mit
3034 1545 3077 1574 der
3094 1544 3267 1579 Erläuterung
3286 1547 3329 1575 der
3345 1546 3497 1581 Platzfrage.
3522 1547 3573 1581 Im
3582 1547 3659 1577 Bud¬

2805 1588 2844 1619 get
2861 1585 2916 1617 sind
2937 1585 3007 1613 1500
3018 1585 3160 1618 Aussteller
3178 1586 3206 1614 in
3225 1586 3338 1620 Aussicht
3347 1594 3508 1621 genommen,
3517 1587 3561 1621 für
3572 1587 3661 1621 welche

2806 1628 2869 1654 etwa
2890 1626 2986 1659 12,500
3003 1626 3205 1655 Quadratmeter
3228 1626 3610 1662 Ausstcllungsräumlichkeiten
3628 1636 3665 1662 zu.

2807 1665 2917 1699 erstellen
2935 1665 3009 1700 sind;
3028 1666 3067 1694 die
3086 1665 3238 1700 bezüglichen
3246 1665 3338 1699 Kosten
3357 1667 3413 1700 sind
3431 1667 3478 1703 auf
3486 1668 3604 1702 300,000
3612 1667 3659 1703 Fr.

2806 1705 2983 1739 veranschlagt.
3018 1705 3091 1735 Man
3111 1706 3200 1739 glaubt
3217 1713 3252 1735 an
3271 1706 3471 1737 Subventionen
3497 1708 3612 1742 erhalten
3628 1716 3666 1743 zw

2806 1746 2904 1774 können
2921 1745 3020 1778 75,000
3036 1746 3081 1780 Fr.
3099 1753 3158 1774 vom
3177 1746 3260 1775 Staat
3278 1747 3330 1776 und
3349 1748 3386 1776 im
3405 1755 3508 1783 ganzen,
3532 1748 3557 1778 d.
3575 1747 3599 1783 h.
3618 1748 3660 1777 die

2805 1785 2994 1819 unentgeltliche
3012 1785 3246 1819 Platzüberlassung
3264 1794 3289 1815 u.
3309 1787 3326 1820 s.
3344 1795 3378 1816 w.
3403 1788 3566 1822 inbegriffen,
3593 1790 3659 1817 etwa

2806 1825 2904 1860 50.000
2920 1825 2967 1860 Fr.
2985 1833 3035 1855 von
3054 1825 3098 1854 der
3114 1825 3207 1855 Stadt.
3242 1826 3326 1855 Dann
3344 1827 3407 1862 hofft
3424 1835 3496 1861 man,
3527 1835 3578 1858 von
3596 1828 3659 1860 Pri¬

2806 1867 2881 1894 vaten
2900 1865 2928 1894 in
2947 1866 2992 1894 der
3008 1865 3092 1895 Stadt
3119 1865 3172 1894 und
3200 1866 3236 1894 im
3260 1874 3353 1902 ganzen
3371 1867 3474 1897 Kanton
3493 1868 3593 1902 60,000
3610 1868 3658 1903 Fr.

2806 1905 2947 1939 freiwillige
2975 1904 3095 1939 Beiträge
3121 1906 3374 1940 zusammenbringen
3400 1915 3428 1941 zu
3455 1908 3561 1937 können.
3604 1908 3661 1938 Die

2806 1953 2857 1974 von
2876 1946 2924 1974 den
2942 1944 3102 1979 Ausstellcm
3129 1953 3158 1980 zu
3185 1945 3332 1980 bezahlende
3348 1947 3493 1981 Platzmiete
3520 1948 3584 1977 wird
3612 1948 3661 1981 auf

2807 1985 2906 2018 30.000
2922 1985 2968 2020 Fr.
2988 1985 3109 2019 berechnet
3136 1986 3188 2014 und
3209 1985 3303 2019 endlich
3323 1987 3378 2019 sind
3400 1988 3513 2022 165,000
3530 1988 3575 2022 Fr.
3593 1988 3660 2018 Ein-

2806 2025 2960 2059 trittsgclder
2989 2025 3137 2058 budgetiert.
3172 2025 3226 2054 Die
3253 2026 3379 2060 gesamten
3397 2027 3540 2061 Ausgaben
3558 2027 3600 2061 für
3620 2027 3660 2056 die

2807 2065 2909 2099 Anlage
2927 2065 2983 2099 sind
3002 2065 3048 2099 auf
3065 2065 3181 2099 500,000
3190 2065 3235 2100 Fr.
3252 2066 3428 2100 veranschlagt.
3446 2067 3500 2097 Die
3513 2067 3660 2100 Versamm¬

2807 2107 2869 2139 lung
2890 2105 3047 2139 genehmigte
3066 2105 3222 2139 einstimmig
3241 2105 3280 2134 die
3298 2113 3358 2135 vom
3371 2106 3658 2140 Ausstellungskomitee

2808 2145 2941 2179 getroffene
2960 2145 3109 2179 Platzwahl,
3129 2147 3156 2173 es
3176 2145 3206 2179 ist
3224 2145 3277 2179 also
3297 2146 3412 2179 definitiv
3435 2147 3485 2176 das
3504 2147 3583 2176 Areal
3600 2147 3660 2182 zwi¬

2806 2186 2872 2219 schen
2891 2185 2947 2214 dem
2966 2185 3042 2220 Hotel
3058 2184 3180 2214 Bellevue
3199 2186 3252 2214 und
3281 2186 3338 2215 dem
3355 2186 3464 2218 Theater
3481 2188 3526 2216 als
3543 2186 3661 2221 Ausstel¬

2807 2225 2970 2259 lungsgebiet
2997 2225 3131 2257 bestimmt.
3166 2226 3251 2255 Dann
3279 2226 3408 2256 erläuterte
3427 2227 3469 2256 der
3486 2227 3592 2257 Redner
3610 2228 3660 2256 den

2807 2273 2866 2294 vom
2883 2265 3094 2295 Eentralkomitee
3121 2265 3293 2298 aufgestellten
3323 2266 3583 2300 Anmeldungsschein
3611 2268 3664 2296 mit

2808 2306 2856 2334 den
2883 2305 3053 2339 allgemeinen
3079 2304 3277 2339 Bedingungen.
3314 2305 3373 2335 Aus
3397 2307 3439 2335 der
3456 2306 3659 2342 Versammlung

2808 2345 2912 2375 wurden
2930 2345 3043 2374 keinerlei
3062 2344 3182 2377 Wünsche
3201 2345 3298 2378 geltend
3318 2346 3433 2379 gemacht.

2862 2385 3013 2419 Schließlich
3031 2385 3096 2417 legte
3112 2384 3159 2419 Hr.
3177 2384 3274 2419 Kassier
3285 2385 3415 2420 Hablützel
3432 2386 3491 2420 noch
3510 2387 3584 2416 einen
3602 2387 3661 2416 An¬

2808 2428 2864 2458 trag
2883 2433 2938 2454 vor.
2974 2425 3029 2454 Der
3046 2424 3291 2454 Kantonalverband
3319 2426 3349 2457 ist
3379 2427 3423 2460 seit
3448 2427 3498 2455 den
3525 2426 3661 2461 Sechziger

2807 2465 2913 2499 Jahren
2931 2465 2969 2493 im
2988 2464 3077 2498 Besitze
3106 2464 3175 2493 eines
3193 2464 3298 2499 FoudeS
3325 2465 3369 2497 für
3385 2465 3660 2501 Ausstellungszwrcke,

2808 2504 2908 2539 welcher
2926 2503 3096 2538 gegenwärtig
3107 2504 3178 2532 3700
3187 2505 3232 2539 Fr.
3245 2504 3348 2538 beträgt.
3384 2505 3440 2534 Der
3451 2505 3555 2540 Antrag
3568 2507 3662 2535 lautete

2808 2553 2863 2574 nun
2884 2545 2972 2579 dahin,
2992 2547 3042 2573 aus
3068 2544 3158 2578 diesem
3175 2544 3268 2579 Fonds
3288 2545 3357 2573 1000
3373 2545 3419 2580 Fr.
3437 2547 3455 2573 ä
3473 2546 3554 2573 fonds
3571 2546 3659 2581 perdu

2808 2586 2861 2614 und
2882 2584 2957 2613 1000
2971 2584 3017 2619 Fr.
3044 2592 3122 2617 gegen
3146 2584 3364 2619 Garantiescheine
3391 2585 3433 2619 für
3460 2586 3500 2614 die
3528 2586 3662 2615 kantonale

2808 2625 2979 2658 Ausstellung
2996 2632 3025 2658 zu
3044 2624 3201 2656 bestimmen.
3238 2624 3284 2659 Hr.
3303 2625 3417 2654 Stadrat
3433 2625 3521 2655 Koller
3538 2626 3602 2655 wies
3615 2626 3663 2660 ans

2810 2665 2849 2694 die
2866 2664 3069 2698 Notwendigkeit
3086 2664 3130 2693 der
3147 2663 3298 2699 Gründung
3317 2666 3388 2694 eines
3397 2665 3603 2699 Gamntiefonds
3616 2666 3663 2699 hin

2808 2705 2861 2734 und
2881 2705 3028 2738 beantragte
3037 2704 3218 2738 Verwendung
3237 2705 3279 2733 der
3297 2705 3368 2734 2000
3376 2705 3421 2740 Fr.
3438 2706 3576 2740 zugunsten
3589 2706 3662 2735 eines

2808 2744 2909 2779 solchen,
2918 2745 2961 2773 dcr
2967 2744 3266 2779 GewerbevcreinZürich
3276 2745 3342 2778 leiste
3349 2745 3480 2778 denselben
3487 2745 3606 2780 Beitrag.
3617 2746 3662 2780 In

2809 2785 2852 2814 der
2869 2785 2973 2814 weitern
2992 2784 3143 2818 Diskussion
3169 2784 3255 2813 wurde
3283 2784 3425 2819 gewünscht,
3453 2789 3480 2815 es
3509 2785 3599 2819 möchte
3618 2787 3664 2815 der

2809 2824 3018 2854 Gewerbeverein
3035 2823 3126 2858 Zürich
3145 2824 3186 2852 ein
3204 2824 3340 2858 Mchreres
3358 2825 3429 2858 thun,
3451 2833 3476 2854 er
3494 2825 3583 2855 könnte
3601 2825 3664 2859 auch

2810 2864 2850 2892 die
2867 2867 2918 2893 aus
2937 2867 2982 2892 der
2990 2863 3251 2897 Landesausstellung
3270 2866 3400 2897 geretteten
3417 2865 3488 2893 5000
3500 2865 3546 2900 Fr.
3564 2866 3660 2899 opfem-

2810 2904 2896 2934 Einen
2914 2903 3073 2936 bestimmten
3090 2903 3198 2938 Wunsch
3215 2912 3244 2938 zu
3261 2903 3356 2938 äußern
3376 2905 3436 2938 hielt
3454 2905 3495 2933 die
3513 2905 3662 2939 Versamm¬

2811 2946 2874 2978 lung
2893 2944 2956 2976 nicht
2974 2943 3017 2976 für
3034 2943 3169 2978 angezeigt,
3188 2944 3240 2972 und
3260 2947 3287 2973 es
3306 2945 3391 2973 wurde
3403 2944 3496 2978 einfach
3510 2945 3664 2979 beschlossen,

2811 2984 2853 3017 für
2879 2983 2919 3012 die
2937 2983 3105 3017 Ausstellung
3127 2983 3198 3011 2000
3216 2983 3259 3018 Fr.
3290 2992 3367 3018 gegen
3386 2984 3604 3019 Garantiescheine
3631 2993 3662 3020 zu

2812 3024 2966 3053 dekretieren.

2866 3078 2898 3082 —
2917 3064 2969 3092 Am
2989 3063 3031 3091 28.
3050 3063 3114 3092 Mai
3132 3063 3218 3092 wurde
3236 3063 3264 3092 in
3282 3063 3413 3097 Oerlikon,
3436 3064 3580 3098 begünstigt
3598 3072 3659 3093 vom

2812 3103 2965 3136 herrlichsten
2987 3103 3088 3136 Wetter,
3117 3103 3167 3131 das
3193 3103 3225 3133 V.
3253 3103 3663 3138 Glattthal-Turnfest

2811 3143 2971 3178 abgehalten.
3007 3142 3131 3177 Dreizehn
3166 3142 3308 3172 Sektionen
3343 3144 3454 3178 nahmen
3489 3144 3574 3173 daran
3607 3144 3662 3173 teil.

2809 3183 2906 3217 Kränze
2933 3183 3069 3215 erhielten:
3105 3191 3132 3211 a.
3158 3182 3437 3215 Verbandssektionen:
3467 3184 3498 3218 1)
3528 3183 3663 3217 Oerlikon,

2809 3223 2840 3257 2)
2858 3222 2982 3256 Seebach,
3000 3222 3029 3256 3)
3047 3222 3206 3256 Bafsersiorf,
3226 3222 3255 3256 4)
3274 3222 3376 3257 Höngg,
3395 3223 3426 3258 5)
3436 3223 3607 3257 Wallisellen.
3625 3223 3657 3257 6)

2809 3262 3068 3295 Schwamendingen.
3087 3261 3117 3295 7)
3130 3261 3281 3296 Dielsdorf;
3302 3262 3329 3291 t>.
3347 3262 3529 3294 Gastvereine:
3550 3263 3663 3297 1)Wip-

2809 3302 2907 3336 kiogen,
2925 3302 2956 3335 2)
2974 3301 3129 3335 Unterstraß,
3155 3301 3187 3335 3)
3204 3301 3355 3336 Oberstraß,
3382 3302 3413 3334 4)
3430 3302 3570 3337 Kilchberg.
3604 3303 3661 3333 Die

2810 3342 2862 3371 drei
2881 3342 2961 3374 ersten
2980 3341 3075 3376 Kränze
3103 3342 3141 3370 im
3161 3341 3336 3374 Kunstturnen
3363 3343 3481 3375 erhielten
3510 3342 3661 3377 Schneider,

2808 3381 2941 3416 Scebach;
2970 3381 3066 3415 Blanc,
3096 3381 3255 3416 Oberstraß;
3285 3381 3406 3417 Winkler,
3435 3383 3562 3416 Seebach.
3606 3382 3660 3417 Im

2808 3421 3050 3451 Nationalturncn:
3068 3421 3147 3455 Gras,
3165 3421 3297 3456 Seebach;
3316 3421 3401 3456 Fürst,
3413 3422 3547 3457 Seebach;
3565 3422 3663 3457 Meier,

2809 3461 2979 3494 Wallisellen.
3014 3461 3065 3495 Im
3090 3469 3186 3496 ganzen
3211 3463 3346 3496 gelangten
3365 3462 3471 3497 sechzehn
3489 3462 3664 3498 Einzelkränze

2809 3509 2852 3536 zur
2869 3501 3031 3535 Verteilung.

2864 3564 2899 3569 —
2917 3551 2932 3567 '
2951 3549 2995 3584 Zu
3013 3549 3099 3582 Ehren
3118 3550 3163 3578 des
3181 3553 3232 3579 aus
3251 3550 3307 3579 dem
3331 3550 3511 3585 akademischen
3528 3551 3660 3584 Lehramte

2810 3589 2967 3624 scheidenden
2986 3589 3068 3624 Herm
3086 3589 3230 3623 Professors
3240 3590 3291 3619 Dr.
3308 3589 3337 3619 G
3347 3599 3358 3619 e
3369 3598 3384 3619 o
3394 3598 3406 3619 r
3416 3599 3430 3624 g
3448 3598 3473 3619 v.
3492 3590 3527 3620 W
3537 3599 3553 3625 y
3562 3591 3579 3624 ß
3597 3591 3662 3620 wird

2812 3630 2851 3658 die
2869 3628 3056 3664 philosophische
3074 3628 3193 3663 Fakultät
3211 3629 3234 3659 1.
3253 3629 3361 3658 Sektion
3391 3638 3438 3659 am
3454 3630 3496 3660 16.
3514 3630 3585 3664 Juni
3604 3630 3660 3659 eine

2812 3668 2962 3703 bescheidene
2981 3668 3281 3703 Abschiedsfeier
3298 3669 3326 3698 in
3345 3670 3393 3698 den
3405 3670 3504 3704 schonen
3514 3669 3665 3704 Räumlich¬

2811 3709 2887 3738 keiten
2908 3709 2951 3737 des
2973 3707 3155 3742 „Schneggen"
3175 3708 3353 3742 veranstalten.

3169 3762 3293 3796 Bern-
3324 3778 3339 3804 «

2879 3815 2935 3858 (+
2959 3813 3058 3856 Korr.)
3104 3815 3152 3854 In
3182 3815 3312 3856 zahlreich
3344 3815 3476 3855 besuchter
3498 3816 3661 3855 Versamm¬

2812 3861 2882 3901 lung
2906 3859 3024 3900 beschloß
3047 3868 3094 3891 am
3117 3860 3264 3900 Samstag
3288 3860 3373 3893 abend
3407 3860 3447 3893 die
3481 3860 3661 3901 sozialdemo¬

2811 3904 2935 3943 kratische
2950 3903 3050 3942 Partei
3072 3903 3138 3942 nach
3162 3904 3321 3945 Anhörung
3344 3904 3419 3937 eines
3441 3905 3589 3946 Referates
3605 3911 3663 3937 von

2813 3949 2941 3989 Großrat
2964 3948 3162 3981 Siebenmann
3185 3950 3242 3980 und
3265 3949 3330 3988 nach
3354 3949 3479 3990 längerer
3494 3948 3664 3989 Diskussion

2813 3993 2854 4026 die
2876 4001 2979 4026 neue
3002 3992 3458 4034 StaalSverfassung,
3481 3993 3549 4026 über
3568 3993 3665 4034 welche

2813 4039 2864 4070 daS
2888 4037 3000 4070 Berner
3022 4036 3093 4069 Volk
3116 4045 3162 4068 am
3185 4037 3218 4069 4.
3233 4036 3313 4076 Juni
3336 4038 3534 4078 abzustimmen
3557 4038 3616 4076 hat,
3629 4046 3667 4078 zn

2813 4082 2974 4121 verwerfen,
2998 4080 3062 4113 weil
3084 4081 3119 4121 sie
3143 4080 3187 4112 ein
3209 4080 3291 4114 Werk
3314 4082 3360 4114 des
3383 4081 3604 4123 Kompromisses
3627 4082 3665 4121 fei

2813 4127 2870 4159 und
2894 4126 2936 4158 die
2958 4125 3041 4166 junge
3064 4125 3348 4166 sozialdemokratische
3363 4126 3473 4164 Partei,
3496 4127 3562 4166 statt
3585 4126 3620 4167 sie
3632 4126 3668 4158 in

2812 4171 2892 4211 ihren
2905 4169 3115 4210 Bestrebungen
3138 4178 3171 4210 zu
3184 4170 3306 4210 fördern,
3329 4170 3391 4210 eher
3403 4171 3466 4210 noch
3479 4170 3665 4203 unterdrücke.

3062 4289 3399 4349 Ausland.

2878 4361 3147 4404 Deutschland.
3182 4364 3269 4397 Ueber
3292 4364 3318 4397 E
3329 4373 3357 4397 m
3370 4365 3380 4397 i
3391 4373 3411 4397 n
3432 4364 3581 4404 Pascha
3604 4364 3665 4405 sind

2813 4408 2859 4441 der
2870 4406 3016 4449 Kreuzztg.
3040 4407 3147 4449 zufolge
3162 4408 3218 4448 jetzt
3241 4408 3271 4441 in
3287 4408 3392 4442 Berlin
3415 4409 3478 4449 auch
3491 4408 3592 4450 Briefe
3615 4410 3665 4441 des

2812 4452 2983 4492 kaiserlichen
2995 4451 3119 4491 Konsul«
3135 4453 3232 4485 Anton
3255 4453 3286 4485 in
3298 4453 3442 4494 Sansibar
3464 4453 3664 4493 eingegangen,

2813 4497 2843 4528 in
2866 4497 2951 4528 denen
2987 4505 3015 4528 er
3049 4496 3100 4536 auf
3123 4496 3228 4530 Grund
3262 4497 3454 4537 verschiedener
3487 4497 3548 4538 ihm
3582 4506 3663 4538 zuge¬

2813 4550 2950 4582 gangener
2973 4539 3151 4581 Meldungen
3174 4541 3243 4580 seine
3259 4542 3471 4583 Ueberzeugung
3494 4541 3664 4582 ausspricht,

2813 4585 2865 4625 daß
2888 4583 2948 4617 Dr.
2972 4584 3060 4617 Emin
3082 4584 3189 4625 nicht
3211 4586 3322 4626 mehr
3345 4586 3442 4619 lebt.
3488 4587 3557 4619 Nur
3579 4585 3665 4618 könne

2812 4629 2873 4663 Ort
2896 4630 2953 4662 und
2964 4657 2971 4661 .
2977 4628 3042 4669 Zeit
3064 4629 3151 4668 seines
3173 4629 3269 4663 Todes
3299 4630 3363 4670 noch
3387 4630 3460 4671 nicht
3481 4630 3536 4663 mit
3560 4630 3666 4671 einiger

2812 4672 3021 4713 Bestimmtheit
3043 4673 3194 4714 angegeben
3218 4675 3336 4707 werden.

2878 4734 2923 4741 —
2945 4717 2996 4757 In
3017 4717 3211 4758 wiederholten
3235 4718 3358 4751 Artikeln
3382 4722 3474 4751 warnt
3497 4718 3540 4751 die
3563 4717 3593 4750 D
3610 4717 3663 4758 of-

2811 4761 2932 4802 fifche
2965 4761 3157 4803 Zeitung
3195 4762 3237 4795 die
3274 4766 3433 4803 getrennten
3466 4762 3663 4803 Freisinnigen

2812 4806 2992 4846 eindringlich
3017 4812 3067 4839 vor
3090 4806 3281 4848 gegenseitiger
3293 4806 3471 4848 Befehdung,
3494 4805 3663 4845 namentlich

2811 4850 2941 4891 während
2977 4852 3025 4883 de«
3059 4851 3281 4891 bevorstehenden
3304 4851 3516 4892 Wahlkampfes
3547 4852 3609 4883 und
3629 4850 3662 4882 in

2813 4894 2927 4932 Berlin,
2961 4901 3006 4927 wo
3040 4895 3092 4927 das
3115 4895 3380 4936 Zusammenhalten
3415 4896 3484 4928 aller
3515 4895 3661 4929 Liberalm

2811 4939 2890 4980 nötig
2914 4939 2957 4978 ist,
2982 4945 3062 4972 wenn
3085 4940 3158 4979 nicht
3181 4940 3223 4972 die
3246 4940 3381 4973 Reaktion
3404 4941 3460 4972 und
3484 4939 3527 4973 die
3539 4938 3661 4980 Sozial¬

2811 4983 2973 5016 demokratie
2997 4983 3161 5024 vollständig
3184 4985 3271 5024 siegen
3294 4984 3389 5024 sollen.

2864 5031 3066 5065 Frankreich.
3094 5031 3151 5065 Der
3161 5031 3351 5067 „Figaro"
3370 5031 3447 5066 macht
3457 5031 3521 5066 über
3538 5031 3663 5066 siame¬

2811 5071 2913 5106 sische
2931 5071 3147 5105 Rüstungen
3165 5072 3281 5106 folgende
3300 5071 3477 5106 Enthüllung:

2866 5111 2945 5145 „Seit
2963 5111 3016 5145 acht
3033 5111 3124 5145 Tagen
3142 5112 3206 5141 wird
3235 5111 3274 5147 die
3291 5111 3518 5147 siamesische
3537 5110 3667 5144 Gesandt¬

2812 5151 2883 5185 schaft
2908 5151 2935 5180 in
2953 5151 3037 5185 Paris
3063 5150 3127 5185 nicht
3154 5151 3230 5180 müde
3257 5159 3286 5186 zu
3315 5152 3437 5185 beteuern,
3465 5152 3509 5180 der
3535 5151 3588 5185 Hof
3613 5158 3668 5180 von

2812 5191 2932 5225 Bangkok
2958 5191 3023 5225 stehe
3050 5191 3099 5220 den
3126 5191 3223 5224 ernsten
3244 5191 3448 5227 Zwischenfällm
3475 5199 3527 5221 von
3551 5190 3667 5225 Mekong

2812 5231 2876 5266 fern.
2912 5231 2998 5264 Durch
3015 5231 3055 5260 die
3073 5232 3138 5266 letzte
3150 5231 3213 5264 Post
3232 5232 3314 5266 haben
3332 5232 3380 5261 wir
3397 5231 3457 5260 aber
3475 5239 3575 5265 genaue
3595 5231 3668 5260 Aus¬

2813 5270 2895 5306 künfte
2914 5271 3034 5305 erhalten,
3053 5271 3138 5305 welche
3157 5271 3220 5306 diese
3247 5271 3515 5306 tendenziösen
3532 5270 3669 5301 Erklä¬

2814 5318 2957 5346 rungen
2976 5311 3038 5340 des
3057 5310 3348 5346 Bestimmtesten
3366 5311 3488 5346 Lügen
3516 5311 3668 5346 strafen.
