4010 5551
209 120 431 170 Mittwoch.
456 122 531 166 20.
555 123 651 167 Mai
682 125 803 169 1943
877 128 996 171 Blatt
1018 130 1044 174 1

1561 139 1635 178 Der
1657 140 1798 189 Z-rcher
1820 141 1968 192 Zeitung
1993 144 2072 181 163.
2092 143 2277 196 Jahrgang

3030 144 3393 197 Morgenausgabe
3451 147 3517 193 J\ß.
3533 146 3623 191 793

211 628 467 662 Abonnemente:

209 672 296 699 Zürich
310 680 348 695 am
363 676 469 701 Schalter
482 680 537 702 «der
551 679 587 702 bei
600 681 707 709 «Mogni

235 704 311 729 Durch
323 705 457 734 «nltrigtr
469 708 509 731 in»
524 711 592 736 tzau»
606 714 709 738 gebracht

208 738 319 767 Schweiz
334 740 462 770 Deslclluug
477 745 536 767 bei»
550 746 651 770 Voslaml

234 770 354 797 Liefermig
368 775 435 796 unter
449 776 587 800 Streifband
779 781 790 807 .
825 781 839 802 5
839 792 873 804 ^-

208 799 332 823 vu»land
345 802 513 832 FeruauSgabe
578 809 608 830 I*
617 809 630 829 3
639 811 773 836 Np.-Vor«»
784 813 793 840 .
828 813 841 833 6
841 813 875 835 M

234 831 353 859 Lieserung
360 836 428 857 unter
435 836 585 862 Slreiidanbl
594 840 607 860 1
615 838 629 860 L
636 841 771 866 «P.-Poel«
779 845 790 871 .
928 845 955 866 23
954 856 989 867 .—

582 878 657 903 «bl
675 879 782 907 Januar
800 882 870 906 1942:

207 899 409 930 »riegrzuschiaz
433 904 474 930 für
498 907 545 930 ,»e
568 909 831 937 «donnemeniranen
855 914 876 940 te
900 915 929 940 15
952 916 1056 943 Rappen

931 646 945 669 3
953 648 1014 671 tute,
1050 650 1061 670 8
1071 651 1123 673 Mt«

946 684 994 709 7.70
1065 689 1122 711 14.25

933 718 992 740 10.40
1061 720 1119 743 19.25

1462 666 1564 725 und
1595 665 1982 744 schweizerisches
2013 662 2366 746 Handelsblatt

1625 752 1825 799 Täglich
1863 758 1889 788 3
1924 757 2189 800 Ausgaben

1623 825 1780 855 Redaktion:
1799 828 1985 863 Falkcnstratze
2005 831 2044 861 II.
2061 831 2157 865 Zürich
2177 833 2189 859 l

1456 875 1693 909 Ndministrotion:
1708 880 1911 914 Iheaterstraße
1927 882 1950 913 I.
1964 881 2113 910 Druckerei:
2127 884 2314 918 Soethestratzr
2329 886 2361 913 »

1454 917 1589 952 Telephon
1605 919 1625 946 2
1637 919 1677 947 71
1691 921 1744 952 00.
1758 921 1970 955 Hauptpostfach.
1985 923 2197 957 Postscheckkonto
2212 927 2277 954 VIII
2292 925 2360 955 «4L

2525 659 2700 686 Annoncen
2709 667 2717 684 :
2748 663 2796 684 Dr»
2813 661 2880 684 Sette
2893 662 2907 684 0
2916 662 3017 686 Spalten
3026 663 3037 682 4
3046 662 3085 681 440
3095 661 3304 687 Mitllmelerzellr»

2602 697 2712 722 Pret«
2744 697 2802 721 der
2835 694 3164 723 Mtllimetrrietl,

2598 727 2635 751 für
2647 729 2718 750 lokale
2732 729 3018 754 SeIchSII«empIeh>un-ien
3246 725 3274 747 2
3285 728 3330 752 «p.

2598 757 2635 781 kür
2647 759 2763 786 «nzetgen
2776 760 2956 786 Ichwet,erlichen
2971 760 3103 786 Uriprnng»
3246 757 3272 778 90
3285 760 3331 783 Np.

2598 787 2635 811 kür
2647 789 2764 816 «»zeige»
2777 790 2949 812 anslSndiiiben
2967 790 3099 816 llriprnng»
3246 787 3272 808 85
3286 790 3330 814 Np.

2598 818 2635 841 kür
2647 820 2769 842 NeName»
2783 826 2825 845 pr»
2839 820 2993 845 doppelbreite
3008 821 3070 844 Zeile
3233 817 3279 840 1.2
3291 820 3331 844 Fr.

2593 848 2633 871 «d
2646 850 2667 873 K.
2677 848 2785 874 Januar
2798 850 2868 874 1912:
2882 849 3082 876 «riearznllvlag
3098 848 3160 874 IS«/»
3171 852 3228 873 vom
3238 849 3314 872 Netto

2542 888 2857 924 Nnnonken-Abteilung:
2876 889 3079 923 Theaterstrabe
3100 891 3110 917 I
3130 891 3186 918 und
3204 888 3468 924 Vahnhosstratze?>

2600 927 2788 962 Briesadresse:
2805 929 2924 963 Postfach
2942 929 3144 963 Fraumünster.
3162 929 3297 962 Postscheck
3315 930 3380 958 VIII
3402 931 3466 959 ISS«

541 1043 679 1114 Die
709 1046 1031 1134 Schlacht

282 1164 597 1220 Optimistische
619 1169 919 1224 Beurteilung

484 1220 532 1263 in
553 1223 714 1265 Berlin

310 1286 496 1329 Fortgang
519 1293 580 1324 der
603 1292 885 1333 Panzcrkämpfe

239 1343 361 1379 Berlin,
383 1349 428 1378 19.
449 1347 530 1386 Mai.
560 1349 702 1386 (>S<-Tel.)
732 1351 791 1383 Die
812 1352 1014 1384 bedeutenden

180 1380 508 1426 Kampfhandlungen,
532 1389 579 1420 die
602 1390 712 1428 zurzeit
735 1400 776 1423 an
800 1393 853 1423 der
875 1392 1015 1431 Ostfront

182 1418 224 1451 im
239 1422 362 1457 Raume
375 1431 435 1458 von
450 1428 597 1466 Charkow
611 1432 676 1461 und
689 1430 794 1463 weiter
808 1431 917 1469 südlich
931 1433 1014 1471 statt-

181 1458 297 1499 sinden.
324 1467 442 1498 dauern
469 1477 520 1500 an.
556 1468 636 1508 Auch
663 1470 710 1502 die
737 1471 931 1510 anscheinend
958 1473 1014 1505 mit

179 1503 292 1541 großer
307 1505 507 1548 Erbitterung
524 1511 588 1540 und
603 1510 744 1548 beidseits
760 1512 883 1550 starkem
900 1512 1014 1551 Einsatz

180 1541 319 1581 geführte
332 1546 574 1588 Panzerschlacht
587 1551 654 1588 geht
666 1551 781 1585 weiter,
794 1553 832 1583 da
846 1558 916 1584 vom
930 1555 1013 1585 deut¬

180 1579 259 1619 schen
285 1584 553 1620 Oberkommando
578 1598 655 1622 neue
679 1591 1013 1631 BernichtnugSzisfern

178 1620 332 1663 russischer
365 1627 486 1666 Panzer
519 1630 665 1667 gemeldet
697 1633 827 1663 werden.
863 1633 906 1664 Es
940 1633 1014 1671 steht

178 1657 277 1700 außer
301 1664 410 1705 Frage,
436 1667 495 1705 daß
521 1671 585 1700 dem
611 1669 743 1709 Bertanf
768 1671 861 1709 dieser
883 1672 1013 1711 Kämpfe

178 1698 210 1732 in
232 1704 385 1743 deutschen
407 1706 622 1747 militärischen
643 1709 765 1749 Kreisen
787 1711 852 1750 eine
882 1713 1013 1751 große

177 1739 200 1778 st
213 1750 229 1773 r
241 1752 260 1774 a
274 1744 284 1774 t
297 1753 311 1775 c
322 1754 340 1783 g
352 1744 362 1777 i
374 1746 384 1785 j
396 1747 424 1785 ch
438 1756 451 1778 c
504 1750 767 1790 Bedeutung
819 1750 1013 1792 beigemesscn

175 1780 264 1814 wird.
315 1785 375 1818 Die
413 1787 682 1828 Aufmerksamkeit
720 1791 919 1829 konzentriert
959 1792 1009 1831 sich

177 1828 230 1853 um
260 1823 289 1860 so
318 1827 403 1864 mehr
431 1828 555 1867 daraus,
584 1829 634 1860 als
663 1831 714 1861 der
741 1831 855 1870 Kampf
882 1839 936 1863 um
965 1832 1011 1863 die

176 1860 336 1902 Halbinsel
377 1867 402 1898 K
415 1875 429 1897 c
441 1876 456 1898 r
469 1868 479 1898 t
491 1868 501 1907 s
513 1868 541 1906 ch
584 1870 634 1900 als
677 1870 804 1910 erkedigt
846 1872 1010 1910 angesehen

175 1900 265 1937 ivird.
280 1904 421 1942 nachdem
437 1906 484 1939 die
498 1908 597 1944 letzten
612 1909 768 1948 russischen
783 1909 1010 1950 Widerstands-

174 1941 271 1979 ncstcr
283 1945 355 1983 nach
369 1947 520 1986 deutschen
533 1948 793 1986 Informationen
806 1952 1011 1983 unmittelbar

174 1984 231 2014 vor
249 1982 333 2022 ihrer
347 1984 548 2025 Liquidation
566 1988 673 2028 stehen.

235 2031 307 2063 DaS
320 2033 451 2073 deutsche
467 2035 733 2068 Oberkommando
750 2037 806 2076 hat
822 2038 913 2076 starke
926 2040 1011 2078 Pan-

176 2069 318 2109 zerkräfte
340 2072 372 2104 in
395 2074 441 2105 die
463 2074 602 2114 Schlacht
631 2082 692 2108 von
713 2077 862 2117 Charkow
892 2079 1011 2117 hincin-

176 2111 340 2148 gcworfcn.
375 2114 463 2152 durch
497 2115 543 2146 die
587 2117 644 2147 daS
677 2116 925 2157 Schivergewicht
959 2120 1011 2150 des

174 2150 326 2190 Kampfes
352 2151 403 2193 sich
428 2153 600 2195 inzwischen
628 2156 683 2194 a»f
708 2158 764 2188 den
789 2149 1010 2198 deutschen

175 2188 414 2232 Gcgcnstoß
450 2195 603 2234 verlagert
643 2196 741 2234 haben
767 2196 877 2235 dürste,
916 2198 1011 2230 lieber

174 2227 320 2268 Ausmaß
356 2234 418 2264 und
454 2233 537 2272 Ziele
570 2234 662 2273 dieser
708 2236 860 2275 deutschen
895 2238 1010 2277 Gegen-

175 2269 481 2312 angrifssbewegnng
496 2273 532 2312 ist
548 2267 678 2314 indessen
695 2275 743 2307 ein
760 2277 924 2309 Ncbcrblick
940 2277 1010 2316 noch

174 2306 253 2348 nicht
270 2319 304 2349 zu
322 2312 493 2350 gewinnen,
509 2316 548 2345 da
566 2319 626 2345 von
643 2314 856 2354 militärischer
871 2316 959 2349 Seite
976 2316 1008 2348 in

173 2347 283 2381 Berlin
318 2350 398 2383 keine
431 2352 692 2388 Informationen
729 2356 855 2395 gegeben
888 2357 1008 2388 werden

174 2388 238 2419 und
266 2389 299 2421 in
326 2392 381 2423 den
407 2390 568 2431 offiziellen
594 2393 751 2433 Berichten
777 2397 830 2426 des
857 2397 1008 2435 deutschen

174 2425 462 2463 Oberkommandos
479 2433 590 2464 wieder
609 2434 725 2465 einmal
743 2435 864 2466 betonte
882 2435 1008 2474 Zurück¬

173 2467 306 2509 haltung
327 2471 438 2511 gezeigt
455 2473 543 2504 wird.
562 2473 609 2512 In
627 2473 772 2506 Berliner
790 2473 1007 2515 militärischen

173 2507 297 2548 Kreisen
326 2511 404 2542 wird
430 2511 560 2550 indessen
588 2521 655 2550 zum
683 2513 837 2546 Ausdruck
861 2515 1008 2554 gebracht,

172 2545 233 2585 daß
260 2548 308 2580 die
332 2549 471 2590 Schlacht
494 2552 541 2584 bei
566 2553 715 2591 Charkow
738 2553 789 2593 sich
814 2563 916 2592 genau
940 2563 1007 2586 um-

173 2586 290 2627 gekehrt
313 2590 469 2625 entwickle,
494 2593 545 2623 als
569 2592 614 2623 die
640 2592 773 2633 russische
798 2593 950 2633 Führung
975 2597 1007 2626 cs

173 2628 299 2665 geplant
321 2631 384 2662 und
408 2632 551 2663 erwartet
574 2631 661 2668 habe.
682 2631 747 2664 Mit
771 2633 863 2669 dieser
883 2635 1006 2667 Bemer¬

174 2665 252 2705 kung
267 2668 321 2706 soll
336 2670 434 2708 gewiß
450 2672 630 2709 angedentct
644 2673 775 2705 werden,
792 2673 852 2711 daß
865 2673 911 2705 die
926 2673 1008 2705 mili¬

174 2705 296 2747 tärische
322 2709 400 2749 Lage
425 2710 457 2741 in
485 2711 592 2749 diesem
619 2712 867 2751 Frontabschnitt
895 2713 1007 2745 bereits

175 2745 359 2788 weitgehend
380 2756 440 2781 von
462 2751 518 2782 den
540 2752 847 2789 Gegcnoperativnen
870 2753 921 2785 der
941 2753 1007 2791 süd-

173 2784 266 2824 Itdjcit
297 2788 426 2828 Gruppe
452 2790 504 2822 des
535 2790 688 2830 deutschen
717 2791 828 2829 Heeres
859 2792 1008 2831 bestimmt

167 2823 258 2860 wird.
281 2828 404 2867 obwohl
425 2829 476 2868 sich
500 2830 560 2861 daS
582 2830 712 2867 deutsche
736 2831 1004 2864 Oberkommando

170 2862 215 2895 im
236 2866 379 2906 heutigen
403 2868 616 2908 Tagesbericht
642 2861 696 2908 aus
731 2870 778 2903 die
812 2871 1007 2911 Feststellung

170 2903 348 2950 beschränkt,
372 2908 432 2947 daß
452 2908 573 2941 weitere
595 2909 729 2949 russische
749 2908 1006 2952 Massenangrisse

170 2943 218 2975 der
240 2946 390 2985 Charkow
412 2948 623 2988 abgeschlagen
644 2951 771 2982 worden
792 2950 879 2989 seien.

224 2995 284 3028 Die
315 2997 525 3038 optimistische
555 2998 763 3038 Beurteilung
795 3001 847 3031 der
878 3000 1007 3040 Kümpfe

166 3041 220 3066 um
240 3036 389 3074 Charkow
408 3037 487 3070 wird
506 3038 539 3070 in
557 3038 669 3070 Berlin
688 3039 777 3079 durch
797 3039 843 3071 die
861 3040 1007 3079 Behaup-

165 3074 244 3114 tnng
260 3077 484 3117 unterstrichen,
501 3078 562 3117 daß
578 3078 625 3110 die
640 3084 702 3110 von
717 3079 884 3119 Marschall
899 3080 1007 3113 Timo-

164 3113 280 3153 schcnko
312 3125 380 3155 zum
413 3118 538 3157 Angriff
572 3119 626 3157 ans
660 3119 808 3157 Charkow
842 3119 1006 3160 eingesetzte

165 3155 258 3194 große
275 3157 463 3195 Stvßarmee
480 3158 568 3197 durch
586 3157 632 3189 die
650 3158 780 3198 deutsche
797 3160 1005 3198 Gegenaktion

164 3196 375 3237 gegenwärtig
427 3197 722 3237 anfgcricben
774 3201 882 3232 ivcrde.
924 3200 1004 3239 Auch

164 3233 258 3274 klingt
280 3236 313 3267 in
334 3237 479 3270 Berliner
499 3238 724 3276 Aenßcrnngcn
746 3238 792 3270 die
814 3240 1005 3279 Erwartung

163 3273 263 3313 durch,
297 3276 355 3315 daß
389 3277 435 3308 die
466 3277 600 3317 russische
631 3278 784 3316 Osfciisivc
815 3278 859 3311 im
891 3281 1003 3317 Front-

164 3313 311 3354 abschiiitt
335 3321 396 3348 von
422 3316 571 3356 Charkow
597 3318 647 3349 der
673 3318 826 3358 dcntschen
851 3319 1003 3359 Führung

162 3352 229 3386 eine
250 3355 387 3395 günstige
408 3357 528 3395 Chance
549 3356 634 3392 biete,
656 3357 703 3389 die
723 3358 858 3397 russische
879 3359 1002 3391 Nieder¬

163 3393 232 3432 lage
259 3395 311 3434 für
338 3396 384 3428 die
410 3397 534 3433 eigenen
560 3398 660 3435 Pläne
686 3397 747 3437 jetzt
775 3400 941 3440 ansnützen
967 3408 1001 3438 zu

163 3433 290 3467 können.
316 3436 364 3468 Sv
390 3436 495 3474 spricht
521 3446 594 3468 man
621 3438 711 3477 sogar
737 3437 820 3477 schon
846 3438 878 3470 in
905 3439 1002 3477 infor¬

162 3472 291 3506 mierten
316 3476 469 3515 dcntschen
492 3477 615 3516 Kreisen
639 3483 700 3508 von
724 3477 808 3509 einer
832 3479 887 3512 »W
900 3481 1002 3510 ende

164 3512 196 3543 in
211 3513 263 3546 der
277 3515 415 3555 Schlacht
428 3521 489 3548 von
504 3517 670 3555 Charkow"
686 3518 750 3549 und
764 3518 927 3557 versichert,
942 3519 1000 3557 daß

163 3552 209 3584 die
231 3555 329 3586 Stadt
351 3556 499 3595 Charkow
522 3557 554 3588 in
576 3555 674 3589 keiner
694 3557 792 3596 Phase
814 3559 865 3589 der
886 3559 1000 3599 großen

161 3591 301 3633 Schlacht
323 3595 529 3628 unmittelbar
551 3596 678 3636 bedroht
699 3598 831 3637 gewesen
853 3597 903 3637 sei.

279 3671 516 3723 Deutscher
538 3672 883 3725 Heeresbericht

221 3742 342 3777 Berlin.
371 3747 416 3776 19.
445 3744 528 3778 Mai.
556 3756 590 3781 ->p
619 3746 735 3783 (DNB)
760 3747 832 3779 Das
861 3747 995 3779 Ober-

163 3779 174 3810 k
187 3789 203 3811 o
217 3789 248 3815 m
260 3791 289 3814 m
304 3784 414 3815 ando
440 3785 491 3816 der
515 3784 707 3825 Wehrmacht
733 3786 797 3825 gibt
823 3786 962 3819 bekannt:

221 3831 279 3863 Die
293 3832 502 3872 Vernichtung
518 3834 569 3865 der
581 3834 679 3873 letzten
696 3834 779 3870 Neste
795 3836 847 3866 des
863 3835 994 3876 Feindes

161 3868 217 3905 ans
252 3872 304 3902 der
338 3871 495 3911 Halbinsel
529 3873 555 3906 K
567 3881 581 3905 c
592 3882 608 3904 r
621 3875 632 3905 t
644 3874 656 3913 s
666 3874 695 3913 ch
730 3873 803 3913 steht
837 3880 895 3908 vor
928 3877 994 3908 dem

161 3908 318 3950 Abschluß.

220 3958 278 3998 Im
294 3960 399 3992 Raum
419 3960 479 3993 von
498 3960 698 4000 Charkow
716 3962 844 3995 wurden
864 3963 994 3999 weitere,

161 3995 219 4028 mit
248 3999 420 4038 massierten
448 4000 578 4040 Kräften
607 4001 745 4040 geführte
772 4002 914 4043 Angrisfe
941 4005 994 4035 des

160 4035 293 4075 Feindes
312 4039 532 4079 abgeschlagen.
559 4041 658 4073 Dabei
676 4043 803 4074 wurden
824 4051 875 4073 am
892 4042 992 4081 gestri¬

159 4083 215 4114 gen
227 4077 295 4117 Tag
307 4079 418 4111 wieder
433 4082 469 4110 80
486 4080 638 4120 feindliche
651 4082 769 4119 Panzer
786 4082 993 4122 abgeschossen.

159 4115 291 4150 Weitere
305 4121 340 4149 31
356 4120 476 4159 Panzer
493 4121 556 4152 »nd
571 4121 643 4152 über
658 4123 715 4152 550
730 4121 904 4162 Fahrzeuge
917 4123 993 4155 aller

159 4155 217 4188 Art
236 4159 364 4190 wurden
385 4159 474 4195 durch
496 4160 542 4192 die
563 4161 692 4200 deutsche
713 4161 876 4200 Luftwasse
897 4163 992 4198 außer

160 4195 278 4237 Gefecht
308 4198 414 4239 gesetzt.
451 4199 561 4231 Damit
589 4200 644 4235 hat
675 4200 724 4239 sich
755 4201 802 4233 die
830 4202 911 4241 Zahl
941 4203 991 4234 der

159 4234 336 4276 feindlichen
373 4239 621 4278 Panzerverluste
658 4239 710 4277 seit
743 4240 865 4279 Beginn
899 4241 992 4280 dieser

157 4274 289 4317 Kämpfe
321 4278 376 4316 ans
406 4281 463 4309 447
493 4279 609 4318 erhöht.
652 4280 710 4317 Im
740 4279 897 4313 mittleren
928 4283 991 4313 und

159 4315 332 4356 nördlichen
353 4317 506 4356 Abschnitt
528 4320 577 4350 der
598 4318 739 4359 Ostfront
761 4326 866 4352 waren
890 4320 990 4359 eigene

157 4354 280 4395 örtliche
305 4356 446 4398 Angrisfe
471 4357 655 4398 erfolgreich.
692 4359 749 4397 Im
773 4358 990 4399 rückwärtigen

157 4394 265 4427 Gebiet
295 4397 349 4429 des
381 4397 537 4430 mittlere»
570 4397 853 4437 Frontabschnittes
884 4402 991 4432 wurde

157 4432 223 4466 eine
258 4435 349 4475 starke
384 4436 517 4476 russische
550 4438 659 4469 Bande
693 4436 898 4477 anfgerieben.
942 4440 988 4478 In

156 4472 388 4513 Lappland
416 4478 555 4514 erzielten
585 4476 631 4510 die
660 4477 811 4518 deutschen
841 4478 988 4519 Truppen

157 4511 190 4544 in
218 4514 395 4548 erbitterten
423 4516 658 4556 Waldkämpsen
687 4518 757 4555 gute
784 4518 989 4560 Fortschritte.

156 4551 326 4591 Feindliche
361 4556 598 4595 Gegenangriffe
632 4558 760 4589 wurden
794 4558 988 4597 abgewiesen.

156 4592 202 4630 In
222 4594 277 4625 den
294 4595 466 4634 Gewässern
484 4597 535 4627 der
551 4596 707 4636 Halbinsel
723 4597 802 4629 Kola
820 4598 925 4630 wurde
939 4597 987 4630 ei»

157 4633 268 4671 großes
295 4634 484 4674 Frachtschiff
509 4635 598 4673 durch
621 4636 932 4677 Boinbenvolltrcffcr
958 4638 987 4674 so

158 4669 262 4710 schwer
275 4674 450 4714 beschädigt,
467 4675 527 4710 daß
541 4674 599 4707 mit
614 4675 724 4715 seinem
738 4676 862 4714 Verlust
877 4678 987 4716 gerech¬

156 4712 208 4742 net
231 4714 351 4745 werden
378 4715 466 4746 kann.
499 4714 705 4754 Lnstangrifse
727 4716 781 4755 ans
804 4716 987 4753 Murmansk

156 4749 297 4790 richteten
315 4753 475 4793 erhebliche
488 4754 712 4793 Zerstörungen
732 4754 773 4787 im
791 4755 986 4794 Hasengebiet

157 4798 209 4822 an.
247 4792 307 4825 Die
334 4793 445 4831 Rnssen
474 4794 615 4826 verloren
647 4794 679 4826 in
709 4794 921 4835 LnstkämPfen
939 4797 986 4827 -45

156 4829 335 4870 Flugzeuge,
357 4833 507 4865 darunter
532 4836 566 4864 13
588 4833 788 4873 Hnrricanes.

213 4879 261 4919 In
284 4881 310 4913 N
324 4889 340 4912 v
354 4890 368 4913 r
381 4883 398 4913 d
411 4890 429 4913 a
444 4880 452 4920 f
464 4890 479 4914 r
493 4882 500 4914 i
515 4882 526 4913 k
539 4891 557 4913 a
579 4882 689 4921 griffen
712 4883 841 4922 deutsche
860 4883 985 4922 Knmps-

156 4917 416 4957 sliegerverbände
448 4921 528 4959 Zelt-
563 4923 627 4954 und
660 4922 901 4961 Barackenlager
934 4925 985 4955 der

156 4958 266 4991 Briten
284 4959 328 4992 im
342 4960 447 4993 Raum
466 4970 519 4993 um
535 4961 656 4993 Tvbrnk
677 4961 765 5000 sowie
785 4962 831 4994 die
848 4962 984 5003 Wüsten¬

156 4998 238 5038 bahn
257 4999 302 5031 bei
322 5000 458 5039 Capnzzo
478 5001 650 5040 erfolgreich
671 5009 722 5032 an.

215 5047 309 5079 lieber
329 5047 474 5080 Malta
499 5048 619 5087 schossen
644 5048 773 5086 deutsche
797 5051 860 5082 und
884 5050 983 5082 italie¬

156 5084 249 5125 nische
263 5087 363 5125 Jäger
382 5087 413 5120 in
430 5087 640 5128 Lnftkämpse»
657 5088 722 5127 fünf
741 5088 874 5129 britische
891 5090 983 5130 Flug¬

156 5133 243 5164 zeuge
258 5127 306 5157 ab.

214 5174 262 5205 An
302 5174 353 5206 der
392 5174 542 5214 Südküstc
579 5175 809 5214 Englands
850 5177 982 5215 belegten

154 5211 254 5249 leichte
280 5213 549 5253 Kampsslngzengc
578 5223 628 5246 am
655 5215 723 5253 Tag
750 5215 982 5256 kriegswichtige

155 5251 238 5289 Ziele
258 5253 309 5284 der
328 5253 522 5292 Hafenftädte
540 5253 694 5293 Brighton
714 5257 777 5287 und
796 5256 875 5288 Deal
897 5256 981 5288 wirk¬

157 5291 220 5328 sam
249 5291 305 5325 mit
333 5293 481 5326 Bombe».
518 5293 617 5327 Dabei
646 5295 772 5326 wurden
803 5294 922 5336 Treffer
950 5296 981 5327 in

155 5331 260 5371 Bahn-
281 5332 344 5363 und
366 5332 613 5372 Fabrikanlagen
633 5333 812 5374 beobachtet.

1059 1049 1167 1119 bei
1199 1050 1533 1137 Charkow

1090 1171 1519 1227 Situationsbericht
1541 1181 1627 1219 aus
1649 1178 1855 1222 Moskau

1164 1243 1295 1275 Starke
1317 1245 1468 1283 deutsche
1491 1246 1772 1288 Gegenangriffe

1117 1297 1262 1331 Moskau.
1288 1303 1331 1331 19.
1355 1301 1436 1333 Mai.
1461 1302 1638 1343 (Erchange)
1659 1305 1717 1338 Die
1738 1306 1886 1346 Truppen

1058 1337 1221 1376 Marschall
1242 1338 1469 1379 Timoschenkos
1493 1342 1587 1380 stehen
1607 1345 1758 1381 nmimchr
1780 1346 1811 1377 in
1836 1349 1886 1378 der

1055 1377 1343 1418 Befestigniigszone
1371 1389 1424 1413 um
1452 1382 1598 1418 Charkow
1623 1384 1744 1425 äußerst
1771 1386 1884 1425 starken

1056 1413 1275 1457 deutschen
1339 1421 1367 1451 G
1380 1429 1393 1451 e
1406 1429 1422 1459 g
1435 1431 1448 1452 c
1461 1431 1480 1452 n
1494 1431 1511 1452 a
1525 1431 1543 1453 n
1557 1432 1573 1462 g
1586 1433 1601 1454 r
1613 1424 1622 1455 i
1637 1424 1645 1462 s
1659 1424 1667 1462 s
1680 1435 1692 1456 c
1706 1435 1725 1457 n
1780 1435 1885 1465 gegen¬

1057 1457 1141 1488 über.
1158 1458 1217 1490 Die
1234 1459 1371 1498 Schlacht
1393 1461 1444 1498 hat
1464 1461 1513 1498 sich
1534 1471 1566 1499 zu
1586 1463 1668 1495 einer
1688 1468 1738 1497 der
1757 1467 1884 1504 größten

1054 1497 1369 1539 Kampfhandlungen
1393 1501 1560 1536 entwickelt,
1584 1504 1631 1535 die
1653 1504 1827 1545 überhaupt
1850 1506 1883 1538 in

1055 1536 1162 1574 diesem
1185 1537 1293 1577 Kriege
1315 1543 1521 1579 ansgrtragen
1541 1544 1677 1576 wurden.
1699 1546 1792 1577 Beide
1813 1546 1883 1578 Sei-

1056 1578 1104 1607 ten
1132 1578 1229 1612 haben
1253 1571 1509 1619 Panzerreserven
1547 1583 1789 1624 herangeschasst.
1825 1586 1883 1624 Im

1053 1616 1303 1656 Hauptquartier
1322 1619 1549 1660 Timoschenkos
1567 1625 1672 1654 wurde
1690 1625 1803 1659 betont,
1822 1626 1883 1661 daß

1055 1656 1131 1694 nicht
1147 1657 1425 1698 Geländegewinne
1441 1670 1494 1692 um
1508 1661 1590 1698 jeden
1606 1663 1698 1701 Preis
1713 1673 1747 1703 zu
1762 1666 1882 1703 machen

1056 1696 1128 1733 sind,
1146 1697 1273 1734 sondern
1292 1699 1351 1735 daß
1370 1698 1415 1732 die
1431 1700 1641 1738 Operationen
1661 1705 1882 1744 ausschließlich

1054 1741 1115 1767 von
1137 1737 1201 1768 dem
1219 1739 1379 1770 Gedanken
1399 1741 1542 1779 getragen
1564 1741 1636 1776 sind,
1656 1744 1710 1775 den
1731 1744 1882 1783 deutschen

1053 1776 1183 1809 Armeen
1202 1778 1232 1813 so
1252 1778 1372 1817 schwere
1401 1780 1429 1812 B
1443 1789 1456 1811 e
1468 1789 1483 1811 r
1496 1781 1537 1812 l»
1551 1781 1574 1819 st
1585 1791 1598 1813 e
1627 1791 1667 1813 an
1687 1783 1883 1825 Mannschas»

1055 1817 1103 1847 ten
1123 1818 1185 1848 und
1201 1818 1355 1850 Material
1371 1819 1546 1859 znzusügcn,
1564 1822 1622 1858 daß
1640 1822 1674 1856 sic
1691 1823 1741 1856 für
1758 1824 1883 1864 längere

1054 1855 1123 1892 Zeit
1148 1857 1225 1894 nicht
1250 1859 1335 1898 mehr
1360 1858 1392 1890 in
1419 1861 1470 1891 der
1494 1860 1572 1900 Lage
1597 1862 1656 1900 sein
1684 1864 1809 1897 können,
1837 1864 1883 1895 die

1052 1895 1287 1936 Offensive
1321 1899 1394 1937 nach
1418 1900 1485 1931 dem
1515 1900 1541 1932 K
1553 1910 1571 1932 a
1584 1910 1604 1932 n
1616 1901 1629 1932 k
1641 1910 1659 1932 a
1671 1902 1683 1942 s
1694 1912 1714 1934 n
1726 1905 1743 1934 s
1776 1912 1811 1942 zu
1835 1904 1881 1936 be¬

1053 1935 1177 1974 ginnen.

1112 1974 1170 2006 Die
1190 1976 1402 2014 Operationen
1423 1978 1649 2018 Timoschenkos
1673 1981 1812 2021 schließen
1835 1983 1882 2014 be¬

1054 2014 1221 2054 trächtliche
1244 2015 1360 2052 Risiken
1385 2016 1417 2048 in
1442 2017 1503 2057 sich.
1525 2019 1613 2053 denn,
1646 2021 1767 2058 obwohl
1790 2021 1882 2057 starke

1052 2054 1182 2092 deutsche
1201 2055 1308 2091 Kräfte
1328 2055 1398 2087 weit
1419 2057 1520 2095 hinter
1539 2058 1633 2097 seiner
1651 2059 1747 2092 linken
1769 2061 1881 2097 Flanke

1052 2091 1096 2124 im
1117 2094 1317 2132 Donezbecken
1341 2095 1446 2135 stehen,
1469 2097 1527 2135 setzt
1548 2107 1579 2129 er
1600 2100 1654 2130 den
1674 2098 1799 2139 Angriff
1820 2106 1880 2132 von

1051 2132 1072 2164 L
1085 2141 1101 2163 o
1116 2133 1123 2169 s
1137 2142 1153 2165 o
1167 2140 1194 2164 w
1208 2143 1225 2164 a
1239 2134 1247 2172 j
1262 2143 1280 2165 a
1323 2134 1355 2167 in
1399 2136 1548 2176 Richtung
1589 2139 1613 2170 K
1627 2143 1700 2171 ras
1714 2142 1881 2178 nograd

1052 2172 1122 2208 fort.
1142 2173 1350 2212 Tinwschcnko
1372 2176 1446 2211 nniß
1468 2177 1608 2212 demnach
1629 2179 1725 2210 damit
1747 2179 1881 2217 rechnen,

1052 2212 1112 2249 daß
1128 2213 1174 2245 die
1192 2213 1389 2251 Strcitkrästc
1406 2215 1457 2247 der
1470 2216 1690 2256 Achsenmächte
1707 2219 1749 2250 im
1765 2219 1880 2257 Doncz-

1052 2252 1158 2285 becken.
1177 2252 1224 2284 die
1241 2253 1402 2292 besonders
1422 2255 1497 2287 viele
1514 2256 1718 2296 Kontingente
1737 2259 1788 2290 der
1804 2259 1881 2292 Ber-

1050 2291 1202 2324 bündeten
1234 2293 1456 2332 Deutschlands
1488 2296 1644 2332 umfassen,
1687 2297 1880 2337 sestgrhalten

1049 2332 1170 2363 werden
1192 2333 1318 2366 können,
1339 2334 1486 2370 während
1506 2344 1537 2366 er
1558 2343 1618 2367 von
1637 2337 1795 2374 Losowaja
1819 2341 1879 2370 ans

1050 2379 1124 2409 quer
1159 2372 1234 2403 über
1266 2371 1332 2410 ihre
1357 2373 1773 2414 Haiiptverbiiidnngslinicn
1810 2382 1879 2409 vor-

1049 2411 1188 2448 znrücken
1212 2411 1300 2451 sucht.
1326 2413 1393 2450 Erst
1419 2414 1467 2445 die
1492 2414 1627 2452 nächsten
1652 2416 1737 2455 Tage
1762 2417 1878 2449 können

1050 2449 1096 2481 die
1119 2450 1337 2490 Entscheidung
1373 2452 1510 2492 bringen.
1542 2454 1600 2493 Im
1633 2455 1879 2495 Hauptquartier

1048 2489 1277 2529 Timoschenkos
1302 2492 1410 2530 glaubt
1434 2502 1507 2525 man
1543 2494 1640 2532 jedoch
1674 2494 1734 2533 jetzt
1767 2496 1879 2528 bereits

1049 2529 1211 2569 versichern
1237 2539 1270 2568 zu
1297 2532 1422 2565 könne»,
1449 2533 1508 2570 daß
1533 2533 1580 2565 die
1606 2535 1735 2574 deutsche
1763 2536 1878 2574 ..Früh-

1048 2569 1300 2608 jahrsofsensive"
1328 2572 1417 2611 durch
1445 2572 1491 2603 die
1520 2572 1693 2612 bisherigen
1723 2575 1877 2615 russischen

1049 2608 1172 2649 Erfolge
1192 2618 1245 2642 nm
1265 2611 1393 2650 Wochen
1414 2612 1585 2650 verschoben
1604 2614 1728 2646 worden
1749 2614 1793 2653 ist.

1105 2648 1190 2688 Trotz
1206 2651 1260 2681 den
1276 2650 1430 2690 Erfolgen,
1446 2651 1492 2684 die
1508 2651 1611 2691 bisher
1627 2652 1727 2691 erzielt
1741 2655 1879 2689 wurden,

1048 2687 1134 2725 hütet
1152 2698 1227 2720 man
1246 2689 1298 2728 sich
1315 2695 1372 2721 vor
1391 2691 1569 2724 übereiltem
1586 2692 1811 2730 Optimismus,
1829 2703 1877 2733 zu-

1048 2728 1112 2758 mal
1134 2736 1356 2768 angenommen
1378 2729 1466 2765 wird,
1487 2731 1546 2770 daß
1564 2731 1747 2771 mindestens
1777 2735 1876 2772 zehn

1048 2767 1177 2807 deutsche
1202 2769 1639 2810 Panzerdivisionen
1662 2780 1715 2804 um
1730 2773 1877 2811 Charkow

1047 2806 1349 2847 znsammengczogen
1369 2809 1442 2848 sind.

1106 2846 1153 2878 An
1173 2848 1252 2879 allen
1281 2849 1471 2881 anderen
1497 2849 1734 2890 Kampffronten
1750 2851 1876 2892 herrscht

1047 2886 1347 2927 verhältnismäßige
1376 2888 1402 2920 R
1416 2898 1435 2920 n
1448 2889 1465 2928 h
1479 2898 1501 2920 e.

1106 2926 1168 2964 Auf
1207 2927 1257 2959 der
1306 2927 1424 2959 Krim
1474 2928 1576 2965 halten
1616 2930 1662 2962 bei
1713 2931 1875 2971 Kcrtsch

1048 2964 1094 2996 die
1115 2965 1291 2998 erbitterten
1310 2967 1439 3006 Kämpfe
1470 2977 1521 2999 an.
1553 2969 1596 3001 Es
1628 2969 1663 3008 ist
1695 2971 1746 3002 der
1768 2970 1875 3003 Armee

1046 3009 1074 3036 v.
1096 3005 1253 3045 Manstcin
1276 3006 1349 3046 noch
1380 3006 1489 3039 immer
1519 3008 1596 3046 nicht
1627 3009 1787 3049 gelungen,
1819 3012 1874 3043 den

1045 3044 1239 3083 Widerstand
1269 3047 1320 3078 der
1348 3045 1445 3079 vielen
1471 3046 1585 3080 kleinen
1615 3048 1873 3089 ringeschlossenen

1045 3084 1201 3123 russischen
1225 3084 1387 3125 Einheiten
1411 3096 1447 3126 zu
1470 3088 1599 3126 brechen.
1624 3089 1691 3121 Bor
1726 3090 1874 3121 Sewa-

1047 3123 1068 3161 st
1081 3132 1097 3155 o
1112 3129 1129 3161 p
1142 3132 1158 3156 o
1172 3125 1181 3156 l
1220 3125 1282 3163 sind
1313 3125 1402 3164 starke
1430 3126 1745 3168 dcntsch-riimänische
1773 3129 1874 3168 Trnp-

1046 3163 1374 3203 pcnkonzcntrativnen
1394 3165 1561 3202 beobachtet
1579 3169 1713 3200 worden.
1732 3169 1796 3200 Alle
1813 3170 1873 3201 An¬

1044 3203 1154 3241 zeichen
1170 3205 1278 3236 deuten
1294 3204 1409 3242 darauf
1425 3205 1490 3245 hin.
1504 3207 1564 3242 daß
1581 3208 1632 3238 der
1648 3207 1873 3248 Hauptangrisf

1044 3251 1135 3282 gegen
1157 3244 1352 3284 Sewastopol
1372 3246 1574 3278 »ninittelbar
1592 3247 1766 3287 bevorsteht.

1217 3311 1410 3349 Nussischer
1430 3313 1695 3353 Heeresbericht

1104 3371 1250 3405 Moskau,
1272 3375 1315 3405 19.
1332 3371 1413 3404 Mai.
1434 3385 1467 3408 ap
1485 3373 1624 3411 sNentcr)
1642 3374 1699 3413 Im
1719 3375 1872 3414 russischen

1044 3409 1272 3450 Cvmmuniquc
1296 3417 1367 3444 vom
1391 3412 1659 3453 Dicnstagmittag
1683 3414 1763 3454 heißt
1788 3418 1831 3447 cs:

1100 3458 1146 3497 In
1175 3460 1225 3490 der
1248 3460 1343 3499 Nacht
1368 3468 1435 3499 zum
1461 3461 1615 3501 Dienstag
1642 3462 1739 3501 setzten
1766 3464 1870 3500 unsere

1041 3497 1238 3536 Strcitkrästc
1261 3498 1326 3538 ihre
1350 3500 1634 3540 Angrisssaktionrn
1657 3501 1687 3533 in
1713 3504 1763 3534 der
1785 3502 1868 3541 Rich¬

1044 3538 1119 3576 tung
1153 3538 1207 3577 aus
1241 3539 1265 3571 C
1277 3541 1293 3575 h
1308 3549 1325 3571 a
1339 3549 1353 3571 r
1366 3540 1377 3571 k
1390 3548 1406 3571 v
1419 3547 1447 3572 w
1481 3540 1551 3579 fort.
1591 3542 1648 3580 Im
1682 3541 1786 3574 Gebiet
1820 3545 1869 3574 der

1042 3577 1139 3609 Stadt
1172 3579 1198 3610 K
1211 3587 1224 3610 e
1237 3587 1251 3610 r
1265 3579 1274 3610 t
1288 3579 1296 3618 s
1310 3579 1339 3618 ch
1369 3580 1515 3612 dauerten
1549 3580 1581 3612 in
1616 3582 1666 3612 der
1698 3581 1790 3621 Nacht
1824 3582 1870 3614 die

1041 3616 1217 3649 erbitterten
1237 3618 1367 3657 Kämpfe
1387 3620 1491 3651 weiter
1511 3628 1563 3652 an.

1103 3657 1173 3689 Bon
1205 3659 1260 3689 den
1288 3658 1416 3696 übrigen
1448 3658 1591 3692 Gebieten
1621 3659 1656 3699 ist
1684 3660 1780 3700 nichts
1810 3665 1870 3694 von

1039 3697 1221 3736 Bedeutung
1241 3706 1275 3736 zu
1297 3698 1424 3731 melden.

1959 1048 2024 1079 Die
2040 1049 2216 1082 Aktionen
2234 1053 2294 1082 der
2312 1053 2492 1090 russischen
2509 1054 2716 1091 Nordflotte

1985 1109 2182 1149 Petersburg.
2200 1114 2244 1143 19.
2262 1112 2342 1145 Mai.
2370 1113 2549 1153 (Exchange)
2574 1113 2634 1146 Die
2659 1123 2706 1146 ru
2719 1113 2751 1153 s-

1926 1147 2045 1187 fische
2076 1149 2377 1184 Admiralität
2409 1153 2475 1187 teilt
2506 1154 2573 1185 mit:

1979 1206 2115 1239 Während
2140 1209 2185 1235 der
2210 1214 2394 1243 verqongenen
2419 1210 2511 1245 Wische
2535 1210 2686 1243 operierten
2711 1211 2752 1240 die

1929 1244 2084 1280 Nordslotte
2096 1249 2152 1275 und
2165 1247 2207 1275 die
2220 1248 2414 1281 Lnftverbändc
2428 1252 2473 1279 der
2487 1250 2624 1285 russischen
2639 1251 2753 1280 Marine

1927 1285 1978 1313 mit
1999 1285 2289 1322 außergewöhnlichem
2311 1288 2414 1323 Erfolg.
2444 1289 2485 1323 In
2508 1290 2553 1318 der
2583 1290 2751 1319 Barenl-

1929 1324 1937 1358 s
1947 1333 1960 1353 e
1970 1332 1982 1352 e
2006 1327 2117 1353 wurden
2132 1326 2260 1360 während
2276 1327 2358 1361 dieser
2373 1328 2430 1363 Zeit
2447 1330 2502 1358 drei
2519 1329 2600 1364 große
2616 1330 2752 1366 feindliche

1926 1363 2124 1397 Transporter,
2136 1365 2202 1400 zwei
2216 1366 2475 1403 Patroiiillenschisfc
2488 1372 2543 1397 und
2557 1369 2600 1397 ein
2613 1371 2751 1405 Zerstörer

1927 1404 2042 1437 versenkt
2056 1407 2111 1433 »nd
2125 1405 2168 1434 ein
2182 1406 2306 1435 weiterer
2320 1407 2455 1442 Zerstörer
2469 1408 2679 1444 wahrscheinlich
2693 1417 2750 1439 vcr-

1928 1443 2001 1478 senkt.
2031 1445 2101 1473 Bom
2124 1447 2162 1474 12.
2184 1445 2227 1474 bis
2249 1448 2287 1476 17.
2308 1447 2370 1475 Mai
2390 1450 2501 1476 wurden
2523 1448 2557 1482 elf
2587 1449 2751 1484 deutsche

1927 1483 2088 1512 Bomber
2110 1487 2166 1512 und
2180 1485 2235 1519 acht
2258 1486 2554 1521 Messcrschmitt
2576 1488 2749 1524 abgeschossen

1925 1525 1980 1551 und
2002 1523 2059 1552 eine
2081 1524 2192 1559 größere
2213 1526 2316 1559 Anzahl
2338 1526 2466 1562 deutscher
2485 1528 2635 1563 Flugzeuge
2655 1528 2751 1563 beschä¬

1925 1562 1989 1598 digt.
2016 1563 2071 1597 Ans
2090 1564 2222 1599 deutschen
2241 1566 2411 1600 Flugplätzen
2429 1569 2539 1595 wurden
2560 1567 2641 1601 sieben
2660 1569 2749 1602 Appa-

1923 1605 1981 1632 rate
1992 1603 2102 1637 zerstört
2115 1606 2170 1632 und
2183 1611 2253 1633 neun
2265 1605 2416 1641 beschädigt.

1998 1695 2083 1738 Die
2106 1697 2412 1748 Operationen
2433 1699 2493 1741 im
2515 1700 2677 1742 Gebiet

2119 1750 2197 1791 der
2218 1751 2558 1804 Murmanbahn

1982 1827 2180 1867 Helsingfors,
2198 1831 2242 1860 19.
2258 1829 2339 1861 Mai.
2355 1829 2514 1869 (Me»Iel.)
2530 1832 2585 1869 Im
2600 1831 2752 1871 Abschnitt

1922 1871 1982 1898 von
2012 1868 2033 1899 L
2045 1876 2062 1898 o
2075 1877 2095 1899 n
2109 1869 2126 1906 h
2139 1868 2149 1898 i
2179 1869 2257 1900 wird
2278 1869 2335 1900 mit
2355 1870 2619 1903 nnvermindertcr
2639 1871 2751 1912 Heftig-

1921 1906 1975 1938 kcit
1997 1906 2262 1947 wcitergckämpst.
2285 1909 2335 1941 Ob
2358 1909 2403 1940 die
2426 1909 2546 1947 Finnen
2569 1913 2634 1942 und
2655 1912 2750 1943 Deut¬

1923 1945 1999 1985 schen
2019 1946 2061 1978 im
2080 1947 2199 1986 Begriff
2218 1948 2324 1986 stehen,
2342 1949 2414 1988 nach
2432 1950 2497 1982 dem
2516 1951 2682 1989 Erlahnicn
2700 1953 2751 1983 der

1922 1985 2076 2025 russischen
2096 1987 2235 2026 Angriffe
2255 1988 2343 2028 durch
2363 1990 2751 2030 Gegcniinternehmiingcn

1922 2025 1978 2057 den
1993 2026 2026 2057 in
2042 2027 2094 2058 der
2107 2027 2240 2066 Abwehr
2253 2036 2444 2068 errungenen
2459 2029 2566 2069 Erfolg
2579 2038 2642 2062 nur
2654 2039 2689 2069 zu
2704 2031 2751 2063 be¬

1923 2064 2042 2104 festigen
2070 2067 2133 2097 und
2160 2066 2206 2098 die
2232 2067 2492 2106 Reorganisation
2520 2071 2570 2100 der
2596 2070 2750 2109 russischen

1920 2104 2025 2136 Linien
2047 2113 2081 2143 z»
2104 2106 2288 2145 erschweren,
2310 2109 2382 2139 oder
2401 2108 2438 2139 ob
2459 2108 2569 2140 bereits
2590 2110 2639 2141 ein
2659 2110 2749 2146 ernst-

1921 2144 2021 2182 Hafter
2047 2145 2334 2186 dcntsch-finnischcr
2368 2149 2396 2180 G
2409 2157 2422 2179 c
2434 2156 2452 2186 g
2465 2156 2477 2180 c
2490 2158 2509 2179 n
2522 2149 2543 2187 st
2557 2158 2573 2179 o
2585 2149 2604 2188 ß
2640 2149 2672 2181 in
2700 2151 2751 2182 der

1918 2184 2066 2223 Richtung
2088 2185 2185 2224 Lonhi
2208 2188 2271 2218 und
2294 2188 2345 2219 der
2366 2188 2605 2227 Murmanbahn
2628 2189 2669 2221 im
2690 2190 2747 2222 Be¬

1919 2223 2010 2263 reiche
2030 2225 2081 2256 der
2100 2224 2290 2264 Möglichkeit
2309 2226 2391 2266 liegt,
2411 2227 2477 2265 läßt
2496 2228 2547 2267 sich
2566 2229 2620 2267 auf
2639 2230 2749 2261 Grund

1920 2264 1971 2295 der
1988 2264 2123 2302 knappen
2138 2265 2274 2305 Berichte
2290 2265 2366 2304 nicht
2383 2266 2559 2299 beurteilen.
2574 2268 2632 2301 Die
2648 2269 2749 2307 Größe

1919 2303 1970 2335 der
1988 2303 2142 2343 russischen
2161 2305 2376 2345 Anstrengung
2404 2306 2437 2338 in
2467 2308 2517 2339 der
2545 2307 2748 2348 gescheiterten

1919 2342 2069 2383 Offensive
2089 2346 2151 2375 »nd
2172 2344 2218 2376 die
2237 2347 2434 2378 andauernde
2454 2347 2669 2387 Bcrwendnng
2688 2353 2748 2380 von

1917 2383 2145 2423 Panzerwagen
2168 2386 2231 2416 und
2253 2386 2580 2426 Stnrzkampfslicgern
2613 2388 2667 2427 ans
2699 2389 2749 2420 der

1917 2422 2091 2461 Gegenseite
2131 2425 2362 2464 unterstreichen
2403 2426 2563 2463 jedenfalls
2605 2427 2652 2459 die
2691 2428 2749 2460 Be¬

1919 2462 2054 2501 deutung
2072 2465 2124 2495 der
2141 2464 2270 2503 Kämpfe
2288 2464 2320 2496 in
2339 2465 2445 2503 diesem
2463 2466 2625 2505 Abschnitt,
2642 2467 2688 2499 die
2706 2467 2747 2500 im

1918 2502 2187 2542 Zusammenhang
2212 2503 2269 2536 mit
2292 2506 2347 2537 den
2371 2504 2527 2545 britischen
2550 2506 2748 2546 Lieferungen

1919 2541 1994 2574 über
2019 2543 2201 2580 Murmansk
2228 2545 2290 2575 »nd
2317 2545 2369 2576 der
2393 2544 2478 2583 Nähe
2505 2547 2556 2577 der
2580 2546 2748 2579 Murman-

1918 2580 1999 2620 bahn
2015 2582 2179 2622 zweifellos
2197 2583 2245 2615 ein
2261 2583 2351 2616 Glied
2367 2584 2399 2616 in
2417 2585 2468 2617 der
2482 2585 2747 2626 Gcsamtstrategic

1919 2621 1969 2653 der
1982 2622 2183 2661 Großmächte
2197 2623 2308 2656 bilden.

1976 2678 2045 2713 Nach
2072 2680 2150 2713 heute
2177 2680 2366 2715 vorliegenden
2394 2681 2564 2717 Nachrichten
2591 2683 2676 2718 haben
2704 2683 2746 2713 die

1915 2717 2082 2753 vereinigten
2105 2719 2361 2756 sinnisch-dcutschen
2384 2721 2558 2757 Streitkrästc
2579 2722 2630 2752 mit
2651 2724 2746 2752 Unter-

1917 2757 2030 2793 stNtzung
2062 2758 2108 2787 der
2139 2758 2288 2792 Artillerie,
2320 2761 2365 2790 der
2396 2761 2584 2798 Panzerwasse
2614 2764 2669 2792 und
2700 2764 2746 2792 der

2185 2861 2420 2932 Bericht
2447 2863 2682 2922 Attlees

2026 2966 2112 3010 Die
2133 2967 2426 3022 Rückschläge
2448 2971 2538 3013 und
2560 2971 2632 3015 die

1995 3019 2227 3072 Gefahren
2248 3021 2309 3064 im
2330 3022 2508 3072 Fernen
2528 3024 2662 3077 Osten

1972 3088 2109 3123 London,
2135 3092 2180 3121 19.
2203 3091 2285 3123 Mai.
2309 3092 2488 3132 (Exchange)
2510 3094 2567 3133 Im
2591 3094 2746 3127 Nntcr-

1914 3126 1932 3162 h
1946 3137 1963 3158 a
1976 3136 1996 3159 i!
2008 3130 2025 3159 s
2053 3129 2106 3167 hat
2124 3130 2176 3161 der
2193 3129 2443 3168 stellvertretende
2459 3133 2746 3173 Prcinierministcr.

1914 3166 1939 3198 A
1952 3167 1963 3197 t
1976 3168 1986 3198 t
1998 3167 2008 3197 l
2021 3175 2034 3198 e
2047 3176 2069 3200 e.
2089 3167 2177 3200 einen
2198 3169 2316 3207 Bericht
2338 3172 2413 3203 über
2433 3171 2479 3204 die
2501 3173 2681 3214 Kriegslage
2703 3183 2746 3206 er¬

1915 3204 2023 3241 stattet.
2053 3207 2096 3238 Er
2112 3208 2186 3247 ging
2205 3209 2341 3248 zunächst
2358 3211 2413 3243 ans
2432 3211 2479 3244 die
2496 3212 2683 3253 Rückschläge
2703 3213 2745 3247 im

1913 3244 2031 3284 Fernen
2053 3245 2144 3285 Osten
2166 3247 2225 3280 ein.
2255 3250 2297 3280 Er
2317 3250 2456 3282 erklärte:

1963 3305 2016 3336 «ES
2038 3307 2102 3339 muß
2124 3306 2283 3341 jedermann
2306 3309 2362 3338 klar
2385 3309 2447 3344 sein,
2469 3312 2521 3345 daß
2543 3314 2571 3339 eS
2593 3313 2744 3348 »»möglich

1911 3338 1950 3372 ist.
1969 3340 2050 3374 starke
2068 3342 2163 3375 Kräfte
2182 3351 2218 3371 an
2236 3344 2306 3372 allen
2327 3344 2449 3379 Punkten
2468 3354 2501 3380 zu
2521 3347 2622 3379 halten,
2640 3349 2674 3376 da
2691 3348 2743 3377 alle

1910 3375 2004 3408 »nscre
2042 3375 2283 3413 Inselbesitzungen
2326 3379 2412 3408 einem
2451 3381 2564 3417 Angriff
2603 3383 2742 3418 auSgescht

1910 3409 1973 3442 sind.
2002 3411 2039 3439 Es
2059 3413 2133 3440 wäre
2151 3413 2259 3448 unklug,
2280 3414 2373 3448 unsere
2393 3416 2487 3447 Kräfte
2508 3416 2537 3445 in
2559 3416 2742 3452 irgendeinem

1909 3445 2003 3474 Gebiet
2029 3453 2062 3481 zu
2089 3447 2299 3482 kviizcntricren,
2325 3450 2405 3478 bevor
2431 3451 2527 3484 Japan
2554 3459 2587 3486 zu
2614 3454 2742 3482 erkennen

1908 3481 2021 3521 gegeben
2050 3482 2105 3515 hak.
2129 3483 2238 3517 welches
2266 3484 2308 3511 die
2332 3484 2549 3521 Hauplrichtnng
2577 3486 2662 3519 seines
2686 3488 2742 3517 An¬

1908 3515 1991 3550 griffs
2018 3516 2056 3557 ist.
2091 3517 2154 3545 Wir
2179 3519 2278 3553 müssen
2305 3520 2406 3554 zurzeit
2432 3521 2453 3554 Z
2464 3528 2480 3550 »
2493 3521 2658 3556 rückhalt
2669 3530 2686 3550 u
2698 3530 2714 3551 n
2726 3531 2741 3557 g

1909 3550 1986 3582 üben,
2012 3551 2054 3579 biS
2081 3552 2134 3581 wir
2160 3552 2217 3581 eine
2243 3555 2396 3588 genügende
2421 3555 2519 3585 Stärke
2545 3556 2573 3584 in
2600 3559 2646 3586 der
2671 3558 2741 3591 Lust,

1908 3587 1955 3620 auf
1977 3588 2034 3614 dem
2056 3586 2130 3616 Land
2153 3589 2208 3616 und
2229 3596 2278 3623 zur
2301 3589 2354 3618 See
2376 3590 2484 3624 erreicht
2508 3591 2601 3625 haben.
2623 3593 2740 3621 General

1906 3621 2057 3655 Alexander
2119 3623 2218 3658 kämpft
2287 3624 2642 3662 Rückzugsgefechte
2712 3627 2741 3657 in

1907 3656 1985 3685 Bur
1996 3665 2021 3685 m
2032 3665 2047 3685 a
2077 3658 2165 3691 durch,
2188 3664 2230 3687 wo
2251 3659 2293 3687 die
2314 3659 2521 3696 Bereitstellung
2544 3667 2596 3689 von
2619 3662 2740 3697 Berstär-

1907 3690 2008 3726 klingen
2033 3693 2087 3720 und
2112 3692 2249 3727 Proviant
2273 3696 2328 3722 und
2353 3697 2432 3723 deren
2457 3696 2615 3731 Transport
2638 3706 2674 3726 an
2700 3698 2740 3726 die

1906 3726 2125 3761 Bedarssstellen.
2151 3729 2184 3756 da
2212 3732 2240 3757 eS
2266 3729 2310 3763 sich
2337 3738 2384 3759 »in
2410 3731 2452 3758 ein
2478 3732 2552 3760 Land
2579 3737 2633 3761 von
2660 3740 2740 3766 unge¬

1907 3762 2003 3794 heurer
2033 3762 2220 3798 Ausdehnung
2251 3765 2369 3796 handelt,
2399 3765 2506 3801 äußerst
2536 3766 2669 3802 schwierig
2701 3767 2738 3802 ist.

1906 3797 1967 3826 Wir
1988 3798 2078 3828 halte»
2099 3805 2153 3826 nur
2174 3793 2295 3833 schivnchc
2313 3800 2407 3831 Kräfte
2426 3808 2475 3835 zur
2495 3801 2665 3837 Berfügniig,
2684 3803 2738 3831 und

1907 3831 1947 3861 die
1978 3832 2105 3866 Japaner
2136 3838 2228 3862 waren
2262 3837 2316 3862 nu8
2348 3836 2537 3870 zahlenmäßig
2568 3837 2631 3865 weit
2663 3838 2739 3865 über¬

1907 3867 1989 3902 legen.
2014 3868 2056 3902 In
2072 3867 2233 3903 Anbetracht
2250 3869 2334 3902 dieser
2350 3870 2473 3903 Tatsache
2489 3872 2582 3899 wurde
2599 3874 2644 3900 der
2661 3872 2738 3904 Feld-

1904 3909 1954 3937 zug
1981 3902 2008 3930 in
2035 3903 2143 3931 Burma
2168 3909 2221 3932 von
2248 3907 2302 3932 und
2329 3905 2379 3933 mit
2404 3905 2501 3940 großer
2527 3906 2738 3942 Geschicklichkeit

1905 3936 2101 3973 durchgeführt,
2129 3937 2218 3967 indem
2248 3939 2302 3967 wir
2330 3943 2384 3968 un8
2413 3940 2451 3968 im
2481 3940 2660 3975 wesentlichen
2691 3942 2737 3977 auf

1904 3972 2245 4007 BerzögerungSmauöver
2279 3974 2468 4009 beschränkten,
2503 3976 2631 4009 während
2665 3976 2737 4008 See-,

1902 4006 1977 4042 Lust-
2002 4009 2058 4035 »nd
2083 4008 2366 4042 Landverstärkuugen
2391 4011 2603 4044 hcrbeigebracht
2629 4012 2737 4040 werden

1904 4043 2026 4071 konnten.
2055 4042 2123 4072 Dem
2143 4042 2228 4076 Feind
2247 4046 2360 4073 wurden
2379 4046 2442 4073 aber
2463 4046 2525 4080 auch
2544 4045 2651 4081 schwere
2670 4047 2736 4075 Bcr-

1904 4077 1969 4113 Inste
1994 4077 2165 4112 beigebrncht.

2012 4140 2080 4172 Die
2102 4141 2363 4181 Verteidigung
2385 4142 2619 4179 Australiens

1952 4199 2018 4234 Jetzt
2042 4199 2241 4235 konzentrieren
2264 4200 2318 4229 wir
2340 4202 2434 4237 »nscre
2454 4202 2650 4237 Bemühungen
2673 4203 2734 4232 dar¬

1902 4234 1957 4268 auf.
1985 4234 2026 4262 die
2052 4234 2328 4271 BerteidigniigSlagc
2354 4236 2527 4271 Indiens
2564 4240 2619 4266 und
2645 4238 2734 4272 Cey¬

1902 4270 1991 4297 lons
2024 4276 2058 4303 zu
2085 4270 2193 4304 stärken.
2226 4271 2265 4299 ES
2290 4270 2348 4304 gibt
2372 4271 2437 4299 aber
2463 4272 2526 4306 noch
2551 4272 2609 4301 eine
2634 4274 2734 4302 andere

1901 4302 2042 4339 Richtung,
2071 4303 2100 4333 in
2129 4305 2175 4333 der
2203 4305 2244 4333 die
2272 4305 2399 4340 Japaner
2427 4306 2503 4335 einen
2531 4307 2646 4341 Bvrstoß
2675 4314 2732 4336 ver¬

1901 4338 1989 4373 suchen
2029 4339 2139 4368 könne».
2187 4339 2269 4375 Jivar
2309 4340 2376 4375 setzte
2415 4341 2456 4370 die
2496 4342 2655 4377 Seeschlacht
2695 4342 2732 4372 im

1899 4373 2102 4403 Korallrnniccr
2142 4375 2191 4402 den
2233 4375 2399 4410 japanische»
2439 4375 2732 4413 JnvasionSversiichen

1899 4408 1977 4437 einen
2004 4408 2130 4443 schweren
2154 4409 2288 4445 Dämpfer
2321 4411 2376 4446 ans,
2409 4412 2474 4440 aber
2507 4411 2731 4445 Australien

1899 4444 1982 4472 bleibt
2011 4443 2104 4472 weiter
2135 4444 2253 4479 bedroht.
2292 4445 2353 4474 Wir
2382 4445 2515 4479 verstehen
2547 4446 2588 4474 die
2618 4447 2731 4482 Gefühle

1898 4478 1943 4506 der
1980 4478 2141 4511 Australier,
2178 4478 2218 4508 die
2253 4479 2294 4508 die
2329 4479 2646 4516 InvasivnSmöglichkoit
2681 4489 2732 4512 vor

1897 4513 1991 4547 Augen
2015 4513 2110 4546 haben,
2135 4515 2190 4542 und
2215 4515 2295 4547 unser
2319 4515 2483 4548 natürlicher
2507 4516 2625 4550 Impuls
2649 4518 2731 4547 wäre.

1896 4548 2053 4581 Australien
2077 4549 2130 4577 alle
2151 4550 2295 4582 erdenklich
2317 4550 2391 4584 Hilfe
2412 4558 2445 4585 zu
2472 4551 2567 4584 senden
2591 4553 2647 4580 und
2672 4551 2730 4581 dieS

1897 4583 1972 4615 nmlv
1998 4584 2080 4617 mehr,
2104 4585 2148 4611 als
2172 4584 2327 4616 Australien
2354 4586 2408 4613 »nd
2434 4586 2598 4620 Neuseeland
2626 4590 2679 4615 »ns
2704 4587 2729 4621 so

1897 4618 2045 4652 großzügig
2077 4618 2150 4652 Hilfe
2182 4618 2307 4654 leisteten.
2339 4619 2401 4649 Wir
2435 4620 2545 4654 »nißten
2578 4624 2632 4650 imS
2665 4622 2729 4651 aber

1898 4653 2049 4687 überlegen,
2086 4653 2137 4682 wie
2173 4660 2218 4683 am
2256 4654 2435 4690 wirksamsten
2465 4657 2520 4685 und
2550 4656 2634 4690 besten
2663 4656 2729 4684 Ber-

1896 4686 2052 4721 stärknnge»
2075 4687 2138 4719 »ach
2156 4687 2312 4721 Australien
2336 4689 2456 4723 gebracht
2476 4691 2582 4719 iverben
2606 4692 2727 4721 könnten.

1895 4721 1948 4751 Ein
1969 4723 2040 4752 Blick
2062 4723 2108 4759 ans
2131 4722 2173 4751 die
2193 4723 2341 4753 Landkarte
2361 4724 2438 4759 zeigt,
2460 4725 2512 4761 daß
2533 4728 2562 4753 eS
2584 4726 2727 4755 bedeutend

1895 4756 2025 4792 einfacher
2055 4756 2094 4791 ist.
2130 4757 2311 4794 Truppe»
2350 4762 2402 4788 anS
2431 4761 2479 4789 den
2518 4760 2727 4794 Bereinig¬

1896 4792 1955 4820 ten
1988 4792 2157 4820 Staaten
2191 4795 2236 4821 als
2259 4797 2310 4822 ans
2335 4794 2461 4828 England
2486 4795 2548 4826 »ach
2570 4794 2727 4828 Australien

1892 4833 1925 4860 z»
1950 4827 2052 4861 senden.
2083 4826 2151 4856 DieS
2174 4829 2268 4857 wurde
2290 4830 2352 4862 auch
2376 4830 2404 4858 in
2428 4830 2476 4858 den
2499 4830 2725 4865 Besprechmigr»,

1893 4860 1934 4890 die
1960 4862 2025 4890 über
2053 4861 2094 4890 die
2122 4861 2294 4898 militärische
2320 4863 2571 4898 Zusammenarbeit
2599 4865 2648 4894 mit
2676 4867 2724 4893 den

1892 4895 2068 4930 Bereinigten
2097 4897 2215 4927 Staate»
2251 4899 2409 4932 abgehalte»
2446 4900 2568 4931 wurden,
2603 4901 2724 4929 erkannt:

1891 4929 1944 4959 Dir
1966 4930 2203 4967 Beranftvortmig
2228 4932 2266 4961 im
2288 4933 2393 4967 Pazifik
2418 4933 2462 4962 bis
2486 4934 2534 4968 auf
2559 4934 2618 4963 eine
2639 4934 2725 4967 Linie,

1891 4973 1926 4993 an
1949 4967 1995 4994 der
2024 4974 2039 4994 a
2051 4973 2067 4995 »
2080 4966 2097 5001 st
2110 4974 2123 4995 r
2134 4975 2149 4995 a
2161 4967 2169 4995 l
2182 4974 2189 4995 >
2202 4967 2210 5002 s
2221 4968 2245 5001 ch
2256 4975 2268 4996 e
2279 4976 2295 4996 n
2318 4968 2351 4997 W
2362 4976 2374 4996 c
2385 4967 2402 5002 st
2415 4969 2424 4996 k
2436 4969 2451 4996 ü
2464 4968 2481 5003 st
2493 4977 2505 4997 c
2535 4968 2565 5001 ist
2588 4970 2636 4998 de»
2657 4970 2724 4998 Ber¬

1891 4999 2009 5034 einigten
2039 5000 2158 5030 Staaten
2186 5002 2348 5037 zngetviese»
2377 5003 2495 5033 worden.
2533 5003 2610 5038 Diese
2638 5004 2723 5037 haben

1891 5034 2050 5064 bedeutende
2065 5036 2183 5071 Menge»
2200 5041 2253 5065 von
2269 5037 2399 5072 Truppen
2417 5037 2479 5073 nach
2495 5038 2650 5071 Australien
2667 5039 2723 5067 ent¬

1891 5068 1976 5104 sandt.
1998 5071 2054 5098 und
2078 5070 2120 5099 die
2141 5071 2343 5104 amerikanische
2366 5072 2456 5104 Flotte
2479 5073 2596 5107 operiert
2619 5073 2648 5102 in
2672 5074 2722 5102 den

1889 5104 2076 5139 australischen
2098 5106 2260 5139 Gewässern.
2291 5106 2343 5136 Die
2363 5106 2495 5141 Tatsache,
2518 5108 2569 5141 daß
2592 5108 2633 5137 die
2655 5108 2721 5137 Ber¬

1889 5138 2008 5174 einigten
2040 5140 2158 5169 Staate»
2190 5141 2231 5170 die
2262 5141 2496 5178 Verantwortung
2527 5143 2720 5172 übernommen

1889 5174 1983 5206 haben,
2005 5174 2123 5204 bedeutet
2147 5175 2223 5209 nicht,
2246 5176 2298 5209 daß
2320 5177 2374 5206 wir
2395 5180 2448 5205 im?
2472 5177 2642 5212 gleichgültig
2663 5184 2721 5206 ver¬

1889 5209 1980 5240 halten
2006 5210 2070 5239 oder
2096 5213 2151 5238 »nS
2174 5215 2225 5239 vor
2252 5212 2298 5239 der
2323 5211 2507 5245 Nrbcrnahme
2532 5213 2578 5241 der
2603 5213 2720 5241 Berant-

1887 5244 2016 5278 wortimg
2045 5245 2194 5278 gegenüber
2221 5246 2377 5280 Australien
2416 5246 2527 5280 scheue».
2564 5247 2624 5277 Wir
2664 5247 2719 5282 sind

1887 5278 1979 5309 bereit,
2006 5279 2050 5313 für
2076 5280 2117 5308 die
2142 5280 2338 5316 Verteidigung
2362 5281 2535 5315 Australiens
2562 5282 2663 5316 Risiken
2691 5283 2718 5311 in

1887 5312 2004 5342 anderen
2029 5314 2157 5343 Gebieten
2180 5322 2213 5349 z»
2239 5316 2426 5348 übernehme».
2458 5316 2509 5352 Im
2532 5317 2648 5349 Bcrlanf
2673 5319 2719 5347 der

1887 5346 1974 5381 letzten
1993 5347 2108 5377 Monate
2127 5349 2158 5384 ist
2174 5350 2254 5378 unter
2272 5351 2319 5379 der
2335 5352 2468 5387 Führung
2488 5353 2606 5382 General
2624 5353 2718 5382 Mac-

2792 1028 3065 1064 Slurzkampsslicgcr
3086 1029 3163 1057 einen
3185 1034 3247 1056 vom
3269 1030 3375 1064 Gegner
3397 1029 3538 1063 besonders
3559 1031 3624 1064 zähe

2791 1067 2967 1102 verteidigten
2988 1068 3237 1104 Geländcabschnitt
3256 1070 3369 1098 erobert.
3388 1069 3446 1097 Alle
3466 1069 3622 1103 feindlichen

2791 1107 3003 1142 Gegrnangrisfc
3020 1109 3128 1135 werden
3146 1110 3191 1136 alS
3210 1108 3363 1143 abgcwchrt
3381 1109 3517 1142 gemeldet,
3536 1109 3623 1137 wobei

2791 1146 2833 1175 die
2862 1147 2958 1182 Russen
2987 1155 3023 1176 an
3051 1147 3139 1177 einem
3167 1148 3225 1183 Tag
3253 1150 3303 1176 600
3331 1148 3467 1182 Gefallene
3494 1151 3622 1179 verloren

2790 1186 2890 1220 hatten.

2850 1234 2989 1266 Kleinere
3020 1235 3154 1275 russische
3184 1236 3463 1276 Angriffsvcrsiichc
3494 1237 3622 1276 mußten

2790 1274 2902 1305 wieder
2930 1275 2984 1312 auf
3012 1276 3064 1307 der
3092 1276 3365 1315 Karelischen
3393 1276 3622 1316 Landenge

2792 1315 2855 1344 und
2886 1323 2926 1345 an
2958 1315 3009 1346 der
3038 1315 3067 1347 S
3078 1321 3106 1346 w
3119 1314 3128 1346 i
3141 1324 3156 1347 r
3169 1316 3178 1353 s
3190 1325 3206 1347 r
3218 1324 3235 1347 o
3248 1325 3267 1347 n
3280 1318 3301 1351 t.
3330 1325 3361 1347 u.
3381 1325 3409 1347 a.
3440 1315 3538 1356 östlich
3569 1317 3621 1349 des

2790 1352 2993 1391 Kraftwerkes
3016 1355 3115 1389 Swir.
3138 1355 3310 1395 abgewehrt
3333 1356 3462 1387 werden.

2980 1430 3065 1473 Die
3087 1430 3431 1483 wirtschaftliche

2858 1481 3288 1535 Widerstandskraft
3309 1484 3550 1537 Rußlands

2963 1553 3144 1592 (Englische
3167 1555 3450 1593 Pressettimmen

2850 1607 2986 1644 London.
3011 1612 3054 1641 19.
3077 1610 3158 1648 Mai.
3188 1611 3267 1648 (Tel.
3286 1611 3411 1649 unseres
3432 1612 3619 1651 Korrefpon,

2790 1647 2913 1686 deuten)
2928 1649 3041 1687 Ebenso
3055 1649 3112 1681 wie
3129 1650 3175 1681 die
3190 1650 3403 1690 militärischen
3418 1652 3618 1684 Mitarbeiter

2791 1687 2842 1718 der
2872 1688 3033 1727 englischen
3065 1689 3163 1727 Presse
3193 1690 3224 1721 in
3256 1689 3341 1729 ihren
3372 1691 3618 1731 Betrachtungen

2791 1727 2865 1758 über
2889 1728 2935 1759 die
2958 1728 3035 1767 Lage
3057 1728 3111 1767 auf
3134 1731 3185 1761 der
3207 1730 3294 1762 Krim
3317 1732 3380 1762 und
3403 1731 3448 1763 bei
3468 1732 3617 1770 Charkow

2789 1771 2846 1797 vor
2882 1767 3106 1807 leichtfertigem
3139 1770 3354 1808 Optimismus
3387 1777 3515 1802 warnen
3554 1775 3618 1803 »nd

2790 1806 2994 1846 ossensichtlich
3022 1808 3120 1840 damit
3146 1811 3327 1842 ansdrücken
3353 1811 3472 1844 wollen,
3499 1811 3559 1850 daß
3585 1815 3617 1843 cs

2793 1845 2875 1878 einer
2908 1847 3240 1889 Gesamtanstrengung
3272 1851 3348 1881 aller
3380 1850 3539 1882 Alliierten
3573 1852 3621 1883 be-

2792 1885 2889 1924 dürfe,
2925 1896 2977 1918 »m
3011 1888 3057 1919 die
3090 1889 3326 1927 entscheidenden
3359 1891 3491 1923 Monate
3525 1891 3620 1930 dieses

2791 1925 2909 1964 Jahres
2932 1927 3063 1965 siegreich
3085 1937 3118 1967 zu
3139 1929 3280 1968 bestehen,
3301 1929 3409 1969 weisen
3431 1930 3619 1970 neuerdings

2793 1965 2864 2004 auch
2890 1966 2937 1998 die
2959 1967 3345 2008 Wirtschastsschriftstcller
3367 1970 3422 2007 auf
3446 1970 3492 2002 die
3516 1971 3620 2006 beson¬

2792 2006 2860 2036 dere
2883 2006 2961 2046 Lage
2984 2007 3046 2046 hin.
3081 2009 3122 2043 .E
3134 2018 3147 2040 c
3158 2017 3175 2039 o
3188 2017 3206 2040 n
3220 2018 3237 2040 o
3249 2018 3279 2041 m
3291 2009 3300 2041 i
3314 2009 3353 2047 st"
3379 2010 3442 2050 gibt
3466 2009 3498 2041 in
3524 2010 3620 2050 seiner

2792 2046 2928 2085 neuesten
2951 2046 3100 2079 Nummer
3122 2048 3186 2080 eine
3207 2049 3367 2088 llcbersicht
3390 2050 3463 2081 über
3485 2048 3531 2081 die
3553 2051 3619 2088 rus-

2792 2084 2871 2123 fische
2897 2086 3079 2126 Wirtschaft,
3105 2090 3168 2123 und
3198 2089 3334 2123 .News
3359 2089 3383 2121 C
3395 2090 3412 2128 h
3425 2099 3440 2121 r
3452 2098 3469 2120 o
3483 2098 3501 2120 n
3515 2089 3524 2120 i
3538 2099 3550 2121 c
3563 2091 3571 2121 l
3586 2091 3617 2121 c"

2793 2124 2881 2164 greift
2909 2126 2995 2161 heute
3022 2127 3068 2159 die
3094 2128 3162 2159 dort
3189 2128 3444 2167 vcröfsentlichtcn
3468 2130 3618 2169 Angaben

2792 2164 2855 2202 ans.
2900 2165 2958 2197 Tic
2994 2167 3127 2206 russische
3161 2168 3333 2208 Wirtschaft
3368 2169 3493 2208 erreiche
3530 2170 3620 2208 ihren

2791 2205 3124 2244 Knlminationspunlt
3152 2208 3184 2239 in
3213 2207 3318 2248 diesem
3348 2209 3505 2243 Sommer,
3533 2211 3619 2248 wäh-

2792 2245 2865 2276 rend
2890 2253 2964 2277 man
2993 2246 3046 2284 ans
3073 2246 3138 2279 eine
3165 2248 3344 2288 rückläufige
3371 2249 3547 2288 Bewegung
3574 2250 3619 2282 im

2791 2284 2983 2317 kommenden
3018 2287 3119 2325 Jahre
3153 2287 3254 2327 gefaßt
3289 2288 3351 2328 sein
3383 2288 3484 2328 müsse.
3528 2289 3619 2328 Diese

2791 2324 2963 2364 Erklärung
2984 2326 3056 2364 muß
3079 2327 3107 2363 so
3129 2329 3286 2368 ausgelcgt
3308 2329 3438 2363 werden,
3460 2329 3519 2367 daß
3541 2339 3617 2362 man

2789 2363 2820 2394 in
2847 2364 2972 2396 London
2999 2366 3045 2398 die
3070 2366 3254 2406 Wichtigkeit
3280 2369 3331 2399 der
3356 2368 3614 2409 Entscheidungen

2791 2403 2884 2442 dieses
2903 2405 3068 2437 Sontincrs
3086 2406 3176 2445 scharf
3195 2408 3321 2439 betonen
3340 2407 3413 2440 will.
3441 2409 3616 2448 Umgekehrt

2789 2443 2868 2476 wird
2890 2447 2952 2476 ans
2972 2447 3022 2477 der
3044 2445 3299 2486 wirtschaftlichen
3319 2448 3526 2488 Betrachtung
3550 2448 3616 2485 hier

2790 2484 2862 2514 aber
2885 2484 2956 2523 auch
2980 2485 3025 2517 die
3048 2486 3222 2526 Folgerung
3244 2496 3380 2526 gezogen,
3403 2488 3463 2525 daß
3485 2488 3535 2525 für
3559 2490 3616 2521 den

2789 2523 2857 2560 Fall
2891 2524 2972 2556 einer
3005 2526 3149 2564 längeren
3183 2527 3290 2559 Dauer
3323 2529 3375 2558 des
3407 2527 3534 2566 Krieges
3569 2529 3617 2561 die

2787 2564 3072 2605 Versorgung
3126 2566 3362 2604 Rlißlands
3418 2568 3508 2604 durch
3566 2569 3616 2602 die

2788 2604 3044 2645 angelsächsischen
3078 2605 3358 2646 Kriegsindustrien
3396 2609 3459 2639 und
3493 2608 3614 2647 Ernäh-

2786 2644 2976 2683 rungSbascn
3010 2646 3198 2685 ausgedehnt
3230 2648 3350 2679 werden
3384 2647 3485 2686 müsse.
3529 2649 3611 2685 Maiz

2786 2683 2894 2722 glaubt
2919 2683 2984 2723 hier
3008 2684 3101 2721 dieser
3125 2686 3265 2726 Aufgabe
3289 2687 3456 2726 gewachsen
3481 2697 3516 2727 zu
3538 2689 3612 2728 sein,

2787 2724 2888 2755 betont
2914 2724 2995 2759 aber,
3022 2725 3081 2764 daß
3106 2725 3142 2766 sie
3166 2727 3363 2767 rechtzeitiger
3389 2728 3538 2769 Planung
3563 2730 3610 2761 bc.

2787 2762 2884 2803 dürfe.

2768 2880 2849 2923 m
2878 2868 2966 2924 die
2994 2869 3341 2941 Kriegslage

2778 2970 2952 3004 Arthurs
2975 2973 3034 3003 eine
3057 2975 3139 3009 große
3162 2976 3378 3011 Konzentration
3403 2983 3455 3006 von
3480 2978 3612 3013 Truppen

2779 3008 2833 3035 und
2859 3007 2994 3037 Material
3021 3010 3168 3045 aufgcbaiit
3194 3013 3312 3041 worben.
3349 3012 3398 3048 Ich
3426 3013 3531 3048 glaube,
3558 3015 3611 3043 wir

2779 3042 2879 3071 können
2900 3043 2986 3075 damit
3008 3045 3125 3078 rechnen,
3146 3046 3197 3081 baß
3218 3047 3267 3075 den
3287 3047 3434 3082 Japanern
3455 3047 3497 3076 ein
3520 3049 3611 3083 heißer

2779 3077 2915 3112 Empfang
2953 3079 3062 3109 bereitet
3089 3080 3169 3114 wird,
3207 3082 3271 3117 falls
3309 3082 3342 3118 sie
3370 3082 3526 3117 Australien
3562 3093 3612 3113 an-

2778 3112 2905 3147 greifen."

2842 3171 2908 3204 Die
2933 3174 3178 3214 europäischen
3205 3177 3545 3218 Kriegsschauplätze

2838 3232 2936 3266 Attlee
2965 3236 3087 3267 wandte
3119 3236 3171 3276 sich
3200 3238 3284 3270 dann
3314 3239 3368 3270 den
3401 3238 3612 3279 europäischen

2780 3270 3090 3315 Kriegsschauplätzen
3112 3277 3157 3314 zu.
3187 3277 3229 3316 Er
3247 3277 3348 3316 führte
3368 3281 3439 3310 aus:

2829 3327 2906 3359 .Wir
2926 3329 3010 3362 haben
3030 3337 3083 3360 von
3104 3332 3190 3361 einem
3210 3334 3343 3369 deutschen
3363 3334 3475 3370 Angriff
3495 3337 3543 3370 auf
3564 3338 3611 3365 der

2775 3362 2856 3391 Krim
2882 3365 2984 3398 gehört,
3011 3368 3067 3394 und
3092 3366 3135 3396 die
3160 3368 3296 3404 Nachricht
3322 3375 3375 3397 von
3401 3371 3447 3398 der
3474 3370 3611 3406 Ossensive

2776 3397 2920 3433 Marschall
2950 3400 3149 3437 Timoschenkos
3178 3405 3258 3438 gegen
3289 3405 3469 3439 Charkow
3509 3406 3610 3439 stimmt

2776 3435 2829 3461 »nS
2855 3435 3053 3471 zuversichtlich.
3088 3438 3126 3466 ES
3152 3440 3226 3467 wäre
3254 3438 3367 3475 sinnlos.
3393 3441 3609 3475 Spekulationen

2775 3468 2945 3502 anziistetten.
2970 3470 3078 3506 solange
3102 3474 3164 3508 noch
3190 3474 3215 3506 so
3240 3475 3329 3510 wenig
3354 3475 3523 3508 Nachrichten
3548 3483 3610 3506 vor-

2776 3501 2871 3537 liegrn,
2890 3506 2949 3539 doch
2967 3507 3066 3535 können
3085 3507 3138 3536 wir
3158 3509 3232 3543 sick>er
3251 3509 3315 3542 sein,
3334 3510 3385 3542 baß
3405 3510 3447 3538 die
3463 3511 3608 3543 Deutschen

2776 3539 2820 3565 der
2839 3539 2952 3573 gleichen
2970 3541 3208 3578 Entschlossenheit.
3226 3544 3377 3580 Tapferkeit
3397 3547 3452 3574 »nd
3471 3546 3608 3582 taktischen

2774 3573 2985 3610 Geschicklichkeit
3007 3578 3138 3612 begegnen
3160 3580 3267 3608 werden
3288 3580 3339 3608 wie
3359 3579 3397 3609 im
3419 3586 3608 3616 vergangenen

2773 3607 2890 3639 Winter.
2944 3610 3072 3646 Indesjen
3118 3613 3212 3648 senden
3257 3615 3311 3643 wir
3355 3616 3419 3649 auch
3463 3616 3609 3650 weiterhin

2773 3643 3112 3679 Kriegsmaterial
3151 3649 3213 3683 nach
3251 3649 3431 3684 Rußland
3467 3651 3529 3686 trotz
3557 3654 3607 3682 den

2774 3678 3016 3714 Schwierigkeiten.
3044 3682 3086 3711 die
3111 3684 3152 3712 die
3181 3685 3268 3714 Route
3296 3686 3358 3719 nach
3385 3686 3546 3721 Murmansk
3573 3696 3608 3722 zu

2774 3713 2857 3746 dieser
2886 3715 3044 3752 Jahreszeit
3076 3717 3163 3748 bietet.
3202 3719 3265 3749 Wir
3295 3720 3351 3754 sind
3381 3722 3445 3755 nach
3474 3720 3525 3750 wie
3556 3729 3607 3752 vor

2773 3748 2852 3782 fcsten
2880 3750 3005 3783 Willens,
3034 3753 3116 3786 unser
3142 3754 3300 3788 AenßersteS
3329 3763 3363 3790 zu
3392 3758 3450 3786 tun.
3479 3763 3527 3785 um
3556 3765 3607 3786 un¬

2773 3779 2826 3816 sere
2848 3785 2986 3820 russischen
3006 3787 3149 3817 Alliierten
3169 3797 3202 3824 zu
3221 3790 3360 3824 entlasten,
3381 3791 3423 3819 die
3443 3790 3484 3819 die
3502 3791 3606 3826 Haupt-

2773 3820 2856 3847 bürde
2873 3822 2918 3848 deS
2934 3822 3064 3857 Kampfes
3080 3831 3112 3857 zu
3129 3826 3223 3858 tragen
3241 3826 3334 3858 haben.
3351 3825 3412 3854 Wir
3429 3825 3527 3855 binden
3544 3835 3606 3861 zur-

2771 3854 2822 3887 zeit
2848 3855 3006 3885 bedcntendc
3031 3858 3253 3894 Lnftstreilkräste
3279 3862 3325 3888 der
3350 3860 3426 3893 Achse
3452 3861 3480 3889 in
3506 3862 3606 3895 Libyen

2771 3890 2827 3917 und
2845 3888 2883 3918 im
2899 3891 3026 3925 Westen."
3044 3894 3133 3922 Attlee
3149 3896 3227 3929 zollte
3245 3895 3305 3923 dem
3323 3895 3485 3929 .heroischen
3504 3897 3605 3934 Kampf

2770 3924 2896 3953 Malta»"
2923 3927 2991 3954 volle
3013 3928 3219 3964 Anerkennung,
3244 3931 3290 3959 der
3315 3930 3445 3966 ebenfalls
3467 3938 3516 3966 zur
3539 3933 3605 3961 Ent¬

2771 3958 2877 3995 lastung
2899 3960 3045 3996 Rußlands
3068 3963 3195 4000 beitrage.

2821 4010 2860 4040 Er
2887 4012 2992 4047 befaßte
3027 4014 3074 4049 sich
3108 4015 3183 4044 dann
3221 4016 3272 4045 mit
3301 4017 3360 4045 dem
3387 4017 3518 4052 Problem
3557 4020 3605 4048 der

2770 4046 2947 4079 .zweiten
2968 4048 2991 4082 F
3002 4057 3015 4077 r
3026 4057 3040 4077 v
3052 4057 3069 4078 n
3081 4050 3106 4077 t"
3129 4052 3184 4079 »nd
3206 4051 3287 4086 sagte:
3309 4051 3377 4083 .Die
3398 4052 3530 4088 Tatsache,
3551 4055 3604 4088 daß

2769 4080 2810 4108 die
2837 4081 3007 4117 Möglichkeit
3034 4083 3108 4112 einer
3137 4085 3272 4121 Offensive
3301 4092 3354 4116 von
3383 4087 3493 4122 unserer
3522 4089 3603 4124 Insel

2769 4118 2821 4144 aus
2841 4116 2944 4151 besteht,
2962 4118 3064 4154 zwingt
3083 4120 3133 4149 daS
3154 4121 3267 4155 deutsche
3285 4122 3527 4155 Oberkommando,
3547 4126 3604 4153 ent¬

2769 4150 2919 4183 sprechende
2941 4152 3130 4188 Maßnahmen
3152 4156 3198 4189 für
3219 4156 3297 4185 einen
3321 4156 3420 4190 solchen
3442 4158 3547 4191 Notfall
3569 4168 3604 4194 zu

2768 4181 2872 4220 treffen.
2901 4187 2950 4222 Ich
2971 4190 3058 4217 werde
3079 4190 3213 4225 natürlich
3235 4193 3323 4220 weder
3344 4192 3518 4227 prophezeien
3540 4197 3603 4229 »och

2768 4215 2851 4254 näher
2880 4222 2926 4257 ans
2955 4223 2997 4251 die
3023 4224 3185 4260 Errichtung
3213 4226 3287 4255 einer
3315 4227 3403 4261 Front
3431 4227 3469 4257 im
3498 4228 3601 4262 Westen

2767 4255 2904 4290 eingche»;
2932 4258 2992 4291 doch
3020 4260 3088 4288 kann
3117 4260 3152 4294 ich
3181 4263 3238 4289 dem
3265 4263 3343 4294 Ha»S
3370 4263 3524 4297 versichern,
3550 4265 3602 4298 daß

2766 4290 2833 4324 diese
2854 4291 3024 4326 Möglichkeit
3046 4294 3088 4324 die
3110 4295 3230 4330 britische
3254 4296 3411 4332 Regierung
3434 4298 3526 4331 ebenso
3549 4300 3602 4328 wie

2768 4326 2817 4352 daS
2849 4325 3082 4357 Oberkommando
3114 4330 3160 4359 der
3193 4332 3325 4367 deutschen
3358 4332 3527 4368 Wehrmacht
3559 4335 3601 4363 be¬

2768 4360 2893 4395 schäftigt.
2929 4362 2992 4392 Wir
3018 4364 3141 4398 befinden
3172 4369 3226 4394 iwS
3255 4366 3439 4401 gegenwärtig
3468 4367 3497 4395 in
3526 4368 3601 4398 einer

2765 4395 2816 4427 Art
2843 4395 2931 4431 Pause
2958 4403 3008 4427 vor
3035 4400 3094 4429 dem
3121 4400 3468 4436 Comnicrfeldzug.
3496 4403 3541 4431 der
3571 4405 3600 4433 in

2765 4429 2851 4463 seiner
2879 4439 2979 4466 ganzen
3008 4434 3100 4468 Wucht
3127 4435 3201 4465 eines
3230 4435 3319 4471 Tages
3347 4437 3491 4469 anbrechen
3519 4438 3600 4469 wird.

2764 4464 2826 4494 Wir
2848 4466 2932 4498 haben
2955 4467 3039 4502 jedoch
3061 4470 3141 4504 guten
3164 4471 3271 4504 Grund,
3292 4471 3483 4506 zuversichtlich
3505 4471 3533 4501 in
3558 4475 3600 4502 die

2764 4500 2881 4536 Zukunft
2908 4509 2941 4535 zu
2968 4502 3051 4539 sehen.
3087 4505 3148 4533 Wir
3174 4508 3280 4535 werden
3309 4506 3359 4534 mit
3387 4507 3470 4540 jedem
3497 4507 3600 4538 Monat

2764 4534 2860 4567 stärker
2881 4538 2936 4564 und
2955 4545 2989 4571 zn
3009 4540 3154 4573 gegebener
3172 4541 3232 4575 Zeit
3250 4547 3304 4570 von
3323 4543 3371 4570 der
3389 4541 3529 4577 Defensive
3548 4551 3599 4579 zur

2763 4569 2898 4606 Offensive
2919 4572 3076 4608 übergehen.

2766 4632 2831 4664 Die
2850 4634 3110 4673 Organisation
3130 4640 3190 4670 der
3208 4638 3461 4677 militärischen
3480 4640 3593 4674 Stäbe

2795 4691 2847 4720 Die
2873 4694 2896 4722 K
2907 4693 2941 4721 ri
2952 4698 3014 4730 eg8
3026 4701 3041 4731 p
3053 4697 3061 4724 l
3073 4704 3088 4725 a
3100 4705 3116 4724 n
3128 4706 3144 4726 ii
3157 4706 3173 4726 n
3185 4706 3200 4732 g
3227 4699 3273 4727 der
3289 4698 3443 4730 Alliierten,
3461 4698 3487 4733 sv
3506 4699 3597 4735 führte

2761 4726 2848 4755 Attlee
2878 4728 2972 4757 weiter
3001 4733 3061 4763 a»S,
3093 4731 3127 4766 sei
3157 4732 3233 4769 heule
3270 4733 3511 4769 schwieriger
3551 4738 3596 4765 alS

2763 4761 2800 4790 im
2828 4763 2915 4797 letzten
2941 4763 3032 4799 Krieg,
3059 4767 3121 4794 weil
3149 4771 3177 4796 eS
3205 4769 3279 4796 kaum
3316 4769 3430 4797 denkbar
3465 4768 3509 4804 fei.
3544 4771 3596 4804 daß

2761 4796 2909 4832 Rooscvelt,
2934 4798 3065 4835 Tschiang
3091 4802 3220 4835 Kai-shek.
3248 4802 3383 4839 Churchill
3412 4804 3468 4832 und
3494 4805 3596 4835 Stalin

2760 4832 2881 4861 dauernd
2902 4833 3128 4870 znsammensitze»
3153 4838 3275 4870 könnten,
3299 4846 3344 4866 um
3368 4838 3531 4873 gemeinsam
3553 4841 3596 4870 die

2759 4866 2985 4903 KriegSstrategie
3000 4878 3032 4904 zn
3052 4872 3170 4902 beraten.
3196 4873 3234 4901 ES
3254 4873 3286 4908 sei
3306 4873 3334 4901 in
3352 4873 3531 4908 Washington
3550 4875 3594 4905 ein

2760 4901 2950 4933 kombinierter
2980 4904 3157 4940 Generalstab
3188 4907 3233 4936 i»S
3265 4908 3348 4937 Leben
3380 4908 3491 4942 gerufen
3524 4915 3595 4938 wor¬

2758 4937 2817 4967 den.
2843 4938 2889 4966 der
2916 4938 2958 4967 die
2985 4933 3165 4977 Berbindiuig
3198 4942 3323 4977 zwischen
3358 4943 3418 4971 dem
3453 4943 3593 4978 russischen

2757 4971 2934 5008 Generalstab
2958 4977 3013 5004 und
3037 4976 3086 5004 de»
3110 4975 3216 5006 Stäben
3239 4978 3285 5006 der
3310 4976 3423 5013 übrige»
3447 4978 3593 5009 Alliierten

2758 5006 2874 5040 herstellc
2910 5009 2963 5036 »nd
3001 5010 3046 5044 sich
3089 5012 3270 5045 vornehmlich
3316 5012 3367 5040 mit
3411 5013 3459 5041 den
3487 5013 3593 5049 Haupt-

2757 5042 2912 5076 Problemen
2937 5045 2983 5072 des
3007 5044 3111 5079 Pazifik
3135 5046 3295 5081 beschäftige.
3327 5047 3416 5077 Attlee
3438 5048 3502 5082 fuhr
3525 5049 3591 5084 fort:

2757 5076 2871 5110 .Unsere
2896 5078 3055 5113 Stabschefs
3084 5080 3169 5114 stehen
3198 5081 3227 5110 in
3254 5081 3434 5117 Verbindung
3462 5082 3513 5111 mit
3540 5086 3591 5114 den

2755 5112 2914 5141 Vertretern
2939 5114 2985 5141 der
3008 5115 3184 5151 Bereinigten
3209 5117 3327 5145 Staate»
3354 5119 3408 5145 »nd
3434 5117 3590 5149 Rußlands.

2754 5145 2818 5175 Wir
2844 5148 3018 5179 unterhalten
3047 5150 3136 5184 ferner
3164 5150 3193 5180 in
3222 5151 3351 5185 Rußland
3377 5154 3436 5180 eine
3462 5152 3589 5182 Militär-

2756 5180 2872 5215 missio».
2902 5182 2963 5211 Wir
2986 5184 3132 5219 versuchen,
3155 5186 3233 5218 durch
3258 5186 3325 5221 diese
3347 5186 3525 5220 Maschinerie
3547 5190 3590 5217 die

2754 5211 2840 5250 engste
2870 5216 3031 5252 strategische
3059 5220 3282 5256 Koordinierung
3311 5229 3344 5256 z»
3375 5220 3498 5255 erziele».
3535 5223 3588 5252 Die

2753 5250 2867 5283 gleichen
2893 5251 3093 5287 Bestrebungen
3120 5255 3236 5289 bestellen
3263 5256 3310 5290 ans
3337 5257 3395 5285 dem
3421 5255 3514 5284 Gebiet
3540 5259 3587 5287 der

2752 5285 2936 5321 Versorgung.
2962 5287 2999 5317 ES
3018 5289 3074 5322 gibt
3092 5288 3169 5319 einen
3188 5290 3338 5325 Pazisikrat
3356 5290 3384 5319 in
3401 5291 3510 5319 London
3530 5295 3585 5321 und

2754 5319 2782 5348 in
2802 5320 2990 5356 Washington.
3015 5323 3067 5352 Die
3084 5324 3283 5360 Organisation
3300 5328 3346 5353 des
3362 5324 3586 5360 KrisgSeinsatzcS

2751 5354 2817 5384 muß
2843 5354 2869 5390 so
2894 5356 3014 5391 gestaltet
3038 5359 3154 5392 werden,
3179 5360 3230 5395 daß
3255 5360 3298 5388 die
3321 5359 3505 5395 .Bereinigten
3529 5361 3584 5391 Na»
