3722 5551
91 83 351 147 Mm,
425 81 623 153 Erstes
657 79 863 143 Blatt.

1469 79 1877 149 jKlftalMiitf«
1911 79 2153 147 iDtm».

2583 73 2873 145 Montag»
2909 71 3005 135 19.
3039 71 3303 135 Oktober
3339 73 3512 137 1883.

76 212 900 612 Neue
956 196 3564 724 Lürcher-Zeitung

41 823 135 850 8»rtch
147 826 216 850 «wknn
228 826 368 854 »I^kUung
381 826 476 852 -Sg'holt
489 829 500 847 t

42 851 154 877 Schwei,
169 852 295 880 «Bestellung
308 854 360 875 beim
371 853 498 878 Postbureau

69 878 104 899 du.
123 878 203 901 ibirelie
212 880 329 907 Bestellung
336 881 381 902 b.b.
389 879 500 905 Lbminifti

191 753 698 788 Abo»«eme«t»pretfe.

594 797 713 819 bMonuie.
736 797 853 818 «Mouuie.

469 826 476 846 >
488 825 552 851 wirb)
588 825 627 851 Fr.
641 826 660 845 «.
674 825 702 845 S«>
728 824 767 850 Fr.
793 825 813 845 ».
826 825 853 846 M

192 872 295 881 _„
309 872 360 875 ..
378 872 388 878 .
400 848 506 876 iflbuttoul
554 867 561 874 .
600 866 611 877 ,
640 853 659 874 8.
674 861 701 867 —
742 865 752 875 .
782 851 814 872 XI.
828 861 852 867 —

124 885 203 901 -e
212 880 329 908 Bestellung
336 881 381 902 b.b.
389 879 563 905 «dminiftruiioa

124 905 163 926 mit
176 906 245 934 Be,ug
258 909 322 929 unter
333 906 494 932 Privatubrest»
518 921 524 928 .
552 920 558 929 .
600 920 610 929 .
638 906 659 927 7.
672 905 699 926 50
740 905 751 929 ,
781 905 814 926 14.
828 914 852 919 —

43 931 218 957 »ruilchlLnd
242 934 369 960 «Bestellung
388 934 442 956 beim
458 933 561 958 Postamt)
586 932 631 953 DU.
641 933 660 953 8.
674 933 700 952 25

43 957 129 983 Oester
134 959 323 988 reich-Ungarn
336 961 398 987 «Best.
408 962 429 984 b.
438 960 541 985 B-st-mi)
556 959 660 985 fi.LW.4.
674 959 701 979 82

44 985 203 1012 Frankreich.
215 987 324 1011 Jialien
337 989 380 1010 unb
393 987 462 1015 übrige
473 987 564 1009 Liaaiea

125 1013 162 1034 de»
176 1013 414 1040 Welivostverein.»
430 1015 510 1040 (birelie
524 1014 564 1035 Be¬

125 1039 212 1068 stellung
224 1042 255 1063 bei
267 1043 304 1064 der
318 1042 500 1068 Administration)
521 1056 527 1063 .
554 1056 561 1063 .
587 1040 625 1066 Fr.
635 1041 666 1061 II.
676 1040 703 1061 S0
729 1039 767 1065 Fr.
781 1041 815 1061 »I.
829 1050 852 1056 —

1755 751 1853 809 md

1010 838 1794 1066 schuchmschks
1862 834 2618 1054 HllMsM.

2938 747 3408 785 J»s«rtt»«»gedü-r.

2763 817 2811 844 »Ir
2823 817 2856 841 kU
2870 818 2961 846 Schwei»
2972 820 3000 842 20
3012 819 3060 846 «n>.
3074 792 3277 847 str^a?1m«änd
3290 821 3318 844 25
3330 821 3372 849 Np.
3385 822 3434 844 »der
3446 821 3475 848 20
3488 821 3500 848 %

3038 850 3074 873 per
3088 847 3227 874 Iech»ivalttge
3240 847 3305 874 Acile.

2909 873 3032 899 Ueelamr»
3046 879 3073 895 ,c.
3087 871 3214 899 «unter'dem
3228 874 3439 902 Riedaktionlstrich):'

2975 901 3002 921 so
3010 901 3052 926 Np.
3066 904 3102 927 per
3115 901 3246 929 dierlpaliig«
3255 902 3366 929 Petit,eile.

2789 929 2888 957 Inserate
2905 931 2949 952 und
2963 931 3075 954 Neclamen
3093 932 3139 959 find
3151 932 3304 961 auIschNeblich
3318 933 3452 960 eln,usenbe«
3465 939 3494 956 an
3507 935 3541 957 »te

2761 958 2895 995 Schweiz.
2908 959 3188 994 Annoncenvureaus
3206 969 3263 991 von
3281 962 3361 997 Hrelk
3377 962 3469 997 KüßN
3487 963 3512 992 L
3527 962 3583 999 E«.

2821 997 2852 1028 in
2868 997 2970 1033 Zürich,
2989 998 3077 1033 Basel,
3095 999 3176 1032 Bern,
3194 998 3337 1034 Lausanne,
3354 999 3432 1034 Gens,
3450 1008 3483 1028 rc.
3495 1008 3528 1029 xc.

2913 1037 2985 1065 zkrei«
2997 1038 3036 1060 »er
3049 1037 3164 1064 «iu,ek»e»
3177 1039 3322 1065 Kummer»:
3338 1039 3366 1060 10
3380 1039 3430 1066 Fl».

109 1103 317 1157 Täglich,
344 1106 436 1147 mit
462 1103 765 1155 Ausnahme
795 1103 876 1143 öes
905 1102 1183 1154 Sonntags,
1210 1103 1508 1154 zmoimalige
1535 1101 1788 1154 Ausgabe.

1999 1100 2223 1150 Wüveau
2251 1100 2336 1140 6cr
2362 1099 2669 1150 WeöaKtion:
2696 1099 3028 1154 Wrunngasse
3054 1100 3157 1152 Wv.
3185 1105 3218 1141 2
3245 1102 3303 1143 in
3329 1100 3518 1155 Zürich.

171 1246 432 1299 kkmrluuiidigrs
461 1246 589 1296 WirKkn
617 1246 651 1288 in
679 1245 775 1297 Senf.

355 1313 590 1349 (Korrespondenz.)

116 1364 173 1397 Die
194 1363 567 1405 Wanderversammlungen
589 1364 635 1396 der
658 1362 899 1402 Schweizerischen

48 1407 294 1450 Gemeinnützigen
319 1409 493 1450 Gesellschaft
525 1408 615 1449 haben
649 1410 733 1441 unter
760 1408 900 1440 Anderem

49 1454 119 1492 auch
143 1454 194 1486 den
217 1454 360 1493 Vortheil,
385 1454 440 1493 daß
467 1454 499 1486 in
521 1454 568 1486 der
591 1453 678 1493 Regel
711 1457 778 1485 vom
802 1453 900 1493 Präsi¬

49 1498 153 1530 denten
185 1499 231 1531 der
265 1499 451 1540 festgebenden
479 1498 598 1532 Sektion
631 1498 683 1530 den
718 1497 823 1536 Gästen
856 1497 902 1529 ein

50 1543 124 1576 Bild
147 1544 194 1576 deS
227 1544 458 1585 gemeinnützigen
481 1543 612 1576 Wirkens
645 1543 694 1575 des
719 1542 902 1581 betreffenden

52 1588 190 1621 Kantons
213 1593 265 1621 vor
289 1589 388 1629 Augen
422 1588 534 1630 geführt
567 1588 650 1620 wird.
696 1588 764 1621 Das
794 1587 844 1627 hat
870 1586 903 1619 in

51 1632 131 1674 Genf
155 1633 230 1672 Herr
253 1634 351 1673 Franc
372 1634 513 1666 Lombard
536 1633 567 1664 in
600 1632 790 1672 vorzüglicher
813 1631 903 1670 Weise

51 1677 173 1719 besorgt.
220 1679 296 1712 Aber
330 1679 371 1711 die
405 1678 511 1718 Genfer
545 1677 604 1718 sind
642 1677 708 1715 noch
742 1677 835 1709 weiter
858 1685 903 1717 ge¬

53 1731 167 1764 gangen
189 1723 248 1756 und
270 1723 362 1764 haben
395 1723 475 1763 ihren
511 1721 615 1762 Gästen
651 1722 695 1754 ein
720 1721 904 1763 „Annuaire

53 1767 331 1812 philanthropique
360 1767 516 1811 genevois,
550 1766 655 1810 publik
689 1777 762 1799 sous
784 1766 829 1799 les
850 1776 905 1798 au-

54 1813 156 1855 Bpices
178 1813 215 1846 de
236 1814 268 1846 la
282 1813 398 1846 sociötö
412 1811 578 1855 genevoise
588 1811 724 1844 d’utilitö
736 1808 902 1854 publique“

54 1862 124 1890 vom
148 1858 242 1898 Jahre
267 1860 352 1890 1879
382 1859 457 1898 nebst
492 1857 580 1890 einem
612 1861 677 1889 vom
701 1856 797 1896 Jahre
821 1856 904 1888 1885

55 1902 183 1935 datirten
216 1903 410 1943 Supplement
447 1902 625 1943 ausgetheilt.
672 1902 739 1935 Das
765 1901 907 1939 Jnhalts-

56 1947 228 1987 verzeichniß
250 1949 333 1981 weist
355 1947 428 1988 nicht
450 1948 571 1987 weniger
593 1947 640 1979 als
664 1947 727 1978 317
746 1946 907 1978 Nummern

57 1993 120 2033 auf.
168 1992 250 2032 Ganz
273 1992 419 2034 abgesehen
453 1997 519 2025 vom
543 1991 655 2031 Inhalt
688 1991 723 2031 ist
756 1991 833 2030 schon
865 1990 909 2022 die

56 2038 354 2079 Zusammenstellung
392 2038 475 2076 dieses
509 2035 688 2076 Jahrbuches
727 2035 786 2068 eine
819 2034 906 2076 höchst

56 2082 268 2123 verdienstliche,
293 2082 437 2122 wahrhaft
460 2081 672 2122 gemeinnützige
694 2081 783 2121 That.
830 2080 908 2119 Kurz

57 2127 118 2159 und
141 2128 232 2167 knapp
256 2128 366 2160 werden
388 2128 430 2159 die
461 2127 600 2166 einzelnen
622 2125 743 2158 Vereine
765 2125 825 2158 und
847 2125 909 2157 An¬

56 2172 161 2211 stalten
183 2172 350 2213 geschildert,
373 2171 416 2205 die
438 2171 575 2204 leitenden
597 2170 842 2212 Persönlichkeiten
865 2179 910 2210 ge-

57 2220 164 2255 nannt,
188 2218 231 2250 die
264 2217 431 2258 wichtigsten
458 2217 571 2256 Zahlen
604 2215 741 2255 erwähnt.
788 2215 910 2249 Daraus

58 2262 134 2294 kann
168 2262 256 2301 Jeder
291 2262 463 2302 entnehmen,
503 2265 565 2293 was
600 2259 761 2301 überhaupt
798 2260 830 2292 in
862 2259 911 2291 der

59 2306 414 2349 Wohlthätigkeitspraxis
437 2312 494 2339 von
517 2306 593 2346 Genf
617 2305 725 2346 (Stadt
748 2304 807 2337 und
830 2304 911 2337 Kan-

59 2353 125 2391 ton)
150 2352 252 2393 gethan
285 2352 399 2385 worden
432 2352 476 2391 ist.
522 2351 587 2383 Aus
619 2350 666 2382 der
690 2350 803 2382 Lektüre
837 2349 913 2382 eines

61 2397 168 2437 solchen
190 2396 371 2438 Jahrbuches
394 2396 491 2436 ersteht
513 2404 583 2428 man
606 2395 665 2433 erst,
698 2395 749 2427 wie
772 2394 837 2426 weit
858 2394 913 2426 da»

60 2441 165 2475 Gebiet
186 2442 234 2474 der
256 2441 479 2483 Philanthropie
502 2441 535 2480 ist
558 2439 615 2472 und
631 2439 772 2478 Mancher
796 2448 861 2478 mag
884 2443 914 2471 es

60 2486 152 2519 einem
174 2487 277 2527 solchen
293 2486 387 2526 Buche
409 2485 522 2524 danken,
546 2485 602 2525 daß
627 2489 656 2517 es
677 2484 737 2524 ihm
762 2484 807 2516 ein
828 2483 915 2524 Weg-

61 2531 156 2571 weiser
194 2537 228 2571 zu
264 2530 583 2571 vernünftiger
625 2529 791 2569 Ausübung
828 2529 914 2566 seiner

61 2575 301 2617 Wohlthitigkeit
324 2575 468 2617 geworden
490 2575 534 2615 ist.
563 2576 647 2609 Denn
670 2574 722 2607 wie
745 2573 816 2607 viele
831 2574 915 2613 Hun¬

61 2621 255 2660 derttausende
293 2621 402 2654 werden
435 2629 474 2653 an
509 2619 702 2659 Schmarozer,
739 2628 778 2652 an
812 2619 914 2657 Faule,

62 2665 288 2706 Unverschämte,
314 2665 482 2706 Lasterhafte
509 2664 712 2704 verschwendet,
736 2663 803 2695 weil
825 2667 853 2696 es
877 2672 916 2696 an

63 2710 182 2750 System
214 2712 272 2743 und
307 2709 558 2750 Zusammenhang
591 2709 621 2742 in
655 2708 702 2740 der
726 2708 835 2749 Praxis
868 2708 917 2740 der

64 2754 303 2797 Wohlthätigkeit
340 2754 532 2794 mancherorts
570 2771 605 2777 —
646 2753 714 2792 auch
747 2753 780 2785 in
813 2752 918 2791 Zürich

65 2799 127 2832 und
151 2799 376 2841 Ausgemeinden
403 2817 438 2822 —
464 2799 535 2839 fehlt
561 2798 619 2831 und
655 2797 775 2837 einzelne
797 2797 918 2835 Indivi¬

64 2844 150 2882 duen,
176 2844 417 2883 Gesellschäftlein,
445 2842 692 2881 Konventikelchen
726 2841 919 2881 insbesondere

65 2888 227 2928 weiblichen
259 2888 439 2928 Geschlechtes
477 2888 531 2921 mit
565 2887 702 2921 Vorliebe
740 2887 792 2927 auf
829 2887 919 2927 eigene

67 2933 235 2975 Rechnung,
274 2933 383 2974 Gefahr
420 2933 479 2966 und
519 2933 646 2966 Eitelkeit
682 2931 920 2973 Wohlthätigkeit

67 2978 178 3012 treiben
199 2978 258 3011 und
280 2977 362 3011 dabei
392 2979 443 3017 auf
465 2978 508 3018 oft
541 2977 739 3018 unglaubliche
761 2976 852 3016 Weise
875 2986 920 3017 ge¬

68 3023 158 3062 prellt
181 3023 298 3056 werden.
328 3041 362 3046 —
394 3023 451 3056 Ein
488 3022 674 3061 „Annuaire"
713 3022 801 3055 allein
827 3021 922 3063 thut's

68 3067 177 3109 freilich
200 3068 284 3108 nicht,
321 3067 386 3101 aber
409 3068 455 3100 der
478 3067 848 3108 Zentralisationsgedanke,
873 3066 921 3099 der

68 3113 169 3154 diesem
192 3122 225 3153 zu
249 3113 369 3147 Grunde
389 3113 467 3154 liegt.
499 3112 600 3152 Gewiß
622 3111 731 3144 werden
746 3111 797 3152 sich
820 3112 851 3144 in
873 3111 922 3144 der

69 3158 239 3200 Ausübung
254 3159 302 3191 der
314 3157 547 3199 Wohlthätigkeit
571 3156 635 3196 auch
659 3156 690 3189 in
703 3155 779 3197 Genf
792 3156 922 3189 Sonder-

69 3203 218 3245 intereffen
239 3213 262 3244 z.
286 3204 327 3236 B.
352 3203 475 3244 religiöse
498 3203 607 3243 geltend
633 3201 754 3241 machen,
779 3201 845 3234 aber
867 3201 923 3234 das

70 3248 107 3288 ist
130 3249 220 3288 sicher,
244 3248 301 3288 daß
325 3248 367 3281 bei
389 3248 460 3282 aller
483 3246 623 3286 Differenz
646 3247 677 3279 in
704 3246 756 3279 den
780 3246 923 3285 einzelnen

72 3294 222 3332 Ansichten
244 3294 303 3326 und
326 3293 507 3332 Meinungen
529 3293 571 3325 die
594 3292 699 3332 Genfer
722 3294 780 3323 uns
803 3290 842 3323 im
857 3290 923 3330 ziel-

72 3338 223 3378 bewußten
246 3338 435 3379 einmüthigen
451 3337 566 3371 Wirken
587 3337 636 3378 auf
658 3337 719 3369 dem
741 3335 924 3377 philanthro¬

72 3383 181 3424 pischen
204 3383 318 3417 Gebiete
341 3390 431 3416 voran
457 3382 526 3424 find.

142 3429 183 3462 Es
196 3429 299 3462 kömmt
322 3427 365 3461 bei
387 3428 471 3469 ihnen
493 3427 567 3467 nicht
590 3431 652 3464 vor,
676 3426 733 3466 daß
745 3425 789 3459 ein
801 3425 924 3458 Armen¬

72 3474 171 3508 verein
199 3474 250 3507 wie
284 3474 332 3506 der
365 3473 437 3514 sonst
470 3474 498 3513 so
532 3471 732 3511 verdienstliche
767 3470 924 3511 freiwillige

74 3519 279 3553 Armenverein
315 3518 362 3551 der
384 3518 477 3552 Stadt
499 3517 605 3558 Zürich
638 3517 709 3558 seine
731 3515 925 3556 Wirksamkeit

73 3565 175 3606 gerade
197 3564 234 3597 da
267 3563 395 3603 einstellt,
430 3568 473 3596 wo
508 3564 544 3604 sie
578 3563 628 3603 erst
662 3561 733 3602 recht
763 3561 926 3602 vonnöthen

74 3611 154 3643 wäre
181 3627 215 3632 —
243 3609 279 3642 da
302 3614 347 3642 wo
371 3608 412 3641 die
427 3607 700 3648 Arbeiterquartiere
721 3606 859 3647 beginnen
886 3623 922 3629 —

76 3655 144 3688 weil
179 3663 208 3687 er
240 3658 268 3688 es
301 3653 375 3694 nicht
409 3652 511 3694 glaubt
545 3657 643 3694 wagen
677 3661 711 3692 zu
738 3651 849 3692 dürfen,
883 3650 927 3683 die

75 3699 222 3739 Schranke
243 3708 278 3740 zu
300 3699 510 3740 überspringen,
545 3698 650 3736 welche,
683 3696 771 3738 jedem
788 3696 927 3736 Fremden

75 3744 313 3785 unverständlich,
350 3744 443 3778 Stadt
476 3743 535 3776 und
559 3742 785 3784 Ausgemeinden
819 3743 926 3775 trennt.

76 3791 119 3824 Es
154 3790 188 3829 ist
222 3790 371 3832 ungemein
409 3788 623 3829 anzuerkennen,
663 3787 719 3827 daß
756 3786 824 3826 diese
861 3787 925 3818 317

76 3835 258 3878 genferischen
280 3834 493 3875 Institutionen
527 3833 577 3874 sich
607 3832 668 3865 dem
692 3831 847 3872 allerdings
869 3840 927 3864 nur

73 3880 226 3924 formellen
249 3880 396 3922 Patronat
419 3879 466 3912 der
489 3878 658 3912 kantonalen
682 3876 928 3918 Gemeinnützigen

941 1227 1116 1267 Gesellschaft
1138 1228 1228 1269 willig
1251 1227 1453 1260 unterordnen.
1499 1227 1555 1266 Ich
1585 1227 1698 1267 zweifle,
1734 1226 1790 1266 daß

940 1273 995 1306 das
1017 1273 1046 1305 in
1071 1272 1176 1312 Zürich
1208 1282 1242 1312 zu
1277 1273 1409 1312 erreichen
1443 1272 1563 1313 möglich
1592 1273 1686 1304 wäre!
1733 1272 1790 1304 Am

942 1317 1200 1357 Abschiedsbankett
1236 1318 1288 1358 hat
1326 1318 1371 1349 ein
1401 1317 1507 1357 Genfer
1547 1317 1625 1349 einen
1659 1315 1792 1357 hübschen

942 1363 1030 1401 Toast
1053 1361 1244 1403 ausgebracht,
1269 1362 1380 1398 welcher
1402 1361 1625 1401 charakteristisch
1642 1367 1713 1393 war.
1750 1361 1791 1394 Er

943 1408 1064 1440 lautete:
1083 1406 1198 1449 „Voilk
1213 1418 1264 1438 ma
1275 1407 1464 1439 confession!
1488 1406 1526 1439 Je
1541 1406 1605 1439 suis
1619 1405 1793 1439 orthodoxe

944 1454 978 1485 et
996 1453 1027 1494 je
1047 1453 1114 1484 suis
1136 1451 1320 1493 federaliste,
1348 1452 1425 1484 mais
1445 1452 1480 1494 je
1501 1457 1589 1494 porte
1610 1462 1687 1483 mon
1708 1453 1794 1483 toast

944 1497 965 1529 k
987 1496 1020 1529 la
1040 1496 1197 1530 tolerancc
1219 1497 1251 1529 et
1273 1497 1293 1529 k
1315 1497 1346 1529 la
1368 1494 1632 1528 centralisation.“
1667 1497 1734 1529 Das
1757 1495 1792 1534 ist

945 1541 1057 1581 richtige
1070 1541 1175 1581 Genfer
1187 1542 1261 1574 Art!
1296 1541 1352 1575 Die
1364 1540 1568 1582 Frömmigkeit
1589 1540 1669 1581 mehr
1691 1541 1722 1573 in
1745 1540 1792 1572 der

946 1591 1004 1619 von
1027 1586 1133 1619 Calvin
1168 1586 1215 1618 als
1249 1591 1307 1618 von
1329 1586 1461 1626 Zwingli
1494 1585 1652 1627 gegossenen
1687 1585 1793 1626 Form;

948 1631 993 1663 ein
1025 1631 1079 1671 fast
1113 1630 1285 1671 ängstlicher,
1320 1631 1363 1663 die
1396 1629 1541 1671 Trübung
1579 1631 1625 1662 der
1659 1630 1795 1670 Eigenart

947 1675 1122 1717 fürchtender
1145 1676 1374 1714 Föderalismus,
1408 1674 1533 1708 daneben
1560 1674 1625 1707 aber
1650 1674 1713 1713 doch
1738 1675 1795 1707 eine

948 1721 1092 1760 wahrhaft
1100 1721 1249 1760 vornehme
1261 1720 1402 1759 Toleranz
1413 1720 1532 1761 fremder
1544 1719 1796 1760 Ueberzeugungen

948 1765 1008 1797 und
1039 1765 1212 1806 hochherzige
1245 1764 1406 1805 Menschen-
1439 1765 1500 1797 und
1534 1763 1795 1797 Vaterlandsliebe.

949 1810 1007 1844 Die
1028 1810 1171 1850 Toleranz
1204 1809 1269 1849 läßt
1302 1809 1345 1842 bei
1367 1813 1424 1842 uns
1448 1810 1482 1843 in
1503 1809 1608 1849 Zürich
1632 1809 1677 1849 oft
1699 1809 1798 1842 Vieles

950 1864 985 1894 zu
1007 1854 1148 1894 wünschen
1172 1854 1265 1895 übrig,
1301 1854 1359 1887 und
1393 1859 1449 1887 von
1475 1855 1548 1887 einer
1571 1853 1799 1893 Zentralisation

950 1900 999 1933 der
1021 1899 1195 1940 bestehenden
1217 1899 1406 1937 Liebeswerke,
1441 1900 1522 1940 sogar
1557 1908 1614 1931 nur
1643 1899 1716 1931 einer
1740 1899 1799 1939 for¬

950 1944 1061 1982 mellen,
1086 1944 1120 1984 ist
1143 1944 1263 1985 weniger
1287 1945 1334 1977 als
1357 1944 1382 1984 je
1404 1943 1446 1977 die
1470 1945 1555 1977 Rede.

1019 1990 1059 2022 Es
1083 1990 1156 2021 kann
1179 1998 1216 2021 an
1239 1989 1335 2028 diesem
1358 1989 1418 2022 Ort
1441 1989 1514 2022 keine
1526 1988 1601 2021 Rede
1622 1987 1717 2020 davon
1733 1987 1798 2026 sein,

952 2034 995 2067 die
1011 2033 1168 2075 genferische
1184 2033 1445 2075 Gemeinnützigkeit
1468 2034 1500 2066 in
1522 2034 1574 2066 den
1591 2032 1801 2073 Einzelnheiten

952 2079 1027 2119 ihrer
1049 2088 1115 2119 zum
1136 2079 1221 2120 Theil
1243 2079 1427 2120 großartigen
1445 2078 1650 2119 Schöpfungen
1666 2086 1700 2117 zu
1722 2079 1801 2109 wür¬

953 2124 1043 2165 digen.
1090 2123 1156 2156 Nur
1191 2124 1279 2164 einige
1313 2124 1552 2164 charakteristische
1585 2124 1669 2163 Züge
1701 2124 1802 2163 mögen

954 2168 1082 2209 erwähnt
1105 2168 1230 2201 werden:

1021 2214 1077 2247 Die
1100 2212 1348 2254 weltberühmteste
1375 2213 1408 2254 ist
1430 2213 1487 2246 das
1512 2214 1596 2245 1863
1630 2216 1690 2244 von
1712 2212 1803 2252 Henri

956 2259 1081 2292 Dunant
1104 2258 1135 2290 in
1158 2259 1246 2299 Folge
1280 2259 1328 2290 der
1350 2258 1560 2299 grauenhaften
1583 2257 1729 2290 Eindrücke
1756 2258 1804 2289 des

956 2303 1176 2344 Schlachtfeldes
1189 2308 1243 2335 von
1255 2303 1406 2344 Solferino
1423 2306 1571 2344 angeregte
1582 2302 1805 2335 internationale

956 2348 1070 2381 Komite
1104 2356 1168 2387 zum
1191 2347 1289 2389 Schutz
1324 2348 1517 2380 verwundeter
1540 2347 1694 2380 Militärs.
1740 2347 1804 2379 Aus

957 2393 1019 2425 dem
1051 2392 1158 2425 kleinen
1191 2393 1308 2433 Anfang
1341 2393 1375 2432 ist
1408 2393 1450 2425 die
1485 2393 1579 2433 riesige
1612 2392 1665 2424 den
1699 2400 1805 2433 ganzen

958 2437 1119 2471 Kontinent
1134 2437 1342 2477 umspannende
1357 2437 1533 2478 segensreiche
1545 2437 1742 2478 Vereinigung
1758 2437 1805 2469 des

958 2483 1060 2523 rothen
1073 2482 1196 2522 Kreuzes
1220 2482 1476 2524 hervorgegangen,
1500 2491 1550 2514 um
1573 2481 1670 2520 welche
1682 2481 1806 2520 Gustave

958 2527 1108 2568 Moynier,
1133 2527 1181 2559 der
1203 2527 1346 2568 derzeitige
1362 2527 1523 2568 Präsident,
1547 2526 1597 2567 sich
1618 2527 1664 2559 die
1687 2526 1807 2567 größten

959 2572 1120 2612 Verdienste
1142 2571 1286 2605 erworben
1309 2573 1370 2612 hat.

1026 2617 1083 2651 Die
1105 2616 1255 2658 Stellung,
1292 2617 1387 2656 welche
1420 2616 1469 2649 der
1496 2615 1539 2649 bei
1562 2620 1619 2649 uns
1641 2615 1727 2649 leider
1751 2624 1808 2649 nur

961 2662 1013 2702 auf
1044 2662 1097 2694 den
1120 2662 1292 2695 Stadtbann
1325 2661 1472 2703 begränzte
1505 2661 1666 2702 freiwillige
1688 2661 1809 2693 Armen¬

960 2707 1054 2740 verein
1067 2706 1226 2744 einnimmt,
1250 2706 1323 2739 wird
1345 2707 1378 2739 in
1394 2707 1470 2747 Genf
1493 2706 1577 2744 durch
1595 2706 1649 2738 daS
1667 2705 1809 2748 „Bureau

961 2751 1081 2784 central
1103 2751 1140 2784 de
1161 2749 1391 2785 bienfaisance“
1427 2752 1598 2792 ausgefüllt,
1633 2760 1676 2783 an
1698 2750 1810 2788 welches

963 2796 1019 2829 alle
1030 2796 1367 2837 Unterstützungsgesuche
1389 2796 1535 2837 gelangen,
1561 2795 1674 2835 welches
1689 2794 1730 2827 die
1747 2795 1812 2833 erste

962 2841 1050 2882 Hülfe
1065 2841 1164 2880 leistet,
1190 2840 1426 2882 Erkundigungen
1450 2841 1567 2880 einzieht
1588 2841 1648 2873 und
1671 2840 1722 2873 den
1737 2840 1812 2873 Ver¬

963 2886 1024 2926 kehr
1050 2885 1177 2925 zwischen
1209 2886 1261 2918 den
1286 2885 1397 2919 Gebern
1429 2886 1491 2918 nnd
1524 2886 1577 2919 den
1609 2885 1813 2926 Unterstützten

963 2930 1130 2963 vermittelt.
1160 2930 1327 2964 Minimum
1349 2930 1397 2963 des
1419 2930 1676 2971 Jahresbeitrages
1700 2932 1717 2962 3
1742 2930 1812 2969 Fr.:

964 2975 1202 3017 Mitgliederzahl
1219 2977 1323 3008 1878:
1349 2976 1453 3017 1400;
1478 2976 1634 3017 Ausgaben
1653 2976 1812 3015 1877/78:

967 3022 1084 3060 70,000
1109 3021 1161 3060 Fr.

1031 3066 1194 3105 Imposant
1209 3065 1251 3105 ist,
1276 3069 1339 3098 was
1361 3065 1410 3105 für
1432 3065 1488 3098 das
1504 3065 1587 3098 Alter
1610 3064 1715 3106 gethan
1729 3064 1812 3097 wird.

965 3111 1014 3149 In
1035 3110 1284 3151 Petit-Saconnex
1319 3110 1421 3149 existirt
1451 3110 1499 3143 ein
1531 3111 1581 3150 für
1604 3110 1709 3151 achtzig
1731 3110 1815 3150 greise

966 3156 1108 3197 Personen
1129 3154 1258 3188 beiderlei
1278 3155 1459 3196 Geschlechtes
1483 3154 1687 3196 eingerichtetes
1708 3154 1815 3195 palast-

967 3200 1108 3241 ähnliches
1145 3200 1298 3238 Gebäude,
1336 3200 1368 3233 in
1408 3200 1535 3240 welchem
1570 3200 1613 3233 die
1646 3199 1816 3239 monatliche

967 3246 1091 3287 Pension
1106 3246 1156 3286 für
1179 3246 1355 3287 unterstützte
1371 3244 1478 3285 Genfer
1502 3246 1553 3283 40,
1578 3245 1625 3283 für
1640 3245 1814 3284 nichtunter-

967 3291 1057 3332 stühte
1092 3290 1198 3331 Genfer
1233 3290 1299 3322 oder
1333 3290 1488 3330 Schweizer
1526 3292 1568 3322 45
1604 3290 1657 3329 Fr.
1693 3289 1815 3331 beträgt.

968 3335 1126 3376 Ausgaben
1148 3335 1189 3368 im
1210 3335 1292 3376 Jahr
1318 3337 1419 3367 1877:
1454 3336 1606 3373 107,710.
1653 3335 1761 3374 Ferner
1783 3335 1817 3373 ist

967 3380 1073 3419 neulich
1108 3380 1140 3413 in
1173 3380 1234 3413 dem
1267 3380 1374 3420 reizend
1416 3380 1563 3421 gelegenen
1593 3380 1734 3413 Asniöres
1772 3379 1817 3413 ein

968 3424 1247 3466 Bürgeraltersasyl,
1284 3425 1396 3465 welches
1430 3427 1496 3458 200
1519 3426 1663 3466 Personen
1686 3424 1817 3457 beiderlei

969 3470 1150 3509 Geschlechtes
1174 3469 1298 3511 umfaßt,
1334 3469 1449 3511 eröffnet
1481 3471 1604 3503 worden.
1651 3470 1722 3510 Hier
1745 3470 1817 3503 wird

968 3514 1040 3547 keine
1063 3515 1189 3555 Pension
1223 3516 1367 3557 verlangt,
1402 3515 1520 3555 sondern
1543 3515 1624 3548 Alles
1656 3515 1751 3556 gratis
1774 3524 1818 3555 ge¬

968 3560 1071 3601 liefert.
1120 3560 1184 3593 Den
1207 3560 1348 3602 Bauplatz
1383 3560 1433 3602 hat
1468 3560 1516 3593 der
1550 3560 1643 3593 Staat
1678 3560 1818 3601 geschenkt,

969 3605 1038 3638 Bau
1060 3604 1121 3637 und
1144 3604 1324 3646 Möblirung
1346 3605 1435 3646 haben
1461 3607 1603 3642 550,000
1617 3606 1671 3644 Fr.
1689 3605 1818 3647 gekostet;

970 3650 1023 3682 das
1045 3649 1158 3690 nöthige
1182 3649 1308 3689 Kapital
1342 3655 1399 3683 von
1427 3649 1496 3691 2'/»
1521 3650 1684 3684 Millionen
1715 3650 1750 3691 ist
1773 3650 1820 3682 der

971 3694 1116 3734 Erbschaft
1138 3694 1357 3736 Braunschweig
1381 3697 1571 3728 entnommen.

1036 3739 1113 3773 Was
1136 3739 1184 3780 für
1207 3739 1327 3778 Kranke,
1344 3739 1417 3778 Irre
1432 3750 1469 3773 rc.
1494 3739 1624 3781 jeglichen
1639 3740 1741 3773 Alters
1762 3739 1820 3773 und

972 3784 1139 3825 Geschlechts
1162 3784 1264 3826 gethan
1288 3785 1370 3823 wird,
1396 3786 1428 3823 ist
1451 3785 1613 3826 großartig,
1648 3785 1736 3825 findet
1771 3785 1821 3825 sich

971 3831 1004 3863 in
1026 3829 1165 3871 ähnlicher
1181 3829 1270 3870 Weise
1293 3829 1358 3862 aber
1382 3829 1448 3869 auch
1472 3829 1517 3862 bei
1538 3834 1606 3863 uns.
1630 3831 1692 3865 Der
1708 3830 1821 3871 Augen¬

971 3875 1114 3917 heilkunde
1150 3873 1238 3916 jedoch
1274 3874 1392 3915 leuchtet
1428 3874 1497 3913 noch
1534 3875 1580 3908 ein
1623 3875 1822 3917 glänzenderer

1837 1227 1931 1260 Stern
1954 1227 2000 1259 als
2023 1227 2056 1260 in
2077 1226 2192 1266 Zürich.
2226 1228 2287 1261 Der
2310 1227 2413 1260 Baron
2438 1226 2491 1259 Ad.
2516 1231 2572 1259 von
2597 1227 2691 1266 Roth¬

1837 1272 1918 1312 schild
1941 1272 1992 1313 hat
2026 1273 2080 1304 das
2102 1271 2235 1315 Hdpital
2257 1271 2493 1314 ophthalmique
2520 1273 2605 1304 1874
2634 1276 2691 1305 aus

1838 1317 1949 1358 eigenen
1972 1316 2096 1349 Mitteln
2132 1316 2236 1357 gebaut
2269 1317 2329 1349 und
2362 1316 2512 1356 unterhält
2539 1321 2578 1349 es.
2625 1316 2692 1350 Alle

1837 1361 2013 1403 bedürftigen
2037 1361 2257 1402 Augenkranken
2279 1361 2387 1394 werden
2409 1361 2534 1401 umsonst
2556 1361 2691 1402 während

1838 1406 1913 1446 ihrer
1936 1415 2043 1447 ganzen
2065 1406 2132 1438 Kur
2155 1407 2392 1448 ausgenommen;
2418 1407 2460 1438 20
2476 1406 2581 1439 Betten
2601 1406 2692 1445 stehen

1838 1460 1890 1489 zur
1911 1451 2093 1491 Verfügung.
2131 1450 2249 1492 Täglich
2272 1451 2367 1491 finden
2388 1450 2625 1491 durchschnittlich
2649 1453 2692 1482 24

1840 1496 2174 1535 Gratiskonsultationen
2207 1496 2286 1534 statt.
2333 1495 2400 1528 Seit
2435 1496 2483 1528 der
2515 1495 2692 1536 Gründung,

1841 1543 1871 1573 5.
1905 1540 2029 1574 Oktober
2061 1542 2156 1578 1874,
2190 1546 2288 1573 waren
2322 1539 2368 1574 bis
2404 1542 2456 1573 15.
2489 1540 2571 1580 Juni
2608 1542 2692 1573 1885

1843 1587 1961 1625 14,150
1985 1585 2094 1618 Krankt
2119 1584 2340 1626 eingeschrieben.

1908 1631 1978 1663 Eine
2014 1630 2180 1671 großartige
2218 1629 2385 1671 Schenkung
2431 1629 2466 1668 ist
2509 1630 2602 1670 ferner
2640 1629 2695 1663 das

1842 1675 1975 1718 Hospice
2006 1674 2061 1707 des
2094 1674 2326 1707 convalescents
2355 1685 2395 1707 au
2418 1674 2694 1718 Petit-Saconnex,

1843 1720 1948 1760 wohin,
1984 1719 2065 1758 sowie
2097 1728 2132 1759 zu
2166 1719 2229 1752 dem
2264 1720 2295 1753 in
2328 1720 2376 1752 der
2396 1719 2479 1760 Nähe
2512 1719 2695 1760 befindlichen

1844 1765 2020 1805 Greisenasyl
2045 1768 2101 1797 uns
2126 1764 2167 1796 die
2190 1764 2297 1805 Genfer
2320 1765 2374 1797 mit
2395 1763 2589 1805 berechtigtem
2608 1764 2696 1804 Stolz

1843 1809 1969 1850 führten.
2015 1810 2081 1843 Den
2104 1809 2183 1849 Platz
2205 1809 2259 1849 hat
2281 1809 2328 1841 der
2350 1809 2446 1842 Staat
2468 1809 2614 1850 geliefert;
2648 1809 2697 1842 der

1844 1854 2062 1894 palastähnliche
2084 1854 2156 1886 Bau
2185 1855 2245 1886 und
2279 1854 2321 1886 die
2344 1863 2428 1895 ganze
2451 1854 2548 1886 innere
2570 1853 2698 1893 Einrich¬

1845 1902 1917 1940 tung
1951 1899 2010 1939 find
2047 1899 2090 1931 ein
2127 1898 2258 1939 Geschenk
2291 1899 2339 1931 der
2367 1899 2501 1932 Baronin
2525 1898 2697 1938 Rothschild.

1846 1944 1902 1978 Die
1924 1944 2040 1983 Anstalt
2073 1943 2107 1982 ist
2141 1944 2189 1984 für
2226 1946 2268 1975 50
2298 1944 2443 1985 Personen
2475 1942 2606 1976 beiderlei
2641 1943 2698 1976 Ge¬

1846 1988 1972 2029 schlechts
1995 1988 2169 2029 eingerichtet
2191 1989 2251 2021 und
2275 1988 2376 2030 beruht
2398 1988 2539 2027 ebenfalls
2561 1989 2614 2029 auf
2636 1988 2699 2021 dem

1847 2033 2001 2074 Grundsatz
2047 2032 2248 2074 vollständiger
2292 2033 2559 2075 Unentgeltlichkeit.
2618 2033 2700 2073 Diese

1848 2078 1997 2119 Stiftung,
2020 2077 2118 2117 welche
2146 2078 2198 2110 wir
2233 2078 2265 2111 in
2287 2078 2392 2118 Zürich
2427 2078 2513 2111 leider
2547 2078 2613 2118 noch
2638 2080 2700 2111 ent¬

1847 2123 1959 2164 behren,
1984 2123 2066 2155 wirkt
2087 2123 2191 2161 reichen
2215 2122 2322 2164 Segen.

1916 2168 2077 2208 Erwähnen
2098 2168 2155 2200 wir
2176 2167 2244 2207 noch
2278 2169 2331 2200 das
2363 2168 2508 2208 besonders
2532 2167 2562 2200 in
2584 2177 2701 2201 neuerer

1849 2213 1915 2253 Zeit
1938 2213 1982 2253 oft
2004 2212 2145 2253 rühmlich
2179 2212 2322 2252 erwähnte
2347 2212 2462 2252 schweiz.
2485 2212 2701 2252 Jmpfinstitut,

1849 2257 1962 2297 welches
1979 2258 2125 2298 garantirt
2142 2257 2229 2296 echten
2245 2257 2396 2299 Impfstoff
2410 2258 2578 2300 (cow-pox)
2597 2258 2702 2298 liefert,

1850 2303 1906 2336 mit
1927 2301 2056 2342 welchem
2077 2301 2124 2335 bis
2148 2303 2197 2343 auf
2222 2300 2362 2343 987*°/o
2393 2302 2535 2343 glückliche
2556 2303 2704 2342 Resultate

1852 2348 1945 2388 erzielt
1979 2347 2097 2385 werden,
2133 2348 2161 2386 so
2194 2347 2253 2387 daß
2284 2347 2369 2388 Genf,
2402 2347 2526 2385 Waadt,
2550 2347 2703 2388 Freiburg,

1852 2391 2034 2433 Neuenburg,
2060 2391 2182 2430 Wallis,
2204 2392 2297 2430 Bern,
2321 2393 2454 2434 Aargau,
2479 2392 2623 2434 Thurgau
2644 2392 2704 2425 und

1852 2437 2019 2478 Solothurn
2042 2437 2124 2477 ihren
2146 2437 2308 2477 Impfstoff,
2344 2437 2390 2469 der
2422 2438 2505 2478 sogar
2529 2436 2596 2477 nach
2621 2436 2705 2471 Süd¬

1853 2482 1975 2515 amerika
1998 2482 2057 2514 und
2080 2482 2271 2522 Jnnerafrika
2293 2481 2428 2522 verschickt
2452 2482 2532 2519 wird,
2567 2491 2625 2515 nur
2647 2487 2706 2515 von

1854 2527 1952 2563 diesem
1974 2527 2103 2567 Institut
2127 2526 2262 2567 beziehen.
2411 2526 2539 2567 (Schluß
2561 2525 2661 2570 folgt.)

2097 2630 2156 2682 Die
2181 2630 2459 2684 Alkoholvorlagk.

1922 2703 2082 2745 (Korresp.)
2128 2705 2186 2744 Im
2212 2704 2411 2743 „Landboten'
2440 2710 2505 2738 vom
2532 2707 2582 2738 16.
2606 2704 2634 2737 d.
2655 2705 2706 2738 M.

1856 2749 1957 2790 spricht
1992 2749 2036 2782 ein
2071 2749 2222 2788 Einsender
2257 2754 2313 2782 von
2351 2750 2399 2782 der
2441 2749 2712 2790 „staatsrechtlichen

1858 2793 2073 2834 Hinfälligkeit"
2098 2794 2148 2827 des
2170 2794 2449 2835 Bundesbeschluffes
2472 2799 2538 2828 vom
2562 2797 2615 2828 26.
2631 2794 2713 2834 Juni

1861 2841 1943 2871 1885
1971 2839 2024 2871 mit
2060 2847 2132 2880 ganz
2165 2838 2311 2879 besonders
2346 2839 2490 2881 wichtigen
2524 2840 2711 2873 Ausdrücken.

1858 2884 1920 2924 Hat
1942 2884 1990 2916 der
2012 2884 2089 2923 Herr
2111 2884 2263 2924 Einsender
2286 2884 2336 2925 sich
2360 2886 2431 2917 etwa
2454 2883 2534 2925 selbst
2556 2885 2602 2918 der
2619 2884 2713 2925 Kurz¬

1858 2928 2004 2970 sichtigkeit
2025 2928 2149 2970 schuldig
2161 2929 2294 2969 gemacht,
2318 2929 2414 2969 welche
2427 2939 2456 2962 er
2478 2929 2537 2971 jetzt
2548 2929 2594 2963 der
2605 2938 2714 2971 ganzen

1859 2974 2192 3015 Bundesversammlung
2232 2974 2394 3014 vorwirft?
2451 2975 2560 3008 Davon
2592 2975 2628 3015 ist
2661 2984 2714 3016 gar

1859 3019 1930 3051 keine
1953 3019 2035 3057 Rede,
2062 3018 2117 3057 daß
2140 3018 2187 3051 der
2209 3028 2279 3052 neue
2290 3019 2646 3061 Verfaffungsparagraph
2671 3020 2715 3053 be¬

1859 3064 1957 3103 zwecke,
1982 3063 2165 3104 einheimische
2180 3064 2329 3104 Destillate
2351 3065 2408 3097 und
2421 3064 2559 3097 Trauben
2574 3065 2716 3105 steuerfrei

1860 3118 1895 3149 zu
1916 3109 2037 3150 belaffen
2061 3109 2119 3141 und
2142 3109 2195 3141 das
2218 3108 2422 3149 entsprechende
2435 3109 2627 3149 ausländische
2639 3110 2715 3151 Pro-

1861 3154 1925 3186 dukt
1947 3163 1982 3194 zu
2005 3153 2164 3195 besteuern;
2187 3162 2258 3187 man
2281 3154 2353 3187 wird
2375 3155 2410 3195 sie
2433 3154 2508 3187 beide
2521 3154 2714 3197 gleichhalten,

1861 3198 2003 3238 natürlich
2032 3201 2117 3232 unter
2141 3198 2302 3240 Vorbehalt
2335 3199 2384 3233 des
2415 3199 2506 3240 hohen
2541 3199 2599 3232 und
2635 3206 2716 3233 wenn

1861 3244 1963 3285 nöthig
1996 3243 2063 3283 noch
2086 3244 2165 3284 mehr
2190 3253 2226 3284 zu
2260 3244 2432 3285 erhöhenden
2468 3245 2715 3286 Eingangszolles.

1861 3289 1940 3322 Oder
1963 3288 2066 3329 glaubt
2100 3291 2174 3322 etwa
2195 3290 2245 3322 der
2266 3289 2342 3329 Herr
2371 3289 2531 3329 Einsender,
2566 3290 2610 3323 die
2633 3290 2716 3330 Zoll¬

1862 3334 2042 3375 verwaltung
2077 3334 2166 3366 werde
2198 3334 2230 3367 in
2268 3334 2312 3367 die
2351 3335 2441 3375 fatale
2478 3334 2552 3376 Lage
2581 3335 2716 3374 kommen,

1863 3379 1989 3419 zwischen
2025 3380 2074 3411 der
2110 3379 2218 3412 Steuer
2256 3381 2494 3421 unterworfenem
2529 3379 2620 3419 Sprit
2658 3380 2717 3413 und

1863 3424 2031 3464 Destillaten
2056 3428 2110 3456 aus
2121 3423 2207 3457 Wein
2223 3424 2299 3463 nicht
2310 3424 2512 3465 unterscheiden
2536 3434 2569 3465 zu
2584 3425 2715 3458 können?

1864 3470 1905 3502 Er
1927 3469 1963 3508 sei
1985 3477 2041 3501 nur
2065 3469 2216 3509 versichert,
2250 3469 2307 3508 daß
2329 3469 2379 3510 sich
2401 3470 2445 3502 die
2467 3469 2719 3512 Zollverwaltung

1864 3513 1937 3553 nicht
1961 3514 2011 3554 erst
2033 3523 2082 3546 am
2106 3515 2160 3547 16.
2182 3514 2308 3547 Oktober
2337 3515 2392 3547 mit
2413 3515 2476 3547 dem
2498 3515 2545 3556 ihr
2578 3519 2635 3548 aus
2657 3516 2718 3548 dem

1865 3568 1954 3592 neuen
1976 3559 2267 3600 Verfaffungsartikel
2301 3559 2503 3601 erwachsenden
2526 3560 2651 3601 Pensum
2674 3560 2719 3593 be¬

1865 3604 1992 3645 schäftigt
2007 3604 2067 3644 hat,
2090 3605 2207 3644 sondern
2223 3604 2286 3645 ihre
2298 3604 2527 3646 Einwendungen
2551 3614 2600 3645 zur
2612 3605 2720 3644 rechten

1866 3650 1930 3689 Zeit
1954 3649 2076 3690 gemacht
2097 3649 2185 3689 hätte,
2208 3655 2292 3683 wenn
2313 3649 2361 3690 ihr
2384 3650 2442 3683 eine
2464 3650 2622 3684 unlösbare
2646 3651 2720 3692 Auf¬

1867 3694 1936 3735 gabe
1959 3694 2126 3735 aufgeladen
2151 3694 2260 3728 werden
2282 3695 2371 3733 sollte.

1933 3739 2016 3779 Nicht
2037 3739 2194 3780 glücklicher
2215 3740 2252 3781 ist
2275 3739 2317 3772 die
2340 3741 2445 3781 fernere
2461 3739 2658 3782 Behauptung
2674 3740 2722 3774 deS

1869 3785 1965 3824 Herrn
1989 3784 2166 3824 Einsenders,
2200 3784 2249 3817 der
2272 3784 2483 3827 Schlußpaffus
2515 3785 2564 3818 des
2586 3785 2722 3819 Bundes¬

1868 3830 2023 3871 beschluffes
2060 3830 2298 3871 (Entschädigung
2321 3835 2378 3863 von
2401 3830 2555 3863 Kantonen
2577 3831 2642 3863 oder
2666 3830 2722 3864 Ge¬

1869 3875 1997 3908 meinden
2018 3875 2049 3907 in
2074 3875 2120 3908 der
2144 3875 2263 3916 Periode
2289 3873 2447 3917 1891/95)
2471 3875 2660 3916 widerspreche
2676 3875 2723 3909 der

2734 1225 2894 1267 Vsrschrift
2923 1227 2971 1259 des
2993 1227 3061 1259 Art.
3087 1229 3127 1258 32
3152 1231 3210 1259 von
3234 1226 3295 1260 dem
3319 1227 3510 1268 Dahinfallen
3543 1227 3592 1260 der

2735 1271 2910 1312 Ohmgelder
2942 1272 3002 1304 und
3036 1271 3178 1312 ähnlicher
3213 1271 3507 1313 Eingangsgebühren
3541 1272 3594 1312 auf

2737 1316 2814 1349 Ende
2863 1317 2957 1348 1890.
3005 1316 3087 1356 Diese
3132 1316 3407 1358 Eingngsgebühren
3436 1317 3527 1357 fallen
3559 1316 3591 1357 ja

2735 1360 2855 1399 wirklich
2889 1359 3050 1400 spätestens
3073 1361 3150 1394 Ende
3187 1363 3272 1393 1890
3307 1361 3395 1402 dahin
3427 1361 3489 1394 und
3512 1367 3596 1394 wenn

2736 1405 2805 1444 nach
2839 1405 2921 1438 deren
2953 1406 3072 1446 Hinfall
3106 1406 3204 1447 irgend
3228 1405 3324 1443 welche
3357 1406 3596 1446 Entschädi¬

2737 1459 2849 1491 gung
2882 1450 2991 1490 bezahlt
3014 1450 3097 1488 wird,
3131 1452 3159 1491 so
3196 1451 3269 1483 wird
3291 1450 3413 1489 dadurch
3436 1451 3480 1483 die
3503 1450 3596 1491 That-

2738 1494 2811 1535 sache
2845 1494 2929 1535 dieses
2952 1495 3160 1536 Dahinfallens
3194 1500 3253 1528 von
3286 1495 3589 1537 Eingangsgebühren,

2738 1539 2835 1580 welche
2857 1539 2954 1580 früher
2978 1541 3029 1573 den
3051 1540 3173 1580 Verkehr
3188 1540 3328 1581 hemmten
3350 1540 3409 1573 und
3432 1540 3593 1581 vertheuer-

2739 1586 2795 1623 ten,
2820 1584 2894 1624 nicht
2918 1584 3100 1626 aufgehoben.
3145 1585 3223 1624 Nur,
3248 1592 3330 1618 wenn
3352 1585 3411 1618 eine
3433 1585 3598 1623 Fortdauer

2739 1629 2787 1662 des
2810 1629 2925 1671 Bezugs
2948 1630 3032 1669 dieser
3055 1629 3209 1670 Gebühren
3232 1630 3301 1663 über
3319 1631 3405 1663 1890
3427 1630 3536 1671 hinaus
3552 1638 3599 1671 ge¬

2739 1674 2836 1713 stattet
2858 1674 2972 1707 worden
2994 1676 3079 1713 wäre,
3103 1676 3130 1714 so
3153 1676 3231 1707 wäre
3254 1675 3374 1715 dadurch
3390 1674 3458 1708 Art.
3472 1677 3514 1707 32
3530 1679 3593 1708 ver¬

2740 1719 2800 1760 letzt
2825 1736 2863 1742 —
2890 1719 2955 1752 oder
2978 1719 3143 1760 wenigstens
3167 1719 3348 1760 abgeändert.

2807 1763 2964 1805 UebrigenS
2983 1764 3082 1804 scheint
3093 1765 3141 1797 der
3153 1764 3277 1797 Kritiker
3289 1764 3434 1805 übersehen
3446 1773 3481 1804 zu
3493 1763 3594 1806 haben,

2741 1808 2798 1848 daß
2822 1808 2901 1848 schon
2931 1809 2975 1842 die
3008 1809 3169 1850 bisherigen
3192 1809 3598 1851 Uebergangsbestimmungen

2741 1854 2789 1886 der
2813 1853 3098 1895 Bundesverfassung
3122 1854 3179 1887 eine
3202 1863 3274 1896 ganz
3296 1854 3421 1894 ähnliche
3438 1854 3598 1896 Vorschrift

2743 1898 2899 1938 enthalten.
2946 1899 3023 1938 Nach
3053 1899 3122 1931 Art.
3146 1901 3188 1931 30
3222 1899 3290 1939 fällt
3324 1899 3371 1932 der
3405 1899 3516 1940 Ertrag
3549 1899 3598 1932 der

2743 1943 2828 1983 Zölle
2850 1952 2921 1984 ganz
2944 1944 2975 1976 in
2998 1944 3040 1976 die
3062 1944 3251 1985 Bundeskaffe
3284 1944 3344 1976 und
3378 1944 3506 1984 erhalten
3539 1944 3599 1983 also

2742 1988 2785 2020 die
2800 1988 2935 2021 Kantone
2957 1989 3000 2020 die
3022 1989 3183 2030 bisherigen
3197 1988 3518 2030 Zollentschädigungen
3528 1988 3605 2029 nicht

2743 2032 2832 2074 mehr.
2879 2033 2955 2072 Nach
2978 2033 3045 2067 Art.
3072 2035 3089 2065 1
3115 2033 3162 2067 der
3192 2033 3600 2075 Uebergangsbestimmungen

2743 2078 2835 2118 jedoch
2857 2078 2956 2111 konnte
2972 2078 3136 2116 Kantonen,
3161 2078 3279 2118 welchen
3300 2078 3383 2117 durch
3407 2078 3450 2111 die
3462 2078 3529 2111 Art.
3550 2080 3603 2117 20,

2746 2125 2765 2155 3
2778 2125 2798 2155 0
2834 2123 2894 2155 und
2929 2125 2969 2155 36
3006 2123 3064 2156 eine
3107 2123 3257 2164 fiskalische
3291 2123 3422 2163 Einbuße
3457 2123 3603 2162 erwächst,

2745 2168 2880 2208 während
2903 2168 3008 2209 einiger
3029 2167 3127 2209 Jahre
3148 2168 3216 2207 noch
3248 2168 3293 2201 ein
3316 2168 3401 2208 Theil
3422 2168 3508 2206 dieser
3530 2168 3604 2201 Ent¬

2745 2212 2913 2254 schädigung
2934 2212 3096 2254 verabfolgt
3111 2213 3231 2251 werden,
3255 2217 3319 2247 was
3330 2213 3397 2253 auch
3410 2212 3549 2254 geschehen
3560 2213 3604 2254 ist.

2812 2257 2862 2296 In
2892 2256 3031 2297 derselben
3064 2258 3205 2291 Nummer
3227 2258 3277 2291 des
3302 2257 3503 2297 „Landboten"
3530 2258 3605 2297 lese»

2748 2302 2803 2334 wir
2826 2307 2884 2335 von
2908 2302 2960 2335 den
2975 2302 3186 2344 Bemühungen
3209 2302 3257 2335 des
3279 2303 3374 2343 Herrn
3398 2302 3606 2342 Schramm,

2748 2347 2898 2382 Direktors
2920 2347 2967 2380 der
2990 2347 3106 2388 schweiz.
3130 2348 3607 2389 Hagelverficherungsgesellschast,

2748 2400 2834 2434 gegen
2856 2392 2900 2424 die
2922 2392 3060 2433 Vorlage.
3107 2392 3204 2426 Wenn
3228 2393 3258 2432 er
3286 2392 3375 2432 sein
3400 2393 3527 2433 Pensum
3549 2392 3608 2425 ein¬

2749 2439 2812 2470 mal
2842 2436 2873 2469 in
2895 2436 3060 2478 Richtigkeit
3094 2437 3223 2479 gebracht
3256 2437 3347 2478 haben
3379 2437 3463 2476 wird,
3499 2437 3611 2470 werden

2748 2482 2810 2523 ihm
2832 2482 2929 2521 unsere
2940 2481 3122 2523 Landwirthe
3143 2491 3227 2523 gerne
3239 2482 3373 2524 glauben,
3397 2482 3454 2522 daß
3479 2491 3509 2515 er
3524 2482 3610 2523 ihnen

2751 2526 2820 2566 auch
2836 2526 2868 2560 in
2880 2526 2988 2559 andern
2999 2526 3117 2568 Dingen
3128 2528 3232 2567 unser»
3254 2527 3611 2567 schweizerische»

2751 2572 2915 2613 Interessen
2952 2571 3176 2611 entsprechenden
3210 2572 3290 2614 Rath
3324 2581 3359 2612 zu
3399 2572 3534 2614 ertheilen
3566 2572 3608 2605 im

2753 2616 2870 2650 Stande
2892 2616 2937 2655 sei.

2826 2679 2863 2685 —
2891 2662 2957 2695 Das
2981 2661 3097 2695 Komite
3129 2661 3177 2694 der
3211 2661 3408 2702 zürcherischen
3437 2661 3612 2702 Mitglieder

2754 2706 2802 2739 der
2826 2706 3169 2748 Bundesversammlung,
3205 2706 3303 2746 welche
3337 2707 3416 2740 einm
3437 2707 3550 2749 Aufruf
3576 2715 3613 2748 zu

2756 2751 2887 2791 Gunsten
2908 2752 2956 2783 der
2978 2751 3220 2792 Alkoholvorlage
3243 2752 3359 2793 erlassen
3391 2751 3494 2793 haben,
3529 2751 3614 2793 theilt

2756 2796 2822 2834 mit,
2847 2795 2904 2835 daß
2919 2796 3132 2837 Nationalrath
3146 2796 3425 2837 Bühler-Honegger
3439 2796 3508 2836 nach
3524 2797 3612 2836 seiner

2756 2840 2890 2880 Rückkehr
2912 2841 2961 2880 sich
2994 2841 3050 2874 mit
3083 2840 3172 2882 jenem
3196 2842 3308 2882 Aufruf
3332 2842 3544 2883 einverstanden
3567 2850 3610 2875 er¬

2757 2886 2833 2919 klärt
2854 2885 2914 2919 und
2937 2885 2990 2918 das
3013 2884 3127 2919 Komite
3149 2886 3315 2928 ermächtigt
3336 2886 3397 2928 hat,
3428 2887 3482 2920 den
3505 2885 3613 2920 andern

2759 2930 2875 2964 Namen
2896 2930 2987 2971 seinen
3010 2930 3123 2972 eigenen
3144 2930 3320 2972 beizufügen.

2831 2993 2866 2998 —
2904 2975 2961 3009 Die
2998 2975 3113 3015 „Cchw.
3145 2975 3320 3016 Grenzpost"
3345 2975 3479 3016 schreibt:
3534 2976 3614 3015 „Der

2758 3020 2987 3062 Haupteinwurf
3008 3020 3057 3053 der
3080 3021 3192 3062 Gegner
3225 3020 3291 3060 läßt
3318 3021 3368 3062 sich
3391 3021 3480 3061 dahin
3503 3021 3613 3062 fassen:

2763 3065 2847 3106 „Ihr
2868 3065 2969 3106 habt",
3005 3066 3088 3107 sagen
3120 3066 3165 3106 sie,
3205 3065 3307 3107 „durch
3342 3066 3401 3099 eine
3422 3066 3617 3108 Verquickung

2760 3111 2858 3151 zweier
2881 3110 3171 3151 grundverschiedener
3193 3111 3318 3152 Fragen,
3342 3115 3397 3144 aus
3421 3111 3497 3144 einer
3521 3110 3615 3150 Sache

2759 3156 2807 3188 der
2830 3155 2939 3189 Moral
2961 3155 3020 3188 eine
3031 3155 3124 3195 Sache
3146 3156 3193 3188 deS
3209 3156 3352 3198 gemeinen
3363 3155 3468 3190 Geldes
3480 3156 3615 3198 gemacht.

2760 3200 2837 3234 Euer
2860 3200 2947 3242 Gesetz
2969 3200 3050 3238 sollte
3074 3200 3133 3233 eine
3154 3201 3317 3241 moralische
3339 3201 3418 3241 That
3440 3201 3561 3240 werden,
3585 3200 3618 3241 ja

2760 3245 2807 3287 ihr
2830 3247 2910 3287 wagt
2932 3249 2969 3282 es.
2995 3245 3171 3285 heuchlerisch
3194 3255 3297 3288 genug,
3321 3244 3444 3286 dasselbe
3467 3245 3527 3288 jetzt
3548 3245 3617 3286 noch

2760 3291 2811 3332 für
2835 3290 2895 3323 eine
2917 3290 3002 3331 solche
3024 3291 3211 3333 auszugeben.
3249 3292 3299 3331 In
3321 3291 3401 3332 That
3424 3291 3485 3324 und
3507 3290 3618 3332 Wahr¬

2760 3335 2820 3377 heit
2843 3334 2910 3369 aber
2932 3335 2967 3375 ist
2991 3339 3019 3369 es
3042 3335 3102 3369 eine
3125 3345 3195 3377 ganz
3207 3336 3342 3369 ordinäre
3353 3336 3618 3376 Finanzoperation

2762 3380 2917 3422 geworden.
2964 3380 3030 3413 Und
3067 3381 3123 3414 mit
3154 3380 3355 3423 hochgradiger
3388 3381 3523 3422 sittlicher
3546 3381 3618 3414 Ent¬

2762 3426 2885 3467 rüstung
2907 3424 3038 3467 schwingt
3075 3426 3131 3466 Hr.
3156 3426 3255 3465 Curti,
3278 3426 3327 3459 der
3349 3426 3408 3466 also
3430 3425 3541 3467 spricht,
3576 3426 3619 3459 die

2763 3470 2866 3511 Geißel
2889 3471 2973 3510 seines
2990 3470 3116 3510 Spottes
3139 3470 3209 3504 über
3232 3472 3329 3512 unsere
3343 3471 3546 3505 Bundesväter
3559 3471 3619 3505 und

2762 3515 2826 3557 jagt
2849 3515 2892 3548 die
2914 3515 3038 3549 Krämer
3065 3516 3126 3549 und
3148 3515 3293 3557 Wechsler
3327 3520 3382 3550 aus
3415 3516 3478 3550 dem
3500 3517 3619 3556 Tempel

2763 3562 2810 3594 der
2827 3561 2948 3594 Nation.

2836 3605 3001 3646 „Fürwahr
3037 3606 3096 3640 eine
3137 3605 3270 3647 heroische
3303 3605 3502 3647 Erscheinung,
3536 3605 3620 3646 dieser

2764 3651 3013 3692 Tempelreiniger.
3038 3651 3104 3684 Und
3134 3660 3186 3684 um
3221 3651 3273 3691 ihn
3305 3651 3405 3692 herum
3437 3651 3515 3692 sitzen
3548 3650 3620 3689 seine

2764 3696 2903 3737 Jünger:
2927 3696 3138 3737 wohlgenährte
3160 3695 3302 3734 Arbeiter,
3328 3695 3511 3737 Gastwirthe,
3535 3696 3621 3734 Divi¬

2765 3741 2871 3774 denden
2895 3740 3098 3782 einstreichende
3134 3740 3379 3779 Spritaktionäre,
3414 3741 3620 3782 Fuselbauern,

2767 3785 3029 3825 Schnapstrinker,
3066 3785 3258 3827 eingefleischte
3292 3785 3453 3828 Neinsager,
3490 3785 3623 3819 nebenbei

2766 3831 2872 3871 freilich
2897 3831 2964 3872 auch
2986 3831 3074 3871 hrave
3098 3831 3239 3870 Arbeiter,
3275 3831 3317 3864 die
3352 3831 3411 3872 ihm
3445 3831 3520 3865 alles
3543 3831 3623 3872 auf's

2766 3876 2856 3910 Wort
2878 3876 3011 3917 glauben,
3036 3876 3095 3910 eine
3118 3876 3332 3918 eigenthümlich
3355 3875 3496 3918 gemischte
3515 3875 3621 3917 Gesell-

337 4015 509 4068 jtnMm
539 4014 653 4059 1885,

283 4115 304 4150 t
323 4114 485 4150 August
514 4112 727 4143 Corrodi.

382 4157 634 4189 1826-1885.

411 4207 605 4244 (Fortsetzung.)

135 4250 194 4281 Mit
221 4252 302 4281 lauter
329 4249 554 4284 Waldeinsamkeit,
583 4248 697 4284 Idyllen,
726 4247 932 4282 Kinderschriften

81 4290 138 4322 und
155 4291 348 4324 Romantisiren
366 4291 420 4327 geht
437 4293 465 4320 es
483 4289 591 4324 indessen
617 4289 680 4320 nicht
698 4288 735 4318 im
752 4287 839 4318 Leben.
875 4288 933 4318 Der

81 4331 187 4365 Mensch
204 4331 289 4366 bedarf
306 4332 374 4361 einer
390 4331 536 4366 geoidneten
555 4329 764 4365 Lebensstellung.
781 4328 848 4364 Auch
866 4328 933 4358 Cor¬

81 4372 140 4404 rodi
158 4372 244 4407 mutzte
261 4372 343 4402 daran
361 4371 458 4402 denken.
493 4371 553 4401 Wir
579 4371 676 4400 werden
703 4372 731 4399 es
758 4369 814 4399 dem
844 4368 933 4399 Wald-

84 4413 178 4448 freund
196 4422 249 4449 xar
267 4412 425 4440 excellenee
452 4411 517 4445 nicht
542 4418 670 4446 verargen,
697 4418 771 4440 wenn
799 4417 825 4439 er
851 4409 933 4439 daran

81 4454 173 4489 dachte,
190 4453 347 4488 Forstmann
365 4461 394 4488 zu
411 4452 519 4483 werden.
554 4451 631 4481 Leben
649 4451 685 4480 im
698 4450 788 4480 Walde
805 4449 867 4484 hätte
880 4449 933 4483 ihm

85 4495 156 4530 schon
175 4494 277 4530 behagt;
295 4494 328 4524 ob
346 4494 403 4527 auch
420 4494 458 4524 die
469 4492 542 4528 Axt?
578 4491 727 4527 Immerhin
739 4499 794 4521 war
806 4494 833 4520 es
845 4490 934 4521 natür-

85 4536 167 4571 likher,
194 4535 243 4569 dah
270 4543 295 4564 er
315 4534 386 4564 1862
402 4535 454 4564 eine
471 4533 556 4564 Stelle
573 4533 616 4562 als
632 4531 872 4568 Zeichnungslehrer
898 4539 933 4561 an

86 4576 136 4606 den
154 4575 247 4611 Hähern
265 4575 380 4608 Schulen
397 4575 425 4604 in
435 4573 594 4609 Winterthur
604 4574 698 4607 antrat,
716 4572 755 4602 die
772 4580 799 4602 er
811 4572 851 4602 bis
863 4572 935 4601 1880

84 4616 221 4647 bekleidete.
255 4615 388 4651 Behaglich
404 4623 460 4645 war
476 4617 505 4644 es
522 4614 575 4648 ihm
593 4613 632 4644 nie
649 4613 711 4646 recht
729 4613 766 4642 im
782 4612 935 4647 Schulfrack.

86 4658 153 4691 Sich
171 4658 199 4687 in
217 4656 359 4693 allzustarke
376 4655 473 4691 Fesseln
491 4655 534 4685 der
551 4653 761 4690 Regelmätzigkeit
779 4653 887 4689 schlagen
904 4661 935 4689 zu

85 4698 176 4733 lassen,
193 4705 248 4728 war
265 4696 331 4731 nicht
349 4696 411 4730 seine
428 4695 519 4729 Sache.
553 4695 610 4725 Der
626 4694 704 4729 Poete
729 4694 756 4723 in
776 4693 829 4725 ihm
846 4694 936 4729 mochte

86 4738 243 4775 gelegentlich
261 4737 308 4768 mit
321 4737 375 4767 dem
385 4736 539 4772 Pädagogen
550 4736 579 4765 in
592 4735 683 4765 innern
691 4734 805 4770 Konflikt
815 4734 935 4765 kommen.

86 4778 247 4813 Gemüthlich
266 4786 351 4808 waren
376 4777 438 4811 seine
460 4776 585 4807 Stunden
611 4775 664 4805 und
691 4783 766 4804 wenn
793 4777 855 4805 etwa
883 4775 936 4805 eine

85 4818 262 4854 Poesiestunde
279 4820 378 4849 daraus
396 4817 490 4851 wurde,
518 4817 544 4848 so
565 4816 648 4851 halten
667 4815 733 4849 wohl
751 4815 789 4844 die
808 4816 937 4850 Backfische

85 4859 151 4894 nicht
170 4860 256 4894 gerade
273 4860 322 4890 viel
340 4859 456 4895 dagegen.
491 4858 602 4888 Corrodi
620 4865 675 4887 war
697 4856 756 4890 auch
775 4856 889 4891 vielleicht
907 4864 937 4892 zu

84 4900 141 4936 sehr
158 4899 286 4936 Künstler,
313 4908 361 4930 um
386 4908 421 4929 an
446 4899 495 4929 den
521 4898 698 4933 zeichnerislhcn
722 4896 866 4931 Produkten
894 4897 938 4927 der

87 4939 310 4976 12—15jährigen
334 4940 451 4975 Schüler,
486 4947 537 4970 von
563 4938 641 4968 denen
667 4937 762 4967 einmal
788 4937 817 4967 in
843 4937 938 4968 Gottes

85 4981 190 5013 Namen
209 4988 261 5010 nur
279 4981 373 5016 wenige
391 4980 434 5015 für
451 4980 489 5010 die
506 4979 588 5013 Kunst
605 4978 720 5014 beanlagt
738 4976 803 5013 sind,
822 4977 869 5007 viel
886 4977 938 5008 Be¬

83 5020 230 5058 friedigung
248 5028 277 5055 zu
294 5021 391 5056 finden.
425 5020 574 5056 Immerhin
587 5019 676 5052 machte
686 5026 713 5047 er
725 5017 939 5053 Anstrengungen

85 5069 132 5098 zur
149 5060 357 5096 Methodifirung
374 5062 417 5091 des
426 5059 755 5097 Zeichnungsunterrichts;
772 5058 830 5091 doch
843 5058 939 5089 blieben

84 5103 153 5138 seine
172 5100 476 5137 „Pflanzenornamente"
496 5101 560 5132 beim
584 5100 661 5135 ersten
678 5099 749 5135 Hefte
775 5098 856 5135 stehen
884 5098 939 5129 und

86 5142 152 5178 seine
173 5141 397 5178 „landschaftlichen
414 5141 571 5178 Vorlagen',
588 5141 626 5171 die
644 5140 696 5176 ihm
713 5139 759 5174 auf
776 5139 820 5170 der
836 5138 939 5170 Wiener

86 5182 319 5217 Weltausstellung
336 5182 390 5211 eine
406 5182 597 5219 Auszeichnung
619 5182 759 5217 eintrugen,
786 5180 864 5215 sollen
891 5180 940 5216 erst

87 5224 266 5260 veröffentlicht
287 5222 396 5253 werden.

146 5269 240 5304 Gewiß
257 5267 323 5305 hatte
341 5267 450 5299 Corrodi
476 5267 521 5305 für
546 5268 595 5300 das
612 5268 733 5305 Zeichnen
759 5266 939 5303 künstlerischcS

972 3973 1072 4002 Talent.
1108 3971 1179 4001 Sein
1198 3971 1506 4006 Schneewittchen
1525 3986 1556 3993 —
1577 3972 1614 4002 die
1633 3972 1667 4001 12
1686 3972 1823 4007 Original-

973 4012 1051 4042 blldcr
1078 4012 1134 4047 sind
1164 4013 1192 4041 in
1214 4012 1307 4042 Berlin
1327 4028 1358 4032 —
1378 4013 1429 4042 und
1466 4012 1518 4046 sein
1545 4012 1669 4046 Märchen
1697 4020 1746 4043 von
1777 4013 1822 4042 den

973 4053 1096 4089 Zwergen
1114 4060 1204 4088 zeugen
1222 4060 1272 4082 von
1292 4052 1360 4086 tiefer
1374 4052 1529 4088 Auffassung
1542 4053 1596 4082 und
1606 4056 1717 4088 getreuer
1726 4053 1823 4087 Durch¬

974 4093 1086 4129 führung
1104 4092 1146 4121 der
1163 4092 1276 4127 Figuren
1295 4092 1348 4121 und
1366 4092 1409 4122 der
1427 4092 1614 4128 Komposition.
1640 4093 1723 4123 Seine
1734 4093 1824 4123 Bilder

974 4141 1004 4168 zu
1022 4132 1068 4163 den
1086 4132 1300 4166 Kinderschriften,
1318 4132 1356 4161 die
1373 4132 1574 4168 Illustrationen
1592 4140 1621 4168 zu
1639 4133 1689 4163 den
1709 4133 1824 4169 „Drut¬

975 4174 1035 4208 sche
1045 4172 1546 4206 nReimenundNäthseln"
1566 4173 1614 4209 (36
1632 4174 1742 4208 Blätter,
1762 4173 1825 4204 Gio-

976 4222 1027 4249 gau
1045 4213 1128 4249 1863)
1147 4213 1269 4243 bekunden
1300 4213 1363 4247 nicht
1390 4213 1489 4243 minder
1517 4214 1580 4244 seine
1604 4214 1730 4250 gewandte
1749 4214 1825 4250 Hand

976 4255 1030 4285 und
1047 4254 1287 4289 Gestaltungskraft.
1333 4253 1390 4284 Mit
1418 4253 1469 4287 ächt
1501 4254 1694 4290 künstlerischem
1720 4254 1826 4290 Geschick

976 4295 1052 4329 stellte
1068 4303 1095 4325 er
1113 4295 1152 4324 die
1170 4294 1310 4328 Landschaft
1337 4294 1365 4323 in
1392 4294 1475 4328 seinen
1494 4294 1752 4331 Kohlenzeichnungen
1771 4296 1824 4325 dar.

977 4335 1034 4365 Mit
1051 4335 1099 4365 den
1126 4334 1266 4370 einfachsten
1294 4333 1404 4363 Mitteln
1438 4334 1525 4369 wußte
1552 4343 1579 4364 er
1605 4335 1643 4364 die
1671 4335 1745 4369 Licht-
1773 4335 1826 4364 und

978 4375 1180 4411 Schatteneffekte
1198 4382 1241 4410 zur
1259 4374 1344 4405 vollen
1361 4373 1487 4410 Wirkung
1506 4382 1534 4410 zu
1547 4375 1663 4411 bringen.
1681 4376 1741 4406 Den
1749 4375 1827 4406 Wald

978 4416 1026 4445 mit
1042 4416 1124 4450 seinen
1142 4415 1232 4451 Reizen
1250 4415 1452 4450 wiederzugeben,
1471 4423 1527 4445 war
1545 4416 1609 4448 seine
1626 4415 1732 4451 Freude.
1769 4416 1827 4447 Wir

978 4457 1041 4490 lesen
1058 4457 1086 4485 in
1105 4456 1196 4491 seinem
1213 4456 1282 4489 Buch
1303 4455 1409 4489 „Ernste
1425 4455 1571 4490 Absichten"
1592 4456 1751 4493 Folgendes:

1034 4496 1214 4532 „Tiefeinsame
1240 4496 1424 4530 Waldschlucht,
1451 4495 1548 4531 Filsen,
1575 4496 1696 4532 Tannen,
1721 4497 1827 4532 Wasser,

978 4536 1087 4567 Kräuter
1106 4537 1159 4566 und
1177 4536 1288 4572 Binsen;
1322 4535 1492 4571 Farrenkraut
1520 4536 1574 4566 und
1600 4538 1650 4566 alte
1678 4539 1829 4568 vermoderte

978 4577 1150 4613 Wurzelstöcke
1168 4578 1205 4607 im
1222 4576 1412 4613 Vordergrund.
1441 4576 1487 4612 In
1505 4577 1542 4607 die
1553 4577 1632 4607 Mitte
1644 4577 1729 4612 hinein
1741 4579 1829 4614 ruhige

979 4618 1187 4655 Schattenmasse,
1205 4617 1318 4654 blitzende
1335 4617 1509 4652 Durchstchten
1533 4618 1591 4648 weil
1608 4618 1637 4648 in
1655 4617 1695 4648 die
1712 4618 1829 4654 Einsam¬

979 4658 1024 4689 keit
1043 4659 1154 4693 hinein."

1033 4699 1128 4735 Passen
1146 4700 1205 4733 diese
1223 4699 1311 4730 Worte
1328 4699 1391 4733 nicht
1409 4699 1452 4734 auf
1470 4698 1509 4729 die
1526 4699 1580 4729 eine
1598 4698 1655 4730 oder
1672 4699 1763 4730 andere
1779 4708 1830 4730 von

980 4740 1116 4771 Corrodi's
1126 4740 1312 4776 Zeichnungen,
1330 4740 1367 4770 die
1386 4739 1434 4769 wir
1451 4747 1500 4769 vor
1509 4740 1566 4774 zwei
1575 4738 1678 4774 Jahren
1688 4741 1723 4770 im
1733 4740 1830 4776 Musik¬

980 4782 1033 4816 saal
1050 4781 1105 4811 und
1122 4781 1252 4816 jüngsthin
1270 4781 1300 4810 in
1317 4781 1359 4811 der
1368 4780 1583 4815 Kunsthandlung
1592 4781 1752 4816 Appenzeller
1770 4784 1831 4812 aus¬

980 4822 1071 4858 gestellt
1090 4821 1188 4857 sahen?
1224 4821 1310 4856 Besser
1328 4823 1371 4851 als
1388 4821 1474 4854 unsere
1500 4820 1589 4851 Worte
1614 4823 1641 4851 es
1670 4822 1831 4857 vermöchten,

981 4863 1107 4895 beleuchtet
1126 4862 1185 4897 auch
1203 4862 1315 4892 Corrodi
1346 4862 1374 4892 in
1399 4862 1489 4897 seinem
1507 4861 1650 4897 erwähnten
1669 4862 1751 4898 Buche
1770 4863 1832 4898 seine

980 4902 1164 4939 Zeichnungen,
1182 4910 1255 4932 wenn
1272 4910 1300 4932 er
1316 4910 1345 4933 u.
1362 4902 1394 4933 A.
1412 4901 1527 4937 schreibt:

1053 4943 1139 4979 „Jst's
1157 4943 1210 4973 eine
1228 4942 1363 4977 bestimmte
1383 4942 1488 4978 Gegend
1505 4943 1541 4972 im
1559 4941 1690 4972 Walde?"

983 4984 1056 5020 „„Ja
1082 4983 1137 5013 eine
1163 4982 1300 5018 bestimmte
1327 4982 1433 5019 Gegend
1463 4981 1703 5018 ist's.-Ich
1727 4983 1773 5013 bin
1796 4983 1834 5014 die

1441 5022 1590 5059 Gegend."

1037 5064 1297 5099 „-Wenn
1322 5072 1379 5094 nun
1397 5064 1445 5095 das
1463 5065 1527 5095 keine
1544 5064 1632 5100 Poesie
1650 5064 1692 5099 ist,
1718 5064 1769 5099 daß
1795 5066 1835 5096 ein

982 5104 1103 5138 einsamer
1121 5104 1199 5140 stiller
1216 5105 1307 5135 Mann
1326 5105 1377 5139 sein
1394 5106 1463 5142 eigen
1480 5104 1530 5140 Ich
1556 5106 1586 5135 in
1604 5105 1686 5136 einem
1703 5105 1836 5137 Waldbild

982 5145 1157 5180 ausplaudert,
1181 5145 1207 5179 so
1225 5145 1294 5182 frage
1311 5146 1345 5180 ich
1363 5146 1430 5181 Euch
1453 5147 1514 5180 nach
1530 5146 1656 5181 Besserem
1669 5146 1835 5176 I-

984 5184 1061 5219 Wohl
1078 5184 1128 5214 das
1145 5193 1202 5215 war
1218 5187 1287 5216 mein
1304 5185 1366 5216 Van
1384 5186 1507 5222 Weyden.
1541 5187 1631 5221 Dieser
1652 5186 1710 5222 leise
1726 5186 1836 5218 träume¬

984 5225 1054 5260 rische
1062 5224 1154 5256 Mann
1172 5226 1221 5256 mit
1234 5226 1324 5259 seinem
1334 5226 1540 5262 Dämmerleben,
1558 5227 1637 5262 seiner
1653 5227 1728 5262 tiefen
1737 5227 1837 5262 Inner¬

983 5265 1090 5302 lichkeit,
1118 5266 1209 5302 seinem
1234 5266 1451 5303 liebebedürstigcn
1484 5267 1587 5304 Herzen.
1605 5282 1639 5290 —
1657 5268 1705 5299 Da
1731 5269 1784 5300 trat
1809 5271 1836 5299 es

1871 3972 1922 4001 mir
1939 3973 2057 4007 entgegen
2075 3971 2128 4001 dies
2147 3972 2254 4005 einsame
2266 3972 2469 4006 Menschenleben
2487 3972 2514 4002 in
2533 3972 2620 4007 reicher
2632 3972 2721 4002 Wald¬

1870 4012 1988 4048 symbolik
2005 4012 2060 4042 und
2078 4012 2110 4045 ich
2129 4020 2184 4042 war
2202 4012 2356 4042 wunderbar
2373 4013 2514 4048 ergriffen."

1923 4053 1966 4088 In
1983 4053 2024 4083 der
2042 4052 2125 4083 Stille
2150 4053 2193 4083 des
2210 4052 2351 4088 Waldsces,
2368 4053 2396 4083 in
2413 4053 2470 4082 dem
2486 4052 2617 4087 Gewitter,
2638 4054 2666 4083 in
2679 4053 2721 4083 der

1870 4095 1954 4128 zarten
1971 4093 2143 4128 Waldblume,
2170 4094 2205 4123 im
2223 4093 2366 4127 drohenden
2384 4093 2567 4129 Wolkenschloß
2595 4094 2722 4129 offenbart

1870 4134 1915 4169 sich
1931 4134 1960 4164 in
1977 4134 2024 4164 den
2041 4133 2217 4170 Zeichnungen
2237 4136 2317 4164 etwas
2344 4142 2395 4164 von
2421 4136 2478 4164 dem
2496 4134 2722 4170 geheimnißvollen

1871 4174 1948 4205 Leben
1966 4174 2008 4204 der
2024 4173 2203 4207 Künstlerseele
2231 4175 2261 4204 in
2279 4174 2360 4208 ihrem
2378 4174 2545 4210 freundlichen
2562 4174 2650 4205 Lallen
2669 4175 2722 4205 und

1872 4215 1940 4246 ihren
1959 4215 2030 4249 tiefen
2050 4214 2173 4250 Affekten.
2190 4214 2241 4244 Wo
2254 4214 2367 4245 Corrodi
2384 4215 2421 4244 die
2434 4215 2522 4245 Worte
2542 4215 2642 4250 fehlten,
2659 4216 2723 4249 seine

1871 4254 2063 4289 Stimmungen
2080 4254 2134 4284 und
2153 4254 2262 4290 Gefühle
2279 4254 2471 4290 auszudrücken,
2494 4255 2525 4285 da
2545 4255 2596 4289 half
2614 4255 2667 4290 ihm
2686 4254 2724 4285 die

1871 4295 1948 4331 Hand
1966 4296 2003 4325 im
2020 4295 2096 4326 Bilde
2112 4303 2143 4331 zu
2161 4295 2286 4331 gestalten,
2312 4298 2370 4325 was
2396 4295 2460 4330 seine
2478 4295 2554 4325 Seele
2571 4295 2722 4330 durchbebte.

1872 4336 1929 4366 Wie
1946 4336 2009 4371 seine
2027 4336 2124 4370 ernsten
2134 4335 2324 4371 Stimmungen
2343 4338 2395 4366 uns
2412 4336 2441 4366 in
2461 4336 2540 4369 seinen
2553 4335 2723 4371 Landschafts¬

1873 4376 1969 4406 bildern
1979 4376 2202 4412 entgegenklingen,
2220 4376 2248 4412 so
2260 4376 2322 4412 schuf
2335 4376 2385 4411 sein
2393 4376 2609 4412 Heinegetränkter
2617 4377 2722 4412 Humor

1873 4417 1926 4447 eine
1942 4417 2018 4451 Reihe
2035 4425 2088 4446 von
2105 4417 2258 4453 ergötzlichen
2275 4417 2379 4452 Skizzen
2395 4417 2450 4447 und
2467 4417 2643 4453 Zeichnungen
2676 4418 2724 4448 wie

1873 4465 1893 4493 z.
1912 4458 1945 4488 B.
1964 4457 2002 4487 die
2019 4457 2110 4488 Bilder
2127 4465 2159 4493 zu
2176 4457 2306 4491 bildlichen
2323 4457 2438 4487 Worten.

1926 4498 1988 4528 Von
2007 4497 2076 4527 1863
2094 4498 2136 4527 bis
2155 4497 2224 4527 1870
2255 4498 2327 4532 ruhte
2346 4497 2483 4528 Corrodi's
2509 4498 2726 4533 schriftstellerische

1874 4538 2018 4575 Thätigkeit.
2054 4538 2100 4569 Ob
2116 4538 2181 4572 seine
2198 4538 2325 4574 Lehrstelle
2357 4539 2412 4568 oder
2430 4538 2516 4575 Freud
2536 4539 2589 4569 und
2606 4539 2665 4569 Leid
2684 4539 2726 4570 der

1875 4579 1974 4614 eigenen
1986 4578 2162 4615 Häuslichkeit,
2179 4578 2216 4609 die
2234 4587 2262 4609 er
2280 4579 2324 4614 sich
2344 4579 2412 4608 1863
2429 4578 2550 4614 gründete
2568 4579 2626 4609 oder
2645 4581 2726 4610 etwas

1874 4620 1989 4650 Anderes
2007 4620 2088 4649 daran
2104 4619 2204 4654 Schuld
2221 4619 2301 4650 war?
2337 4619 2408 4649 1870
2424 4620 2529 4655 erschien
2549 4620 2599 4654 sein
2611 4620 2727 4656 längerer

1875 4661 1995 4695 Roman:
2014 4659 2251 4695 „Blühendes
2278 4660 2418 4692 Leben'.
2454 4660 2510 4695 Für
2538 4660 2614 4695 dieses
2637 4660 2727 4692 Gebiet

1876 4709 1932 4732 war
1949 4709 2005 4731 nun
2023 4701 2160 4731 Corrodi's
2172 4700 2220 4731 Art
2239 4701 2284 4731 des
2295 4701 2432 4736 Schaffens
2443 4702 2507 4733 nicht
2513 4701 2631 4737 geeignet.
2650 4702 2728 4736 Wohl

1877 4742 1931 4777 sind
1948 4743 1985 4772 im
2004 4742 2141 4778 Einzelnen
2159 4741 2197 4771 die
2207 4741 2407 4778 Darstellungen
2423 4741 2479 4772 und
2490 4741 2592 4777 Szenen
2610 4743 2728 4778 plastisch,

1877 4783 1930 4812 und
1948 4783 2035 4817 wahr;
2063 4784 2122 4813 aber
2151 4785 2179 4812 es
2205 4782 2266 4816 fehlt
2292 4782 2350 4813 dem
2368 4782 2474 4818 Ganzen
2495 4782 2533 4812 die
2552 4782 2662 4819 Einheit,
2687 4783 2728 4814 der

1877 4823 2108 4859 Zusammenhang.
2144 4823 2226 4854 Dann
2246 4823 2324 4857 macht
2343 4823 2387 4858 sich
2403 4823 2464 4857 auch
2482 4823 2510 4854 in
2528 4823 2616 4857 diesem
2635 4824 2727 4859 Buche,

1878 4864 1925 4893 wie
1942 4864 1971 4893 in
1988 4863 2034 4893 den
2051 4864 2133 4899 später
2151 4863 2315 4899 erschienenen
2334 4863 2592 4898 „Geschichten"
2622 4863 2729 4900 (Zürich

1879 4904 1971 4940 1880),
1996 4904 2048 4939 jene
2068 4904 2322 4940 Gotthelf-Derbheit,
2340 4905 2390 4934 wir
2414 4904 2522 4935 könnten
2554 4904 2628 4940 besser
2652 4905 2728 4941 sagen

1879 4945 2121 4979 Cocrodi-Derbheit
2131 4946 2235 4981 geltend,
2253 4945 2292 4975 die
2304 4946 2340 4976 im
2349 4945 2448 4976 Dialekt
2460 4946 2526 4978 wohl
2538 4946 2651 4981 mitgeht,
2668 4946 2728 4977 aber

1879 4987 1908 5015 in
1924 4986 1967 5016 der
1984 4985 2176 5021 Schriftsprache
2184 4986 2290 5020 abstößt.
2309 4987 2389 5017 Unter
2400 4986 2538 5016 Corrodi's
2550 4986 2728 5024 Erzählungen

1879 5027 1910 5062 ist
1927 5027 1965 5057 die
1982 5027 2011 5056 in
2027 5026 2071 5057 der
2088 5026 2219 5057 Mundart
2238 5027 2349 5062 verfaßte
2363 5026 2429 5061 „Ein
2442 5026 2624 5063 Wespenstich"
2644 5027 2683 5057 die
2695 5027 2732 5057 be¬

1880 5067 2047 5103 friedigendste
2056 5075 2066 5101 ;
2084 5067 2151 5102 sonst
2163 5067 2242 5098 leiden
2251 5067 2284 5102 sie
2294 5067 2320 5101 so
2328 5067 2432 5103 ziemlich
2445 5067 2495 5097 alle
2507 5076 2543 5098 an
2555 5067 2610 5098 dem
2619 5067 2733 5103 Mangel

1880 5107 1976 5140 tieferer
1993 5106 2163 5143 Motivirung
2182 5109 2236 5137 und
2258 5107 2417 5142 einheitlicher
2437 5107 2649 5143 Durchfühmng.
2680 5107 2731 5138 Sie

1881 5148 1988 5182 scheinen
2005 5148 2052 5178 alle
2072 5148 2142 5183 mehr
2161 5148 2217 5178 oder
2235 5148 2345 5184 weniger
2362 5147 2448 5178 über's
2466 5148 2531 5180 Knie
2549 5149 2733 5184 abgebrochen;

1882 5190 1910 5218 es
1927 5187 1957 5224 ist
1975 5188 2017 5218 als
2034 5188 2068 5218 ob
2085 5188 2122 5218 im
2140 5187 2215 5221 Laufe
2232 5188 2278 5218 des
2296 5188 2446 5222 Entstehens
2465 5188 2507 5219 der
2521 5188 2613 5219 Maler
2630 5188 2660 5218 in
2671 5188 2733 5224 ihm,

1883 5229 1925 5259 der
1941 5229 1979 5259 die
1996 5229 2120 5264 einzelnen
2138 5229 2227 5260 Bilder
2255 5236 2285 5265 zu
2302 5228 2350 5259 den
2367 5228 2452 5264 Ideen
2470 5229 2531 5265 gibt,
2559 5229 2615 5260 dem
2632 5229 2733 5265 Dichter

1882 5268 1930 5300 den
1946 5268 2037 5305 Dienst
2055 5268 2153 5300 künden
2171 5268 2267 5300 würde.

2822 3972 2908 4003 Einen
2925 3972 3066 4009 glücklichen
3085 3973 3221 4003 Gedanken
3248 3973 3312 4007 hatte
3334 3972 3453 4007 Corrodi,
3481 3972 3567 4002 indem
3595 3980 3624 4003 er

2768 4012 2815 4043 den
2834 4013 2981 4048 schottischen
2999 4013 3213 4045 Nationaldichter
3231 4013 3260 4043 in
3279 4013 3342 4047 seine
3360 4013 3510 4047 heimatliche
3519 4012 3623 4043 Mund¬

2768 4056 2809 4084 art
2827 4053 2957 4090 übertrug.
2974 4053 3064 4089 Schon
3082 4054 3111 4084 in
3120 4053 3251 4085 München
3270 4054 3335 4087 halte
3352 4053 3396 4088 ihn
3408 4053 3505 4084 Burns
3517 4053 3624 4089 mächtig

2768 4102 2917 4130 angezogen.
2951 4094 3004 4125 Die
3021 4094 3155 4131 englischen
3168 4093 3350 4128 Schriftsteller
3367 4094 3474 4130 bildetest
3486 4094 3546 4128 stets
3558 4093 3623 4128 seine

2768 4134 2995 4171 Lieblingslektüre.
3030 4135 3097 4165 Eine
3115 4134 3207 4170 Frucht
3226 4135 3303 4168 seiner
3315 4134 3510 4171 Beschäftigung
3521 4134 3569 4164 mit
3580 4134 3623 4165 der

2768 4175 2904 4210 englischen
2915 4175 3051 4205 Litteratur
3065 4183 3151 4205 waren
3163 4175 3203 4205 die
3215 4174 3443 4211 1863publizirten
3462 4174 3625 4210 „Sprüche

2769 4214 2834 4245 und
2861 4214 3251 4250 Lebensweisheiten,
3280 4215 3422 4250 gesammelt
3448 4217 3501 4245 aus
3528 4214 3626 4249 Shake-

2770 4255 2877 4290 speare's
2886 4255 3014 4286 Werken."
3036 4256 3078 4291 „B
3088 4264 3106 4285 u
3117 4258 3180 4286 rns
3197 4255 3217 4287 L
3226 4255 3275 4286 ied
3284 4264 3296 4285 e
3305 4256 3335 4285 r"
3355 4255 3529 4291 (Winterthur
3542 4255 3625 4291 1870)

2770 4296 2827 4331 sind
2845 4296 2899 4326 eine
2916 4297 3011 4332 geniale
3029 4296 3191 4331 Wiedergabe
3209 4296 3254 4326 des
3266 4295 3412 4331 schottischen
3422 4296 3549 4330 Dichters.
3570 4296 3627 4332 ,E8

2770 4336 2850 4367 wölbt
2867 4336 2911 4372 sich
2929 4337 2981 4366 eine
3000 4336 3154 4372 unsichtbare
3173 4335 3268 4367 Brücke
3294 4336 3406 4372 zwischen
3434 4337 3515 4371 diesen
3541 4336 3627 4366 beiden

2770 4376 2934 4407 Mundarten
2951 4376 3005 4407 und
3023 4377 3088 4412 Herz
3109 4376 3162 4407 und
3180 4376 3259 4407 Sinn
3289 4377 3368 4411 ziehen
3394 4376 3489 4411 darauf
3516 4376 3624 4410 hinüber

2770 4417 2826 4448 und
2843 4416 2955 4452 herüber.
2990 4417 3066 4452 Kurz,
3084 4417 3158 4451 rauh,
3176 4416 3236 4447 derb
3253 4416 3310 4453 sind
3323 4417 3414 4452 beide',
3432 4417 3485 4453 sagt
3496 4416 3545 4447 das
3557 4417 3627 4448 Vor¬

2770 4460 2846 4489 wort.
2882 4457 2940 4488 Wie
2958 4458 3017 4487 weit
3034 4458 3072 4488 die
3083 4457 3276 4493 Uebertragung
3288 4458 3335 4487 mit
3343 4457 3398 4487 den.
3407 4457 3536 4494 Original
3552 4457 3627 4489 über¬

2770 4499 2918 4535 einstimmt,
2936 4498 3032 4534 ersehen
3040 4498 3099 4529 'wir
3116 4501 3167 4529 aus
3185 4498 3318 4534 folgenden
3336 4498 3459 4533 Proben:

3066 4557 3094 4584 A
3111 4557 3171 4591 red,
3189 4557 3241 4585 red
3258 4557 3339 4586 Rose.

2917 4601 2949 4638 0,
2967 4611 3015 4637 my
3032 4601 3125 4630 luve’s
3143 4601 3202 4629 like
3220 4610 3238 4630 a
3256 4602 3315 4637 red,
3334 4602 3385 4630 red
3402 4610 3474 4637 rose,

2917 4639 3017 4667 That’s
3034 4638 3129 4674 newly
3147 4647 3256 4674 sprung
3272 4638 3303 4666 in
3320 4638 3392 4666 June

2916 4675 2949 4707 0,
2967 4684 3015 4710 my
3033 4674 3123 4703 luve’s
3142 4675 3203 4702 like
3221 4676 3274 4702 the
3291 4674 3406 4710 melody

2917 4711 3017 4740 That’s
3036 4711 3154 4746 sweetly
3172 4710 3273 4747 play’d
3290 4710 3321 4738 in
3339 4711 3407 4739 tune

2971 4801 3038 4831 Min
3055 4800 3145 4837 Schatz
3162 4801 3192 4835 ist
3210 4801 3277 4831 Wien
3294 4803 3323 4830 es
3340 4800 3436 4835 Röseli.

2919 4845 2986 4876 Min
3003 4845 3071 4881 schätz
3088 4845 3120 4881 ist
3138 4845 3232 4875 wienes
3250 4844 3333 4880 röseli,

2919 4881 2971 4911 Wo
2987 4882 3058 4917 frisch
3074 4882 3103 4912 in
3121 4881 3242 4917 'summer
3261 4876 3354 4916 blüeht,

2919 4918 2986 4948 Min
3004 4912 3071 4953 schätz
3088 4918 3119 4952 ist
3137 4918 3216 4948 wiene
3233 4919 3307 4953 guets
3325 4912 3409 4952 schöns
3427 4916 3484 4952 lied,

2920 4953 2992 4984 Won
3009 4955 3050 4984 ein
3068 4954 3094 4988 so
3112 4954 3173 4988 recht
3191 4953 3334 4990 durglüeht.

2992 5043 3015 5072 0
3033 5043 3096 5071 wilt
3115 5044 3188 5072 thou
3205 5052 3242 5080 go
3260 5043 3332 5071 with
3350 5051 3407 5073 me.

2959 5087 2991 5124 0,
3009 5088 3074 5117 wilt
3091 5089 3164 5117 thou
3182 5097 3218 5125 go
3238 5088 3309 5116 with
3326 5096 3381 5122 me,

2993 5124 3088 5154 Sweet
3105 5125 3207 5153 Tibbie
3224 5124 3367 5152 Dnnbar?

2959 5160 2991 5195 0,
3009 5161 3074 5189 wilt
3090 5162 3163 5190 thou
3181 5170 3218 5197 go
3236 5160 3309 5189 with
3326 5170 3382 5195 me,

2996 5197 3090 5226 Sweet
3107 5197 3208 5226 Tibbie
3224 5196 3345 5226 Dunbar
3354 5197 3370 5226 ?

2960 5234 3035 5263 Wilt
3052 5235 3126 5262 thou
3143 5234 3204 5262 ride
3225 5242 3264 5262 on
3281 5243 3299 5262 a
3317 5235 3412 5269 horse,

2999 5270 3038 5299 Or
3054 5271 3090 5299 be
3109 5271 3209 5300 «irawn
3225 5271 3257 5300 in
3274 5280 3293 5300 a
3310 5280 3365 5306 car,
