3069 4606
436 455 595 483 Abonnement»

581 484 669 510 Jührllch.
693 485 705 503 8
713 484 796 506 Slonole.
821 486 833 505 8
841 485 925 506 Monate.

96 505 182 534 £ütl$
194 510 254 535 («m
267 508 295 529 He
307 509 385 535 3dtanj
397 510 482 535 abgebolt
493 511 547 536 wltb)
573 511 603 536 Ar.
617 512 640 530 16
641 520 675 530 .—
700 510 729 535 Ar.
750 512 798 531 «.—
824 510 855 536 Ar.
875 511 925 531 4.80

91 531 202 557 Wchwei,
214 534 250 560 (bei
262 535 309 554 allen
322 534 453 560 Pcsldureaur)
587 550 597 560 ,
616 536 677 555 21.—
708 549 718 560 ,
738 537 800 556 10.50
831 550 842 561 ,
875 536 925 556 5.80

90 555 197 580 Stallen
209 560 319 584 (Sefleüuns
332 560 358 580 bei
371 560 401 580 bet
414 560 528 586 ErnebMo»)
588 575 598 586 .
617 562 678 581 81.—
709 575 719 585 .
740 562 801 582 15.50
832 575 843 586 .
875 562 925 581 8.50

91 581 234 610 Grankreich
246 584 358 610 (Bestellung
366 585 393 605 bei
401 585 432 606 der
440 578 553 611 EÜ-editlen)
588 600 598 611 ,
617 587 678 607 88.—
710 600 721 611 ,
741 589 801 606 19.—
832 600 843 611 ,
864 587 925 607 10.—

279 617 577 646 Deullch-bsterrelchllcher
594 620 750 645 Poflnerbanb

91 664 103 669 _
171 648 191 668 zn
205 643 302 664 aboimiren
316 643 344 663 bei
356 643 389 664 den
402 644 484 670 dortigen
496 646 618 669 Postbnreani
630 650 652 666 >u
665 645 759 671 solgenden
770 645 855 671 Preis«:

89 664 182 695 Stzrlich
216 670 229 688 7
242 669 294 693 tili.
308 670 334 688 10
346 669 393 694 Ege.
419 671 444 689 14
456 670 476 695 fl.
489 672 515 690 25
527 671 550 691 kr.
559 670 608 695 fübb.
616 670 646 692 W.
674 672 697 690 18
708 671 728 694 fl.
741 673 766 691 28
778 672 803 692 kr.
812 671 852 694 bflr.

88 691 198 715 *Monate
216 696 274 718 8,
308 695 369 719 20,
431 696 443 714 7
461 710 472 720 .
491 697 515 716 18
534 710 544 720 .
579 710 589 720 .
624 710 635 720 .
685 697 724 722 9.
743 699 834 721 14,.,

88 715 198 740 »Monate
218 722 228 741 1
264 733 274 744 ,
309 720 334 739 25
359 733 370 744 ,
432 722 444 739 8
462 735 472 745 ,
490 723 514 741 46
534 735 635 746 ,.,
684 724 696 741 4
712 735 723 746 ,
741 724 765 742 57
785 736 833 747 ,,

391 753 438 778 ALr
454 755 537 775 andere
554 754 642 776 Linder

208 778 246 803 find
259 777 383 802 Bestellungen
396 783 422 798 an
433 778 462 800 die
474 780 579 805 Erpeditlon
592 780 612 800 in
623 780 687 806 Zürich
699 780 820 806 einzusenden.

1154 558 1622 617 Dreiundfünfzigster
1651 561 1910 618 Jahrgang.

2501 470 2603 495 Inserate

2139 502 2176 527 flnd
2184 508 2210 523 an
2218 502 2366 529 Haasenstein
2380 505 2398 524 4d
2410 504 2497 526 Dealer
2510 505 2531 526 in
2539 505 2609 531 Zürich,
2616 505 2678 529 Basel,
2686 505 2741 529 Pens,
2750 503 2853 529 Siniigert,
2865 501 2968 527 ArnnNnest,

2362 530 2431 550 Berlin.
2442 530 2537 551 Lambura
2549 535 2573 551 re.
2583 535 2608 550 rc.
2619 530 2740 552 einxusenden.

2140 553 2348 578 Anleriionrurei«
2364 556 2397 578 sür
2412 556 2438 575 die
2455 555 2538 580 Schwei,
2553 558 2578 576 20
2590 556 2626 580 «o.
2638 557 2668 576 die
2678 555 2792 580 sünflpaMge
2807 553 2863 580 Zeile,
2889 553 2920 580 für
2932 553 2968 576 dal

2338 579 2422 601 Hirtlan»
2433 581 2459 601 25
2472 581 2517 604 614,
2532 583 2545 601 7
2557 581 2632 607 ftreujet
2646 582 2686 602 oder
2697 583 2710 601 2
2724 581 2770 606 Egr.

2350 638 2425 660 Bureau
2435 639 2468 661 der
2481 640 2590 661 »edakilon:
2607 640 2724 666 Markigaffe,
2737 641 2755 661 8-

860 670 926 697 «hr».

1275 709 1543 775 Zweites
1577 710 1783 767 Blatt.

2139 696 2168 717 Au
2181 697 2251 717 Sorm-
2267 697 2305 717 und
2323 697 2412 724 Festtagen
2427 699 2475 719 wird
2491 699 2518 719 die
2536 699 2614 725 Zeitung
2630 700 2707 725 einmal,
2725 704 2750 720 an
2764 699 2800 721 dm
2817 698 2892 725 Übrig»
2904 700 2909 720 I

2446 724 2529 749 zweimal
2543 725 2659 750 aulgegeben.

2375 792 2460 816 Einzelne
2473 792 2573 812 Nummern
2586 792 2641 816 kost»
2655 794 2681 814 10
2692 793 2731 818 N».

166 851 458 932 Zürich,
598 930 934 933 ^_
1050 854 1294 925 Samstag,
1324 859 1404 917 27.
1440 859 1726 928 September
1760 863 1904 917 1873.

2682 860 2796 926 M
2836 870 2968 933 491

225 1009 257 1040 □
286 1011 346 1047 Die
371 1010 598 1058 zürcherischen
623 1013 873 1059 HerichtsKreise.

87 1066 146 1095 mit
166 1066 287 1104 Rücksicht
306 1067 351 1103 auf
369 1067 415 1097 den
433 1078 511 1100 neuen
531 1069 649 1105 Entwurf
668 1069 735 1099 eines
756 1070 867 1106 Gesetzes
895 1070 958 1098 betr.
986 1069 1025 1100 die

386 1106 539 1145 zürcherische
559 1107 736 1145 Rechtspflege.

536 1153 589 1182 HI.

153 1188 246 1225 Dieser
274 1187 429 1226 historischen
455 1190 607 1229 Gestaltung
635 1191 733 1226 unserer
762 1190 1024 1230 Bezirkseintheilung

93 1227 239 1264 gegenüber
258 1226 313 1263 läßt
332 1226 375 1263 sich
394 1227 463 1263 wohl
481 1228 545 1265 nicht
563 1228 633 1266 mehr
651 1229 796 1265 behaupten,
816 1228 865 1265 daß
884 1228 985 1265 dieselbe
996 1229 1023 1259 in

88 1263 179 1300 ihrem
199 1264 397 1302 gegenwärtigen
426 1264 551 1301 Zustande
580 1266 633 1296 eine
661 1266 864 1302 althergebrachte
889 1266 931 1302 sei.
971 1266 1023 1297 Sie

85 1301 263 1340 überschreitet
281 1301 322 1330 bis
343 1302 392 1338 jetzt
413 1303 477 1341 nicht
496 1304 533 1333 die
546 1304 639 1334 Daur
657 1303 724 1332 eines
735 1303 960 1340 Menschenalters,
971 1305 1022 1334 und

86 1337 146 1368 das
167 1339 253 1376 vorige
274 1338 409 1376 Geschlecht
439 1340 483 1377 hat
511 1342 541 1377 sie
570 1342 653 1371 innert
674 1342 706 1369 15
735 1340 838 1378 Jahren
857 1343 874 1370 2
895 1342 959 1371 Mal
978 1342 1021 1379 sich

85 1377 190 1407 rindern
209 1376 317 1415 gesehen.
355 1376 450 1413 Diesen
470 1379 649 1415 Aenderungen
668 1379 740 1416 lagen
759 1379 826 1416 wohl
845 1379 908 1408 keine
929 1381 1022 1410 andern

84 1415 137 1443 als
161 1414 529 1453 Zweckmäßigkeilsrücksichten
548 1425 577 1454 zu
589 1416 702 1451 Grunde,
721 1417 773 1446 und
793 1416 840 1447 wir
858 1417 947 1453 dürfen
957 1418 1021 1447 dem¬

87 1454 187 1490 gemäß
207 1452 264 1489 auch
285 1453 449 1490 untersuchen,
480 1455 511 1484 ob
529 1454 590 1491 diese
612 1454 717 1485 Gründe
747 1455 804 1492 auch
832 1454 884 1491 jetzt
902 1455 962 1493 noch
980 1463 1021 1492 zu¬

82 1490 182 1527 treffen
203 1491 260 1520 oder
279 1490 351 1526 nicht.

153 1528 209 1558 Der
228 1528 287 1563 erste
306 1527 358 1556 und
378 1527 583 1567 hauptsächlichste
603 1529 703 1565 Grund,
731 1530 830 1566 welcher
859 1538 903 1567 zur
922 1529 1021 1567 jetzigen

83 1564 368 1603 Gerichtseiniheilung
388 1565 479 1603 führte,
509 1576 561 1597 war
586 1567 768 1605 unzweifelhaft
796 1568 834 1596 die
864 1567 1018 1606 Forderung,

81 1601 143 1639 daß
164 1603 202 1633 die
221 1602 338 1635 Gerichte
357 1604 408 1631 und
428 1603 698 1642 Gerichtspräsidenten
717 1605 771 1634 dem
785 1604 924 1640 Publikum
942 1604 1020 1642 näher

81 1648 108 1708 t
108 1641 214 1679 ebracht,
234 1641 275 1670 der
294 1640 402 1677 Verkehr
421 1641 468 1671 mit
486 1642 611 1678 denselben
630 1642 759 1678 erleichtert
778 1642 866 1671 werde.
884 1642 926 1679 In
946 1642 1020 1679 dieser

108 1678 240 1717 Beziehung
260 1679 345 1711 mußte
364 1678 408 1713 auf
426 1678 469 1708 der
489 1679 558 1709 einen
578 1680 653 1709 Seite
671 1680 716 1708 den
736 1680 887 1717 natürlichen
901 1679 1019 1716 Grenzen

82 1716 132 1745 ein
164 1716 272 1754 gewisser
302 1714 409 1751 Einfluß
439 1717 606 1754 zugesianden,
636 1718 679 1753 aus
706 1717 749 1746 der
774 1718 866 1747 andern
886 1717 963 1747 Seite
981 1719 1020 1748 die

82 1754 168 1791 Nähe
188 1754 229 1783 der
249 1753 406 1790 Ortschaften
425 1755 478 1784 und
497 1755 590 1793 sowohl
617 1754 655 1784 die
675 1755 946 1792 Straßcnverbindung
966 1755 1018 1785 der¬

82 1791 174 1826 selben
192 1795 265 1821 unter
284 1791 400 1820 einander
420 1792 463 1821 als
483 1793 540 1828 auch
560 1793 598 1822 die
617 1802 691 1830 ganze
703 1792 942 1830 Verkehrsrichtung
953 1793 1019 1823 einer

84 1829 207 1867 Gegend,
238 1829 303 1858 einer
332 1828 469 1859 Gemeinde
497 1830 553 1860 oder
583 1830 646 1860 einer
674 1839 765 1868 ganzen
794 1830 937 1867 Thalschaft
965 1830 991 1859 in
1003 1836 1017 1860 s

84 1866 167 1903 Auge
186 1867 269 1904 gefaßt
288 1865 393 1895 werden.
430 1867 473 1903 In
492 1868 587 1905 zweiter
606 1868 675 1898 Linie
693 1869 776 1903 mußte
806 1868 872 1904 wohl
901 1869 960 1904 auch
980 1870 1018 1898 die

83 1904 215 1942 Rücksicht
235 1903 386 1941 maßgebend
415 1903 473 1940 sein,
504 1907 550 1941 daß
577 1906 639 1942 nicht
668 1906 772 1943 einzelne
791 1905 1017 1944 Bezirksbehörden

80 1942 139 1971 mit
159 1942 304 1980 Geschäften
323 1941 587 1980 unverhältnißmäßig
606 1943 746 1979 überladen,
766 1944 853 1972 andere
872 1944 1017 1980 unverhält-

80 1980 227 2017 nißmäßig
248 1979 328 2016 wenig
348 1978 427 2008 damit
446 1980 542 2016 bedacht
562 1981 670 2010 würden.

150 2017 252 2055 Fragen
271 2019 319 2045 wir
337 2025 397 2051 nun,
418 2017 465 2046 wie
484 2019 526 2055 sich
545 2019 601 2047 dies
619 2019 697 2055 jetzt
715 2018 833 2055 verhalte,
862 2018 887 2054 so
907 2018 1017 2054 erhalten

78 2056 137 2084 wir
159 2055 246 2092 gerade
276 2054 321 2083 mit
341 2053 427 2092 Bezug
448 2056 491 2091 auf
519 2056 597 2092 diesen
616 2057 713 2094 zweiten
735 2056 818 2091 Punkt
837 2056 875 2085 die
894 2056 1013 2085 Antwort

79 2093 168 2129 sofort
188 2097 238 2122 aus
257 2092 311 2121 dem
331 2100 409 2121 neuen
429 2092 560 2130 Entwürfe
578 2095 629 2123 und
642 2094 684 2122 der
694 2093 816 2131 Weisung
827 2102 856 2131 zu
865 2094 1016 2132 demselben;

79 2131 114 2166 ja
136 2131 186 2160 wir
215 2129 344 2166 brauchten
373 2129 434 2165 diese
464 2140 510 2168 gar
536 2131 600 2165 nicht
621 2132 784 2168 abzuwarten,
805 2132 868 2160 denn
887 2132 930 2167 seit
950 2131 1016 2161 einer

80 2168 173 2205 Reihe
191 2177 241 2197 von
260 2167 362 2204 Jahren
382 2167 489 2204 sprechen
509 2169 547 2198 die
568 2169 912 2205 Rechenschaftsberichte.des
933 2169 1016 2199 Ober¬

79 2207 208 2243 gerichtes
239 2205 405 2241 fortwährend
435 2214 483 2235 von
515 2207 557 2236 der
576 2207 881 2244 Geschäslsüberhäufung
900 2207 945 2235 des
964 2206 1014 2236 Be¬

81 2243 275 2281 zirksgerichtes
305 2242 395 2279 Zürich
407 2252 415 2280 ;
444 2244 496 2273 und
524 2245 567 2280 in.
579 2244 625 2274 den
643 2244 873 2281 rechtsstatistischen
893 2244 1015 2274 Tabellen

82 2282 190 2318 schauen
217 2281 296 2317 dessen
325 2281 401 2317 große
425 2280 524 2319 Zahlen
552 2282 598 2311 den
617 2282 684 2318 Leser
711 2282 801 2318 stumm
828 2282 887 2311 aber
905 2282 953 2311 wie
970 2290 1014 2312 um

78 2318 169 2354 Hülfe
188 2318 280 2349 bittend
300 2327 342 2347 an.
368 2317 494 2347 Daneben
512 2322 588 2356 gehen
607 2320 645 2348 die
665 2319 881 2357 Geschäftszahlen
900 2318 944 2348 de:
963 2319 1013 2349 Be¬

78 2356 151 2391 zirke
171 2356 282 2394 Horgen,
303 2355 411 2390 Meilen,
443 2355 569 2392 Affoltern
588 2366 614 2386 u.
634 2358 652 2392 s.
672 2365 702 2385 w.
721 2356 794 2395 Jahr
823 2357 863 2393 für
881 2356 954 2394 Jahr
972 2365 1013 2391 zu¬

76 2393 149 2428 rück,
170 2394 221 2422 und
246 2394 293 2422 mit
312 2393 365 2422 dem
385 2393 530 2430 Abnehmcn
549 2394 589 2423 der
608 2394 726 2431 Zuflüsse,
747 2395 795 2424 das
815 2395 879 2430 sonst
897 2395 944 2423 den
962 2394 1013 2423 Be¬

77 2430 302 2467 zirksbewohnern
321 2430 347 2466 so
367 2430 531 2461 willkommen
550 2433 599 2468 sein
618 2433 686 2467 muß,
698 2431 766 2468 sehen
777 2432 821 2469 sich
832 2432 869 2461 die
881 2431 1012 2468 Gerichts-

79 2467 211 2504 kanzleien
240 2468 329 2496 immer
356 2468 426 2503 mehr
446 2470 490 2505 auf
517 2470 561 2499 den
582 2470 662 2499 Sand
690 2470 776 2506 gesetzt,
803 2470 854 2499 und
874 2470 1011 2507 genöthigt,

76 2507 148 2543 nach
168 2505 263 2534 andern
281 2503 472 2541 Lebensquellen
490 2507 677 2544 auszuschauen.

145 2542 193 2572 Ob
210 2550 264 2571 nun
282 2540 324 2570 der
342 2550 403 2570 neue
421 2542 541 2579 Entwurf
564 2544 611 2573 den
630 2544 855 2583 Bezirksgerichten
873 2544 1013 2579 überhaupt

76 2581 159 2619 mehr
180 2579 307 2616 Geschäfte
326 2579 426 2615 zuführe
446 2581 487 2609 als
507 2581 593 2617 bisher
617 2582 673 2611 oder
700 2583 815 2619 weniger,
846 2582 903 2611 oder
931 2582 962 2611 ob
981 2582 1013 2618 sie

77 2618 212 2657 ungefähr
233 2617 275 2653 sich
296 2617 369 2652 gleich
389 2609 491 2651 bleiben,
520 2627 577 2656 mag
603 2618 679 2654 dahin
708 2620 800 2656 gestellt
818 2620 886 2656 sein;
905 2619 953 2648 mit
971 2619 1013 2649 der

77 2658 160 2687 einen
179 2654 257 2692 Hand
276 2654 339 2683 wird
368 2654 443 2691 ihnen
472 2656 583 2693 gegeben,
611 2656 656 2685 mit
675 2656 716 2684 der
745 2656 838 2685 andern
858 2665 1011 2693 genommen,

77 2704 129 2724 am
151 2691 406 2729 Wahrscheinlichsten
435 2692 515 2729 dürfte
543 2693 581 2721 die
608 2693 741 2730 ungefähre
766 2693 951 2730 Beibehaltung
970 2693 1012 2723 der

76 2730 234 2769 bisherigen
254 2728 442 2766 Geschäftszahl
461 2731 519 2766 sein.
546 2730 600 2760 Die
620 2730 687 2761 Ebbe
705 2731 733 2760 in
751 2731 873 2768 einzelnen
891 2730 1012 2767 Bezirken

76 2771 130 2807 hat
151 2768 204 2805 ihre
224 2766 276 2803 sehr
296 2767 390 2803 großen
410 2766 575 2803 Uebelstände,
595 2769 641 2797 wie
660 2768 731 2806 schon
750 2768 786 2797 im
805 2768 919 2805 Anfänge
938 2767 1012 2804 dieser

77 2807 186 2838 Artikel
206 2803 349 2843 angedeutet
368 2803 416 2839 ist;
448 2803 476 2839 sie
496 2804 525 2840 ist
554 2805 611 2834 aber
641 2806 702 2839 ohne
721 2806 824 2843 Zweifel
843 2807 890 2835 das
911 2805 1012 2834 kleinere

74 2846 171 2877 Hebel.
191 2843 249 2873 Der
267 2840 461 2878 Ueberflulhung
481 2842 516 2870 im
535 2842 624 2880 Bezirk
641 2843 731 2880 Zürich
751 2845 854 2878 mußte
867 2843 1012 2881 abgeholfen

75 2883 194 2913 werden.
223 2879 287 2909 Das
308 2879 351 2915 hat
370 2886 404 2907 m.
425 2878 470 2909 W.
490 2879 527 2908 die
545 2880 711 2914 Kommission
731 2881 788 2918 auch
808 2881 884 2917 sofort
903 2880 1012 2915 erkannt,

74 2922 137 2951 und
160 2919 190 2954 sic
210 2918 278 2955 trägt
297 2925 351 2945 nun
370 2924 414 2953 zur
434 2917 543 2954 Abhülfe
567 2917 657 2953 darauf
676 2926 718 2952 an,
746 2918 796 2956 daß
816 2918 859 2947 der
877 2918 967 2956 Bezirk
985 2918 1013 2948 in

73 2967 96 3028 f
96 2958 147 2988 wei
168 2955 286 2991 Gerichts
292 2954 367 2990 kreise,
387 2954 466 2991 rechts
486 2955 535 2984 und
555 2955 620 2984 links
640 2963 696 2984 vom
716 2956 809 2992 rechten
829 2956 952 2991 Uferrand
972 2956 1014 2986 der

96 2997 204 3030 limmat,
225 2994 338 3031 getrennt
357 2992 444 3021 werde.

143 3031 220 3068 Diese
240 3030 386 3067 Scheidung
407 3029 450 3067 hat
475 3031 521 3060 den
543 3030 651 3068 Vorzug,
662 3029 729 3067 »daß
760 3029 791 3065 sie
820 3030 872 3059 eine
901 3031 1013 3067 jederzeit

72 3070 165 3110 scharf
183 3067 352 3105 bestimmbare
371 3066 470 3106 Grenze
490 3068 605 3104 aufstellt.
644 3067 735 3103 Gewiß
765 3069 819 3104 läßt
848 3068 890 3104 sich
911 3067 1014 3104 dieselbe

74 3109 146 3146 auch
167 3107 213 3138 mit
231 3104 320 3143 Bezug
340 3104 385 3140 auf
403 3104 477 3142 solche
497 3105 618 3136 Gebäude
635 3106 686 3134 und
705 3105 886 3142 Wasserwerke,
906 3104 946 3134 die
955 3113 1013 3142 zum

75 3146 165 3183 Theil
184 3144 228 3180 auf
247 3143 301 3172 dem
321 3142 388 3178 Ufer,
408 3150 465 3179 zum
484 3142 558 3180 Theil
578 3143 613 3172 im
633 3143 730 3180 Wasser
749 3143 835 3180 stehen,
855 3143 902 3172 wie
921 3142 1014 3172 beider

73 3182 230 3219 Neumühle
249 3181 300 3210 und
330 3179 365 3208 im
384 3178 554 3218 Limmatthal,
582 3180 717 3218 festhalten.
755 3180 807 3210 Sic
825 3180 869 3218 hat
889 3180 947 3210 aber
966 3180 1013 3210 den

72 3220 226 3260 Nachtheil,
246 3218 294 3253 baß
310 3217 339 3252 sie
358 3218 417 3254 zwei
438 3227 479 3247 am
498 3218 658 3256 allerengsten
677 3218 932 3255 zusammengehörige
942 3217 1013 3247 Kan-

73 3258 223 3295 tonStheile
241 3255 487 3293 auseinanderwirst.
525 3255 579 3286 Die
608 3256 703 3290 Praxis
733 3257 775 3286 der
804 3256 918 3292 Gerichte
946 3255 1012 3285 links

71 3298 137 3329 und
167 3295 246 3330 recht»
273 3294 316 3322 der
335 3292 444 3323 Limmat
472 3293 535 3323 wird
560 3293 653 3329 freilich
683 3294 755 3328 durch
784 3294 832 3322 das
859 3294 920 3322 über
938 3292 1012 3328 ihnen

419 3464 576 3513 /tmllrto«
606 3467 698 3502 1873

301 3626 364 3655 Ein
380 3626 564 3661 Triukgelag
581 3627 623 3656 im
637 3627 801 3662 Kaukasus.

130 3668 203 3695 Unter
219 3665 286 3697 dieser
302 3664 442 3697 lleberschrift
467 3665 530 3699 »heilt
554 3666 590 3692 die
614 3666 639 3692 in
664 3665 756 3693 London
784 3665 930 3699 erscheinende
947 3665 1007 3698 Zeit¬

70 3706 154 3743 schrift
173 3702 345 3736 .Macmillon"
364 3702 491 3734 Folgende!
508 3703 564 3729 mit:

131 3743 205 3770 Eine!
223 3740 341 3772 Morgen!
356 3739 443 3765 teilten
459 3739 509 3770 wir,
526 3739 574 3765 eine
591 3736 727 3772 Gesellschaft
743 3747 790 3767 von
815 3739 868 3772 fünf
883 3739 1007 3772 Personen,

72 3784 116 3815 ab,
135 3787 179 3808 um
195 3778 250 3811 nach
275 3777 326 3804 dem
350 3775 384 3803 25
399 3775 502 3809 englische
518 3776 608 3802 Meilen
635 3776 686 3803 weit
713 3777 837 3806 entfernten
865 3776 942 3809 Hause
966 3776 1007 3803 de!

71 3820 177 3856 Fürsten
193 3816 279 3848 Tradze
295 3821 323 3848 zu
339 3814 428 3847 fahren.
462 3814 575 3846 Nachdem
597 3813 642 3840 wir
668 3813 705 3840 der
723 3814 826 3847 Gefahr,
852 3813 1006 3845 umgeworfen

70 3866 106 3894 ,u
124 3855 222 3885 werden,
240 3852 333 3880 vielmal
349 3854 477 3885 entgangen
495 3858 579 3883 waren,
606 3851 683 3877 kamen
707 3851 750 3879 wir
775 3858 806 3877 an
824 3850 872 3877 ein«
887 3849 1007 3884 Oessnung

69 3898 102 3924 tu
120 3895 184 3922 einer
199 3892 274 3925 hohen
291 3890 407 3923 hölzernen
424 3889 595 3923 Verzäunung,
620 3889 663 3916 wie
686 3889 722 3916 die
746 3890 809 3916 eine!
835 3888 928 3922 Park!;
952 3887 1007 3920 diese

67 3933 201 3966 Oessnung
218 3935 267 3956 war
283 3929 327 3954 mit
342 3928 497 3961 horizontalen
514 3926 701 3961 Schlagbäumen
718 3927 821 3959 versehen
837 3926 886 3952 und
903 3925 1005 3952 daneben

66 3978 129 4001 War
147 3975 179 3995 an
195 3967 274 3994 beiden
291 3966 373 3993 Seilen
400 3964 437 3991 ein
454 3964 613 3999 regelmäßiger
637 3965 750 3999 englischer
767 3965 829 3997 Steg
855 3964 899 3990 mit
916 3963 1005 3995 Stufen

68 4009 127 4037 and
145 4006 219 4033 einem
236 4003 378 4031 Querbalken
395 4002 460 4030 oben.
492 4003 544 4029 Wir
560 4003 642 4037 fuhrm
658 4003 723 4037 dmch
740 4002 775 4030 die
791 4001 913 4035 Oessnung
929 4000 1005 4034 hinein

68 4046 127 4076 and
146 4045 224 4071 kamen
242 4042 267 4069 in
284 4041 332 4068 eine
349 4042 393 4068 Art
416 4047 464 4068 von
481 4040 559 4073 Park,
586 4041 629 4068 mit
655 4041 696 4068 den
721 4040 829 4075 schönsten
846 4038 1006 4072 Rasenplätzen

67 4084 128 4113 and
146 4081 221 4108 vielen
239 4078 329 4112 schönen
346 4078 462 4111 Bäumen,
488 4078 606 4111 Wallnuß,
633 4078 714 4112 Buch«,
740 4078 804 4112 Eiche
820 4077 868 4104 und
884 4076 1004 4114 Anderem,

67 4124 117 4151 der
133 4125 181 4146 von
198 4118 237 4143 der
253 4117 409 4151 Umzäunung
433 4122 491 4150 ganz
507 4116 617 4150 umgeben
640 4122 696 4145 war.
730 4117 777 4144 Am
800 4115 1005 4149 entgegengesetzten

68 4158 146 4188 Qnbt
163 4156 203 4183 de!
219 4154 295 4187 Park!
314 4155 377 4185 stand
394 4154 439 4180 dal
456 4155 533 4188 Hau!.
565 4154 603 4187 In
620 4154 698 4184 diesem
708 4154 787 4187 Theil«
803 4154 844 4181 de!
852 4153 941 4181 Land«!
957 4153 1006 4186 find

66 4197 111 4226 bi«
128 4193 219 4228 Häuser
234 4192 274 4218 der
291 4191 460 4224 Grundbesitzer
476 4198 522 4219 von
538 4191 611 4218 einem
626 4191 707 4224 solche»
723 4192 797 4224 Parke
821 4191 940 4225 umgeben,
955 4191 1006 4219 und

67 4235 114 4263 b«r
130 4230 268 4264 Reichthum
284 4229 334 4256 und
349 4230 395 4257 dal
412 4229 514 4263 Ansehm
529 4229 570 4257 de!
578 4229 683 4262 Besitzer!
700 4229 750 4264 läßt
765 4230 806 4264 sich
822 4230 877 4264 nach
893 4229 932 4256 der
940 4230 1004 4256 Lul-

70 4272 186 4304 behnung
201 4267 269 4297 dieser
285 4267 427 4301 Einhigung
451 4267 549 4302 schätzen.
583 4267 628 4294 Die
644 4267 736 4297 unsere!
752 4267 856 4301 Wirthe!
881 4274 933 4295 war
948 4267 1005 4295 über

71 4309 129 4336 200
146 4306 201 4333 Mo.
206 4312 257 4338 gen.
291 4305 346 4331 Da!
361 4306 432 4338 Hau!
448 4313 497 4333 war
512 4312 571 4339 ganz
585 4312 632 4333 von
649 4305 706 4339 Holz
722 4306 805 4340 gebaut
831 4305 879 4332 und
903 4309 929 4332 e»
945 4306 1005 4339 hatte

74 4345 151 4379 ttnig«
170 4342 315 4375 Aehnlichkeit
334 4342 377 4369 ml«
394 4344 454 4370 einer
471 4343 595 4377 Schweizer
612 4343 715 4377 Soltage.
733 4344 770 4371 El
786 4350 835 4371 war
851 4343 894 4377 auf
903 4343 1004 4376 Pfeilern

74 4382 135 4410 über
151 4382 194 4408 den
212 4379 331 4407 Erdboden
356 4380 469 4412 erhoben,
494 4381 543 4408 «ine
568 4380 674 4414 Borficht,
702 4380 737 4408 die
764 4380 790 4407 in
815 4381 885 4412 diesen
908 4381 942 4413 oft
958 4388 1004 4409 von

71 4419 340 4452 veterichwemmung'n
356 4417 525 4451 heimgesuchten
534 4418 634 4450 khälem
644 4418 723 4453 nölhig
739 4418 772 4450 ist,
790 4425 832 4445 um
848 4419 887 4452 sich
905 4418 1004 4452 dagegen

66 4465 104 4494 za
120 4456 225 4490 schützen.
258 4454 349 4487 Stuft»
364 4454 456 4488 führten
469 4462 499 4489 zu
514 4456 576 4482 einer
590 4455 697 4483 bedeckten
714 4457 823 4484 Veranda
838 4456 929 4491 hinauf,
952 4463 1000 4484 von

1069 956 1178 994 stehende
1195 958 1358 998 Obergcricht
1383 961 1656 1000 zusammengehalten;
1686 964 1717 1000 sic
1736 967 1799 996 kann
1818 969 1876 999 aber
1894 969 1936 1005 für
1955 967 1994 997 in¬

1069 996 1206 1031 appellable
1235 996 1363 1035 Prozess»,
1389 1000 1431 1035 für
1459 999 1524 1038 nicht
1553 1000 1718 1032 rekurrirbare
1745 1004 1925 1044 Verfügungen
1952 1005 1995 1035 der

1070 1033 1348 1071 Gerichtspräsidenten'
1361 1036 1413 1066 eine
1431 1031 1589 1075 verschiedene
1609 1039 1711 1076 werden,
1737 1042 1790 1072 und
1818 1045 1850 1077 sie
1880 1045 1944 1073 kann
1964 1046 1992 1072 eS

1070 1071 1128 1109 auch
1148 1072 1189 1105 für
1217 1072 1305 1102 ander-
1323 1073 1536 1112 Entscheidungen
1564 1076 1711 1113 wenigstens
1739 1079 1766 1107 in
1792 1082 1865 1117 erster
1882 1081 1992 1118 Instanz

1069 1108 1129 1144 sein,
1149 1108 1231 1142 soweit
1250 1110 1281 1144 sie
1299 1111 1363 1148 nicht
1381 1112 1464 1142 weiter
1483 1120 1586 1150 gezogen
1606 1114 1711 1145 werden.
1747 1117 1813 1148 Das
1841 1120 1872 1156 ist
1899 1119 1991 1156 freilich

1069 1147 1128 1182 noch
1149 1147 1186 1176 bei
1215 1147 1294 1177 vielen
1312 1149 1388 1179 neben
1407 1150 1525 1179 einander
1545 1151 1668 1186 liegend«
1689 1153 1842 1187 Gemeinden
1863 1157 1903 1187 der
1922 1156 1991 1193 Fall,

1069 1184 1128 1213 aber
1147 1184 1201 1221 doch
1221 1185 1267 1221 fast
1286 1186 1405 1224 nirgends
1426 1188 1494 1224 mehr
1513 1187 1542 1218 in
1561 1188 1640 1220 Einer
1652 1191 1702 1220 und
1711 1192 1833 1229 derselben
1842 1194 1991 1226 Gemeinde.

1071 1220 1136 1258 Auch
1156 1222 1235 1259 dürfte
1254 1228 1282 1253 es
1302 1225 1409 1261 ohnehin
1428 1218 1492 1262 nicht
1512 1226 1629 1263 gerathen
1647 1227 1705 1264 sein,
1719 1229 1755 1259 die
1766 1230 1898 1268 Behörden
1909 1232 1991 1263 Einer

1069 1259 1213 1297 Gemeinde,
1244 1261 1393 1297 Stadtrath,
1425 1263 1615 1301 Stadtpolizei,
1645 1265 1866 1305 Stadtammann,
1895 1270 1990 1306 Schul¬

1067 1297 1145 1335 pflege
1164 1307 1195 1327 rc.
1224 1301 1296 1329 unter
1322 1300 1483 1337 verschiedene
1511 1300 1719 1340 Bezirksgerichte
1746 1314 1775 1342 zu
1806 1307 1894 1343 stellen.
1936 1307 1989 1338 Wo

1068 1330 1148 1369 haben
1166 1336 1287 1373 übrigens
1310 1337 1372 1371 diese
1391 1338 1526 1375 Behörden
1552 1339 1623 1376 ihren
1643 1340 1708 1377 Sitz,
1736 1344 1815 1381 rechts
1844 1346 1902 1375 oder
1921 1346 1989 1374 links

1067 1367 1110 1402 der
1127 1372 1257 1403 Limmat?
1295 1368 1361 1413 Auch
1380 1376 1465 1411 fallen,
1486 1385 1557 1406 wenn
1575 1377 1610 1413 ich
1630 1378 1694 1413 nicht
1712 1380 1766 1415 irre,
1793 1383 1856 1419 nicht
1885 1392 1917 1412 an
1947 1384 1990 1412 der

1067 1418 1160 1448 ganzen
1178 1411 1287 1440 Limmat
1304 1413 1342 1442 die
1361 1413 1603 1453 Gemeindegrenzen
1633 1417 1719 1453 gerade
1748 1420 1794 1448 mit
1822 1421 1876 1449 dem
1894 1421 1989 1458 rechten

1068 1446 1228 1484 Limmatufer
1245 1450 1403 1489 zusammen;
1424 1451 1455 1486 sie
1475 1452 1551 1489 gehen
1569 1454 1637 1489 wohl
1655 1454 1682 1483 in
1701 1455 1741 1485 der
1760 1457 1840 1492 Regel
1858 1458 1931 1495 durch
1953 1458 1990 1487 die

1066 1484 1148 1515 Milte
1166 1486 1208 1515 des
1229 1487 1334 1523 Flusses,
1356 1488 1401 1517 wie
1420 1490 1468 1518 das
1488 1490 1549 1526 auch
1567 1491 1724 1521 anderwärts
1742 1494 1784 1523 der
1797 1495 1855 1531 Fall
1868 1496 1905 1532 ist.
1925 1495 1990 1533 Hier

1066 1522 1130 1552 wird
1148 1524 1268 1562 natürlich
1287 1529 1402 1564 entgegen
1421 1527 1476 1555 dem
1496 1526 1640 1557 Wortlaute
1659 1530 1703 1558 des
1720 1531 1736 1568 §
1747 1533 1763 1559 9
1774 1532 1818 1561 des
1838 1533 1988 1566 Entwurfes

1065 1560 1104 1589 die
1118 1560 1342 1600 GemeindSgrenze
1362 1564 1419 1599 auch
1439 1564 1544 1602 zugleich
1563 1565 1600 1595 die
1613 1565 1711 1604 Grenze
1726 1573 1767 1598 des
1781 1570 1988 1609 Gerichtskreises

1065 1598 1116 1631 sein
1135 1599 1234 1635 müssen.
1275 1601 1313 1637 In
1333 1602 1374 1630 der
1394 1602 1478 1631 Stadt
1497 1603 1592 1632 werden
1611 1604 1649 1633 die
1668 1605 1838 1645 Wohnungen
1858 1609 1906 1638 viel
1926 1608 1989 1645 häu-

1065 1635 1128 1672 fig.'r
1148 1638 1278 1674 gewechselt
1298 1640 1339 1668 als
1360 1639 1405 1673 auf
1424 1640 1479 1668 deni
1498 1639 1596 1678 Lande;
1617 1642 1663 1671 mit
1681 1642 1755 1679 jedem
1775 1645 1832 1681 Ziel
1852 1647 1915 1675 kann
1928 1655 1989 1675 man

1066 1673 1091 1707 so
1112 1674 1198 1703 wieder
1217 1676 1283 1705 einer
1302 1676 1396 1706 andern
1416 1676 1591 1712 Jurisdiktion
1618 1682 1782 1714 unterworfen
1813 1684 1914 1719 werden,
1936 1685 1988 1713 und

1064 1711 1113 1739 das
1134 1713 1195 1741 kann
1216 1713 1301 1747 gerade
1320 1714 1399 1743 einem
1420 1714 1512 1744 Tröler
1532 1715 1587 1746 oder
1607 1718 1861 1758 zahlungöflüchtigcn
1878 1721 1988 1756 Schuld¬

1064 1757 1109 1777 ner
1128 1750 1268 1787 gegenüber,
1290 1751 1332 1780 der
1351 1752 1387 1780 im
1406 1751 1598 1787 entscheidenden
1626 1756 1743 1786 Moment
1771 1758 1819 1787 mit
1838 1758 1990 1796 Leichtigkeit

1064 1785 1145 1820 seinen
1174 1787 1302 1822 Wohnort
1332 1789 1359 1818 in
1387 1789 1429 1818 der
1459 1789 1595 1821 Gemeinde
1626 1794 1761 1831 verändert,
1793 1796 1849 1825 weil
1878 1806 1903 1825 er
1923 1797 1989 1826 keine

1063 1832 1141 1853 neuen
1162 1825 1291 1862 Schriften
1310 1826 1419 1863 braucht,
1448 1828 1515 1864 nicht
1534 1837 1594 1866 ganz
1625 1831 1780 1869 gleichgültig
1801 1833 1868 1871 sein;
1887 1838 1914 1862 es
1935 1835 1988 1870 ruft

1063 1862 1204 1891 Umtrieben
1233 1864 1285 1893 und
1304 1864 1402 1900 Kosten,
1433 1873 1491 1894 vom
1522 1866 1606 1901 Risiko
1633 1868 1669 1897 bei
1689 1869 1915 1909 Beschlagnahmen
1936 1872 1988 1900 und

1063 1899 1210 1937 dergleichen
1229 1900 1294 1938 nicht
1311 1910 1342 1938 zu
1363 1902 1480 1940 sprechen.
1518 1903 1603 1934 Wenn
1632 1905 1687 1935 dies
1717 1907 1784 1943 schon
1813 1909 1853 1942 für
1880 1909 1917 1938 die
1938 1909 1989 1939 Be¬

1063 1937 1196 1974 völkerung
1216 1938 1257 1966 der
1278 1939 1362 1968 Stadt
1386 1944 1459 1969 unter
1489 1940 1532 1977 sich
1552 1942 1590 1971 ein
1611 1943 1738 1980 Nachtheil
1757 1945 1797 1981 ist,
1817 1947 1841 1982 so
1862 1947 1919 1983 noch
1941 1947 1989 1976 viel

1063 1974 1130 2010 mehr
1161 1976 1296 2013 gegenüber
1324 1977 1370 2006 den
1399 1979 1478 2014 außer
1506 1978 1547 2007 der
1575 1980 1659 2010 Stadt
1689 1982 1862 2019 Wohnenden.
1909 1984 1988 2014 Mein

1063 2007 1207 2049 Schuldner
1234 2013 1266 2050 ist
1294 2015 1342 2044 mit
1361 2015 1477 2051 Neujahr
1504 2015 1533 2045 in
1558 2017 1597 2046 die
1617 2018 1701 2048 Stadt
1719 2029 1831 2058 gezogen,
1852 2023 1900 2051 das
1920 2022 1986 2058 weiß

1062 2049 1105 2086 ich,
1126 2050 1183 2079 aber
1201 2059 1243 2079 um
1263 2051 1307 2089 ihn
1326 2061 1357 2090 zu
1375 2053 1511 2090 verklagen,
1534 2056 1592 2091 inuß
1614 2056 1647 2091 ich
1667 2057 1711 2094 ihn
1730 2059 1777 2092 erst
1797 2058 1880 2096 suchen
1901 2060 1986 2095 lassen,

1061 2086 1141 2117 damit
1160 2088 1193 2123 ich
1213 2089 1277 2125 nicht
1297 2090 1440 2127 vergebliche
1460 2091 1551 2127 Kosten
1568 2093 1632 2122 beim
1652 2095 1778 2132 Unrechten
1791 2095 1988 2134 Gerichtspräsi¬

1061 2124 1149 2154 denten
1168 2125 1236 2161 habe.
1276 2127 1349 2157 Oder
1369 2128 1402 2165 ich
1423 2128 1487 2165 weiß
1508 2130 1565 2166 auch
1585 2130 1624 2159 die
1643 2131 1721 2169 Gasse
1749 2134 1802 2163 unb
1822 2135 1922 2172 belange
1943 2134 1988 2171 ihn

1061 2163 1112 2200 da;
1131 2172 1156 2192 er
1175 2163 1205 2199 ist
1225 2163 1283 2193 aber
1302 2165 1388 2202 gerade
1419 2167 1481 2201 letzte
1500 2166 1594 2203 Ostern
1614 2174 1770 2207 ausgezogen
1800 2172 1849 2201 und
1869 2172 1902 2208 ich
1925 2173 1987 2208 muß

1061 2200 1150 2229 wieder
1168 2197 1292 2238 abziehcn.
1332 2202 1388 2233 Der
1409 2203 1479 2239 Fluß
1508 2204 1539 2240 ist
1556 2205 1687 2241 jedenfalls
1708 2208 1759 2244 hier
1780 2208 1832 2239 eine
1851 2210 1989 2245 natürliche

1061 2237 1164 2274 Grenze
1191 2239 1264 2275 nicht,
1294 2241 1337 2269 der
1358 2240 1486 2278 Wohnort
1514 2243 1590 2279 rechts
1622 2245 1678 2273 oder
1707 2246 1772 2274 links
1803 2245 1927 2283 desselben,
1948 2248 1987 2276 die

1060 2275 1206 2312 Vornahme
1234 2277 1301 2306 einer
1321 2278 1548 2317 Rechtshandlung
1574 2285 1649 2311 unter
1677 2282 1751 2317 dieser
1770 2283 1828 2313 oder
1846 2284 1914 2319 jener
1934 2284 1988 2315 Ge-

1059 2312 1284 2350 richisherrlichkeit
1312 2315 1349 2349 oft
1378 2315 1417 2344 ein
1447 2315 1529 2352 Spiel
1557 2317 1601 2346 des
1627 2319 1740 2356 Zufalls,
1772 2321 1829 2351 oder
1850 2321 1918 2358 selbst
1939 2322 1987 2351 das

1060 2350 1177 2386 Resultat
1196 2351 1261 2380 einer
1281 2352 1326 2381 den
1347 2352 1510 2389 Rcchtsstand
1531 2354 1656 2389 störenden
1677 2356 1857 2394 Spekulation.

1291 2429 1720 2478 Eidgenoffenschaft.

1096 2505 1132 2535 —
1152 2505 1253 2535 Bund
1266 2511 1301 2536 es
1312 2507 1410 2541 stadt.
1423 2507 1515 2545 (Korr.
1525 2511 1550 2538 v.
1560 2510 1605 2540 26.
1617 2510 1708 2547 Sept.)
1720 2512 1796 2541 Ueber
1808 2513 1846 2542 die
1860 2512 1992 2549 Verhand¬

1059 2545 1151 2581 lung«
1170 2545 1212 2572 der
1230 2545 1372 2582 nat.rräthl.
1378 2545 1670 2585 Revisionskommission
1679 2550 1784 2578 könnten
1794 2551 1843 2579 wir
1852 2551 1922 2587 heute
1933 2551 1986 2579 eine

1059 2581 1184 2616 Brochure
1204 2581 1329 2618 schreiben.
1360 2582 1399 2613 Es
1412 2583 1496 2612 kamen
1511 2584 1549 2614 die
1561 2586 1618 2615 Art.
1639 2587 1674 2624 85
1689 2586 1882 2625 (Referendum)
1906 2589 1934 2617 u.
1953 2589 1988 2616 86

1059 2618 1224 2656 (Initiative)
1245 2619 1303 2656 noch
1314 2620 1408 2650 einmal
1416 2630 1461 2658 zur
1471 2620 1631 2660 Berathung.
1660 2624 1688 2654 R
1698 2633 1715 2653 u
1729 2624 1751 2659 ch
1763 2633 1779 2653 o
1789 2634 1806 2655 n
1815 2635 1833 2655 n
1844 2635 1856 2654 e
1866 2630 1876 2654 t
1905 2626 1989 2655 wollte

1058 2656 1162 2692 nämlich
1182 2656 1228 2685 das
1249 2657 1415 2691 Referendum
1433 2658 1497 2694 nicht
1517 2659 1573 2689 blos
1593 2662 1635 2690 der
1648 2661 1902 2700 Volksabstimmung,
1925 2664 1979 2699 son¬

1057 2693 1118 2722 dern
1137 2693 1194 2730 auch
1214 2696 1256 2722 der
1275 2695 1450 2732 Abstimmung
1471 2697 1511 2725 der
1529 2696 1645 2727 Kantone
1664 2700 1836 2735 unterwerfen.
1856 2701 1982 2738 Hiegegen

1057 2731 1192 2765 protestirte
1211 2731 1238 2760 in
1258 2731 1329 2768 erster
1340 2731 1406 2768 Linie
1424 2733 1579 2769 Ziegler
1600 2744 1661 2773 ganz
1688 2737 1813 2774 energisch.
1835 2737 1874 2768 Er
1891 2742 1988 2767 warnte

1056 2768 1143 2803 davor,
1165 2768 1244 2801 hinter
1262 2768 1300 2797 die
1318 2769 1406 2805 Zeiten
1427 2773 1477 2799 von
1500 2773 1571 2810 1848
1591 2774 1801 2812 zurückzukrebsen
1830 2775 1880 2804 und
1898 2775 1989 2805 wieder

1058 2805 1095 2834 ad
1115 2805 1287 2834 audiendnm
1305 2809 1336 2834 et
1354 2807 1536 2837 referendnm
1552 2818 1584 2846 zu
1604 2811 1757 2841 deliberiren.
1782 2812 1835 2843 Dr.
1855 2813 1988 2848 Kaiser

1056 2843 1207 2879 unterstützte
1225 2843 1325 2880 Ziegler
1345 2844 1397 2874 und
1423 2846 1522 2883 möchte,
1551 2848 1623 2885 durch
1641 2849 1720 2885 diesen
1739 2850 1840 2888 Antrag
1861 2852 1986 2888 gemahnt,

1057 2880 1096 2909 die
1115 2879 1195 2917 Frage
1215 2880 1356 2917 aufwerfen,
1375 2882 1407 2911 ob
1427 2887 1455 2911 cS
1470 2884 1534 2921 nicht
1544 2893 1575 2914 an
1596 2886 1638 2915 der
1650 2886 1709 2923 Zeit
1728 2889 1801 2922 wäre,
1821 2889 1857 2917 im
1870 2888 1986 2917 Stände-

1058 2917 1115 2955 rath
1134 2917 1184 2946 eine
1204 2918 1332 2956 gerechtere
1352 2918 1506 2959 Vertretung
1526 2922 1694 2960 cinzuführen,
1723 2924 1755 2954 da
1775 2929 1802 2953 es
1831 2925 1895 2961 nicht
1925 2926 1987 2962 recht

1060 2955 1099 2992 sei,
1119 2955 1167 2992 daß
1186 2955 1228 2984 der
1248 2956 1321 2985 kleine
1340 2956 1444 2987 Kanton
1462 2958 1522 2996 Zug
1550 2960 1574 2995 so
1604 2961 1653 2990 viel
1681 2961 1727 2991 wie
1747 2962 1797 2991 das
1816 2964 1893 2999 große
1912 2962 1986 2992 Bern

1059 3002 1090 3030 zu
1109 2992 1181 3029 sagen
1206 2993 1276 3029 habe.
1313 2993 1353 3024 Er
1379 2994 1465 3031 findet,
1496 2996 1545 3034 daß
1575 2997 1699 3034 Kantone,
1726 3000 1809 3035 welche
1841 3000 1910 3037 mehr
1942 3000 1985 3029 als

1061 3030 1180 3066 100,660
1190 3030 1345 3067 Einwohner
1365 3032 1457 3070 zählen,
1478 3033 1522 3068 auf
1536 3034 1629 3065 weitere
1638 3036 1739 3072 50,000
1750 3036 1905 3075 Einwohner
1915 3037 1986 3067 einen

1058 3068 1159 3097 weitern
1178 3068 1303 3098 Vertreter
1322 3078 1352 3106 zu
1370 3070 1458 3105 senden
1476 3071 1569 3108 hätten.

1116 3105 1141 3135 C
1150 3114 1165 3134 a
1176 3114 1191 3134 r
1201 3109 1212 3135 t
1220 3115 1231 3135 e
1240 3114 1256 3134 r
1265 3116 1277 3136 e
1286 3109 1298 3136 t
1325 3116 1387 3141 war,
1407 3108 1454 3137 wie
1473 3113 1501 3137 cS
1521 3117 1570 3139 von
1589 3109 1641 3146 ihm
1652 3119 1682 3148 zu
1692 3115 1812 3141 erwarten
1824 3121 1885 3148 war,
1907 3120 1985 3149 gegen

1059 3143 1129 3179 jedes
1149 3143 1323 3179 Referendum.
1363 3145 1390 3175 R
1401 3154 1415 3174 o
1425 3154 1453 3175 m
1463 3155 1474 3175 e
1483 3146 1499 3175 d
1510 3155 1527 3184 y
1545 3148 1686 3186 beantragte
1695 3149 1733 3178 die
1743 3149 1811 3187 Zahl
1829 3150 1873 3179 der
1882 3151 1987 3186 50,000

1060 3180 1165 3217 Bürger
1184 3180 1229 3216 auf
1251 3182 1354 3219 20,000
1382 3183 1566 3220 hcrabzusetzen.
1606 3185 1785 3216 Vonmatt
1813 3187 1907 3225 glaubt,
1938 3187 1987 3216 das

1060 3217 1228 3251 Referendum
1247 3218 1281 3254 sei
1299 3219 1343 3249 der
1361 3221 1420 3257 erste
1439 3221 1542 3259 Schritt
1567 3231 1611 3260 zur
1630 3224 1781 3261 Aufhebung
1807 3225 1853 3255 des
1873 3225 1989 3255 Stände-

1058 3255 1154 3289 rathes.
1193 3254 1245 3285 Dr.
1268 3255 1344 3294 Esch
1354 3266 1407 3292 er,
1437 3258 1491 3288 kein
1510 3259 1610 3296 Freund
1638 3262 1682 3290 deS
1713 3261 1904 3298 Referendums,
1935 3262 1990 3292 will

1059 3292 1169 3326 dasselbe
1189 3293 1337 3329 wenigsten»
1357 3295 1401 3330 auf
1419 3296 1530 3333 loyalem
1548 3297 1637 3328 Boden
1666 3299 1796 3335 einsühren
1824 3300 1904 3337 helfen
1936 3300 1987 3330 und

1055 3364 1094 3390 der
1110 3362 1202 3396 Thüren
1219 3363 1245 3389 in
1261 3364 1296 3391 die
1313 3365 1474 3397 verschiedenen
1484 3367 1588 3401 Zimmer
1604 3369 1700 3403 führten,
1718 3371 1753 3396 die
1771 3372 1814 3398 alle
1831 3372 1856 3398 in
1872 3371 1982 3401 derselben

1056 3402 1128 3434 Etage
1145 3401 1217 3434 lagen.
1251 3402 1296 3428 Die
1313 3402 1430 3430 Geländer
1449 3411 1480 3431 an
1498 3406 1537 3433 der
1553 3408 1646 3440 Treppe,
1665 3408 1700 3435 die
1716 3409 1802 3441 Pfeiler
1819 3411 1856 3437 der
1865 3410 1979 3438 Veranda,

1055 3439 1091 3465 die
1107 3438 1205 3472 Thüren,
1223 3438 1247 3470 ja
1264 3439 1297 3466 die
1315 3447 1384 3473 ganze
1401 3442 1476 3474 Front
1504 3443 1545 3471 de!
1561 3445 1653 3478 Hause!
1669 3453 1745 3473 waren
1773 3447 1819 3481 sehr
1843 3446 1903 3480 schön
1932 3445 1979 3471 und

1056 3476 1156 3510 künstlich
1172 3476 1198 3502 in
1214 3476 1271 3510 Holz
1288 3477 1475 3511 ausgeschnitten.
1510 3481 1555 3508 Am
1572 3483 1636 3515 Fuße
1661 3483 1700 3510 der
1716 3484 1803 3516 Treppe
1827 3483 1888 3513 stand
1913 3482 1979 3513 unser

1055 3514 1137 3546 Wirth,
1155 3513 1191 3540 ein
1207 3513 1277 3546 fetter,
1302 3515 1370 3548 heiter
1387 3516 1539 3549 auSfehender
1555 3519 1637 3546 Mann
1666 3524 1692 3547 in
1708 3521 1780 3547 einem
1796 3519 1978 3553 papageigrünen

1056 3552 1158 3584 Kostüm,
1176 3552 1218 3579 wie
1234 3552 1269 3579 die
1287 3553 1457 3586 Eingeborenen
1482 3558 1508 3582 «!
1535 3559 1630 3591 tragen,
1656 3558 1695 3585 der
1720 3559 1774 3585 aber
1799 3560 1836 3585 der
1857 3557 1978 3589 Mehrzahl

1056 3590 1124 3621 seiner
1139 3590 1201 3622 wild,
1217 3590 1271 3617 aber
1287 3591 1364 3624 hübsch
1380 3592 1535 3625 ausjeheuden
1544 3595 1679 3622 Landsleute
1696 3596 1741 3628 sehr
1758 3596 1832 3628 «mig
1848 3595 1911 3629 glich.
1929 3594 1978 3625 Aus

1056 3628 1094 3654 der
1110 3627 1215 3655 Veranda
1231 3627 1288 3655 oben
1303 3636 1381 3656 waren
1397 3631 1451 3662 zwei
1462 3631 1562 3665 Damen,
1580 3634 1651 3660 denen
1668 3634 1705 3659 der
1715 3632 1782 3666 Fürst
1796 3635 1853 3663 uns,
1870 3632 1977 3665 nachdem

1055 3673 1078 3691 ec
1094 3668 1142 3692 un!
1158 3665 1183 3691 in
1199 3665 1260 3692 einer
1284 3666 1330 3698 sehr
1355 3667 1504 3702 freundlichen
1522 3670 1591 3701 Weise
1619 3670 1803 3697 bewillkommnet
1828 3670 1896 3702 hatte,
1924 3676 1975 3697 vor¬

1054 3703 1135 3735 pellte;
1153 3705 1178 3729 e!
1193 3709 1272 3730 waren
1287 3704 1345 3736 seine
1361 3704 1447 3731 Gattin
1464 3706 1513 3732 und
1539 3707 1595 3739 seine
1612 3707 1709 3740 Tochter,
1735 3706 1806 3735 Beide
1821 3706 1977 3741 wohlgenLhrt

1053 3740 1102 3766 und
1119 3739 1203 3773 hübsch,
1220 3740 1274 3767 aber
1290 3741 1404 3774 dmchau!
1420 3742 1479 3769 kein«
1495 3744 1573 3778 Typen
1591 3744 1628 3770 der
1642 3743 1834 3777 ausgezeichneten
1843 3744 1976 3778 Schönheit,

1052 3777 1096 3803 wie
1112 3783 1167 3802 man
1183 3777 1212 3809 sie
1228 3777 1261 3804 im
1277 3778 1398 3808 Kaukasus
1415 3780 1437 3811 so
1454 3780 1487 3810 oft
1504 3781 1567 3812 trifft.
1602 3781 1642 3807 Da
1669 3783 1695 3807 e!
1711 3781 1765 3814 noch
1783 3781 1841 3816 nicht
1857 3783 1908 3816 Zeit
1925 3789 1978 3815 zum

1053 3813 1200 3847 Mittagessen
1215 3821 1270 3847 war,
1289 3815 1312 3847 so
1328 3816 1421 3842 wurden
1438 3817 1482 3843 wir
1498 3816 1633 3850 eingeladen,
1657 3821 1706 3845 un!
1730 3819 1775 3846 mit
1798 3820 1871 3847 einem
1886 3820 1977 3854 leichten

1051 3850 1179 3884 Zakoulky,
1197 3851 1241 3877 da!
1257 3851 1392 3885 gewöhnlich
1410 3859 1452 3879 vor
1468 3853 1520 3880 dem
1536 3855 1610 3881 Diner
1632 3856 1736 3890 genossen
1764 3857 1839 3890 wird,
1865 3866 1892 3892 zu
1913 3858 1977 3890 erfri¬

1052 3889 1119 3921 schen.
1152 3888 1255 3920 Dasselbe
1271 3888 1361 3921 bestand
1376 3892 1424 3916 au!
1441 3890 1536 3923 Eaviar,
1552 3892 1716 3926 geräuchertem
1733 3895 1855 3928 Schinken,
1877 3896 1977 3924 Sardel-

1050 3925 1095 3956 len,
1113 3925 1177 3951 Brod
1192 3931 1220 3951 rc.
1236 3926 1287 3952 und
1301 3926 1378 3953 wurde
1394 3927 1438 3953 mit
1454 3927 1527 3955 einem
1543 3930 1609 3957 Gla!
1626 3931 1712 3959 Wodka
1728 3932 1892 3968 hinabgespült.
1911 3933 1977 3968 Fürst

1051 3962 1144 3996 Mirsk,
1160 3962 1216 3995 setzte
1233 3962 1272 3996 sich
1288 3963 1353 3989 d«mn
1368 3963 1452 3996 nieder,
1477 3972 1520 3992 um
1544 3967 1589 3995 mit
1611 3969 1712 4002 unserem
1728 3970 1805 4006 Wirth
1829 3971 1877 3999 ein«
1893 3971 1977 4004 Partie

1051 4000 1137 4033 Schach
1153 4007 1181 4033 zu
1197 3999 1284 4032 spielen,
1300 4000 1408 4035 während
1424 4002 1498 4037 einige
1514 4010 1559 4032 von
1576 4009 1627 4033 un!
1644 4007 1684 4042 sich
1701 4008 1744 4035 mit
1761 4008 1804 4036 den
1821 4009 1915 4036 Damen
1931 4016 1976 4035 un¬

1050 4038 1162 4072 terhielt«
1179 4037 1226 4064 und
1242 4038 1331 4065 Andere
1347 4038 1380 4065 «m
1395 4039 1470 4072 Park«
1486 4041 1598 4076 spazierm
1615 4044 1707 4079 gingen.
1731 4047 1780 4073 Um
1795 4045 1812 4074 2
1820 4048 1867 4080 Uhr
1880 4046 1976 4074 wurden

1050 4076 1095 4103 wir
1109 4082 1161 4109 zum
1178 4074 1251 4102 Diner
1275 4075 1413 4109 eingeladen.
1447 4077 1484 4111 In
1510 4079 1571 4107 einer
1597 4082 1682 4116 großen
1697 4083 1771 4118 Halle,
1799 4084 1835 4112 die
1859 4085 1913 4116 nach
1937 4084 1977 4112 d«

1051 4113 1158 4141 Veranda
1173 4119 1202 4146 zu
1217 4112 1278 4144 offen
1293 4113 1358 4145 stand
1374 4115 1423 4142 und
1440 4116 1518 4149 welche
1534 4118 1568 4145 die
1586 4126 1656 4154 ganz«
1672 4121 1749 4148 Breite
1765 4121 1806 4149 de!
1822 4121 1912 4156 Hans.!
1928 4122 1976 4149 ein-

1050 4153 1127 4185 nahm,
1145 4158 1221 4178 warm
1237 4151 1290 4184 zwei
1306 4151 1391 4185 Tafeln
1407 4153 1538 4188 anfgesttll«,
1554 4156 1605 4184 ein«
1620 4157 1659 4190 sür
1675 4159 1710 4186 di«
1727 4158 1797 4192 Gäste
1811 4160 1861 4187 und
1876 4159 1912 4186 di«
1922 4166 1975 4186 vor-

1049 4189 1161 4224 nehmßm
1176 4188 1297 4221 Person«,
1314 4189 1351 4217 die
1364 4191 1449 4218 andere
1464 4191 1502 4223 sür
1518 4192 1551 4221 dl«
1567 4196 1744 4230 Untergeben«,
1771 4197 1820 4225 und
1843 4197 1889 4229 jede
1913 4197 1976 4231 hatte

1049 4228 1098 4254 eine
1113 4227 1157 4254 Art
1171 4233 1218 4253 von
1234 4226 1301 4260 Theil
1303 4235 1359 4262 ung,
1375 4236 1418 4256 um
1435 4229 1488 4261 Die,
1505 4232 1583 4267 welche
1600 4233 1656 4261 über
1671 4234 1722 4261 dem
1738 4234 1812 4269 Salze
1828 4234 1902 4268 saßen»
1926 4241 1975 4262 von

1050 4267 1144 4294 Dm«,
1169 4264 1204 4291 die
1219 4264 1329 4292 darunter
1345 4266 1419 4301 saßen,
1445 4273 1473 4300 zu
1490 4269 1593 4297 trennen.
1627 4271 1674 4298 Di«
1688 4271 1788 4305 einzig«
1814 4272 1906 4300 Damm
1934 4278 1974 4299 am

1050 4304 1123 4336 Tische
1138 4310 1213 4329 waren
1230 4302 1266 4330 die
1281 4304 1407 4337 Gemahlin
1432 4306 1482 4331 und
1498 4306 1534 4334 die
1552 4308 1643 4342 Tochter
1668 4310 1758 4341 unser«!
1775 4309 1883 4343 Wirthe».
1917 4310 1974 4337 Da»

1050 4342 1122 4372 Mahl
1139 4342 1226 4375 begann
1243 4341 1286 4368 mit
1302 4341 1387 4375 Supp«
1404 4343 1455 4370 und
1472 4344 1535 4371 dann
1551 4347 1630 4374 wmde
1646 4346 1703 4377 jeder
1710 4347 1797 4379 Person
1812 4347 1862 4374 «ine
1869 4346 1975 4380 Schüssel

1049 4381 1145 4415 gereicht,
1162 4379 1196 4406 die
1213 4379 1255 4405 mit
1272 4380 1319 4406 drei
1335 4381 1387 4406 oder
1402 4381 1452 4408 vier
1467 4382 1537 4410 Arten
1553 4390 1602 4411 von
1618 4385 1706 4418 Fischen
1720 4384 1801 4413 bedeckt
1818 4385 1875 4413 WM.
1892 4385 1973 4412 Kaum

1049 4421 1110 4451 hatte
1125 4424 1181 4444 man
1197 4416 1254 4450 Zeit,
1271 4418 1347 4445 damit
1362 4420 1391 4451 zü
1406 4418 1525 4452 beginnen,
1543 4422 1584 4448 al!
1601 4422 1683 4453 Jedem
1707 4421 1756 4449 eine
1773 4423 1854 4450 andere
1869 4422 1974 4455 Schüssel

1046 4456 1093 4484 mit
1106 4456 1167 4482 einer
1180 4456 1225 4482 Ait
1232 4455 1313 4489 Fleisch
1329 4456 1419 4491 gereich«
1434 4457 1520 4490 wmde,
1536 4459 1587 4486 und
1601 4459 1667 4486 dann
1681 4459 1763 4487 wieder
1768 4459 1819 4487 eine
1825 4460 1874 4487 und
1889 4459 1973 4487 wieder

2040 963 2134 997 stimmt
2153 965 2195 999 für
2213 965 2260 994 das
2289 965 2464 1002 Refermdum.
2501 967 2557 1004 Dr.
2569 968 2682 1004 Heer,
2714 968 2754 998 ein
2781 977 2889 999 warmer
2917 968 2973 999 An¬

2040 995 2135 1039 hänger
2153 1002 2198 1031 des
2219 1002 2410 1040 Referendums,
2430 1005 2485 1034 will
2501 1006 2613 1042 dasselbe
2630 1005 2703 1044 durch
2725 1005 2905 1044 Elkschiebung
2926 1006 2973 1037 des

2040 1032 2314 1076 StändereferendumS
2343 1042 2407 1080 nicht
2434 1050 2494 1080 zum
2522 1043 2653 1080 Zerrbilde
2690 1043 2798 1079 mach«.
2836 1043 2972 1075 Ander¬

2040 1079 2126 1106 wert
2146 1077 2278 1113 ebenfalls.
2317 1078 2373 1109 Dr.
2393 1079 2422 1110 S
2435 1088 2447 1109 e
2458 1089 2474 1118 g
2484 1090 2496 1110 e
2506 1080 2535 1117 ff
2545 1090 2556 1110 e
2567 1089 2580 1110 r
2598 1081 2689 1119 möchte
2707 1081 2756 1111 das
2776 1080 2971 1120 Abberufung!-

2039 1113 2101 1152 recht
2120 1115 2177 1153 noch
2198 1115 2242 1152 auf
2259 1115 2307 1145 den
2327 1116 2464 1155 Einzelnen
2484 1118 2633 1156 ausdehnen.

2094 1151 2170 1182 Von
2182 1156 2275 1182 matt
2295 1154 2443 1193 beanträgt:

2094 1190 2121 1219 2.
2143 1190 2178 1219 al.
2198 1199 2230 1227 zu
2248 1190 2307 1220 Art.
2328 1192 2384 1222 65:

2094 1227 2173 1261 „Der
2196 1228 2377 1266 Nationalraih
2401 1231 2461 1266 muß
2490 1230 2622 1267 außerdem
2650 1240 2696 1261 neu
2725 1231 2832 1269 gewählt
2861 1232 2967 1269 werdm,

2037 1272 2109 1293 wenn
2128 1265 2232 1302 derselbe
2249 1266 2323 1303 dmch
2341 1266 2380 1297 die
2399 1268 2530 1306 Mehrheit
2549 1268 2592 1298 deS
2611 1268 2704 1299 Volke»
2726 1269 2859 1304 abberufen
2878 1269 2950 1300 wird.

2092 1302 2171 1332 Ueber
2199 1303 2238 1332 die
2256 1303 2339 1341 Frage
2367 1306 2409 1335 der
2428 1305 2594 1344 Abberufung
2620 1308 2683 1343 muß
2712 1307 2764 1336 «ine
2794 1306 2971 1345 Abstimmung

2036 1338 2187 1376 staitfindcn,
2213 1350 2286 1371 wenn
2314 1341 2367 1372 eine
2396 1343 2470 1379 solche
2497 1352 2548 1373 von
2575 1345 2679 1379 50,000
2706 1344 2827 1381 Bürgern
2855 1346 2972 1382 verlangt

2035 1377 2126 1407 wird."

2092 1417 2119 1444 2.
2139 1415 2175 1444 al.
2196 1424 2227 1450 zu
2245 1416 2305 1446 Art.
2325 1419 2380 1447 69:

2094 1452 2165 1488 „Die
2185 1453 2361 1492 Ständeräthe
2381 1456 2476 1485 können
2495 1465 2546 1486 von
2566 1456 2636 1494 ihren
2658 1457 2782 1495 Wählern
2803 1457 2914 1495 jederzeit
2927 1458 2971 1489 ab¬

2035 1484 2137 1523 berufen
2156 1491 2279 1520 werden."

2089 1528 2132 1564 In
2151 1528 2194 1557 der
2213 1528 2390 1569 Abstimmung
2410 1531 2493 1561 wmde
2511 1532 2555 1561 der
2574 1532 2632 1561 Art.
2644 1533 2680 1561 85
2700 1532 2728 1562 in
2741 1532 2841 1570 Betreff
2859 1532 2904 1563 de»
2917 1533 2971 1564 Re¬

2035 1564 2179 1600 ferendums
2200 1567 2257 1602 nach
2277 1567 2331 1596 dem
2349 1568 2463 1606 Anträge
2482 1569 2528 1598 des
2547 1569 2744 1607 BundcSrathes
2772 1578 2963 1608 angenommen.

2036 1602 2096 1632 Rur
2132 1603 2208 1637 sollen
2234 1605 2250 1632 8
2280 1606 2331 1634 und
2359 1606 2422 1643 nicht
2450 1607 2469 1635 5
2487 1607 2605 1636 Kantone
2624 1608 2735 1642 dasselbe
2753 1609 2890 1646 verlangen
2903 1608 2961 1638 kön¬

2035 1648 2092 1670 nen.
2132 1640 2255 1678 Dagegen
2275 1643 2358 1672 wurde
2376 1643 2417 1673 der
2436 1652 2512 1681 ganze
2533 1644 2589 1674 Art.
2610 1646 2656 1681 89,
2675 1645 2714 1675 die
2733 1646 2874 1682 Initiative
2892 1645 2965 1682 betr.,

2036 1677 2174 1715 gestrichen.

2092 1716 2240 1745 Vonmatt's
2261 1716 2361 1755 Antrag
2381 1719 2465 1748 wurde
2485 1719 2604 1749 eventuell
2621 1720 2694 1757 dmch
2719 1720 2912 1758 Stichentscheid
2922 1720 2968 1751 des

2036 1752 2199 1788 Präsidenten
2218 1763 2405 1792 angenommen,
2430 1756 2489 1786 aber
2518 1758 2560 1785 der
2579 1765 2656 1795 ganze
2690 1757 2969 1797 Abberufungsantrag

2034 1790 2062 1819 in
2081 1792 2124 1820 der
2143 1791 2289 1825 definitiven
2308 1792 2485 1832 Abstimmung
2504 1794 2594 1823 wieder
2613 1795 2750 1832 gestrichen.

2091 1828 2133 1864 In
2151 1828 2250 1865 Betreff
2269 1831 2311 1859 der
2321 1829 2430 1861 Debatte
2450 1833 2511 1861 über
2521 1832 2560 1861 die
2578 1832 2742 1871 Abberufung
2750 1833 2831 1868 habm
2851 1833 2898 1864 wir
2907 1834 2968 1871 noch

2035 1866 2219 1903 nachzuholen,
2242 1868 2292 1903 daß
2320 1867 2375 1906 Dr.
2403 1869 2515 1906 Heer,
2545 1869 2720 1909 Ziegler,
2747 1870 2969 1901 Anderweit

2036 1903 2086 1932 und
2108 1903 2160 1933 Dr.
2179 1904 2317 1940 Kaiser
2335 1906 2405 1943 mehr
2423 1907 2483 1936 oder
2510 1908 2620 1944 weniger
2639 1917 2716 1946 gegen
2745 1908 2783 1937 die
2803 1908 2969 1947 Abberufung

2034 1941 2079 1969 des
2101 1941 2320 1978 Nationalrathes,
2341 1944 2390 1973 alle
2408 1944 2466 1974 aber
2480 1953 2556 1982 gegen
2568 1945 2607 1975 die
2619 1945 2785 1983 Abberufung
2799 1946 2842 1975 des
2853 1946 2968 1976 Ständc-

2035 1977 2121 2015 rathes
2142 1979 2185 2015 sich
2208 1980 2381 2016 aussprachen,
2402 1982 2520 2019 während
2541 1983 2569 2012 S
2581 1992 2592 2012 c
2603 1992 2618 2020 g
2629 1993 2641 2012 e
2652 1984 2662 2020 s
2675 1984 2684 2019 s
2694 1992 2706 2013 e
2716 1993 2730 2012 r
2748 1984 2796 2013 den
2815 1984 2916 2022 Antrag
2930 1984 2969 2021 so¬

2035 2024 2081 2053 gar
2100 2016 2158 2053 noch
2179 2017 2307 2046 erweitern
2325 2019 2378 2047 und
2397 2019 2441 2054 auf
2460 2019 2506 2048 feen
2527 2019 2665 2058 Einzelnen
2683 2021 2827 2058 ausdehnen
2845 2021 2938 2051 wollte.

2091 2053 2133 2084 Es
2153 2055 2207 2083 kani
2226 2055 2294 2084 dann
2323 2055 2453 2094 schließlich
2483 2058 2542 2094 noch
2570 2058 2610 2086 die
2629 2059 2894 2096 Abstimmungsfrage
2922 2068 2968 2097 zur

2034 2089 2217 2130 Behandlung,
2236 2092 2315 2121 allein
2339 2094 2377 2123 die
2396 2094 2562 2131 Kommission
2582 2095 2690 2132 beschloß
2721 2096 2835 2132 darüber,
2866 2097 2897 2127 ob
2925 2098 2965 2127 die

2036 2127 2213 2167 Abstimmung
2232 2129 2262 2158 in
2283 2130 2368 2168 xlobo
2390 2132 2446 2161 oder
2467 2134 2651 2170 gruppenweise
2673 2142 2719 2163 vor
2738 2133 2781 2170 sich
2802 2134 2879 2171 gehen
2899 2134 2967 2171 solle,

2035 2174 2081 2194 vor
2100 2166 2143 2196 der
2162 2166 2238 2203 Hand
2259 2167 2318 2204 noch
2339 2169 2419 2198 keinen
2439 2169 2567 2207 Entscheid
2586 2179 2616 2207 zu
2636 2171 2722 2208 fassen.
2747 2171 2789 2201 Es
2809 2171 2850 2208 fiel
2871 2172 2969 2210 schließ¬

2035 2203 2078 2242 lich
2099 2204 2142 2233 der
2160 2204 2270 2242 Antrag,
2290 2206 2343 2235 eine
2365 2206 2545 2245 Abendfitzung
2573 2216 2605 2245 zu
2629 2210 2733 2246 halten;
2760 2209 2835 2238 allein
2864 2209 2969 2246 derselbe

2035 2241 2118 2271 wurde
2147 2241 2289 2279 abgelehnt,
2317 2242 2423 2282 dagegen
2452 2245 2601 2282 beschloss«,
2629 2246 2739 2284 nächsten
2757 2247 2885 2285 Sonntag
2914 2247 2969 2277 eine

2036 2279 2148 2316 Sitzung
2166 2288 2200 2316 zu
2218 2281 2310 2317 halten.

2091 2315 2146 2345 Die
2163 2317 2330 2353 Kommission
2349 2319 2412 2347 wird
2431 2319 2564 2357 schwerlich
2589 2328 2635 2351 vor
2656 2321 2781 2359 Dienstag
2810 2321 2867 2351 oder
2887 2321 2967 2352 Mitt¬

2036 2354 2099 2390 woch
2120 2354 2172 2391 ihre
2192 2354 2280 2385 Arbeit
2299 2355 2425 2386 vollenden
2444 2357 2549 2386 können.

2091 2399 2130 2429 —
2156 2399 2479 2438 Verkehrswesen.
2519 2402 2580 2433 Den
2596 2403 2691 2439 „Basl.
2705 2404 2814 2441 Nachr."
2828 2405 2894 2435 wird
2907 2406 2966 2435 mit-

2036 2437 2150 2474 getheilt,
2174 2438 2224 2474 daß
2243 2438 2282 2467 die
2302 2439 2468 2477 Verwaltung
2487 2439 2532 2469 der
2550 2441 2681 2480 belgischen
2703 2442 2967 2478 Staatseisenbahnen

2036 2474 2072 2503 die
2106 2476 2272 2513 gegenwärtig
2310 2476 2465 2513 bcstehmden
2504 2477 2757 2517 Schnellzüge
2796 2479 2967 2518 zwischen

2035 2511 2192 2546 Ostende
2219 2513 2288 2542 und
2315 2513 2426 2551 Basel
2447 2515 2491 2550 auf
2510 2516 2556 2545 den
2578 2518 2603 2545 1.
2621 2517 2734 2547 Oktober
2752 2517 2870 2555 eingehen
2889 2519 2967 2554 lassen

2035 2550 2116 2578 wolle.
2156 2550 2235 2585 „Wir
2253 2551 2376 2588 können",
2395 2552 2499 2582 bemerkt
2508 2553 2556 2584 das
2566 2553 2651 2590 Blatt,
2672 2554 2749 2591 „diese
2758 2555 2898 2592 Maßregel
2915 2565 2968 2586 nur

2035 2587 2164 2623 bedauern,
2185 2588 2218 2617 da
2235 2588 2297 2623 diese
2315 2588 2387 2626 Züge
2404 2590 2442 2620 die
2463 2591 2563 2627 kürzeste
2582 2591 2746 2629 Verbindung
2765 2592 2880 2629 zwischen
2894 2593 2967 2632 Eng¬

2034 2625 2094 2654 land
2115 2625 2169 2661 (via
2190 2625 2413 2664 Dover-Ostende)
2443 2630 2495 2657 und
2515 2628 2557 2658 der
2577 2629 2692 2667 Schweiz
2724 2630 2857 2659 vermittelt
2885 2630 2967 2668 haben

2035 2662 2086 2691 und
2107 2663 2156 2699 sich,
2178 2663 2261 2697 soweit
2281 2668 2331 2692 uns
2351 2664 2464 2700 bekannt,
2484 2665 2554 2695 eines
2572 2666 2698 2703 lebhaften
2718 2667 2862 2704 Zuspruchs
2877 2667 2966 2702 seitens

2035 2700 2079 2729 des
2101 2700 2253 2736 Publikums
2281 2701 2372 2737 erfreut
2394 2703 2482 2739 haben.
2522 2704 2571 2733 Um
2599 2705 2661 2740 diese
2688 2705 2857 2742 empfindliche
2875 2706 2967 2736 Unter¬

2035 2737 2156 2775 brechung
2165 2738 2210 2767 des
2225 2738 2433 2769 international«
2445 2740 2570 2778 Verkehrs
2583 2742 2731 2780 wenigstens
2744 2742 2788 2777 für
2800 2743 2847 2772 das
2859 2743 2966 2781 deutsche

2035 2774 2129 2805 Gebiet
2155 2776 2358 2813 auszugleichen,
2387 2777 2450 2807 wird
2475 2778 2514 2807 die
2539 2780 2790 2818 elsaß-lothringische
2810 2780 2966 2818 Eisenbahn¬

2035 2813 2153 2842 direktion
2171 2813 2217 2842 den
2236 2813 2337 2843 Winter
2356 2815 2414 2844 über
2433 2815 2548 2853 besagten
2568 2817 2722 2855 Schnellzug
2740 2817 2856 2855 zwischen
2875 2817 2966 2856 Basel-

2032 2849 2188 2886 Luxemburg
2207 2851 2234 2879 in
2254 2850 2355 2881 Betrieb
2375 2852 2511 2888 erhalt«."

2088 2912 2124 2916 —
2144 2895 2199 2925 Die
2219 2896 2264 2931 „N
2284 2896 2333 2926 Gl.
2353 2897 2429 2935 Ztg."
2453 2898 2507 2936 gibt
2534 2899 2646 2935 folgende
2673 2900 2808 2938 Ueberstcht
2836 2901 2880 2931 der
2908 2911 2962 2932 von

2032 2932 2074 2962 der
2105 2932 2397 2972 Bundesversammlung
2428 2935 2455 2964 in
2487 2936 2532 2966 der
2560 2937 2803 2976 Septembersitzung
2830 2938 2962 2977 erlheilten

2031 2969 2314 3007 Konzessionen
2333 2971 2375 3008 für
2385 2981 2443 3002 neue
2459 2973 2681 3011 Eisenbahnlinien
2701 2979 2751 3005 und
2771 2975 2844 3006 deren
2862 2977 2965 3014 Kost«.

2027 3370 2081 3401 eine,
2109 3369 2148 3396 hi»
2174 3370 2214 3395 der
2228 3370 2311 3396 Raum
2339 3378 2383 3397 vor
2409 3372 2480 3402 jedem
2497 3373 2569 3405 Gast«
2598 3375 2644 3401 mit
2659 3375 2779 3409 Schüsseln
2806 3376 2965 3410 verschichmer

2026 3407 2124 3438 Speisen
2140 3407 2220 3434 bedeckt
2236 3414 2296 3435 war.
2329 3409 2447 3443 Während
2472 3411 2517 3438 wir
2543 3409 2670 3447 beschäftigt
2694 3420 2790 3444 waren,
2817 3421 2866 3441 von
2890 3415 2963 3449 dies«

2025 3443 2188 3477 verschiedenen
2205 3444 2304 3477 Speisen
2320 3453 2348 3479 zu
2366 3448 2483 3481 genießen,
2513 3449 2555 3482 ließ
2571 3449 2610 3482 sich
2628 3451 2665 3476 ein
2680 3451 2747 3484 Hom
2764 3450 2841 3484 hör«,
2868 3453 2917 3480 und
2934 3456 2963 3480 e!

2024 3482 2070 3507 trat
2086 3481 2136 3508 eine
2152 3482 2198 3509 Att
2213 3489 2261 3510 von
2278 3483 2409 3517 Prozession
2435 3485 2480 3517 ein,
2509 3486 2545 3513 die
2569 3487 2611 3518 auf
2639 3488 2711 3514 einem
2737 3489 2823 3521 groß«
2852 3489 2963 3521 silbernen

2024 3517 2203 3550 Präsentiiteller
2218 3519 2265 3546 da!
2281 3521 2442 3554 Hinterviertel
2460 3525 2525 3550 eine»
2541 3524 2675 3557 gebraten«
2693 3524 2793 3558 Ochs«!
2815 3529 2879 3559 trug.
2912 3528 2963 3562 Eh«

2024 3555 2053 3589 ich
2070 3556 2125 3582 aber
2140 3559 2217 3584 weiter
2232 3564 2281 3584 von
2298 3559 2349 3586 dem
2367 3560 2433 3593 Essen
2451 3563 2525 3588 etwa!
2541 3561 2605 3595 sage,
2635 3563 2692 3595 muß
2710 3562 2739 3595 ich
2756 3565 2830 3591 etwa!
2846 3571 2894 3592 von
2909 3566 2963 3593 dem

2024 3593 2123 3620 Trink«
2139 3595 2273 3628 mitlheil«.
2308 3596 2357 3624 Bor
2374 3598 2464 3631 Beginn
2481 3599 2524 3625 de!
2541 3599 2631 3626 Diner»
2656 3606 2708 3627 war
2729 3601 2783 3634 nach
2800 3602 2838 3628 der
2855 3603 2963 3637 gewöhn¬

2023 3630 2093 3664 lichen
2109 3631 2176 3659 Sitte
2193 3633 2229 3659 «in
2246 3634 2346 3661 arditor
2361 3636 2471 3662 didoncki
2485 3636 2541 3663 oder
2556 3636 2766 3672 Toastausbringer
2783 3642 2883 3666 «rannt
2899 3648 2961 3668 wor¬

2022 3668 2072 3697 den.
2108 3669 2154 3696 Die
2171 3670 2294 3705 Billigung
2310 3672 2348 3699 der
2365 3673 2433 3705 Wahl
2451 3673 2529 3700 wurde
2544 3680 2592 3700 von
2608 3674 2654 3702 dm
2671 3675 2757 3707 Gästen
2776 3676 2856 3711 höflich
2873 3678 2961 3706 erbet«

2023 3705 2071 3734 und
2089 3707 2200 3742 natürlich
2217 3709 2312 3742 ertheilt.
2347 3710 2421 3741 Dieser
2439 3710 2524 3742 Post«
2540 3711 2565 3743 ist
2582 3712 2607 3738 in
2625 3713 2689 3745 senm
2703 3713 2828 3747 Gegend«
2844 3715 2881 3742 bei
2898 3717 2961 3744 allen

2023 3743 2182 3778 Festlichkeiten
2200 3745 2277 3779 irgend
2303 3746 2375 3774 einem
2391 3748 2548 3776 Verwandten
2572 3753 2723 3783 anverttaut,
2746 3751 2787 3779 der
2810 3751 2845 3778 im
2861 3752 2962 3782 Trinken

2023 3783 2098 3809 etwa»
2115 3789 2143 3816 zu
2159 3783 2232 3815 leisten
2249 3790 2343 3818 vermag
2360 3785 2406 3811 und
2424 3785 2497 3818 dessen
2516 3787 2642 3814 Ausdauer
2658 3788 2707 3815 und
2724 3788 2818 3822 Erfolge
2833 3789 2869 3818 bei
2878 3790 2960 3819 Trink¬

2024 3820 2117 3854 gelagen
2133 3820 2182 3853 ihm
2198 3821 2233 3847 ein
2249 3821 2349 3854 gewisse»
2366 3822 2473 3856 Borrecht
2489 3824 2534 3856 auf
2549 3824 2603 3857 dies«
2621 3826 2681 3859 Ehre
2699 3826 2795 3860 gegeben
2812 3827 2896 3861 habm.
2920 3830 2960 3863 I»

2024 3856 2103 3889 diesem
2120 3858 2184 3891 Falle
2199 3861 2276 3885 wurde
2292 3859 2326 3885 die
2344 3860 2403 3893 Ehre
2418 3861 2493 3888 einem
2504 3862 2591 3895 Cousin
2606 3864 2699 3896 unsere»
2711 3864 2812 3898 Wirthe»
2829 3866 2959 3900 zuerkanm,

2024 3894 2097 3922 einem
2114 3896 2230 3928 schlank«,
2254 3896 2378 3929 hübschen,
2401 3898 2583 3927 «ildblickenden
2605 3901 2692 3935 jung«
2711 3901 2821 3935 Manne,
2851 3903 2893 3932 den
2914 3906 2961 3933 wir

2023 3935 2090 3960 unter
2106 3934 2148 3960 den
2164 3933 2265 3964 Reitern,
2283 3933 2318 3960 die
2335 3938 2385 3962 un»
2401 3935 2506 3969 b«gleitet
2523 3938 2606 3971 hatten,
2624 3945 2702 3973 wegen
2719 3939 2790 3972 seiner
2806 3939 2894 3974 kühnm
2902 3943 2959 3970 Rei.

2023 3970 2134 4002 terkünste,
2151 3970 2221 4003 seine»
2237 3970 2374 4004 glän,«dm
2384 3973 2509 4006 Kostüme»
2526 3975 2573 4001 und
2590 3974 2663 4007 seine»
2671 3976 2763 4010 reich«,
2781 3977 2857 4005 vollen
2864 3978 2959 4013 Haare»

2023 4008 2118 4035 bemerkt
2141 4008 2227 4042 hatten.
2261 4008 2310 4035 Der
2336 4009 2509 4045 Toolambatch,
2535 4012 2577 4039 wie
2601 4013 2642 4041 der
2658 4014 2824 4049 Sympostarch
2854 4020 2958 4050 genannt

2022 4045 2088 4078 wird,
2105 4046 2176 4079 nahm
2193 4045 2249 4077 sein«
2266 4046 2408 4080 Funktion«
2424 4048 2487 4083 nicht
2503 4049 2563 4077 beim
2581 4050 2674 4085 Beginn
2690 4052 2730 4079 de»
2741 4052 2833 4080 Diner»
2849 4053 2891 4088 auf
2906 4056 2957 4082 unb

2022 4083 2070 4110 «ine
2087 4084 2148 4117 kurz«
2163 4082 2217 4116 Zeit
2232 4084 2326 4111 tranken
2352 4086 2396 4113 wir
2421 4093 2481 4121 ganz
2502 4087 2600 4121 ftiedlich
2631 4089 2699 4116 Wein
2726 4092 2774 4117 au»
2791 4090 2957 4125 Weingläse«.

2022 4120 2073 4148 wir
2089 4121 2181 4148 tranken
2197 4121 2277 4155 roihen
2294 4122 2363 4150 Wein
2379 4124 2419 4151 de»
2436 4124 2535 4157 Lmide»,
2553 4127 2627 4154 etwa»
2645 4127 2711 4161 herbe
2726 4128 2776 4155 und
2801 4128 2875 4162 scharf,
2900 4130 2957 4158 aber

2021 4158 2079 4191 nicht
2096 4158 2158 4190 stark.
2187 4159 2231 4185 Al!
2249 4159 2295 4186 da»
2310 4159 2475 4194 Ochsenoiertel
2491 4162 2670 4199 hereingebracht
2684 4164 2778 4193 rv«dm
2794 4172 2852 4198 war,
2877 4169 2957 4196 wmde

2022 4196 2078 4228 jeder
2093 4196 2181 4229 Person
2196 4202 2228 4223 au
2245 4196 2285 4223 der
2301 4197 2371 4225 obern
2386 4198 2455 4231 Taftl
2469 4200 2508 4226 ei»
2524 4200 2602 4227 kleiner
2620 4202 2725 4235 filbemer
2740 4203 2823 4237 Becher
2849 4205 2955 4239 gegeben,

2020 4234 2058 4260 der
2075 4240 2122 4260 von
2137 4233 2182 4260 dm
2196 4232 2245 4261 vier
2262 4234 2410 4267 «uftoärtem
2427 4236 2509 4271 gefüllt
2525 4238 2619 4271 wurde,
2645 4239 2712 4266 derm
2736 4240 2855 4274 besondere
2869 4241 2956 4277 Pflicht

2020 4273 2046 4298 r»
2061 4277 2119 4303 war,
2135 4271 2180 4298 dm
2196 4271 2264 4299 «ei»
2280 4279 2308 4306 zu
2324 4273 2414 4308 reich«,
2432 4274 2482 4302 und
2498 4275 2563 4302 dann
2580 4276 2649 4311 erhob
2665 4277 2707 4310 sich
2731 4278 2772 4305 der
2790 4278 2954 4311 Toolambatch

2020 4308 2068 4336 und
2084 4309 2170 4342 brachte
2185 4308 2233 4336 «ine
2251 4310 2392 4345 Gesundheit
2406 4312 2452 4344 auf
2465 4312 2510 4340 dm
2526 4313 2605 4346 Kaiser
2621 4321 2667 4342 von
2684 4315 2800 4349 Rußland
2815 4319 2875 4346 au».
2901 4318 2954 4347 So-

2020 4346 2072 4373 bald
2089 4346 2156 4379 dieser
2172 4347 2242 4379 Toast
2258 4349 2380 4381 gettunkm
2394 4356 2453 4382 war,
2469 4351 2588 4383 begannm
2613 4352 2651 4379 rin
2666 4352 2723 4385 halb
2739 4353 2845 4387 Dutzend
2872 4354 2954 4390 sunger

2019 4385 2092 4414 Leute,
2109 4384 2144 4411 die
2160 4391 2199 4410 am
2217 4385 2329 4418 untersten
2346 4387 2410 4414 End«
2426 4388 2466 4414 der
2482 4389 2564 4415 oberen
2581 4389 2649 4421 Tafel
2664 4390 2738 4423 saßen,
2757 4391 2784 4418 in
2800 4391 2875 4419 einem
2885 4394 2953 4428 ziem¬

2019 4422 2059 4455 lich
2075 4422 2234 4456 schmerzlich«
2252 4423 2318 4450 Tone
2333 4424 2397 4452 rium
2413 4424 2517 4460 Gesang,
2534 4425 2585 4453 und
2601 4433 2670 4461 zwar,
2686 4428 2730 4456 wie
2745 4435 2805 4457 man
2822 4432 2873 4457 un»
2884 4432 2953 4466 sagten

2018 4458 2085 4495 Vase
2100 4462 2148 4487 au»
2164 4460 2217 4487 dem
2231 4460 2330 4494 Psalter,
2354 4461 2392 4490 die
2409 4461 2451 4495 für
2473 4463 2532 4497 diese
2547 4463 2722 4500 Gelegmheitm
2745 4472 2808 4500 ganz
2830 4467 2952 4501 besonder»

2626 3013 2772 3048 Bahnlänge.

2633 3046 2762 3074 Kilometer.

2838 3014 2929 3048 Kosten.

2865 3049 2905 3080 Fr.

2034 3074 2279 3111 Wasserfallmbahn
2299 3075 2576 3115 Liestal-Solothurn,
2600 3080 2625 3108 1.

2032 3111 2086 3141 und
2106 3113 2133 3141 2.
2153 3112 2264 3142 Sektion
2363 3136 2370 3143 .
2446 3136 2455 3144 .
2531 3138 2538 3144 .
2612 3137 2621 3145 .

2676 3118 2714 3145 »1

2794 3118 2962 3156 19,000,000

2034 3149 2192 3187 Fortsetzung
2211 3150 2339 3187 derselben,
2361 3152 2623 3188 Solothurn-Schön-

2035 3187 2619 3223 bühl.

2677 3192 2715 3220 25

2811 3193 2963 3230 4,500,000

2035 3224 2324 3262 Langmthal-Wauwyl
2361 3247 2369 3255 .
2444 3247 2453 3256 .
2530 3249 2537 3256 .
2613 3250 2621 3258 .

2678 3230 2716 3258 20

2812 3231 2964 3268 6,600,000

2036 3261 2211 3298 Bulle-Thun,
2231 3263 2307 3298 Berg-
2326 3270 2351 3293 u.
2372 3264 2574 3300 Touristenbahn
2616 3288 2624 3295 .

2683 3269 2720 3296 85

2798 3263 2965 3305 13,700^000

2039 3299 2219 3335 Brünigbahn,
2240 3299 2416 3338 Bern-Luzern
2435 3310 2468 3330 rc.

2682 3306 2718 3333 81

2797 3306 2965 3343 12,300,000
