2673 3484
195 135 497 167 «orau-bezahlung.

114 201 231 233 Jährlich
248 200 276 228 in
293 201 382 233 Zürich
400 201 522 233 Schwfrk.
535 204 560 230 8.

115 235 163 266 3m
186 242 282 269 a»nze»
305 235 450 268 PyArqtzon
471 236 562 268 Zürich

180 257 268 300 stcKo
286 268 340 298 Frk:
357 272 375 295 »
392 268 446 304 Btz.
463 272 489 297 L

161 302 235 335 U'Jft!’

123 367 127 373 ■
161 353 200 378 RÖ

1128 146 1264 222 Nr.
1298 147 1440 222 42.

1425 284 1458 316 >>

2095 130 2320 165 Einrückung-g

2089 201 2139 228 Die
2156 199 2291 235 Petitzeile
2307 201 2323 227 4

2065 233 2152 266 Briefe
2167 236 2219 263 und
2236 233 2336 263 Gelder
2347 228 2425 265 fränt>

123 630 397 698 Montag

1092 599 1096 607 ,
1112 562 1264 612 fiSppF

1203 621 1292 664 IjObl

919 677 1014 706 Druck
1030 676 1092 705 und
1110 676 1221 707 «erlog
1240 681 1299 710 ppp

1004 743 1038 749 ■■■■
1074 727 1127 748 —’
1161 743 1164 748 ■
1189 743 1215 748 -
1236 735 1285 763 «S

1305 622 1317 673 I
1379 640 1402 685 £
1519 651 1523 655 '

1316 671 1402 708 «r«S
1413 679 1424 708 i
1440 674 1530 707 Mßli
1547 675 1573 706 es
1589 676 1700 709 Vomp.

1892 629 1970 678 den
2003 629 2084 677 SS.
2119 625 2300 686 Januar
2335 626 2493 683 1844.

1220 791 1260 821 ->!-

531 836 580 878 S
600 836 644 882 ch
667 836 801 875 «ei
1068 859 1071 863 ■
1146 860 1149 864 ■
1233 858 1281 867 —

180 910 216 947 B
226 918 303 946 ern.
351 905 436 946 Dem
465 906 860 958 zumäußerordentlkchen
883 904 1046 952 Pröfeffor
1077 907 1130 942 des
1154 904 1290 959 Sta^ats-

119 966 225 1008 rechtes
258 967 432 998 ernannten
459 962 542 1002 Hrn.
557 958 720 1003 Großrath
740 947 906 1001 .Webttch
926 956 1059 993 Stettler
1070 964 1075 972 '
1090 954 1123 1003 ist
1147 948 1289 1005 geßatM

118 1019 162 1058 die
188 1014 291 1052 Stelle
324 1015 406 1051 eines
442 1012 749 1057 Lehenskommissars
788 1015 841 1047 des
871 1010 1022 1049 Kaütons
1054 1006 1290 1059 beizubrhaltM',

118 1080 188 1111 vym
209 1067 487 1113 Regierungsrath
517 1068 589 1102 aber
615 1069 673 1102 das
698 1064 880 1101 Marimum
910 1066 975 1100 der.
994 1063 1175 1109 Besoldung
1197 1062 1289 1105 feiner

118 1122 278 1166 Professur
301 1128 365 1156 von
376 1148 380 1153 .
389 1121 479 1156 1600
500 1121 559 1160 auf
580 1120 668 1155 1000
691 1113 782 1157 Frkn.
812 1116 1055 1163 heruntergesetzt
1089 1117 1223 1151 worden.
1244 1134 1289 1141 —

117 1177 164 1217 Zn
183 1176 297 1217 Erlach
320 1174 376 1217 hat
395 1174 451 1219 sich
474 1173 538 1209 eine
557 1170 815 1214 ünverheirathete
836 1169 1059 1214 WeibSpersött
1083 1160 1290 1221 erhängt,/hie

117 1239 217 1275 wegen
242 1226 449 1268 Verdachtes,
480 1227 539 1270 daß
562 1226 598 1271 sie
619 1224 678 1260 mit
707 1223 804 1268 ihrem
828 1222 929 1258 Vater
938 1253 945 1256 ,
951 1223 985 1258 in
1007 1222 1104 1257 einem
1120 1222 1290 1262 verbreche¬

116 1283 224 1326 rischen
247 1273 439 1324 Verhältniß
458 1279 619 1324 gestanden
651 1278 689 1319 sei
719 1278 783 1312 und
815 1278 872 1311 daS
911 1274 1103 1321 neugeborne
1128 1275 1212 1314 Kind
1244 1283 1289 1309 er¬

118 1337 234 1374 mordet
255 1333 351 1378 habe,
374 1334 408 1368 in
431 1333 509 1374 Haft
532 1331 670 1377 gehälten
693 1339 769 1365 war.
816 1332 823 1336 '
930 1355 956 1365 -
981 1332 1001 1339 ”
1060 1316 1069 1329 '
1096 1328 1161 1387 >£•
1175 1316 1231 1372 ,t}
1242 1326 1288 1387 ~j

181 1386 434 1427 Solothurn.
480 1384 547 1420 Der
578 1381 801 1423 Frauenverein
825 1382 857 1416 in
880 1380 982 1417 Olten
1002 1380 1063 1424 hat
1097 1380 1149 1422 seit
1180 1381 1289 1424 seinem

117 1438 351 1486 siebenjährigen
382 1438 532 1480 Bestände
554 1446 647 1481 gegen
680 1435 768 1471 1400
791 1434 883 1473 Frkn.
916 1435 970 1478 für
990 1433 1169 1474 Hausarme
1191 1434 1289 1479 einge¬

118 1502 261 1533 nommen
293 1495 357 1530 und
387 1491 445 1533 säst
476 1491 542 1526 900
577 1488 669 1529 Frkn.
687 1485 887 1539 ausgehebrn.
944 1485 1020 1522 Der'
1042 1485 1224 1530 Ueberschuß
1253 1486 1289 1529 ist

117 1550 165 1585 als
187 1544 438 1589 Reservekapital
458 1543 657 1589 zinstragend
681 1541 831 1587 angelegt.

180 1600 212 1636 B
222 1599 304 1641 asel
315 1598 391 1641 stad
402 1603 424 1631 t.
482 1596 544 1631 Die
574 1594 745 1639 Rechnung
775 1595 826 1628 der
860 1591 1092 1635 Spitalpflege'
1105 1598 1169 1626 von
1203 1591 1289 1626 1842

118 1654 222 1699 erzeigt
238 1651 302 1690 eine
319 1650 496 1692 Einnahme
511 1656 576 1684 von
595 1647 719 1690 86,228
734 1644 828 1685 Frkn.
844 1648 865 1680 4
889 1645 953 1690 Btz.
969 1647 1032 1679 und
1055 1643 1118 1678 eine
1142 1641 1289 1687 Ausgabe

118 1718 176 1745 von
200 1703 347 1747 125,215
381 1702 475 1743 Frkn.
491 1702 511 1737 2
536 1701 601 1746 Btz.
616 1700 640 1736 8
659 1698 738 1741 Rp.,
761 1699 794 1740 so
828 1698 887 1740 daß
921 1701 972 1735 der
1003 1694 1135 1738 Ausfall
1167 1696 1289 1740 beinahe

116 1760 237 1802 59,000
259 1756 360 1796 Frkm.
370 1756 498 1799 beträgt,
942 1791 957 1801 ^
1147 1757 1181 1802 V

180 1807 546 1850 Basellandschaft.
581 1801 654 1840 'Die
677 1804 844 1839 Gemeinde
859 1802 1045 1846 Binningen
1068 1801 1190 1846 gedenkt
1204 1801 1289 1843 jähr¬

118 1868 171 1908 lich
199 1866 268 1900 200
299 1861 392 1901 Frkn,
424 1861 475 1901 für
504 1858 626 1902 Anlage
658 1857 738 1892 einer
768 1855 927 1899 passenden
958 1853 1290 1897 Gemeindsbibliothek

118 1919 310 1964 auszusetzen.
1103 1930 1114 1946 *

182 1969 246 2006 St.
271 1968 436 2004 Gallen.
493 1964 557 1999 Am
582 1965 632 1999 16.
649 1965 676 1997 d.
695 1962 747 1997 M.
765 1971 869 1997 waren
903 1962 948 1996 die
978 1959 1210 2004 Abgeordneten
1240 1963 1289 1994 der

117 2023 311 2068 katholischen
344 2017 541 2062 Geistlichkeit
574 2020 625 2052 des
648 2015 798 2050 Kantons
823 2024 876 2059 zur
899 2014 989 2055 ersten
1017 2012 1203 2056 Berathung
1227 2014 1289 2047 und

115 2078 323 2121 Vertheilung
354 2076 405 2108 der
436 2071 665 2115 Unterstützung
697 2078 737 2103 an
760 2065 1018 2109 hülfsbedürftige
1047 2065 1178 2108 Priester
1201 2071 1290 2100 unter

116 2137 179 2167 dem
202 2129 336 2172 Vorsitze
369 2130 423 2161 des
455 2122 787 2168 Diözesanvorstandes
820 2118 1020 2163 versammelt.
1077 2116 1133 2156 Im
1167 2118 1290 2159 Kapitel

117 2186 247 2229 Schwyz
271 2181 327 2223 soll
350 2184 401 2214 der
424 2186 487 2213 von
512 2174 700 2218 Frühmesser
733 2172 863 2217 Schibig
899 2173 948 2214 sel.
966 2176 1122 2215 angeregte
1156 2172 1289 2212 ähnliche

113 2235 314 2280 Hülfsverein
337 2232 417 2275 nicht
442 2230 605 2275 gescheitert
628 2228 701 2269 sein,
724 2227 854 2268 sondern
877 2227 953 2266 noch
981 2223 1184 2266 fortbestehen.
1230 2223 1288 2264 Hr.

115 2292 204 2334 Pfar.
231 2284 440 2330 Tschümperli
462 2293 499 2327 zu
521 2281 610 2320 Jona
633 2280 741 2315 erklärt
761 2279 808 2314 die
830 2278 950 2321 frühere
971 2276 1140 2321 dießfällige
1161 2274 1290 2321 Angabe

115 2345 185 2380 über
217 2342 294 2386 seine
328 2336 538 2379 Mitwirkung
570 2336 632 2369 und
655 2333 700 2367 die
729 2331 918 2376 Auffassung
947 2332 998 2365 des
1033 2329 1289 2374 Vereinszweckes

115 2397 164 2432 als
186 2396 236 2431 ein
259 2388 529 2433 Mißverständniß
553 2391 604 2422 des
629 2385 681 2430 ff*
695 2385 993 2426 Korrespondenten.

181 2448 214 2484 G
225 2458 240 2482 r
249 2445 297 2482 au
308 2445 325 2480 b
338 2446 359 2478 ü
368 2454 388 2477 n
398 2445 416 2477 d
427 2452 439 2475 e
449 2451 480 2475 n.
528 2440 594 2475 Der
617 2437 802 2480 verstorbene
826 2436 953 2480 Bischof
968 2435 1056 2478 Bosst
1071 2435 1122 2476 hat
1145 2436 1178 2469 in
1193 2435 1289 2477 seineil

116 2500 313 2548 letztwilligen
337 2495 566 2538 Verfügungen
589 2492 632 2526 im
655 2490 784 2534 Ganzen
808 2490 931 2527 16.000
954 2488 1217 2532 Bündnergulden
1241 2488 1291 2528 für

118 2551 316 2597 wohlthätkge
338 2547 456 2591 Zwecke
480 2544 649 2589 ausgesetzt.
696 2542 773 2577 Von
797 2542 885 2585 dieser
911 2542 1048 2576 Summe
1069 2540 1130 2583 sind
1152 2541 1240 2575 4000
1255 2540 1289 2584 fl.

117 2612 179 2641 dem
209 2603 386 2645 Bisthum,
422 2597 586 2639 ebensoviel
621 2601 687 2630 dem
719 2593 851 2638 bischöfl.
877 2594 1031 2629 Seminar
1061 2603 1099 2637 zu
1128 2593 1186 2628 St.
1208 2593 1290 2638 Luzi,

121 2661 202 2695 1000
226 2659 260 2699 fl.
285 2659 335 2690 der
360 2653 478 2694 Schule
500 2650 592 2693 seiner
613 2647 892 2691 Heimatgemeinde
917 2647 1024 2685 Mons
1053 2648 1114 2680 und
1138 2645 1183 2681 die
1206 2646 1291 2681 übri¬

119 2723 170 2755 gen
193 2708 416 2755 siebentausend
447 2702 664 2747 verschiedenen
698 2699 828 2741 Kirchen
856 2701 920 2734 und
945 2699 1085 2739 Schulen
1114 2698 1158 2733 im
1188 2698 1291 2734 Ober¬

118 2764 260 2807 halbstein
283 2760 445 2801 vermacht.
1008 2792 1017 2797 .

180 2814 333 2857 Tessin.
381 2811 460 2846 Eine
483 2811 535 2844 der
557 2806 791 2854 vorzüglichsten
814 2804 957 2841 Quellen
976 2806 1027 2840 des
1045 2804 1290 2847 Natkonalreich-

120 2868 223 2912 thums
247 2868 300 2911 für
324 2865 428 2907 Tessin
450 2862 485 2905 ist
507 2862 560 2897 der
588 2859 838 2896 Seidenbau.
896 2857 1108 2903 Auchentische
1139 2857 1290 2902 Angaben

116 2921 191 2955 über
210 2917 363 2962 denselben
388 2915 443 2959 hat
465 2916 518 2958 sich
542 2915 587 2949 die
619 2913 774 2957 tessinische
806 2910 988 2956 Regierung
1018 2910 1064 2945 bei
1096 2909 1290 2954 Gelegenheit

114 2977 166 3009 der
195 2974 262 3010 210
294 2970 418 3014 Fragen
449 2971 498 3003 der
533 2965 776 3011 eidgenössischen
809 2964 1073 3008 HandelSenquete
1108 2963 1290 3007 gesammelt,

116 3025 246 3068 obschon
268 3024 314 3059 die
335 3021 527 3067 bezüglichen
551 3018 672 3064 Fragen
698 3017 781 3061 (150
802 3016 852 3052 bis
877 3016 959 3060 16.1)
991 3025 1055 3051 nur
1084 3016 1127 3050 die
1159 3015 1291 3050 Seiden¬

115 3077 315 3121 manufaktur
337 3078 388 3110 der
410 3074 569 3114 Kantone,
592 3072 672 3112 nicht
696 3070 776 3113 aber,
799 3068 995 3113 sonderbarer
1019 3068 1129 3112 Weise,
1152 3068 1196 3103 die
1217 3068 1290 3104 Sek-

114 3131 276 3168 denkultur
306 3126 410 3170 selbst,
446 3126 551 3169 welche
583 3125 635 3167 für
664 3123 710 3158 die
743 3122 883 3167 Schweiz
914 3121 946 3160 so
971 3121 1091 3166 wichtig
1113 3130 1150 3167 zu
1174 3124 1290 3156 werden

115 3183 284 3226 verspricht,
309 3178 492 3223 beschlagen.
544 3177 628 3213 Dem
657 3175 795 3219 Berichte
825 3177 877 3210 deS
911 3172 1089 3218 tesstnischen
1121 3173 1291 3210 Staatsra-

117 3235 183 3276 theS
206 3232 387 3277 entnehmen
410 3230 470 3265 wir
491 3239 560 3265 nun
591 3228 754 3273 folgenden
790 3226 935 3272 Auszug.
964 3244 1007 3251 —
1039 3223 1112 3261 Vor
1141 3226 1292 3270 ungefähr

112 3290 162 3324 60
183 3286 307 3331 Jahren
328 3284 495 3322 berechnete
520 3285 572 3317 der
599 3280 747 3324 Züricher
777 3279 866 3316 Rud.
892 3279 1008 3324 Schinz
1030 3278 1075 3313 die
1099 3279 1292 3322 Seidenpro¬

112 3340 242 3375 duktion
264 3339 300 3373 in
321 3340 379 3373 den
400 3335 602 3379 italienischen
624 3332 780 3377 Vogteien
796 3334 855 3374 auf
866 3336 945 3368 etwa
960 3332 1005 3368 50
1020 3330 1145 3368 Ballen.
1168 3330 1291 3371 FranS-

1369 739 1440 835 X

1334 794 1404 840 cittf
1417 797 1452 834 in
1474 799 1566 839 seiner
1591 798 1807 843 »italienischen
1831 799 1985 844 Schweiz-
2012 807 2084 834 vom
2113 797 2194 842 Jahr
2224 799 2310 835 1834
2338 799 2438 844 schätzt
2459 797 2496 843 sie

1334 851 1480 892 rmf^190
1502 851 1634 892 Ballen,
1667 861 1708 886 an
1740 851 1877 892 Gewicht
1908 852 2028 894 39,000
2057 850 2153 894 leichte
2179 851 2290 893 Pfund
2313 850 2495 893 enthaltend.

1333 902 1500 948 Ex-zählte
1524 904 1566 940 35
1589 904 1809 945 Spinnereien,
1835 905 1876 940 14
1899 904 1943 939 im
1966 903 2199 949 Luganestschen,
2224 905 2262 940 21
2288 907 2331 940 im
2355 903 2498 940 Mendri-

1332 955 1437 1000 siokto,
1459 957 1516 993 mit
1531 958 1598 992 409
1613 956 1725 998 Oefen.
1770 955 1842 998 Zur
1855 955 1924 998 Zeit
1938 959 1988 993 der
2004 958 2111 1003 letzten,
2135 957 2302 1002 offiziellen,
2318 956 2496 999 Aufnahme

1336 995 1457 1053 (1§42)
1480 1010 1591 1052 fanden
1615 1010 1666 1054 sich
1690 1010 1729 1045 41
1756 1008 1985 1052 Spinnereien,
2016 1009 2073 1046 mit
2094 1009 2159 1045 512
2180 1009 2283 1050 Oefen
2316 1012 2379 1045 und
2411 1009 2497 1046 1144

1328 1061 1494 1102 Personen
1517 1062 1618 1107 (meist
1638 1061 1763 1098 Weiber
1784 1064 1848 1097 und
1871 1062 2004 1106 Kinder)
2027 1063 2060 1098 in
2084 1062 2264 1107 Thätigkeit.
2322 1062 2383 1098 Die
2412 1061 2496 1105 Zahl

1334 1106 1391 1154 iti.
1408 1109 1604 1159 Arbeitstage
1633 1115 1740 1159 betrug
1771 1115 1922 1159 ungefähr
1953 1117 2093 1159 43,000;
2125 1116 2169 1150 die
2198 1116 2371 1160 produzirte
2402 1115 2497 1150 Seide

1335 1155 1459 1209 47&00
1482 1166 1712 1212 Schwz.-Pfd.
1739 1181 1776 1201 =
1800 1169 1924 1210 71,700
1952 1168 2051 1210 leichte
2080 1164 2365 1209 Mailänder-Pfd.
2389 1178 2425 1213 zu
2456 1168 2499 1203 12

1336 1211 1451 1268 Un^en.
1509 1214 1618 1261 Dieses
1650 1219 1827 1256 Quantum
1858 1221 2053 1264 repräfentirt
2081 1221 2257 1266 annähernd
2292 1221 2337 1256 ein
2371 1216 2498 1262 Kapital

1331 1279 1399 1308 von
1421 1272 1499 1318 zirka
1521 1273 1544 1308 2
1565 1273 1651 1309 Mill.
1667 1271 1734 1308 Lire
1760 1295 1796 1302 —
1823 1274 1838 1308 1
1858 1273 1945 1309 Mill.
1962 1273 2268 1319 Schweizerfranken.
2313 1274 2376 1309 Die
2390 1273 2495 1313 Spin¬

1335 1328 1453 1369 nereien
1463 1326 1625 1368 vertheilen
1640 1326 1693 1371 sich
1713 1327 1770 1369 auf
1782 1329 1840 1362 das
1856 1325 2056 1370 Luganesische
2072 1327 2160 1371 (23),
2176 1326 2393 1370 Mendristotto
2409 1326 2498 1371 (15),

1336 1376 1522 1424 BHinzona
1547 1378 1601 1422 (2)
1625 1381 1688 1414 und
1712 1378 1857 1422 Brissago
1883 1379 1925 1413 im
1947 1379 2056 1424 Bezirk
2076 1378 2211 1415 Locarno
2235 1379 2301 1424 (1).
2333 1398 2377 1405 —
2412 1380 2500 1414 Aus-

1337 1431 1457 1479 geWrt
1494 1433 1597 1466 wurde
1634 1431 1677 1466 im
1710 1429 1794 1473 Jahr
1828 1431 1910 1467 1841
1950 1426 2075 1474 71,200
2110 1431 2184 1474 Pfd.
2216 1432 2500 1474 Maulbeerblätter,

1336 1483 1458 1524 27I87
1480 1483 1556 1525 Pfd.
1577 1483 1719 1525 Kokons,
1745 1484 1864 1526 36,179
1888 1484 1963 1524 Pfd.
1980 1484 2053 1529 rohe
2079 1484 2182 1519 Seide.
2218 1483 2275 1522 Im
2298 1483 2381 1527 Jahr
2403 1484 2502 1523 1842,

1335 1538 1477 1579 nachdem
1497 1536 1543 1571 die
1567 1537 1716 1580 Ausfuhr
1738 1544 1802 1572 von
1822 1536 1914 1577 roher
1935 1539 2001 1571 und
2023 1537 2229 1580 gesponnener
2244 1536 2338 1572 Seide
2353 1539 2426 1578 nach
2441 1539 2510 1573 den.

1336 1588 1463 1632 übrigen
1492 1589 1658 1624 Kantonen
1692 1592 1742 1624 der
1771 1589 1910 1634 Schweiz
1943 1590 2077 1625 keinerlei
2108 1590 2262 1626 Kontrole
2291 1590 2377 1634 mehr
2397 1593 2501 1625 unter-

1336 1634 1455 1698 w^fen
1478 1650 1555 1683 war,
1577 1641 1683 1686 betrug
1706 1641 1753 1676 die
1773 1641 1923 1686 Ausfuhr
1944 1643 2006 1677 in's
2028 1642 2175 1677 Ausland
2196 1643 2270 1686 noch
2286 1644 2407 1685 40,000
2423 1641 2497 1681 Pfd.

1336 1693 1626 1744 PMulbeerblätter,
1656 1694 1775 1734 15,945
1803 1694 1880 1735 Pfd.
1902 1694 2050 1736 Kokons,
2082 1695 2181 1738 3,920
2210 1695 2285 1738 Pfd.
2311 1696 2500 1740 gesponnene

1336 1749 1403 1781 u«d
1422 1747 1544 1789 20,187
1566 1746 1642 1789 Pfd.
1665 1747 1739 1788 rohe
1765 1747 1870 1782 Seide.
1931 1747 2117 1792 Eingeführt
2147 1750 2275 1783 wurden
2306 1750 2437 1792 dagegen
2466 1748 2498 1782 in

1332 1792 1498 1840 demselben
1527 1798 1625 1842 Jahre
1646 1799 1770 1841 21,500
1793 1798 1870 1842 Pfd.
1893 1799 2183 1842 Maulbeerblätter,
2213 1797 2312 1843 1M0
2333 1798 2414 1842 Pfd.-
2434 1799 2502 1834 Ko¬

1333 1850 1425 1892 kons,
1448 1853 1513 1887 600
1535 1851 1614 1893 Pfd.
1638 1847 1825 1896 gesponnene
1848 1851 1952 1887 Seide.
2007 1852 2073 1888 Der
2104 1852 2227 1896 Transit
2249 1852 2318 1895 fällt
2338 1852 2373 1887 in
2395 1852 2504 1895 beson¬

1336 1907 1401 1939 dere
1423 1903 1569 1948 Register.
1597 1924 1632 1929 —
1658 1904 1819 1947 Während
1842 1904 1913 1939 aber
1933 1907 1984 1940 der
2005 1905 2136 1940 Kanton
2158 1905 2262 1949 Tesfin
2281 1905 2330 1940 ein
2345 1905 2378 1947 so
2395 1905 2500 1940 bedeu¬

1336 1960 1439 1992 tendes
1461 1957 1638 1993 Quantum
1662 1957 1757 1992 Seide
1779 1957 1953 2001 produzirt,
1987 1957 2124 2001 mangelt
2154 1958 2218 2000 ihm
2248 1958 2294 1992 die
2316 1956 2502 1993 Seidenmä-

1336 2010 1483 2052 nufaktur
1504 2011 1648 2055 gänzlich.
1694 2009 1766 2046 Aus
1790 2012 1846 2044 den
1869 2009 2029 2055 Registern
2052 2017 2117 2045 von
2135 2011 2221 2046 1842
2237 2011 2348 2055 ergiebt
2362 2012 2425 2055 sich,
2442 2012 2500 2053 daß

1336 2069 1410 2097 vom
1446 2064 1606 2099 Auslande
1636 2063 1756 2104 33,767
1783 2061 1861 2104 Pfd.
1894 2063 2097 2106 halbseidene,
2132 2063 2250 2105 13,956
2285 2062 2362 2107 Pfd.
2392 2064 2502 2107 seidene

1338 2116 1455 2159 Stoffe,
1480 2121 1540 2151 aus
1556 2118 1606 2151 der
1621 2115 1913 2160 Eidgenossenschaft
1928 2117 2027 2157 4,980
2041 2115 2117 2156 Pfd.
2136 2116 2287 2160 halbseid.,
2308 2116 2404 2158 2,521
2423 2115 2500 2156 Pfd.

1337 2169 1446 2212 seidene
1470 2169 1596 2212 Stoffe,
1630 2169 1673 2203 im
1706 2168 1837 2213 Ganzen
1866 2169 1928 2210 also
1952 2169 2104 2212 ungefähr
2126 2169 2191 2205 552
2212 2168 2349 2211 Zentner
2371 2168 2503 2205 Seiden¬

1337 2222 1420 2265 stoffe
1443 2221 1611 2266 eingeführt
1633 2223 1770 2256 wurden.
1816 2219 1957 2265 Indessen
1980 2221 2109 2257 bemerkt
2130 2225 2179 2257 der
2202 2222 2333 2264 Bericht,
2358 2223 2416 2265 daß
2431 2222 2501 2256 weit

1338 2279 1396 2310 aus
1420 2277 1470 2309 der
1500 2273 1623 2319 größere
1653 2273 1744 2317 Theil
1772 2276 1876 2309 davon
1906 2285 1959 2319 zur
1991 2274 2248 2318 Wiederausfuhr
2277 2275 2427 2318 bestimmt
2449 2275 2502 2315 sei,

1337 2331 1400 2363 und
1425 2327 1555 2371 obgleich
1577 2336 1651 2362 man
1674 2326 1718 2361 die
1741 2327 1848 2372 letztere
1870 2335 1972 2371 wegen
2006 2327 2175 2372 Befreiung
2210 2336 2272 2363 von
2304 2327 2409 2364 Taren
2438 2331 2501 2362 und

1335 2379 1561 2420 Formalitäten
1584 2380 1688 2424 irgend
1710 2380 1831 2421 welcher
1854 2379 1914 2415 Art
1936 2380 2017 2424 nicht
2040 2390 2140 2425 genau
2162 2379 2433 2424 angeben.könne,
2466 2381 2499 2421 fo

1337 2432 1414 2468 wird
1437 2433 1556 2475 dieselbe
1577 2434 1648 2474 doch
1672 2433 1728 2473 auf
1750 2432 1834 2474 mehr
1857 2433 1906 2467 als
1933 2432 2000 2468 500
2020 2432 2155 2475 Zentner
2185 2434 2327 2478 geschätzt.
2361 2452 2404 2458 —
2435 2432 2500 2467 Der

1337 2485 1460 2528 Bericht
1482 2485 1620 2528 erwähnt
1642 2485 1933 2530 anmerkungsweise
1956 2487 2037 2521 eines
2070 2486 2296 2530 Spinnstuhles
2328 2494 2392 2521 von
2423 2494 2501 2530 ganz

1338 2548 1429 2573 neuer
1458 2539 1636 2582 Erfindung
1666 2538 1708 2573 im
1742 2537 1895 2576 Paradies
1925 2538 1971 2574 bei
2001 2538 2126 2584 Lugano
2148 2542 2212 2573 und
2235 2540 2314 2574 eines
2346 2538 2501 2582 ähnlichen

1337 2592 1369 2626 in
1393 2590 1581 2635 Mendristo,
1616 2591 1660 2626 die
1689 2590 1743 2634 sich
1766 2591 1855 2634 durch
1879 2591 2053 2626 bedeutende
2078 2591 2229 2634 technische
2253 2591 2500 2626 Vervollkomm¬

1338 2653 1426 2687 nung
1453 2644 1658 2688 äuszeichnen.

1408 2715 1442 2721 —
1492 2697 1556 2732 Ein
1587 2696 1698 2732 Dekret
1729 2686 2037 2740 deS'^Staatsrathes
2068 2704 2140 2732 vom
2171 2698 2225 2732 30-
2248 2696 2330 2731 Nov.
2355 2705 2383 2731 v.
2408 2695 2442 2734 I.
2465 2697 2501 2737 ist

1338 2749 1488 2794 geeignet,
1519 2748 1611 2793 theils
1634 2751 1689 2784 den
1713 2749 1891 2793 tessinischen
1914 2749 2073 2795 Münzfuß
2097 2759 2226 2793 genauer
2248 2749 2359 2784 kennen
2382 2759 2418 2795 zu
2440 2749 2502 2789 leh¬

1337 2811 1407 2841 ren,
1446 2802 1537 2843 theils
1568 2804 1633 2837 dem
1664 2803 1738 2844 nach
1771 2802 1874 2845 Tesfin
1904 2802 2116 2844 verkehrenden
2140 2801 2309 2840 Publikum
2330 2801 2502 2843 beachtens-

1336 2854 1447 2896 werthe
1470 2853 1656 2898 Aufschlüsse
1679 2864 1716 2899 zu
1740 2853 1843 2898 geben.
1888 2854 2087 2898 Bekanntlich
2108 2854 2144 2896 ist
2165 2854 2209 2888 die
2232 2853 2446 2898 Münzeinheit
2467 2854 2501 2888 in

1338 2907 1439 2951 Tesfin
1470 2908 1514 2941 die
1547 2906 1633 2950 Lira;
1668 2905 1758 2942 allein
1787 2916 1862 2942 man
1892 2907 2099 2950 unterscheidet
2128 2907 2173 2940 die
2203 2906 2412 2950 mailändifche
2432 2905 2502 2941 Lira

1338 2963 1408 2996 ober
1430 2960 1496 2992 lira
1520 2959 1556 2992 di
1582 2967 1700 3001 cassa,
1740 2959 1845 3002 welche
1877 2961 1932 2995 den
1966 2960 2274 3004 Staatsrechnungen
2304 2969 2341 3004 zu
2371 2960 2501 2995 Grunde

1338 3013 1428 3058 liegt,
1457 3015 1520 3049 und
1542 3012 1587 3048 die
1610 3015 1742 3057 gemeine
1763 3013 1919 3058 tessinische
1942 3012 2029 3056 Lira,
2063 3013 2166 3055 welche
2205 3013 2312 3048 kleiner
2326 3016 2396 3047 mnd
2419 3013 2503 3055 mehr

1321 3076 1329 3090 '
1338 3066 1381 3103 im
1406 3065 1596 3110 alltäglichen
1618 3065 1752 3109 Verkehr
1775 3065 1975 3111 gebräuchlich
1999 3066 2042 3109 ist.
2103 3065 2171 3108 Zur
2201 3059 2377 3109 Werthung
2406 3065 2503 3100 beider

1337 3118 1518 3161 Geldsorten
1542 3118 1595 3162 hat
1617 3128 1685 3153 nun
1706 3120 1757 3154 der
1779 3119 1968 3160 StaatSrath
1992 3119 2150 3165 festgesetzt,
2173 3119 2231 3162 daß
2254 3119 2305 3159 für
2325 3117 2501 3162 öffentliche,

1337 3170 1393 3206 wie
1421 3172 1473 3213 für
1501 3170 1789 3216 Privatzahlungen
1818 3173 1869 3207 der
1899 3171 1995 3217 franz.
2020 3169 2325 3214 Fünfftankenthaler
2355 3173 2377 3207 6
2404 3169 2502 3206 Mail.

1338 3222 1402 3259 Lire
1432 3224 1507 3265 18,9
1540 3222 1637 3259 Soldi
1667 3224 1729 3269 (20
1758 3224 1859 3260 Soldi
1880 3245 1923 3254 —
1946 3225 1963 3259 1
1989 3223 2074 3269 Lira)
2107 3226 2176 3259 oder
2205 3224 2228 3259 8
2250 3224 2343 3267 tesfin.
2360 3222 2425 3259 Lire
2446 3225 2500 3264 6,6

1339 3276 1448 3319 Soldi,
1471 3279 1528 3312 das
1550 3274 1899 3323 Zwanzigfrankenstück
1920 3276 1965 3312 27
1986 3277 2039 3313 M.
2061 3276 2093 3312 L.
2117 3276 2158 3313 15
2181 3276 2225 3311 S.
2249 3278 2320 3312 oder
2343 3277 2385 3312 33
2408 3275 2444 3311 T.
2468 3271 2500 3310 L.

1337 3333 1360 3368 6
1381 3324 1427 3364 S.
1451 3330 1550 3373 gelten
1570 3328 1648 3371 soll;
1683 3328 1732 3364 die
1758 3327 1828 3364 Lira
1859 3328 2017 3371 Austriaca
2040 3329 2118 3364 wird
2142 3338 2177 3373 zu
2202 3329 2217 3363 1
2246 3327 2297 3363 M.
2321 3327 2352 3363 L.
2376 3329 2431 3369 3,6
2455 3328 2490 3362 S
