4110 5551
180 154 280 223 M
328 153 492 211 300
530 152 758 226 Erstes
796 150 1222 214 Abendblatt.
1636 153 1722 227 Der
1756 156 1922 230 Mchkk
1960 156 2134 233 Zeitung
2164 159 2266 231 131.
2302 159 2534 236 IchWiig.
2792 163 3164 238 Mitttvoch,
3200 166 3324 229 AN.
3358 167 3646 232 Oktober
3680 174 3878 234 LOLS.

181 1029 352 1061 Redaktion
370 1029 491 1061 (Teleph.
502 1029 563 1059 020)
579 1027 632 1055 und
648 1025 809 1057 Druckerei
819 1026 939 1058 (Teleph.
952 1028 1017 1053 6733
1018 1025 1045 1057 ):
1071 1025 1251 1057 Falkenllrage
1270 1031 1309 1056 n.
1342 1029 1380 1056 o
1411 1029 1671 1061 «dmtnistratkon
1688 1031 1804 1062 (Teleph.
1815 1034 1882 1060 8000
1881 1034 1893 1064 )
1909 1034 1966 1060 und
1985 1033 2170 1065 Expeditlou
2185 1035 2303 1067 CEcIe»B.
2315 1039 2396 1066 10163
2396 1038 2421 1068 ):
2446 1038 2632 1068 ©oetDcRraß«
2649 1040 2688 1066 MX,
2720 1042 2760 1063 o
2791 1038 3138 1071 Jnserateu-Annahme
3155 1040 3274 1071 (Teleph.
3285 1043 3335 1069 600
3334 1042 3360 1073 ).
3383 1042 3581 1074 a^eatftfhaße
3597 1046 3614 1073 5
3624 1046 3637 1077 /
3647 1046 3827 1077 ©oclJcRraße
3845 1049 3885 1075 ia

257 1152 382 1204 Huerta
411 1150 515 1196 bleibt
543 1150 782 1205 provisorischer
810 1152 992 1206 Präsident.

239 1245 326 1280 Man
351 1246 437 1280 kann
460 1247 533 1281 dem
557 1246 803 1286 provisorischen
827 1246 1073 1287 mexikanischen

174 1288 393 1329 Präsidenten
412 1292 476 1325 dos
496 1290 646 1332 Zeugnis
669 1291 750 1330 nicht
767 1293 935 1332 versagen,
955 1292 1020 1331 daß
1041 1301 1075 1325 er

174 1342 230 1369 am
258 1336 365 1375 letzten
392 1336 555 1378 Sonntag
603 1336 687 1376 seine
714 1336 812 1375 Wahl
838 1337 910 1377 sehr
938 1337 1074 1376 geschickt

173 1379 365 1418 arrangiert
382 1380 451 1419 hat.
472 1381 519 1416 Er
538 1381 653 1420 befand
675 1381 727 1421 sich
744 1381 893 1421 zwischen
912 1382 972 1415 den
992 1382 1072 1416 Ver¬

173 1422 320 1463 einigten
344 1425 495 1459 Staaten
519 1426 587 1460 und
609 1426 670 1459 den
694 1426 834 1464 übrigen
859 1426 1012 1466 Mächten
1037 1426 1072 1460 in

173 1467 265 1500 einer
293 1468 499 1508 schwierigen
529 1469 719 1504 Situation.
769 1470 879 1505 Seine
909 1472 1072 1510 Stellung

176 1510 290 1545 konnte
310 1512 403 1552 durch
423 1513 495 1546 eine
512 1514 682 1553 regelrecht
698 1515 849 1553 zustande
868 1516 1072 1555 gekommene

173 1553 273 1593 Wahl
294 1556 375 1594 nicht
398 1557 522 1590 anders
543 1559 599 1591 als
619 1559 849 1597 verschlechtert
868 1561 1010 1599 werden,
1032 1561 1072 1594 ob

175 1607 209 1631 er
230 1607 299 1632 nun
320 1600 413 1639 selbst
432 1600 576 1640 gewählt
593 1603 713 1640 wurde,
733 1604 809 1636 oder
828 1605 869 1638 ob
889 1605 977 1644 Diaz
997 1606 1072 1638 oder

172 1640 228 1675 ein
248 1643 387 1677 anderer
405 1643 460 1677 die
481 1646 613 1684 meisten
630 1646 804 1680 Stimmen
824 1648 954 1687 erhielt.
975 1649 1072 1683 Wäre

172 1683 242 1726 ihm
257 1687 311 1722 die
328 1687 516 1726 Majorität
531 1690 722 1729 zugefallen,
740 1691 772 1730 so
790 1691 880 1729 hätte
899 1702 933 1726 er
951 1693 1072 1731 darauf

174 1731 305 1771 rechnen
335 1733 472 1772 müssen.
502 1733 567 1773 Laß
597 1733 647 1768 die
677 1734 893 1776 Vereinigten
924 1738 1071 1772 Staaten

173 1774 241 1815 ihm
273 1777 324 1811 die
356 1777 604 1819 Anerkennung
634 1780 788 1819 versagen
820 1781 959 1815 würden
1012 1783 1073 1822 auf

172 1820 294 1856 Grirnd
321 1821 382 1855 des
411 1822 588 1863 jedenfalls
617 1824 826 1864 berechtigten
859 1826 1071 1865 Einwandes,

171 1864 236 1904 daß
282 1866 332 1900 die
357 1867 500 1905 Wahlen
525 1868 605 1908 nicht
630 1869 691 1908 frei
736 1874 796 1904 vor
822 1871 876 1911 sich
902 1880 1069 1912 gegangen

171 1908 273 1950 seien;
303 1911 394 1945 wäre
422 1912 479 1945 ein
507 1913 643 1948 anderer
674 1914 814 1953 gewählt
844 1917 987 1956 worden,
1038 1918 1070 1957 so

170 1952 261 1991 hätte
288 1966 321 1990 er
348 1956 453 1989 neben
501 1957 607 1992 einem
654 1958 824 1998 legitimen
853 1961 1069 2001 Präsidenten

171 1996 276 2038 Mühe
294 2000 423 2040 gehabt,
444 1999 529 2041 seine
549 2003 692 2043 Existenz
710 2012 750 2043 zu
769 2004 963 2045 behalipten.
983 2007 1068 2046 Prä¬

172 2042 272 2081 sident
292 2044 424 2084 Huerta
444 2054 503 2085 zog
528 2047 580 2086 sich
602 2052 667 2082 aus
688 2048 744 2082 der
766 2049 935 2090 Schlinge,
959 2050 1068 2086 indem

169 2096 207 2121 er
255 2087 342 2123 keine
395 2095 460 2124 von
512 2091 623 2125 beiden
676 2093 951 2129 Eventualitäten
1000 2097 1068 2131 Tat

168 2133 298 2167 werden
319 2134 397 2172 ließ.
418 2134 485 2169 Ein
506 2136 650 2175 bizarrer
671 2137 797 2171 Artikel
814 2139 872 2173 der
895 2140 1067 2179 mexikani¬

169 2176 253 2216 schen
280 2178 482 2219 Verfassung
511 2180 638 2220 schreibt
664 2187 732 2221 vor,
759 2183 824 2223 daß
853 2184 925 2218 eine
951 2186 1067 2225 rechts-

167 2220 285 2261 giltige
306 2223 405 2261 Wahl
425 2233 492 2257 nur
509 2226 658 2265 zustande
678 2226 808 2265 komme,
827 2234 926 2262 wenn
943 2231 1066 2270 wenig¬

170 2264 254 2303 stens
275 2266 329 2301 ein
349 2267 483 2302 Drittel
501 2269 560 2304 der
579 2271 925 2312 Stimmberechtigten
944 2283 989 2308 an
1009 2275 1066 2309 der

168 2309 399 2355 Abstimmung
423 2312 678 2352 teilgenonmren
700 2316 789 2355 habe.
813 2317 862 2352 Es
885 2324 956 2353 war
977 2319 1064 2359 Prä¬

166 2352 268 2391 sident
292 2355 421 2394 Huerta
449 2359 610 2399 natürlich
634 2360 688 2394 ein
712 2361 864 2401 Leichtes,
892 2363 975 2403 diese
1002 2365 1063 2398 Be¬

165 2396 316 2439 dingung
336 2409 377 2440 zu
401 2402 610 2440 verhindern.
631 2404 696 2439 Die
720 2406 942 2447 mexikanische
965 2409 1063 2448 Wäh-

166 2441 310 2483 lerschaft
327 2445 466 2484 zeichnet
487 2447 539 2487 sich
559 2449 590 2486 so
608 2449 670 2482 wie
690 2450 720 2488 so
739 2450 834 2491 durch
855 2452 955 2491 große
974 2454 1062 2493 Apa-

166 2485 231 2523 thie
251 2492 315 2522 aus
336 2491 404 2523 und
426 2495 523 2525 wenn
545 2493 614 2526 kein
632 2494 804 2533 Hochdruck
823 2501 890 2530 von
910 2497 993 2531 oben
1014 2508 1062 2531 er¬

167 2528 260 2569 folgt,
285 2533 316 2571 so
342 2533 446 2567 bleibt
471 2535 527 2569 der
550 2537 870 2580 Stimmberechtigte
896 2541 998 2576 lieber
1023 2552 1063 2582 zu

167 2572 282 2615 Hause,
305 2577 359 2610 als
383 2577 448 2616 daß
472 2588 507 2612 er
529 2580 606 2614 Leib
630 2582 695 2615 und
718 2583 825 2618 Leben
847 2585 942 2624 durch
965 2585 1063 2621 einen

166 2617 264 2659 Gang
284 2628 344 2660 zur
365 2622 457 2655 Urne
478 2624 558 2663 aufs
577 2625 680 2664 Spiel
698 2626 775 2665 setzt.
794 2627 862 2662 Die
882 2629 1062 2670 Anhänger

162 2661 221 2696 de§
240 2663 391 2704 einzigen
409 2666 630 2708 Kandidaten,
649 2674 713 2703 von
732 2671 805 2705 dem
824 2673 954 2712 Gefahr
974 2674 1062 2713 hätte

162 2704 285 2747 drohen
305 2709 442 2750 können,
464 2711 602 2754 nämlich
619 2714 677 2747 des
696 2714 790 2755 Felix
809 2716 907 2756 Diaz,
926 2718 1063 2753 wurden

160 2747 431 2798 eingeschüchtert,
458 2757 1077 2803 perschiedenechervorragendsHelfer-

159 2793 220 2830 des
238 2795 394 2836 Gegners
414 2799 495 2833 über
511 2793 566 2834 die
585 2802 681 2840 Wahl
699 2803 734 2836 in
753 2804 836 2843 Haft
855 2816 1062 2844 genomine».

160 2838 237 2873 Das
258 2839 414 2881 Resultat
434 2848 515 2883 war,
537 2845 600 2879 wie
621 2854 662 2884 zu
683 2849 847 2882 erwarten
869 2855 951 2883 war.
994 2851 1061 2885 Die

162 2881 300 2923 Wahlen
326 2885 452 2925 gingen
480 2889 579 2923 unter
605 2890 816 2930 allgemeiner
842 2893 1059 2934 Teilnahms¬

162 2926 304 2968 losigkeit
329 2931 490 2971 vorüber;
520 2932 555 2968 in
583 2934 638 2972 der
661 2935 771 2969 Stadt
797 2936 929 2976 Mexiko
958 2940 1058 2978 sollen

160 2976 224 3006 von
245 2974 360 3012 80,000
380 2976 724 3018 Stimmberechtigten
744 2989 811 3014 nur
830 2983 917 3015 6000
935 2993 981 3017 an
1000 2985 1058 3017 der

160 3016 251 3052 Urne
275 3019 451 3059 erschienen
477 3021 555 3060 sein.
578 3023 642 3057 Die
666 3024 842 3064 Mehrzahl
861 3027 921 3061 der
944 3027 1057 3063 Stitn-

159 3069 234 3097 uien
262 3064 320 3103 fiel
344 3065 420 3099 dort
446 3065 605 3107 übrigens
631 3067 712 3107 nicht
734 3070 797 3110 auf
819 3071 960 3110 Huerta,
986 3073 1056 3112 son-

156 3103 239 3141 dern
259 3109 318 3149 auf
337 3110 400 3143 deu
421 3110 594 3146 klerikalen
613 3113 773 3151 Ganiboa,
791 3116 908 3150 woniit
926 3116 1056 3156 Huerta

156 3151 310 3192 offenbar
325 3155 400 3188 dein
418 3149 593 3191 AüSlande
611 3159 791 3198 gegenüber
808 3160 904 3195 einen
922 3162 1055 3197 Beweis

157 3195 216 3235 für
234 3198 287 3232 die
310 3198 544 3240 Wahlfreiheit
566 3202 601 3236 in
620 3204 678 3238 der
697 3204 897 3246 Hauptstadt
916 3207 1055 3248 oblegen

155 3241 275 3276 wollte.

218 3287 283 3321 Die
301 3292 365 3322 von
383 3287 554 3329 einzelnen
571 3291 691 3326 Seiten
709 3293 771 3328 mit
786 3295 987 3338 Spannung
1005 3307 1054 3331 er¬

152 3331 288 3364 wartete
309 3333 408 3372 Wahl
426 3333 467 3376 ist
482 3335 551 3375 also
570 3337 765 3378 abgelaufen
782 3340 848 3374 wie
864 3342 927 3375 das
945 3342 1054 3381 Horn¬

152 3374 269 3415 berger
293 3376 467 3417 Schießen.
514 3381 563 3415 Es
588 3381 687 3416 bleibt
731 3384 815 3418 alles
841 3385 927 3420 beim
953 3387 1055 3422 alten.

151 3417 282 3456 Huerta
300 3421 338 3460 ist
357 3423 432 3462 nach
450 3424 513 3458 wie
531 3431 590 3460 vor
606 3427 850 3468 provisorischer
868 3430 1055 3472 Präsident,

151 3461 184 3497 d.
198 3464 227 3503 h.
249 3466 422 3507 Diktator;
447 3468 501 3502 die
525 3470 687 3510 Republik
709 3473 792 3508 wird
817 3476 931 3510 weiter
956 3479 1055 3512 unter

152 3506 225 3543 dein
252 3510 463 3552 Kriegsrecht
492 3514 596 3555 stehen
623 3518 691 3551 und
719 3518 870 3556 Huertas
899 3521 1055 3556 Militär-

150 3559 380 3592 «ouverneure
410 3559 540 3593 werden
572 3561 641 3600 ihre
669 3562 912 3603 Paschagewalt
940 3566 1055 3601 weiter

150 3600 314 3635 ausüben.
346 3602 432 3636 Eine
462 3603 583 3639 direkte
612 3607 837 3649 Gelegenheit,
870 3610 1054 3652 einzugrei-

151 3642 218 3681 fen,
240 3644 279 3683 ist
300 3645 356 3684 für
377 3647 603 3689 ausländische
623 3652 772 3686 Staaten
795 3655 879 3693 nicht
902 3657 1054 3696 gegeben,

148 3685 192 3719 da
222 3693 298 3722 vom
327 3690 503 3729 formellen
532 3695 751 3733 Standpunkt
779 3704 848 3734 aus
879 3701 963 3734 alles
1017 3701 1053 3736 in

149 3728 319 3772 Ordnung
352 3734 402 3772 ist.
455 3736 532 3770 Das
563 3738 717 3777 Schicksal
766 3741 824 3774 der
857 3744 1051 3785 Regierung

148 3773 298 3813 Huertas
320 3778 405 3812 wird
428 3787 501 3813 nun
523 3781 629 3815 davon
651 3783 835 3824 abhängen,
857 3788 899 3821 ob
922 3792 958 3822 es
984 3789 1052 3828 ihm

149 3820 304 3860 gelingen
344 3822 442 3862 wird,
482 3824 540 3859 der
581 3827 961 3869 Revolutionsgenerale
1003 3833 1051 3868 im

147 3863 240 3899 Land
262 3866 347 3905 Herr
369 3876 411 3907 z,t
433 3869 574 3903 werden.
615 3871 669 3911 In
689 3873 819 3911 Mexiko
844 3877 910 3910 und
932 3877 1049 3911 ander-

149 3909 255 3945 wärtS
276 3912 392 3952 bringt
432 3922 512 3948 man
555 3915 622 3953 ihnl
644 3916 724 3956 nicht
744 3917 880 3958 geringe
902 3921 1050 3960 Sympa-

151 3955 241 3993 thien
269 3959 439 3997 entgegen,
487 3959 530 3993 da
561 3969 635 3994 man
665 3961 721 4000 ihn
750 3962 807 4002 für
833 3964 896 3997 den
926 3965 1049 4004 starken

1119 1122 1228 1158 Mann
1255 1123 1336 1162 halt,
1359 1123 1461 1163 dessen
1487 1124 1538 1159 die
1562 1124 1754 1165 Regierung
1778 1126 1921 1166 bedürfe.
1945 1125 2014 1161 Die

1119 1169 1349 1209 militärischen
1376 1170 1511 1209 Erfolge
1559 1171 1616 1204 der
1644 1170 2014 1211 Rogierungstruppen,

1115 1212 1172 1247 der
1194 1214 1414 1253 sogenannten
1435 1214 1624 1254 Federales,
1647 1215 1714 1255 sind
1737 1225 1806 1250 nun
1828 1215 2013 1254 allerdings

1116 1256 1227 1296 bisher
1254 1257 1338 1297 nicht
1361 1259 1472 1293 derart
1498 1259 1649 1299 gewesen,
1674 1259 1739 1298 daß
1764 1261 1892 1300 Huerta
1917 1259 2012 1293 wirk¬

1118 1301 1174 1340 lich
1198 1303 1253 1336 als
1280 1303 1394 1336 Retter
1419 1303 1477 1337 des
1504 1304 1727 1338 Vaterlandes
1753 1306 1862 1344 gelten
1887 1303 2012 1343 müßtet

1117 1346 1202 1380 Aber
1238 1352 1276 1383 es
1295 1347 1334 1386 ist
1351 1348 1437 1385 wohl
1455 1347 1600 1388 möglich,
1639 1349 1705 1388 daß
1725 1348 1791 1388 ihm
1830 1350 1893 1384 das
1912 1348 2013 1384 Glück

1116 1390 1221 1429 später
1249 1392 1337 1430 seine
1365 1392 1473 1432 Gunst
1500 1393 1669 1432 zuwendet
1719 1394 1785 1428 und
1814 1393 1883 1433 ihm
1914 1394 2010 1427 einen

1115 1435 1200 1478 Sieg
1224 1436 1305 1470 über
1328 1436 1378 1469 die
1400 1436 1553 1477 ZapataS
1598 1439 1666 1472 und
1691 1438 1723 1477 so
1745 1438 1858 1473 weiter
1881 1438 2010 1477 schenkt.

1114 1479 1170 1520 Ist
1189 1480 1262 1516 dies
1285 1480 1406 1515 einmal
1427 1482 1601 1522 geschehen,
1624 1484 1655 1521 so
1676 1483 1804 1517 werden
1824 1483 1913 1522 wohl
1932 1482 2010 1522 auch

1112 1523 1164 1558 die
1183 1525 1398 1565 Vereinigten
1418 1526 1568 1561 Staaten
1589 1527 1672 1564 nicht
1693 1528 1837 1567 Anstand
1859 1528 2009 1567 nehmen,

1119 1567 1175 1607 ihn
1207 1569 1464 1609 anzuerkennen.
1517 1570 1586 1606 Die
1619 1571 1728 1611 Frage
1761 1572 1800 1612 ist
1833 1581 1910 1610 nur,
1964 1572 2006 1606 ob

1114 1612 1240 1651 Huerta
1263 1614 1301 1647 in
1321 1614 1376 1648 der
1397 1613 1621 1655 Zwischenzeit
1646 1617 1801 1655 imstande
1822 1616 1890 1656 sein
1912 1616 2009 1655 wird,

1115 1657 1218 1691 Leben
1246 1659 1314 1692 und
1338 1658 1522 1698 Sicherheit
1547 1661 1604 1694 der
1630 1660 1874 1700 ausländischen
1901 1661 2007 1700 Kauf¬

1116 1700 1200 1734 leute
1225 1703 1257 1741 so
1280 1702 1359 1736 tveit
1380 1712 1418 1742 zu
1444 1704 1585 1743 schützen,
1607 1705 1673 1743 daß
1699 1704 1748 1738 die
1771 1706 1899 1745 Mächte
1924 1706 2007 1744 nicht

1116 1745 1263 1786 genötigt
1286 1746 1364 1786 sind,
1388 1756 1427 1786 zu
1449 1748 1549 1782 deren
1574 1749 1721 1789 Gunsten
1746 1751 1807 1784 mit
1828 1751 1891 1785 den
1914 1751 2006 1790 Waf¬

1116 1790 1169 1828 fen
1190 1790 1224 1824 in
1244 1791 1303 1824 der
1323 1791 1416 1830 Hand
1437 1801 1478 1833 zu
1500 1792 1751 1828 intervenieren.
1772 1796 1818 1830 Er
1840 1795 1924 1829 kann
1945 1796 2007 1835 auf

1115 1835 1212 1874 rasche
1236 1834 1440 1875 militärische
1466 1838 1601 1877 Erfolge
1624 1838 1707 1877 nicht
1730 1839 1912 1879 verzichten,
1937 1840 2005 1874 und

1114 1878 1224 1918 bisher
1247 1879 1355 1920 liegen
1376 1880 1461 1916 keine
1484 1882 1657 1922 Anzeichen
1678 1889 1746 1920 vor,
1766 1885 1830 1925 daß
1850 1884 1945 1929 solche
1969 1885 2006 1919 in

1115 1923 1168 1958 der
1187 1924 1330 1965 nächsten
1349 1925 1421 1965 Zeit
1440 1936 1481 1967 zu
1501 1928 1663 1961 erivarten
1682 1928 1760 1969 sind.

1432 1988 1453 2007 *
1543 2005 1564 2029 *
1656 1990 1676 2010 *

1174 2043 1290 2086 Paris,
1313 2046 1365 2080 29.
1387 2046 1461 2081 Okt.
1487 2048 1552 2082 Die
1578 2047 1799 2087 „Humanitö"
1822 2050 2002 2090 veröffent¬

1111 2087 1180 2128 licht
1200 2090 1254 2125 ein
1274 2091 1485 2130 Telegramm
1504 2096 1570 2126 aus
1590 2094 1780 2133 New-Iork,
1798 2096 1926 2135 wonach
1944 2096 2003 2129 der

1110 2134 1352 2175 amerikanische
1377 2136 1533 2171 Admiral
1557 2137 1682 2177 Flecher
1709 2139 1826 2179 Befehl
1852 2140 2001 2178 erhalten

1110 2177 1174 2218 hat,
1197 2178 1333 2219 Felix
1354 2180 1469 2221 Diaz
1492 2191 1536 2216 an
1559 2182 1648 2217 Bord
1671 2183 1730 2217 des
1751 2184 2001 2225 Kriegsschiffes

1110 2223 1294 2259 „Tacoma"
1313 2234 1352 2264 zu
1372 2225 1507 2263 nehmen
1528 2228 1593 2261 und
1614 2227 1671 2267 ihn
1690 2237 1729 2268 zu
1748 2229 1877 2270 landen,
1895 2235 1945 2265 wo
1965 2239 2001 2264 er

1109 2270 1145 2301 e8
1162 2268 1324 2308 wünschen
1345 2270 1440 2309 sollte.

1168 2312 1256 2346 Vera
1278 2313 1376 2353 Cruz,
1396 2314 1447 2349 29.
1469 2316 1546 2350 Okt.
1569 2318 1626 2355 8p.
1648 2316 1701 2356 In
1724 2317 1779 2353 der
1800 2319 1901 2358 Nacht
1923 2328 1999 2360 zum

1107 2356 1273 2397 Dienstag
1297 2358 1435 2398 begaben
1460 2360 1513 2400 sich
1536 2360 1671 2400 Felix
1692 2361 1808 2403 Diaz
1830 2365 1897 2398 und
1919 2364 1997 2403 zwei

1106 2400 1207 2439 seiner
1229 2402 1408 2442 Anhänger
1431 2403 1466 2438 in
1489 2406 1571 2439 aller
1591 2406 1698 2440 Stille
1721 2407 1794 2447 kurz
1816 2408 1889 2448 nach
1912 2409 1997 2443 Mit¬

1106 2445 1244 2486 ternacht
1260 2448 1322 2487 auf
1336 2448 1395 2482 da§
1410 2449 1499 2488 Dach
1514 2450 1607 2483 eines
1623 2451 1751 2490 Hotels,
1769 2461 1824 2486 um
1841 2459 1906 2487 von
1922 2454 1998 2487 dort

1105 2494 1168 2524 aus
1208 2483 1273 2525 das
1293 2492 1379 2531 Dach
1416 2492 1476 2529 des
1498 2495 1765 2534 Konsulats
1785 2498 1863 2531 der
1883 2498 1997 2532 Ver¬

1105 2534 1325 2574 einigten
1349 2537 1559 2572 Staaten
1603 2548 1643 2578 zu
1691 2541 1855 2580 erreichen.
1903 2541 1997 2582 Felix

1105 2578 1190 2618 Diaz
1213 2580 1321 2616 weckte
1344 2581 1403 2615 den
1427 2581 1557 2621 Konsul
1581 2584 1648 2617 und
1675 2584 1832 2625 eröffnet«
1856 2585 1936 2626 ihm,
1961 2596 1998 2620 er

1106 2621 1184 2659 habe
1206 2624 1420 2663 Nachrichten,
1443 2627 1509 2664 daß
1534 2635 1612 2661 man
1634 2629 1695 2666 ans
1719 2628 1785 2668 ihn,
1808 2629 1905 2670 Diaz,
1928 2631 1997 2664 und

1107 2665 1190 2703 seine
1218 2668 1402 2706 Gefährten
1430 2669 1561 2709 fahnde,
1590 2680 1648 2704 um
1675 2672 1718 2710 sie
1745 2680 1785 2712 zu
1813 2674 1999 2713 erschießen.

1103 2710 1408 2751 Geheimpolizisten
1426 2713 1647 2754 überwachten
1662 2715 1715 2749 die
1730 2717 1925 2757 Umgebung
1941 2718 2001 2754 des

1102 2753 1232 2797 Hotels;
1259 2756 1380 2790 andere
1406 2757 1493 2796 seien
1523 2758 1561 2792 in
1585 2759 1820 2805 benachbarten
1845 2762 2000 2801 Straßen

1104 2800 1165 2838 auf
1179 2801 1235 2833 der
1253 2801 1377 2840 Lguer;
1397 2801 1628 2842 infolgedessen
1647 2801 1732 2843 suche
1749 2815 1785 2838 er
1801 2806 1865 2846 auf
1879 2806 1999 2840 ameri¬

1102 2841 1273 2882 kanische,»
1286 2845 1399 2879 Boden
1413 2844 1578 2886 Zuflucht,
1592 2847 1737 2891 weil,die
1752 2849 1998 2890 ausländischen

1101 2886 1285 2925 .Konsulate
1317 2889 1371 2922 als
1402 2890 1645 2929 auSlä,Wischer
1678 2892 1790 2926 Boden
1824 2894 1997 2932 betrachtet

1100 2931 1238 2964 werden.
1263 2932 1336 2966 Der
1360 2932 1487 2972 Konsul
1513 2934 1601 2972 hatte
1625 2936 1689 2968 den
1715 2935 1789 2975 Fall
1812 2942 1994 2977 vorauSge-

1098 2973 1188 3013 sehen
1205 2976 1272 3009 und
1288 2976 1409 3010 bereits
1423 2977 1679 3017 Instruktionen
1696 2983 1760 3014 ans
1776 2981 1993 3022 Washington

1100 3015 1306 3060 enchfangen.
1351 3021 1394 3055 Er
1414 3022 1516 3062 zeigte
1537 3022 1624 3062 Diaz
1644 3023 1716 3057 eine
1735 3024 1807 3059 dem
1827 3026 1992 3065 Konsulat

1098 3064 1281 3103 gegenüber
1299 3066 1484 3101 verankerte
1501 3067 1783 3108 Motorschaluppe
1800 3071 1867 3104 und
1886 3070 1989 3110 sagte:

1098 3108 1166 3144 „ES
1182 3109 1221 3148 ist
1235 3109 1324 3143 keine
1339 3109 1412 3150 Zeit
1425 3120 1466 3151 zu
1481 3111 1655 3146 verlieren.
1672 3113 1769 3147 Eilen
1783 3114 1887 3149 Siel"
1903 3115 1991 3155 Diaz

1099 3153 1198 3193 begab
1223 3154 1276 3194 sich
1301 3154 1362 3189 mit
1384 3154 1493 3195 seinen
1515 3156 1708 3195 Begleitern
1730 3158 1813 3198 rasch
1836 3159 1911 3199 nach
1932 3160 1990 3194 der

1096 3198 1294 3239 Schaluppe,
1311 3199 1362 3233 die
1376 3209 1451 3239 zum
1468 3201 1735 3241 amerikanischen
1752 3203 1991 3239 Kanonenboot

1098 3242 1309 3284 „Wheeling"
1330 3245 1470 3285 gehörte,
1490 3246 1553 3280 das
1573 3245 1610 3280 in
1631 3245 1755 3287 einiger
1776 3248 1989 3290 Entfernung

1096 3288 1268 3323 verankert
1292 3288 1358 3328 lag.
1380 3289 1443 3324 Die
1469 3290 1717 3330 niexikanischen
1738 3292 1911 3332 Behörden
1938 3303 1990 3334 ge¬

1097 3333 1244 3373 wahrten
1270 3335 1334 3373 erst
1357 3343 1410 3368 am
1458 3335 1585 3369 andern
1611 3336 1766 3377 Morgen,
1811 3337 1876 3377 daß
1903 3338 1990 3379 Diaz

1097 3377 1196 3417 ihnen
1217 3378 1418 3413 entkommen
1438 3380 1494 3419 sei.

1159 3422 1278 3464 Paris,
1298 3423 1351 3457 29.
1370 3424 1445 3459 Okt.
1466 3426 1554 3460 Dem
1579 3425 1678 3465 «Echo
1700 3426 1737 3460 de
1757 3426 1882 3466 Paris"
1903 3425 1988 3463 wlrd

1098 3472 1162 3501 aus
1197 3468 1380 3507 Netv-Aork
1415 3470 1662 3510 telegraphiert,
1709 3471 1824 3511 Bryan
1850 3472 1990 3507 erklärte

1097 3513 1220 3552 gestern
1242 3513 1282 3547 in
1305 3513 1533 3554 Washington,
1577 3515 1629 3550 die
1671 3515 1989 3557 Vereinigten

1097 3557 1308 3592 Staaten
1332 3558 1466 3594 würden
1490 3560 1578 3600 Diaz
1601 3559 1745 3598 niemals
1766 3561 1829 3596 den
1851 3562 1988 3603 mexika-

1097 3602 1217 3643 nischen
1237 3603 1408 3643 Behörden
1427 3604 1627 3645 auslicfern.

1159 3646 1387 3689 Washington,
1437 3650 1491 3684 29.
1545 3650 1621 3690 Okt.
1697 3650 1988 3692 Frankreich,

1096 3691 1403 3732 Deutschland
1432 3696 1499 3729 und
1530 3695 1745 3735 England
1771 3697 1988 3731 antworteten

1093 3736 1166 3771 dem
1193 3737 1461 3777 Staatssekretär
1491 3740 1550 3774 des
1581 3740 1745 3780 Aeußern,
1774 3742 1898 3781 Bryan,
1927 3742 1989 3779 auf

1096 3779 1179 3818 seine
1203 3782 1364 3822 Anfrage,
1407 3783 1447 3822 sie
1471 3785 1610 3818 wurden
1657 3785 1814 3826 bezüglich
1837 3786 1988 3826 Mexikos

1094 3824 1247 3860 keinerlei
1270 3826 1431 3866 politische
1452 3828 1551 3863 Linie
1577 3829 1736 3870 festsetzen,
1762 3831 1817 3870 ehe
1841 3831 1881 3870 sie
1905 3830 1990 3870 nicht

1093 3869 1351 3905 untereinander
1367 3871 1432 3905 und
1450 3872 1514 3907 mit
1531 3874 1591 3907 den
1609 3874 1823 3915 Vereinigten
1839 3876 1986 3911 Staaten

1094 3914 1163 3954 ihre
1182 3915 1393 3957 Meinungen
1414 3918 1641 3957 ausgetauscht
1662 3919 1785 3959 hätten.

2054 1124 2113 1177 Dir
2139 1127 2287 1177 Kammer
2314 1128 2369 1173 der
2399 1129 2588 1183 Reichsrate
2616 1129 2681 1173 und
2711 1129 2762 1173 die
2790 1129 2948 1184 bayrische

2383 1187 2619 1239 Königsfrage.

2466 1256 2502 1290 &
2530 1252 2742 1289 München.
2766 1254 2812 1284 24.
2840 1254 2907 1284 Okt.

2115 1301 2191 1336 Das
2239 1302 2424 1343 „Bayrische
2450 1304 2657 1338 Vaterland"
2705 1305 2945 1344 veröffentlicht

2056 1343 2148 1382 heute
2169 1345 2220 1380 die
2241 1347 2484 1388 überraschende
2507 1349 2722 1388 Mitteilung,
2744 1349 2806 1388 daß
2829 1350 2864 1383 in
2888 1350 2945 1383 der

2053 1388 2277 1430 Königsfrage
2320 1391 2392 1426 eine
2437 1392 2666 1431 negative
2713 1393 2943 1432 Entschei¬

2055 1431 2173 1473 dung
2201 1435 2338 1474 gefallen
2364 1436 2423 1475 seil
2473 1438 2563 1471 Man
2593 1436 2631 1475 ist
2656 1443 2863 1477 gezwungen,
2890 1436 2944 1471 die

2054 1476 2214 1517 Nachricht
2234 1479 2314 1518 nicht
2331 1491 2353 1513 a
2367 1483 2466 1520 priori
2486 1481 2544 1519 für
2563 1480 2656 1520 falsch
2672 1489 2712 1521 zu
2732 1482 2854 1520 halten,
2874 1481 2943 1515 und

2052 1526 2136 1561 zwar
2158 1526 2221 1556 aus
2242 1524 2412 1562 folgenden
2431 1525 2610 1559 Gründen.
2651 1525 2748 1565 Ohne
2768 1525 2820 1560 die
2840 1526 2944 1560 Kam¬

2054 1573 2121 1599 mer
2147 1568 2201 1600 der
2226 1567 2412 1606 Reichsräte
2461 1569 2498 1608 ist
2545 1569 2617 1603 eine
2642 1570 2859 1610 Beendigung
2887 1570 2944 1603 der

2052 1610 2271 1650 Regentschaft
2286 1613 2413 1652 absolut
2429 1613 2627 1653 unmöglich.
2662 1614 2729 1648 Die
2745 1614 2863 1654 Frage,
2879 1614 2943 1648 wie

2053 1653 2104 1688 die
2130 1655 2323 1694 Mitglieder
2354 1657 2410 1691 des
2441 1657 2692 1696 „Oberhauses"
2721 1667 2781 1697 zur
2809 1659 2942 1698 Lösung

2053 1698 2108 1732 dcS
2127 1699 2303 1738 Problems
2321 1701 2436 1741 stehen,
2458 1702 2497 1740 ist
2518 1702 2596 1735 aber
2616 1701 2697 1741 nicht
2718 1702 2807 1741 leicht
2827 1712 2866 1742 zu
2891 1703 2941 1737 be¬

2051 1746 2244 1778 antworten.
2291 1745 2376 1779 Man
2405 1745 2506 1784 nahm
2534 1746 2647 1784 bisher
2674 1755 2728 1784 an,
2777 1747 2841 1785 daß
2889 1747 2941 1780 die

2050 1786 2215 1826 Mehrheit
2236 1788 2334 1827 dieser
2354 1789 2512 1825 Kammer
2533 1795 2621 1829 zwar
2640 1791 2713 1829 noch
2732 1791 2856 1830 gewisse
2876 1792 2941 1825 Be¬

2049 1831 2165 1866 denken
2182 1833 2250 1871 hat,
2271 1833 2347 1867 aber
2365 1834 2485 1868 andere
2506 1835 2711 1873 Argumente
2731 1835 2786 1873 für
2806 1835 2858 1869 die
2877 1836 2940 1875 Be¬

2049 1876 2213 1916 endigung
2237 1878 2292 1911 der
2315 1878 2540 1918 Regentschaft
2566 1879 2622 1916 für
2645 1878 2940 1919 schwerwiegender

2049 1920 2118 1959 hält
2135 1922 2189 1955 als
2208 1921 2260 1955 die
2277 1922 2424 1961 Gründe,
2443 1923 2496 1956 die
2515 1923 2615 1963 dafür
2634 1924 2785 1962 sprechen,
2805 1924 2868 1962 daß
2889 1924 2940 1957 die

2048 1965 2269 2005 Regentschaft
2285 1965 2397 2001 weiter
2416 1967 2546 2005 besteht.
2586 1967 2715 2006 Nächste
2734 1968 2842 2006 Woche
2861 1969 2940 2001 tritt

2047 2018 2115 2043 nun
2132 2009 2182 2043 die
2199 2010 2356 2044 Kammer
2373 2013 2429 2046 der
2445 2011 2636 2050 Reichsräte
2654 2013 2849 2051 zusammen.
2867 2013 2939 2051 Auf

2047 2053 2101 2087 der
2127 2055 2393 2094 Tagesordnung
2423 2056 2481 2089 der
2534 2057 2635 2094 ersten
2665 2056 2805 2096 Sitzung
2857 2057 2937 2096 steht

2046 2098 2205 2138 natürlich
2233 2099 2345 2137 nicht
2372 2100 2424 2133 die
2451 2099 2691 2139 Königsfrage,
2742 2102 2818 2134 aber
2874 2101 2937 2134 das

2045 2141 2168 2180 schließt
2190 2143 2273 2181 nicht
2295 2146 2369 2182 auS,
2392 2144 2456 2183 daß
2477 2144 2518 2177 in
2541 2145 2776 2184 vertraulichen
2799 2146 2935 2183 Bespre¬

2043 2186 2180 2226 chungen
2198 2187 2338 2220 darüber
2354 2188 2500 2227 wichtige
2517 2188 2709 2228 Entschlüsse
2727 2189 2838 2228 gefaßt
2854 2195 2935 2223 wer¬

2044 2230 2113 2265 den.
2161 2231 2229 2265 Die
2254 2232 2364 2271 Frage
2393 2232 2430 2271 ist
2460 2241 2548 2266 nun:
2578 2232 2690 2271 welche
2718 2234 2934 2273 Entschlüsse?

2044 2275 2202 2320 Noxh^ehe
2224 2274 2276 2309 die
2298 2276 2636 2312 Reichsratskammer
2656 2278 2934 2317 zUsanunentritt,

2044 2318 2184 2354 kommen
2205 2320 2274 2353 mir
2295 2323 2359 2353 auS
2379 2321 2529 2360 Kteisen,
2551 2321 2603 2355 die
2625 2321 2704 2355 über
2726 2322 2777 2357 die
2798 2323 2931 2362 Auffas¬

2042 2363 2135 2407 sung,
2169 2364 2262 2399 eines
2309 2363 2406 2399 Teils
2456 2365 2513 2399 der
2540 2365 2727 2406 Reichsräte
2781 2375 2931 2406 genau

2041 2407 2354 2447 unterrichtet
2382 2409 2460 2448 sind,
2489 2409 2769 2449 Informationen
2798 2419 2848 2449 zu,
2880 2410 2931 2444 die

2040 2452 2140 2492 ernste
2158 2452 2345 2492 Beachtung
2364 2454 2551 2487 verdienen.
2592 2453 2657 2488 Die
2676 2455 2873 2494 Opposition
2895 2454 2930 2488 in

2040 2496 2095 2530 der
2121 2496 2455 2534 RcichsratSkamnier
2483 2498 2563 2537 steht
2592 2499 2651 2537 auf
2700 2500 2771 2532 dem
2799 2499 2930 2533 Stand-

2039 2540 2215 2579 punkt.datz
2231 2541 2286 2574 der
2302 2541 2428 2581 Regent
2445 2542 2622 2576 Vormund
2639 2543 2695 2576 des
2714 2543 2931 2583 KönigsOtto

2042 2583 2079 2623 ist
2098 2585 2163 2619 und
2183 2594 2219 2618 er
2237 2585 2292 2619 als
2311 2585 2423 2624 solcher
2443 2586 2496 2620 die
2513 2585 2703 2625 Interessen
2723 2587 2779 2620 deS
2799 2587 2932 2629 Königs

2040 2628 2123 2661 Otto
2149 2628 2422 2667 wahrzunehmcn
2450 2629 2544 2667 habe.
2593 2631 2641 2663 Es
2668 2630 2806 2669 berühre
2834 2630 2932 2672 höchst

2042 2671 2278 2710 eigentümlich,
2328 2673 2360 2711 so
2390 2672 2523 2707 meinen
2574 2673 2627 2707 die
2677 2674 2934 2713 reichSrätlichen

2044 2713 2336 2755 Oppositionellen,
2368 2717 2428 2756 auf
2460 2717 2585 2755 Grund
2619 2715 2711 2752 eines
2742 2718 2944 2758 Rechtsgut-.

2043 2758 2171 2797 achtens
2186 2759 2242 2794 die
2255 2759 2478 2800 Regentschaft
2496 2767 2538 2801 zu
2553 2761 2706 2800 beenden,
2722 2762 2784 2795 das
2801 2768 2860 2796 vor
2879 2763 2936 2796 der

2043 2802 2286 2843 Eidesleistung
2305 2804 2362 2837 dos
2381 2805 2553 2844 Regenten
2574 2806 2641 2838 und
2661 2810 2720 2840 vor
2738 2807 2795 2840 der
2814 2805 2943 2845 Ueber».

2041 2846 2158 2885 nahme
2187 2847 2244 2881 der
2271 2847 2542 2887 Vormundschaft
2572 2848 2665 2887 durch
2695 2851 2755 2883 den
2785 2845 2932 2895 Prinzen

2038 2889 2176 2930 Ludwig
2193 2891 2375 2930 abgegeben
2394 2893 2526 2925 worden
2543 2892 2598 2931 sei.
2619 2893 2683 2927 Ein
2703 2897 2802 2927 neues
2822 2895 2931 2934 Argu¬

2038 2936 2127 2967 ment
2152 2934 2195 2972 sei
2221 2943 2264 2973 zu
2287 2934 2401 2973 diesem
2428 2935 2716 2976 Rechtsgutachten
2744 2937 2931 2977 inzwischen

2038 2976 2389 3017 nichL-chinzugetreten
2408 2980 2476 3013 und
2500 2983 2537 3013 cS
2560 2980 2672 3018 müßte
2694 2980 2756 3016 das
2778 2982 2926 3021 Ansehen

2035 3019 2100 3064 dA
2115 3021 2285 3061 Regenten
2311 3022 2377 3057 und
2403 3023 2511 3062 seiner
2537 3023 2708 3063 künftigen
2734 3026 2926 3067 Regierung

2033 3065 2098 3106 auf
2120 3065 2183 3098 das
2213 3065 2371 3105 schwerste
2395 3067 2711 3107 kompromittieren,
2742 3069 2838 3104 wenn
2868 3070 2925 3103 der

2035 3107 2247 3145 „Vormund"
2274 3110 2323 3144 die
2348 3110 2538 3151 Interessen
2564 3112 2669 3151 seines
2695 3113 2858 3148 Mündels
2884 3123 2923 3154 zu

2034 3152 2141 3191 seinen
2165 3154 2313 3193 Gunsten
2337 3156 2524 3195 unbeachtet
2548 3156 2649 3195 lassen
2671 3157 2793 3191 würde.

2095 3197 2148 3231 So
2177 3197 2229 3232 die
2258 3199 2457 3239 Auffasiung
2487 3201 2545 3234 der
2573 3201 2770 3240 Opposition
2801 3201 2837 3236 in
2866 3203 2923 3236 der

2032 3240 2188 3276 Kammer
2216 3242 2272 3276 der
2299 3243 2498 3283 Reichsräte,
2529 3244 2580 3279 die
2609 3246 2771 3285 angeblich
2803 3246 2836 3280 in
2865 3247 2923 3280 der

2033 3285 2239 3325 Minderheit
2262 3285 2309 3327 ist.
2353 3287 2401 3322 Es
2424 3288 2463 3328 ist
2485 3289 2564 3323 aber
2586 3289 2730 3329 möglich,
2754 3290 2817 3329 daß
2839 3291 2924 3330 diese

2033 3329 2228 3370 Opposition
2258 3331 2312 3365 der
2339 3331 2571 3373 Abstimmung
2601 3333 2653 3372 sich
2681 3334 2837 3374 fernhält,
2865 3344 2923 3369 um

2034 3374 2115 3414 nicht
2136 3374 2173 3409 in
2196 3374 2417 3416 Widerspruch
2438 3377 2502 3411 mit
2527 3377 2615 3417 ihrer
2636 3379 2835 3419 Auffassung
2858 3384 2923 3414 von

2033 3418 2088 3453 der
2113 3418 2421 3461 «Vormundschaft"
2448 3421 2543 3455 eines
2569 3422 2737 3462 Regenten
2784 3432 2823 3463 zu
2872 3433 2923 3464 ge-

2034 3466 2144 3503 raten;
2167 3467 2205 3498 eS
2228 3463 2267 3504 ist
2287 3464 2363 3499 aber
2386 3465 2461 3505 auch
2482 3466 2630 3506 möglich,
2651 3467 2715 3507 daß
2737 3467 2819 3507 diese
2840 3467 2923 3508 Auf¬

2033 3506 2161 3549 fassung
2189 3508 2226 3542 in
2253 3509 2309 3542 der
2334 3509 2670 3550 Reichsratskammer
2700 3512 2736 3545 in
2763 3512 2923 3551 bestimm-

2033 3552 2082 3586 ter
2102 3552 2225 3592 Absicht
2247 3553 2402 3592 geäußert
2423 3554 2520 3593 wird,
2542 3556 2611 3589 und
2633 3555 2696 3595 daß
2718 3556 2773 3590 der
2794 3557 2924 3597 Regent

2032 3594 2106 3636 kurz
2133 3596 2334 3636 entschlossen
2361 3598 2432 3633 dem
2459 3599 2596 3634 Streite
2623 3600 2675 3633 ein
2705 3601 2794 3635 Ende
2821 3601 2924 3640 macht

2032 3641 2098 3675 und
2125 3640 2192 3680 sich,
2206 3641 2299 3680 durch
2344 3642 2453 3682 seinen
2480 3643 2705 3683 Rcgenteneid
2753 3646 2924 3685 gebunden

2032 3683 2113 3722 hält,
2132 3685 2163 3719 d.
2183 3686 2215 3725 h.
2236 3685 2282 3720 im
2303 3686 2415 3721 Sinne
2436 3688 2492 3722 der
2513 3688 2714 3729 Auffassung
2735 3690 2790 3724 der
2808 3690 2923 3729 Oppo¬

2032 3728 2127 3768 sition
2150 3735 2215 3764 von
2237 3730 2298 3764 den
2320 3730 2482 3772 Pflichten
2506 3733 2562 3767 der
2583 3733 2852 3775 Vormundschaft
2875 3743 2923 3769 er-

2033 3772 2130 3808 klärt:
2175 3774 2225 3809 ES
2245 3774 2347 3810 bleibt
2366 3776 2417 3810 bei
2439 3777 2496 3811 der
2518 3777 2755 3819 Regentschaft!

2374 3817 2395 3833 *
2467 3835 2488 3856 *
2561 3819 2582 3835 *

2084 3856 2242 3889 München,
2272 3857 2316 3886 29.
2349 3857 2414 3888 Okt.
2444 3858 2494 3892 8p.
2526 3859 2573 3895 In
2604 3858 2841 3896 Beantwortung
2873 3860 2923 3890 der

2028 3893 2264 3931 Interpellation
2283 3897 2332 3927 der
2351 3897 2511 3929 Liberalen
2531 3900 2604 3929 über
2624 3900 2669 3929 die
2690 3900 2924 3937 „Bayrische

2029 3935 2380 3975 StaatSzeitung"
2448 3940 2576 3970 erklärte
2640 3940 2924 3977 Ministerpräsident

2030 3975 2168 4013 Freiherr
2195 3982 2223 4008 v.
2252 3978 2279 4015 H
2289 3986 2305 4008 e
2315 3980 2331 4009 r
2342 3980 2353 4009 t
2363 3981 2374 4010 l
2387 3980 2395 4009 i
2406 3989 2425 4017 »
2438 3989 2456 4017 g
2485 3981 2519 4010 in
2548 3981 2600 4011 der
2627 3981 2768 4018 gestrigen
2797 3982 2925 4018 Sitzung

2989 1130 3038 1159 der
3067 1130 3436 1166 Abgeordnetenkammer:
3470 1133 3548 1164 „Die
3577 1134 3730 1171 königliche
3761 1136 3889 1166 Staat«,

2991 1171 3150 1206 regierung
3177 1171 3228 1205 hat
3257 1172 3311 1202 mit
3338 1173 3390 1202 der
3414 1173 3590 1209 Gründung
3616 1175 3667 1205 der
3696 1175 3889 1211 „Bayrischen

2989 1210 3243 1247 StaatSzeitung"
3271 1212 3320 1242 ein
3348 1214 3415 1249 nach
3441 1213 3524 1247 ihrer
3548 1215 3780 1251 Ueberzeugung
3805 1216 3888 1245 drin«

2988 1251 3094 1286 gendeS
3121 1251 3285 1287 staatliche«
3309 1253 3477 1289 Bedürfnis
3504 1255 3616 1288 erfüllt.
3660 1255 3806 1290 Dadurch,
3829 1255 3888 1291 daß

2987 1291 3024 1326 sie
3042 1291 3087 1321 die
3108 1292 3287 1328 Errichtung
3306 1294 3356 1323 der
3377 1294 3650 1331 „StaatSzeitung"
3673 1296 3706 1324 in
3726 1303 3814 1331 enger
3824 1296 3888 1324 An.

2988 1331 3118 1368 lchnung
3164 1341 3203 1361 an
3229 1333 3276 1363 die
3299 1334 3466 1367 Vorbilder,
3511 1335 3558 1364 die
3583 1335 3887 1371 Regierungsorgane

2986 1371 3227 1408 Württemberg»
3254 1374 3314 1403 und
3340 1374 3498 1409 Sachsens,
3527 1376 3722 1412 auSgestaltet
3746 1375 3808 1411 hat,
3833 1375 3886 1410 hat

2986 1411 3022 1447 sie
3043 1413 3166 1448 gezeigt,
3187 1413 3244 1448 daß
3266 1416 3299 1442 eS
3321 1414 3367 1448 ihr
3389 1415 3461 1448 nicht
3484 1415 3594 1444 darum
3615 1424 3654 1452 zu
3679 1417 3733 1445 tun
3755 1416 3884 1451 gewesen

2986 1451 3028 1486 ist,
3047 1452 3099 1487 für
3121 1453 3177 1481 daS
3199 1454 3414 1490 gegenwärtige
3434 1454 3644 1488 Ministerium
3668 1457 3717 1486 ein
3736 1456 3822 1485 Blatt
3844 1463 3882 1492 zu

2986 1492 3130 1527 gründen,
3154 1493 3279 1529 sondern
3302 1495 3358 1530 daß
3383 1495 3420 1530 sie
3441 1495 3562 1530 bemüht
3588 1497 3717 1532 geloesen
3741 1496 3784 1531 ist,
3816 1496 3883 1525 dem

2985 1531 3095 1562 Staat«
3121 1533 3171 1562 ein
3197 1533 3347 1570 offiziöses
3373 1535 3600 1571 publizistisches
3626 1536 3817 1571 Instrument
3842 1543 3882 1572 zu

2985 1572 3084 1607 geben,
3130 1573 3188 1602 das
3217 1573 3264 1603 die
3311 1575 3450 1610 früheren
3481 1575 3695 1612 Negierungen
3723 1576 3883 1612 entbehren

2986 1613 3108 1647 mußten
3146 1613 3208 1642 und
3247 1614 3301 1643 das
3337 1615 3383 1644 die
3408 1615 3564 1651 künftigen
3591 1616 3802 1652 Regierungen
3839 1624 3882 1645 rm

2985 1652 3112 1687 Hinblick
3139 1653 3248 1688 sowohl
3275 1655 3329 1690 auf
3354 1655 3400 1685 die
3426 1655 3627 1692 Verhältnisse
3673 1657 3716 1685 im
3759 1656 3882 1692 eigenen

2984 1692 3092 1726 Lande,
3107 1694 3166 1723 wie
3183 1694 3253 1728 auch
3269 1696 3325 1730 auf
3339 1695 3386 1724 die
3402 1695 3637 1731 Einrichtungen
3654 1696 3779 1725 anderer
3795 1696 3882 1725 Bun¬

2984 1732 3149 1768 desstaaten
3178 1741 3276 1769 genau
3323 1735 3356 1764 in
3384 1735 3434 1764 der
3461 1736 3587 1771 gleichen
3616 1737 3714 1772 Weife
3738 1736 3881 1770 brauchen

2983 1774 3096 1803 werden
3119 1774 3176 1803 wie
3198 1774 3244 1803 die
3264 1775 3480 1810 gegenwärtige
3500 1776 3683 1812 Regierung.
3705 1776 3763 1805 Die
3783 1776 3882 1811 könig-

2984 1813 3048 1847 liche
3068 1814 3345 1850 Staatsregierung
3365 1816 3398 1849 ist
3417 1815 3466 1850 sich
3485 1820 3543 1844 von
3562 1816 3685 1852 Anfang
3705 1825 3744 1845 an
3764 1816 3881 1851 bewußt

2983 1855 3122 1889 gewesen,
3149 1854 3207 1889 daß
3235 1855 3274 1889 sie
3300 1856 3355 1884 mit
3381 1855 3431 1885 der
3456 1856 3632 1892 Gründung
3659 1857 3711 1886 der
3733 1857 3880 1887 „StoatS-

2982 1894 3119 1930 zeitung"
3139 1895 3197 1930 auf
3213 1894 3303 1930 große
3320 1896 3576 1931 Schwierigkeiten
3594 1897 3693 1932 stoßen
3713 1897 3772 1926 und
3790 1897 3879 1931 ihret-

2981 1939 3079 1969 wegen
3103 1934 3195 1969 starke
3218 1935 3357 1970 Angriffe
3377 1936 3517 1970 erfahren
3540 1936 3650 1967 würde.
3692 1937 3780 1971 Diese
3802 1937 3879 1966 Vor-

2981 1975 3104 2010 aussicht
3127 1975 3228 2011 durfte
3252 1975 3290 2010 sie
3310 1976 3401 2011 jedoch
3424 1977 3499 2010 nicht
3523 1977 3619 2006 davon
3641 1977 3790 2012 abhalten,
3812 1977 3879 2006 eine

2980 2019 3035 2044 von
3053 2015 3102 2049 ihr
3120 2017 3171 2044 als
3191 2016 3356 2052 notwendig
3372 2017 3513 2046 erkannte
3530 2017 3705 2053 Gründung
3722 2018 3773 2046 inS
3791 2017 3877 2046 Werk

2979 2063 3016 2091 zu
3040 2056 3137 2091 setzen,
3181 2056 3217 2084 da
3242 2056 3280 2091 sie
3303 2060 3335 2086 eS
3360 2057 3410 2090 für
3434 2056 3498 2091 ihre
3522 2057 3597 2086 über
3620 2058 3699 2087 allen
3723 2057 3876 2087 Bedenken

2980 2096 3107 2130 sichende
3131 2096 3240 2132 Pflicht
3266 2097 3396 2132 erachtet,
3420 2097 3475 2126 den
3500 2097 3678 2132 Vorsprung
3704 2097 3876 2134 auSzuglei-

2979 2135 3050 2170 chen,
3098 2136 3155 2166 den
3187 2136 3330 2171 sämtliche
3377 2137 3523 2173 größeren
3553 2138 3793 2172 Bundesstaaten
3823 2138 3877 2166 de»

2978 2176 3123 2212 deutschen
3147 2177 3266 2211 Reiches
3288 2178 3343 2213 auf
3362 2178 3467 2212 diesem
3488 2178 3597 2207 Gebiet
3618 2178 3670 2207 deS
3690 2177 3876 2212 öffentlichen

2978 2217 3036 2246 und
3061 2217 3226 2251 staatlichen
3252 2217 3364 2246 Lebens
3389 2224 3440 2248 vor
3465 2218 3531 2247 dem
3556 2218 3729 2255 Königreich
3754 2218 3876 2255 Bayern

2977 2257 3076 2293 bisher
3096 2260 3212 2287 voraus
3233 2256 3359 2293 hatten."

3133 2339 3717 2413 Eidgenossenschaft.

3036 2418 3252 2460 Linksufrige
3280 2418 3711 2460 Vierwaldstätterseebahn.
3740 2419 3871 2459 (Korr.)

2976 2464 3102 2497 Gerade
3126 2465 3199 2502 das,
3244 2470 3313 2501 was
3339 2465 3374 2499 in
3396 2466 3459 2499 Nr.
3481 2466 3547 2498 298
3571 2466 3720 2505 (zweites
3743 2465 3872 2499 Abend¬

2976 2509 3073 2547 blatt)
3094 2510 3156 2543 -der
3181 2509 3243 2546 „N.
3267 2509 3305 2548 Z.
3326 2510 3386 2548 Z."
3410 2510 3521 2549 gesagt
3538 2508 3639 2548 wird,
3683 2510 3790 2543 wollte
3814 2509 3871 2543 der

2975 2553 3155 2591 Einsender
3174 2554 3228 2586 der
3249 2554 3513 2593 Korrespondenz
3532 2554 3568 2587 in
3588 2555 3650 2589 Nr.
3668 2555 3731 2587 294
3748 2554 3872 2587 onden»

2976 2598 3044 2631 ten:
3069 2597 3156 2637 Jede
3179 2597 3412 2638 Verschiebung
3436 2599 3494 2631 des
3517 2597 3871 2638 Vereinigungspunk-

2977 2643 3027 2675 teS
3042 2642 3101 2675 der
3118 2641 3241 2682 Linien
3259 2643 3536 2681 Basel-Gotthard
3555 2644 3624 2677 und
3642 2644 3870 2683 Zürich-Gott¬

2980 2685 3056 2723 hard
3074 2695 3181 2725 gegen
3198 2686 3318 2720 Süden
3335 2687 3483 2722 bedeutet
3499 2687 3598 2720 einen
3615 2687 3744 2726 Schritt
3763 2682 3873 2722 in'der

2980 2728 3152 2769 Richtitng.
3166 2730 3220 2763 die
3241 2731 3598 2772 getrenntö-Führnng.
3609 2732 3665 2765 der
3682 2731 3776 2772 Züge
3794 2731 3874 2769 über

2982 2773 3262 2812 Basel-Gotthard
3295 2775 3362 2810 und
3386 2774 3698 2815 'Zürich-Gotthard
3728 2785 3769 2815 zu
3822 2785 3871 2810 er¬

2980 2817 3108 2857 reichen.
3129 2819 3238 2853 Dabei
3262 2819 3380 2854 kommt
3399 2820 3471 2854 eine
3493 2818 3589 2857 Linie
3611 2820 3794 2859 gegenüber
3814 2821 3874 2854 der

2973 2863 3100 2896 andern
3123 2863 3161 2897 in
3181 2863 3362 2901 Rückstand.
3383 2864 3554 2903 Natürlich
3577 2863 3617 2904 ist
3632 2866 3697 2899 das
3718 2864 3799 2903 nicht
3817 2864 3871 2898 die

2973 2906 3079 2946 Linie,
3121 2907 3223 2941 deren
3245 2908 3376 2947 Trassee
3398 2909 3531 2948 gekürzt
3554 2909 3684 2943 werden
3705 2910 3774 2949 soll,
3798 2911 3869 2950 son¬

2971 2951 3050 2985 dern
3077 2951 3128 2985 die
3152 2952 3283 2985 andere.
3327 2953 3392 2988 Die
3415 2952 3765 2992 Zugsverbindungen
3810 2954 3868 2987 der

2972 2996 3065 3029 einen
3087 2996 3185 3031 Linie
3207 2996 3329 3030 können
3372 2997 3465 3036 durch
3509 2997 3561 3031 die
3582 2997 3867 3043 Distanzkürzung

2969 3041 3035 3074 und
3052 3040 3105 3074 die
3123 3041 3294 3080 getrennte
3310 3041 3473 3081 Führung
3491 3042 3547 3075 der
3565 3039 3660 3081 Züge
3678 3042 3709 3080 so
3727 3042 3795 3081 sehr
3814 3052 3867 3082 ge¬

2970 3085 3093 3123 fördert
3114 3086 3256 3123 werden,
3278 3085 3340 3124 daß
3360 3086 3411 3120 die
3432 3086 3552 3119 andere
3574 3087 3735 3120 darunter
3758 3086 3866 3125 leidet,

2969 3129 3002 3167 ja
3023 3137 3086 3163 von
3111 3129 3385 3169 Berkehrsteilen,
3406 3130 3456 3164 die
3480 3131 3520 3169 sie
3544 3130 3638 3169 heute
3662 3131 3764 3170 führt,
3785 3135 3866 3165 auS-

2968 3174 3133 3214 geschaltet
3156 3173 3250 3207 wird.
3271 3175 3345 3209 Das
3369 3184 3433 3209 nur
3455 3175 3567 3208 wollte
3591 3175 3642 3210 die
3666 3175 3866 3214 Korrespon¬

2966 3219 3043 3258 denz
3065 3218 3101 3252 in
3121 3220 3186 3252 Nr.
3205 3219 3270 3251 294
3289 3219 3394 3259 sagen,
3416 3220 3483 3253 nird
3504 3225 3603 3253 wenn
3625 3220 3667 3259 sie
3689 3220 3793 3254 damit
3811 3220 3866 3254 die

2967 3261 3258 3302 AusMerksainkeit
3281 3263 3335 3297 der
3359 3263 3572 3304 zuständigen
3595 3265 3732 3299 Stellen
3756 3266 3866 3305 erregt

2968 3307 3069 3347 haben
3087 3308 3188 3349 sollte,
3205 3309 3235 3348 so
3251 3308 3337 3343 wäre
3354 3308 3406 3348 ihr
3421 3308 3527 3348 Zweck
3543 3309 3688 3349 erreicht.

3198 3386 3620 3458 Kantone.

3336 3468 3487 3507 Zürich.

3030 3511 3252 3552 Winterthur,
3271 3512 3322 3546 29.
3344 3513 3419 3547 Okt.
3439 3511 3478 3547 □
3499 3512 3577 3548 Das
3598 3512 3783 3552 Budget
3804 3512 3862 3546 der

2967 3557 3241 3597 Stadtgemeinde
3266 3558 3472 3596 Winterthur
3499 3557 3553 3596 für
3580 3558 3661 3591 1944
3685 3558 3761 3596 sieht
3804 3556 3861 3590 ein

2967 3602 3102 3642 Defizit,
3127 3602 3221 3641 bezw.
3247 3601 3315 3636 eine
3340 3602 3527 3640 Entnahme
3550 3605 3615 3637 aus
3637 3603 3695 3637 der
3718 3602 3858 3637 Steuer-

2969 3647 3089 3688 reservc
3113 3653 3178 3681 von
3202 3646 3333 3685 177,829
3355 3647 3411 3688 Fr.
3433 3652 3504 3681 vor.

3349 3701 3471 3735 Bern.

3023 3742 3197 3778 Ingenieur
3221 3744 3363 3775 Stabtrat
3387 3745 3500 3778 Herzog
3525 3743 3555 3776 s-.
3579 3744 3701 3777 Bern,
3722 3742 3768 3773 29.
3792 3743 3860 3773 Okt.

2967 3783 3015 3813 W.
3034 3784 3159 3819 Gestern
3180 3784 3353 3821 nachmittag
3373 3785 3507 3819 brachten
3528 3784 3574 3814 die
3594 3783 3719 3820 hiesigen
3738 3783 3861 3814 Blätter

2967 3824 3011 3855 die
3037 3825 3209 3861 vollständig
3238 3825 3459 3862 überraschende
3488 3824 3670 3860 Mitteilung
3722 3828 3778 3854 von
3808 3824 3860 3854 der

2967 3864 3102 3900 schweren
3158 3864 3347 3901 Erkrankung
3401 3864 3452 3894 des
3481 3864 3580 3899 Herrn
3609 3864 3859 3894 Gemeinderates

2965 3904 3086 3941 Herzog.
3108 3904 3204 3940 Heute
3226 3905 3329 3934 kommt
3351 3905 3461 3934 bereits
3483 3904 3529 3934 die
3552 3904 3711 3940 Nachricht,
3731 3904 3789 3939 daß
3811 3904 3859 3933 die

2965 3944 3056 3980 Kunst
3074 3945 3126 3974 des
3144 3945 3252 3980 Arztes
3268 3946 3393 3979 umsonst
3410 3944 3529 3978 bemüht
3548 3949 3622 3976 tvar,
3640 3944 3695 3973 das
3714 3942 3860 3978 fliehende

2966 3984 3057 4015 Leben
3073 3984 3281 4021 aufzuhalten.
3296 3985 3369 4020 Noch
3385 3989 3435 4014 vor
3451 3984 3585 4020 wenigen
3601 3985 3705 4020 Tagen
3722 3983 3771 4020 sah
3788 3991 3860 4013 man

144 4098 182 4128 2,
416 4065 782 4137 Ienillelon.

542 4172 551 4179 -
571 4173 613 4179 —
619 4172 652 4180 —
764 4160 893 4186 MaLdruF
901 4161 1018 4186 Versal««.

470 4218 739 4257 BolkSfrlihling.

182 4263 244 4295 Ein
271 4265 399 4301 Zürcher
426 4267 550 4299 Roman
578 4275 634 4300 von
664 4271 750 4308 Ernst
778 4271 805 4301 E
817 4272 827 4309 s
838 4271 864 4308 ch
876 4279 905 4301 m
915 4279 934 4301 a
946 4280 964 4302 n
976 4279 1006 4302 n.

199 4330 288 4361 Oben
311 4333 367 4369 auf
388 4332 439 4362 der
460 4333 547 4368 Pünt
568 4336 657 4372 saßen
676 4337 724 4367 die
745 4337 865 4367 Mutter
887 4338 947 4368 und
967 4337 1044 4373 Hed¬

142 4370 213 4405 wig.
251 4372 310 4401 Ein
338 4373 488 4410 einfaches
518 4376 708 4413 Mittagessen
734 4378 869 4414 dampfte
895 4379 950 4414 auf
979 4378 1044 4407 dem

143 4409 234 4446 Tisch.
271 4412 411 4443 „Kommt
438 4415 490 4444 der
516 4416 611 4447 Vater
637 4417 704 4453 »och
729 4418 844 4453 nicht?"
875 4419 971 4454 fragte
997 4418 1044 4447 die

144 4450 264 4482 Mutter
283 4454 345 4482 und
366 4454 481 4489 schaute
499 4455 636 4493 ängstlich
653 4458 741 4493 durch
757 4458 806 4487 die
825 4459 968 4493 Scherben
989 4459 1044 4495 auf

142 4490 199 4520 den
225 4492 305 4527 Weg,
329 4493 383 4522 der
408 4499 477 4523 vom
502 4495 583 4534 Dorf
606 4497 714 4535 herauf
738 4506 779 4528 an
807 4498 902 4535 ihrem
929 4499 1043 4528 kleinen

140 4529 296 4566 Häuschen
316 4533 418 4562 vorbei
442 4534 552 4570 führte.

198 4571 321 4608 Hedwig
345 4573 473 4603 meinte:
501 4576 562 4606 „Er
584 4577 658 4608 wird
680 4578 742 4614 jetzt
766 4578 826 4610 viel
850 4587 889 4616 zu
912 4581 967 4610 tun
992 4580 1043 4616 ha-

140 4609 224 4639 bei:."

200 4651 260 4682 „Er
278 4653 428 4689 versprach
450 4657 511 4684 uns
529 4656 603 4691 doch,
622 4665 654 4687 er
675 4658 784 4688 komme
802 4660 892 4695 gleich
911 4661 990 4695 nach,
1009 4660 1042 4690 in

140 4690 224 4722 einer
246 4692 476 4729 Viertelstunde.
506 4696 568 4725 Die
590 4696 623 4732 ist
645 4698 723 4733 schon
746 4699 835 4735 lange
856 4701 983 4729 vorbei."

199 4732 335 4763 «Kommt
356 4742 389 4763 er
409 4734 485 4769 nicht
505 4736 571 4766 dort
590 4741 645 4765 von
667 4738 717 4768 der
734 4739 873 4774 Scheune
892 4741 985 4777 her?"

194 4772 264 4808 „Ist
281 4775 328 4803 ein
350 4774 459 4809 Feind,
479 4775 563 4806 einer
581 4780 641 4806 aus
661 4777 711 4808 der
729 4779 853 4810 Stadt."

197 4813 284 4848 „Hast
308 4815 393 4849 recht,
417 4815 509 4850 hätt's
531 4824 573 4846 an
598 4817 706 4854 seinem
730 4819 849 4855 stolzen,
872 4822 1041 4859 aufrechten

139 4851 229 4888 Gang
252 4853 335 4888 sehen
358 4855 476 4890 sollen."

194 4892 237 4927 Je
256 4894 338 4929 mehr
356 4895 405 4924 die
424 4896 493 4931 Zeit
511 4898 662 4932 vorrückte,
680 4906 731 4929 um
752 4900 781 4937 so
801 4900 904 4931 lauter
921 4902 1039 4937 begann

135 4931 184 4959 die
205 4932 323 4963 Mutter
343 4942 383 4969 zu
404 4936 567 4970 jammern.
598 4939 723 4974 „Schau,
742 4941 794 4970 der
816 4942 910 4971 Vater
933 4942 1039 4970 kommt

136 4971 212 5006 nicht
230 4972 321 5009 mehr.
349 4974 400 5009 Ist
420 4976 489 5006 bald
508 4980 602 5008 etwas
621 4980 718 5015 gesagt
737 4981 807 5011 oder
824 4984 916 5017 getan
935 4982 967 5010 in
987 4982 1039 5010 der

136 5011 322 5049 Aufregung,
353 5014 421 5045 lind
445 5016 475 5052 so
496 5018 546 5047 ein
567 5018 672 5055 Jäher,
692 5021 748 5050 wie
770 5028 802 5051 er
824 5022 868 5058 ijt,
891 5022 965 5051 kann
990 5021 1040 5057 sich

135 5052 211 5087 nicht
228 5053 406 5089 bändigen."

192 5093 338 5127 „Mutter,
358 5095 409 5124 der
427 5095 563 5133 Offizier
583 5098 687 5128 kommt
707 5101 800 5136 näher
820 5102 881 5131 und
903 5101 1035 5135 schwenkt

132 5131 167 5161 in
189 5134 277 5169 unser
299 5135 436 5170 Wcglern
459 5137 519 5166 ein.
549 5138 597 5174 Ist
618 5139 667 5169 ein
687 5141 810 5176 grüner,
830 5141 880 5171 ein
902 5141 1033 5176 Jäger!"

189 5172 315 5208 „JesuSI
348 5171 425 5205 'Was
448 5177 510 5207 will
532 5187 564 5208 er
585 5184 640 5209 von
664 5181 763 5210 uns?"

188 5212 304 5242 „Werd'
336 5215 397 5250 ihm
430 5216 511 5252 schon
541 5219 673 5255 Bescheid
703 5221 804 5255 geben.
846 5221 921 5255 Hab'
952 5221 1035 5250 keine

128 5251 253 5287 Angst!"

186 5293 367 5330 „Natürlich,
388 5297 474 5333 willst
495 5298 555 5335 dich
573 5301 640 5335 auch
660 5300 727 5335 noch
745 5300 955 5336 vcrschlvatzen,
974 5301 1033 5337 daß

126 5331 169 5367 ich
197 5333 338 5366 nienrand
368 5337 452 5374 mehr
482 5338 559 5374 Hab',
596 5340 726 5377 Hedwig,
764 5340 862 5373 nimm
891 5341 952 5380 dich
981 5349 1032 5377 zu-

122 5371 294 5404 tiammcnl"

1143 4065 1242 4094 Rucdi
1267 4065 1395 4095 Bodmer
1417 4067 1513 4098 blickte
1537 4068 1590 4099 inS
1614 4070 1714 4106 offene
1738 4069 1871 4107 Fenster:
1899 4069 1986 4102 «DaS

1091 4103 1124 4140 ist
1142 4104 1189 4134 die
1205 4105 1304 4140 Pünt,
1322 4106 1433 4142 nicht?"

1145 4144 1220 4175 „Die
1242 4145 1340 4180 Pünt,
1359 4146 1423 4181 ja!"
1446 4149 1603 4180 erwiderte
1623 4150 1755 4186 Hedwig.
1783 4151 1843 4182 Die
1866 4151 1986 4181 Mutter

1086 4182 1199 4218 brachte
1219 4190 1274 4215 vor
1296 4185 1443 4221 Schrecken
1468 4190 1532 4219 kein
1556 4190 1639 4220 Wort
1664 4191 1782 4226 heraus.

1143 4223 1217 4259 Jetzt
1246 4224 1329 4258 stand
1358 4233 1388 4256 er
1415 4227 1449 4257 in
1478 4230 1532 4259 der
1560 4230 1669 4264 Stube,
1697 4231 1793 4267 barsch
1820 4232 1881 4261 uird
1911 4232 1986 4265 ohne

1088 4261 1185 4298 Gruß.
1214 4264 1295 4295 „Die
1314 4265 1434 4303 Waffen
1455 4269 1507 4305 soll
1529 4270 1565 4305 ich
1585 4271 1690 4305 haben,
1710 4270 1808 4309 sofort,
1826 4271 1892 4301 dem
1911 4272 1984 4308 Erz-

1088 4301 1211 4332 rebcllen
1231 4304 1312 4340 seine
1333 4306 1462 4343 Waffen.
1492 4309 1548 4339 Wo
1567 4310 1629 4345 sind
1648 4310 1726 4345 sie?"

1143 4343 1248 4374 „Mein
1271 4344 1364 4375 Vater
1384 4347 1458 4377 wird
1481 4349 1520 4384 sie
1539 4349 1643 4385 Ihnen
1666 4351 1766 4385 geben,
1785 4355 1873 4382 wenn
1892 4358 1926 4382 er
1946 4352 1987 4382 da

1088 4381 1128 4416 ist.
1156 4383 1212 4413 Um
1231 4384 1295 4420 sein
1313 4385 1495 4424 KriegSzeug
1515 4389 1665 4420 kümmere
1684 4391 1724 4425 ich
1742 4392 1811 4428 mich
1830 4392 1913 4428 nicht.
1941 4393 1987 4422 Er

1087 4421 1148 4458 sagt
1170 4424 1240 4459 auch
1262 4424 1377 4459 immer,
1397 4426 1455 4458 wir
1477 4429 1596 4464 sollen'«
1618 4430 1680 4465 ihm
1702 4431 1734 4460 in
1756 4432 1842 4467 Ruhe
1865 4433 1984 4469 lassen."

1141 4462 1217 4494 „Die
1244 4464 1377 4500 Waffen,
1402 4466 1452 4503 sag
1481 4468 1554 4503 ichl"
1580 4470 1726 4500 donnerte
1750 4472 1849 4502 Rucdi
1873 4473 1985 4507 lauter,

1085 4503 1145 4532 und
1166 4503 1214 4532 als
1234 4505 1307 4538 auch
1326 4505 1385 4541 jetzt
1406 4508 1476 4543 noch
1494 4508 1617 4545 Hedwig
1639 4510 1721 4541 keine
1742 4512 1843 4541 Miene
1866 4513 1984 4547 machte,

1086 4541 1122 4577 sie
1142 4542 1383 4579 hcrvorzuholc»,
1404 4545 1483 4583 fetzte
1505 4555 1538 4578 er
1559 4549 1667 4579 trocken
1688 4550 1793 4588 hinzu:
1817 4552 1899 4584 «Der
1920 4552 1984 4582 Va-

1085 4583 1129 4612 ter
1150 4582 1256 4613 kommt
1277 4584 1353 4620 nicht
1372 4585 1452 4622 mehr
1474 4587 1586 4623 heim!"

1139 4622 1222 4657 Frau
1242 4623 1373 4655 Bodmer
1393 4625 1478 4661 schrie
1499 4628 1533 4657 in
1552 4629 1776 4668 Verzweiflung
1795 4632 1865 4668 auf:
1888 4632 1982 4663 „Was

1086 4661 1146 4698 sagt
1166 4662 1248 4698 Ihr?
1278 4664 1345 4694 Der
1364 4665 1457 4697 Vater
1479 4667 1586 4697 kommt
1606 4670 1682 4704 nicht
1703 4672 1784 4706 mehr
1803 4672 1922 4706 heim?"

1138 4702 1201 4732 Der
1217 4702 1353 4739 Offizier
1371 4705 1452 4741 fügte
1471 4707 1600 4742 lästernd
1617 4710 1725 4745 hinzu:
1746 4711 1858 4741 „Wenn
1877 4712 1982 4747 unser¬

1085 4742 1166 4773 einer
1186 4744 1241 4780 auf
1263 4737 1315 4773 der
1337 4744 1452 4782 Straße
1474 4747 1550 4783 nicht
1573 4749 1655 4784 mehr
1677 4749 1758 4785 sicher
1781 4750 1814 4786 ist
1835 4755 1887 4780 vor
1910 4751 1982 4785 ihm,

1084 4782 1116 4818 ist
1136 4786 1167 4812 eS
1187 4777 1253 4818 doch
1271 4784 1375 4820 unsere
1394 4785 1515 4822 Pflicht,
1534 4788 1592 4824 daß
1613 4789 1670 4818 wir
1691 4789 1742 4823 ihn
1763 4790 1795 4819 in
1814 4790 1979 4827 Sicherheit

1083 4822 1215 4858 bringen.
1246 4823 1308 4853 Die
1329 4823 1477 4857 Armatur
1500 4828 1574 4863 muß
1596 4828 1634 4863 ich
1656 4828 1783 4863 haben!"

1139 4863 1227 4895 „WaS
1247 4863 1298 4897 hat
1315 4863 1367 4894 der
1384 4865 1479 4895 Vater
1496 4867 1575 4896 denn
1591 4868 1730 4903 gemacht.
1756 4869 1899 4905 Umsonst,
1918 4878 1978 4900 nur

1083 4903 1111 4939 so
1137 4911 1203 4939 zum
1228 4904 1409 4939 Vergnügen
1437 4908 1485 4937 tut
1508 4914 1543 4936 er
1570 4908 1712 4937 niemand
1738 4910 1856 4938 etwas."

1138 4944 1230 4979 „Mich
1252 4943 1335 4979 selbst
1353 4944 1401 4978 hat
1418 4952 1452 4975 er
1470 4953 1508 4980 zu
1529 4947 1631 4976 Boden
1651 4948 1763 4984 toerfen
1780 4949 1896 4983 wollen,
1914 4950 1977 4980 und

1080 4982 1173 5012 damit
1192 4983 1288 5017 basta!
1318 4983 1372 5018 Ich
1388 4983 1462 5018 habe
1483 4986 1564 5014 keine
1584 4986 1679 5021 Zeit."

1135 5023 1256 5059 Hedwig
1283 5023 1342 5059 sah,
1366 5023 1422 5059 daß
1448 5025 1486 5060 sie
1510 5025 1593 5055 beide
1618 5026 1747 5061 wehrlos
1770 5033 1883 5058 waren.
1916 5030 1977 5059 Sie

1078 5062 1157 5097 holte
1175 5064 1207 5092 in
1226 5063 1280 5092 der
1300 5062 1541 5098 Ncbenkammer,
1560 5069 1627 5095 was
1645 5067 1698 5096 der
1716 5067 1810 5098 Vater
1828 5076 1870 5098 an
1890 5070 1977 5106 Waf-

1080 5102 1126 5137 fcn
1150 5110 1203 5137 zur
1227 5103 1317 5137 Hand
1341 5102 1427 5138 hatte,
1451 5105 1520 5134 eine
1544 5108 1612 5140 gute
1636 5106 1819 5142 Jagdflinte,
1843 5110 1900 5139 mit
1923 5110 1976 5139 der

1078 5149 1109 5170 er
1126 5143 1273 5178 zuweilen
1292 5143 1335 5172 im
1353 5143 1454 5180 Herbst
1473 5145 1560 5180 durch
1577 5145 1624 5175 die
1642 5146 1764 5178 Wälder
1782 5148 1895 5185 streifte
1913 5150 1975 5178 und

1078 5181 1139 5212 kein
1167 5182 1246 5213 Wild
1273 5183 1422 5219 verfehlte,
1457 5185 1515 5214 das
1543 5185 1604 5221 ihm
1633 5186 1665 5215 in
1690 5187 1746 5215 den
1773 5188 1873 5224 Schuß
1901 5189 1975 5219 kam.

1077 5221 1145 5252 Das
1165 5222 1366 5258 Kurzgewehr
1388 5224 1436 5260 lag
1460 5225 1547 5255 dabei
1571 5226 1632 5255 uui>
1656 5226 1707 5255 ein
1729 5227 1975 5264 Unteroffizier»,

1076 5261 1174 5297 dcgen.
1197 5262 1233 5291 W
1246 5264 1274 5293 ie
1294 5263 1362 5292 eine
1382 5264 1534 5300 Amazone
1557 5265 1607 5301 sah
1628 5266 1751 5304 Hedwig
1771 5272 1841 5302 aus,
1864 5269 1914 5298 als
1937 5269 1976 5305 sie

1076 5302 1131 5331 mit
1147 5302 1198 5333 der
1215 5303 1422 5340 Bcwaffnmlg
1440 5306 1524 5340 ihres
1538 5306 1653 5336 Vaters
1671 5307 1704 5337 in
1722 5308 1768 5338 die
1785 5309 1885 5339 Stube
1903 5311 1976 5342 trat,

1076 5341 1111 5377 sie
1137 5342 1201 5372 dem
1226 5343 1388 5378 strammen
1411 5344 1701 5382 Jägcrhauptmann
1727 5348 1887 5387 hinstreckt«
1912 5351 1975 5380 und

1071 5382 1261 5418 kurzerhand.
1277 5384 1376 5416 Laote:
1392 5384 1470 5415 -Sa.
1488 5386 1548 5416 das
1570 5388 1605 5417 i£i
1623 5387 1727 5418 alles."
1851 5413 1909 5419 _

2083 4072 2180 4102 Rucdi
2207 4072 2337 4104 Bodmer
2373 4075 2453 4111 faßte
2489 4075 2529 4111 sie
2564 4075 2648 4111 fester
2674 4076 2724 4104 ins
2750 4076 2833 4110 Auge
2861 4076 2922 4105 und

2030 4110 2160 4148 schcrzte:
2198 4113 2256 4144 „Ei
2280 4114 2330 4144 der
2356 4114 2511 4151 Tausend!
2549 4115 2615 4144 Wie
2649 4115 2749 4152 hübsch
2782 4116 2833 4151 sich
2867 4117 2922 4144 das

2028 4150 2229 4189 Jüngferchen
2253 4154 2422 4184 auSntmmt
2447 4155 2504 4184 mit
2528 4155 2583 4184 den
2609 4155 2731 4192 Waffen
2755 4156 2837 4191 ihres
2859 4156 2921 4185 Va-

2029 4192 2099 4221 terS.
2126 4192 2187 4223 Sie
2208 4193 2301 4228 stehen
2322 4194 2382 4230 ihm
2403 4195 2476 4229 nicht
2497 4195 2574 4224 übel.
2604 4195 2667 4230 Bist
2687 4196 2736 4225 ein
2758 4196 2920 4231 scharman¬

2030 4232 2075 4261 tes
2097 4232 2303 4269 TeufelchenI"
2339 4235 2382 4264 Er
2405 4235 2528 4269 näherte
2554 4235 2605 4270 sich
2628 4235 2673 4270 ihr
2699 4236 2759 4264 und
2784 4236 2857 4271 sucht
2885 4236 2920 4271 sie

2030 4272 2084 4303 mit
2105 4273 2221 4303 allerlei
2244 4273 2364 4310 Gespött
2389 4275 2447 4305 und
2470 4275 2639 4305 Neckereien
2660 4275 2861 4312 hinzuhalten.

2085 4313 2152 4344 »Da
2174 4314 2307 4348 nehmt!"

2085 4353 2169 4384 „Nur
2187 4354 2261 4390 nicht
2280 4354 2308 4391 so
2325 4355 2438 4391 trotzig!
2465 4356 2545 4385 Aber
2563 4358 2596 4385 cö
2616 4355 2683 4391 steht
2703 4356 2748 4391 ihr
2765 4364 2840 4392 ganz
2857 4356 2920 4391 gut,

2029 4392 2084 4423 daS
2107 4394 2273 4431 Stampfen
2300 4395 2354 4424 mit
2380 4396 2436 4425 den
2463 4396 2598 4432 Füßchen
2626 4396 2686 4426 und
2714 4398 2767 4426 das
2793 4397 2920 4432 Hervor-

2030 4432 2129 4469 kehren
2152 4435 2202 4464 der
2223 4434 2354 4465 Krallen.
2382 4436 2493 4472 Kratze,
2516 4436 2611 4471 kratze,
2630 4436 2772 4473 Kätzchen,
2793 4438 2839 4466 tut
2860 4436 2921 4466 mir

2030 4472 2059 4509 so
2076 4474 2184 4510 wohl!"

2082 4514 2131 4544 Da
2157 4515 2263 4551 schmiß
2288 4515 2408 4553 Hedwig
2435 4516 2482 4546 die
2511 4516 2632 4553 Waffen
2660 4517 2714 4553 auf
2741 4517 2795 4546 den
2821 4516 2917 4552 Tisch:

2029 4552 2126 4584 „Oder
2149 4559 2237 4584 ivenn
2261 4556 2321 4591 Ihr
2344 4556 2380 4591 sie
2405 4557 2478 4590 nicht
2504 4557 2594 4589 wollt,
2619 4557 2684 4592 trag
2710 4558 2749 4592 ich
2771 4557 2807 4592 sie
2831 4557 2919 4592 gleich

2028 4593 2133 4623 wieder
2153 4595 2279 4629 zurück."
2309 4596 2367 4626 Sie
2389 4596 2492 4632 schickte
2514 4597 2566 4632 sich
2585 4597 2652 4631 auch
2674 4597 2751 4632 schon
2773 4597 2847 4632 dazu
2867 4604 2919 4625 an.

2026 4631 2122 4662 Ruedi
2148 4634 2278 4665 Bodmer
2305 4636 2379 4672 kniff
2406 4637 2444 4671 sie
2470 4636 2506 4665 in
2532 4637 2587 4665 den
2615 4636 2687 4665 Arm
2716 4637 2775 4666 und
2801 4644 2853 4671 zog
2882 4636 2918 4671 sie

2027 4671 2118 4708 näher
2135 4681 2176 4703 an
2196 4675 2260 4710 sich:
2291 4675 2358 4706 „Da
2376 4676 2493 4711 bleibst!
2524 4676 2735 4712 Trotzköpfchen
2755 4676 2863 4711 spielen
2886 4676 2919 4710 ist

2026 4712 2075 4742 ein
2099 4713 2258 4750 gefährlich
2283 4715 2455 4750 Handiverk.
2492 4716 2554 4750 Hat
2583 4716 2660 4751 schon
2689 4716 2833 4750 manchem
2861 4716 2918 4744 daö

2024 4750 2120 4782 Leben
2134 4754 2265 4789 gekostet.
2292 4755 2360 4784 Wer
2377 4756 2463 4791 weiß.
2480 4756 2564 4785 wie'S
2582 4755 2696 4785 deinem
2714 4755 2806 4785 Vater
2821 4756 2916 4790 geht."

2023 4790 2092 4821 DaS
2112 4793 2191 4828 sagte
2212 4801 2245 4823 er
2264 4793 2319 4823 wie
2339 4794 2419 4829 feine
2439 4795 2607 4824 Neckereien
2628 4795 2657 4830 so
2679 4796 2758 4829 leicht
2780 4795 2916 4830 obenhin.

2024 4830 2139 4862 Gerade
2162 4841 2215 4862 um
2238 4833 2271 4869 so
2291 4834 2482 4870 verletzender
2507 4835 2607 4864 wirkte
2631 4837 2672 4863 cS.
2714 4835 2773 4865 Die
2797 4836 2916 4864 Mutter

2024 4870 2164 4908 ängstigte
2184 4873 2235 4909 sich
2256 4873 2338 4909 schier
2357 4882 2395 4909 zu
2414 4875 2505 4904 Tode.
2535 4875 2593 4904 Eie
2616 4874 2738 4910 kämpfte
2758 4883 2848 4910 gegen
2870 4875 2916 4903 die

2021 4910 2154 4946 Tränen,
2180 4913 2227 4943 die
2254 4913 2302 4948 sich
2325 4913 2388 4949 jetzt
2413 4915 2488 4949 nicht
2516 4915 2597 4949 mehr
2622 4915 2779 4950 bezähmen
2806 4915 2916 4950 ließen.

2022 4950 2082 4981 Die
2099 4959 2184 4981 arme
2205 4952 2289 4988 Frau
2310 4953 2458 4990 schluchzte
2480 4954 2542 4984 und
2563 4954 2686 4990 verbarg
2709 4955 2762 4983 den
2783 4955 2860 4991 Stopf
2884 4955 2916 4984 in

2020 4990 2072 5021 der
2094 4991 2233 5027 Schürze.
2268 4992 2348 5023 „Der
2371 4994 2465 5023 Vater
2492 4994 2598 5022 kommt
2624 4994 2696 5029 nicht
2720 4995 2833 5029 mehr!"

2076 5031 2172 5060 Ruedi
2190 5032 2319 5060 Bodmer
2336 5032 2451 5067 begann
2470 5033 2547 5068 dazu
2566 5033 2616 5063 ein
2633 5033 2767 5070 Liedchen
2785 5042 2821 5069 zu
2840 5035 2916 5070 pfei¬

2022 5070 2081 5105 fen.
2106 5071 2149 5101 Es
2163 5071 2286 5107 behagte
2302 5072 2361 5106 ihm
2376 5073 2409 5108 so
2421 5073 2488 5109 sehr
2505 5073 2552 5102 bei
2565 5073 2634 5103 dem
2649 5075 2798 5110 resoluten
2814 5076 2918 5111 Jung-

2021 5110 2140 5145 ferchen,
2163 5111 2225 5148 daß
2249 5119 2281 5141 er
2307 5112 2387 5141 keine
2412 5113 2482 5148 Lust
2509 5114 2599 5148 hatte,
2625 5115 2726 5144 weiter
2752 5123 2789 5151 zu
2815 5116 2917 5150 gehen,

2021 5150 2090 5185 auch
2112 5156 2199 5181 loenn
2224 5151 2291 5187 noch
2315 5151 2466 5189 Geschäfte
2493 5153 2526 5182 in
2552 5154 2669 5190 Massen
2695 5155 2774 5190 ihrer
2800 5156 2917 5186 Erledi-

2019 5196 2099 5226 gung
2122 5191 2256 5225 harrten.
2288 5191 2424 5222 Ucberall
2448 5193 2542 5230 suchte
2566 5202 2600 5224 er
2624 5196 2841 5232 anzutnüpfcn.
2876 5197 2918 5226 Er

2021 5229 2124 5265 streckte
2142 5231 2198 5261 den
2217 5232 2330 5268 Finger
2350 5232 2381 5263 in
2400 5233 2447 5263 die
2465 5234 2585 5270 Suppe,
2602 5235 2648 5265 die
2667 5236 2746 5272 schon
2764 5244 2840 5272 ganz
2859 5237 2920 5266 kalt

2020 5271 2076 5307 auf
2100 5271 2165 5301 dem
2191 5271 2290 5308 Tische
2315 5272 2399 5307 stand
2425 5275 2489 5304 und
2518 5275 2619 5310 kostete
2644 5277 2700 5306 mit
2726 5277 2776 5307 der
2804 5277 2920 5313 Zunge.

2019 5309 2113 5340 Dann
2134 5312 2225 5347 lachte
2245 5320 2277 5342 er
2298 5313 2358 5344 und
2378 5315 2477 5351 foppte
2497 5315 2617 5345 weiter:

2077 5351 2141 5385 „Ei,
2175 5352 2220 5382 eil
2256 5352 2433 5389 Versalzen!
2469 5355 2627 5384 Verliebt?
2666 5357 2737 5387 Wer
2771 5365 2834 5387 nur
2868 5358 2920 5387 der

2020 5390 2175 5421 Glücktube
2191 5392 2261 5422 iein
2273 5394 2384 5424 man?"
2412 5395 2458 5425 Er
2475 5396 2541 5423 trat
2555 5397 2614 5425 auf
2630 5396 2669 5428 sie
2684 5406 2724 5427 au
2743 5398 2805 5427 und
2819 5398 2930 5429 wollte.

2966 4075 3002 4113 sie
3026 4075 3076 4106 keck
3100 4075 3161 4105 und
3186 4075 3315 4112 herzhaft
3340 4076 3396 4105 mit
3420 4075 3521 4111 seinen
3547 4074 3720 4109 stämmigen
3744 4074 3859 4103 Armen

2967 4117 3138 4152 umfangen.
3170 4115 3292 4151 Hedwig
3313 4116 3429 4145 tvandte
3452 4116 3502 4150 sich
3524 4115 3581 4144 voll
3604 4115 3789 4149 Entrüstung
3811 4113 3859 4147 ab,

2963 4156 3037 4192 griff
3058 4156 3126 4189 nach
3147 4156 3212 4185 dem
3232 4155 3336 4191 Degen
3357 4156 3417 4185 und
3437 4156 3547 4190 drohte.

3020 4196 3145 4230 „Schlag
3171 4195 3241 4230 zu!"
3250 4193 3497 4225 'kommandierte
3525 4195 3655 4230 höhnisch
3679 4195 3728 4224 der
3753 4194 3859 4229 Jäger.

3017 4236 3076 4265 Die
3102 4236 3221 4265 Mutter
3247 4236 3354 4270 schaute
3379 4237 3432 4272 auf
3457 4236 3519 4265 und
3546 4236 3654 4271 sprang
3678 4235 3860 4270 dazwischen.

2964 4275 3021 4306 Sie
3047 4276 3156 4305 kannte
3182 4276 3303 4312 Hedwig
3330 4277 3390 4306 und
3417 4276 3527 4311 wußte,
3554 4276 3593 4309 sie
3620 4275 3720 4304 würde
3747 4275 3795 4310 sich
3821 4282 3859 4309 zu

2964 4316 3058 4345 einem
3081 4315 3301 4351 wohlgeziclten
3323 4316 3398 4351 Hieb
3420 4316 3493 4350 nicht
3517 4316 3606 4349 lange
3627 4316 3773 4350 besinne,:.

3020 4356 3112 4386 „llmS
3132 4356 3394 4391 HimmclSwillcn,
3412 4356 3503 4389 Kind,
3523 4356 3655 4390 Hedwig,
3675 4358 3737 4384 was
3759 4353 3858 4388 machst

2964 4395 3041 4425 du?"

3019 4437 3115 4466 Ruedi
3140 4436 3339 4471 wiederholte:
3364 4436 3488 4471 „Schlag
3512 4435 3564 4469 zu!
3589 4434 3671 4464 War'
3694 4434 3756 4467 doch
3776 4433 3856 4467 allzu

2963 4479 3033 4507 nett,
3053 4477 3082 4512 so
3101 4478 3152 4506 ein
3171 4476 3278 4505 wilde»
3296 4476 3444 4509 Täubchen
3463 4475 3508 4504 im
3527 4474 3629 4508 Käfig.
3658 4472 3855 4506 Wahrhaftig,

2963 4516 3025 4546 dein
3044 4516 3144 4551 zulicb
3164 4516 3257 4544 würd'
3278 4516 3316 4550 ich
3334 4516 3404 4549 mich
3421 4515 3465 4543 bei
3486 4515 3541 4542 den
3562 4513 3680 4548 Jägern
3699 4513 3855 4541 abmelden

2963 4557 3022 4585 und
3046 4556 3151 4591 schrieb
3177 4555 3249 4588 mich
3271 4555 3314 4584 bei
3339 4556 3392 4585 den
3417 4554 3571 4589 Profoßcn
3596 4553 3672 4582 ein."
3707 4553 3758 4581 Da
3783 4552 3855 4586 hielt

2964 4603 2995 4625 er
3015 4596 3095 4625 inne.
3126 4594 3206 4624 Sein
3227 4595 3309 4629 Auge
3331 4595 3475 4628 leuchtete.
3505 4593 3567 4622 Die
3587 4592 3663 4628 Idee
3685 4598 3747 4621 war
3768 4592 3854 4627 glän¬

2962 4636 3044 4671 zend:
3070 4635 3169 4670 „Muß
3192 4635 3256 4669 noch
3278 4634 3400 4664 melden.
3430 4634 3511 4669 Heut
3533 4633 3639 4661 kommt
3663 4632 3855 4667 Einquartie-

2962 4676 3064 4711 rung."

3016 4714 3326 4750 „Einquarticruirg!"
3348 4714 3506 4749 jammerte
3527 4712 3574 4742 die
3594 4712 3858 4747 Säckelmcisterin.

3016 4755 3112 4783 Ruedi
3136 4755 3264 4783 Bodmer
3286 4754 3471 4788 verscheuchte
3495 4753 3551 4783 mit
3576 4752 3687 4789 seinem
3711 4752 3858 4788 entschlos¬

2961 4794 3045 4830 senen
3067 4794 3189 4828 Lächeln
3210 4794 3292 4829 jeden
3313 4794 3446 4829 Zweifel.

3015 4834 3092 4870 „Ihr
3112 4834 3219 4863 kommt
3238 4834 3300 4868 also
3317 4842 3353 4869 zu
3374 4834 3473 4863 uns?"
3495 4834 3594 4870 fragte
3612 4834 3658 4863 die
3678 4833 3804 4863 Mutter.

3017 4875 3131 4905 „Wenn
3154 4874 3215 4909 Ihr
3237 4873 3328 4909 nichts
3350 4875 3480 4910 dagegen
3502 4874 3584 4909 habt,
3606 4874 3667 4904 und
3691 4881 3776 4903 wenn
3799 4873 3859 4908 Ihr

2960 4916 3051 4944 etwas
3074 4915 3204 4950 dagegen
3226 4914 3304 4949 habt,
3324 4915 3354 4951 so
3373 4930 3411 4936 —
3430 4915 3473 4950 ja,
3495 4915 3525 4950 so
3548 4915 3640 4944 komm
3665 4915 3701 4945 ick,
3721 4914 3783 4948 halt
3805 4913 3859 4943 erst

2960 4951 3039 4988 recht.
3069 4955 3141 4984 DaS
3165 4955 3199 4989 ist
3218 4955 3442 4990 Kriegsbrauch.
3474 4955 3560 4984 Wird
3581 4955 3646 4984 kein
3669 4953 3859 4990 Federlesen-

2960 4995 3095 5030 gemacht.
3129 4995 3210 5029 Geht
3235 4995 3280 5024 die
3303 4996 3386 5025 Türe
3409 4995 3485 5029 nicht
3511 4995 3576 5031 auf,
3600 4995 3676 5024 wird
3702 4995 3736 5028 sie
3762 4994 3858 5027 einge¬

2962 5035 3100 5071 schlagen.
3132 5035 3211 5066 Seid
3233 5035 3294 5071 Ihr
3316 5037 3393 5066 denn
3414 5036 3489 5070 nicht
3512 5034 3706 5071 zufrieden?"

3014 5075 3067 5105 Da
3088 5076 3193 5105 wurde
3214 5076 3285 5112 auch
3303 5076 3425 5112 Hedwig
3445 5076 3526 5111 bang
3547 5082 3584 5109 zu
3607 5074 3688 5103 Mut.
3716 5073 3780 5101 Der
3800 5072 3860 5105 Of.

2962 5116 3047 5153 fizier
3073 5116 3166 5146 rückte
3191 5116 3237 5151 ihr
3261 5124 3298 5152 zu
3322 5118 3406 5151 nahe.
3440 5116 3501 5145 Die
3526 5115 3730 5149 KricgSsitlen,
3756 5112 3802 5141 d:e
3826 5118 3859 5140 ec

2963 5156 2995 5186 in
3021 5156 3077 5186 den
3107 5156 3242 5194 fremden
3269 5157 3411 5192 Diensten
3438 5156 3549 5185 kennen
3578 5155 3647 5183 und'
3669 5153 3783 5188 schätzen
3810 5158 3858 5185 ge-

2964 5197 3051 5230 lernt,
3077 5198 3190 5234 paßten
3216 5197 3263 5229 ihr
3289 5198 3371 5232 nicht,
3397 5204 3472 5231 ganz
3500 5195 3561 5224 und
3588 5201 3641 5229 gar
3670 5193 3750 5226 nicht.
3785 5192 3858 5220 Nun

2964 5242 3064 5267 waren
3084 5238 3132 5267 die
3152 5237 3319 5273 Aussichten
3340 5237 3440 5266 trüber
3460 5236 3510 5264 als
3528 5234 3566 5269 je.
3594 5233 3687 5263 Kein:
3707 5231 3858 5267 glückliche,

2965 5277 3062 5314 sichere
3082 5277 3217 5309 Minute,
3236 5276 3315 5311 jeder
3333 5277 3416 5306 Tritt
3435 5275 3580 5305 belauert,
3599 5274 3680 5308 jedes
3701 5272 3784 5301 Wort
3804 5271 3859 5307 auf

2964 5318 3009 5348 die
3032 5317 3182 5354 ungleiche
3207 5317 3297 5352 Wage
3321 5318 3372 5346 des
3395 5315 3524 5351 Feindes
3548 5314 3653 5349 gelegt,
3678 5313 3756 5347 jeder
3780 5312 3859 5340 New

2965 5358 3186 5390 unterbunden,
3208 5357 3288 5392 jeder
3309 5358 3450 5391 Atemzug
3473 5354 3608 5388 vergällt.
3640 5353 3715 5382 Was
3738 5352 3789 5388 für
3811 5351 3861 5380 ein

2948 5423 2952 5427 .
2964 5398 3140 5429 intauüdk»
3163 5397 3250 5429 Wort
3269 5397 3351 5427 batte
3370 5397 3422 5427 der
3443 5395 3580 5432 Offizier
3600 5394 3633 5431 so
3656 5393 3769 5423 einmal
3792 5391 3863 5423 rwt.
