4038 5551
264 195 380 238 1544
413 196 549 244 Erstes
577 195 855 243 Miltagblatt.

1526 196 1584 244 Der
1601 194 1724 244 ZSrchrr
1748 193 1880 243 |tibn|
1903 197 1975 238 144.
1996 193 2166 242 Zahrglwg.

2808 190 2991 240 Freitag,
3022 187 3065 228 S.
3096 187 3320 230 November
3350 186 3483 229 1928.

339 687 690 722 Nbonnementspreiser

152 749 238 777 Zürich
247 748 284 772 bei
292 748 524 772 dtrAdmInUIratlon
533 749 587 771 oder
595 748 686 773 Ablage
694 744 802 771 abgeboll
819 744 858 771 Fr.
866 745 912 766 2M

248 778 313 805 durch
322 778 358 801 die
366 779 495 806 Austrägcr
507 779 548 801 in»
558 779 624 805 tzaul
637 775 912 804 gebracht-.3.30

153 819 261 845 «chwetz
273 818 397 844 Bestellung
412 819 470 841 beim
483 817 623 844 Postbureau
654 815 847 839 ----
867 815 912 834 SM

249 849 290 871 mit
302 849 380 875 Bezug
393 850 458 872 unter
471 846 637 874 Privatadresse
651 844 807 870 (Streifband)
837 858 848 869 »
867 844 914 865 l-

260 889 281 913 b.
293 887 334 910 mit
347 889 424 914 Bezug
437 889 503 910 unter
516 884 682 911 Prtoatadreffe
691 882 808 908 (Streifb.)
836 883 849 909 ,
867 882 914 905 ISO

1395 665 1484 741 UDO
1517 663 1878 747 WlOMiM
1905 661 2218 745 OODfleßÜKQff

1512 756 1712 784 Sa»e«stra»«
1721 755 1763 781 lt.
1775 755 1833 778 Sei.
1842 755 1909 781 Hott.
1917 754 2009 782 7100,
2022 754 2135 781 Brieffach
2150 754 2328 781 tzauptbahuhof

1602 797 1619 808 „
1721 781 1765 808 11,
1801 795 1817 807 „
1869 795 1886 806 „
1921 780 2002 802 6100

1601 822 1619 835 „
1722 807 1764 834 11.
1799 821 1817 833 „
1868 820 1886 832 ..
1919 806 2012 832 44*8,
2027 805 2370 832 B,frfche4.«to.VUI/8144

942 844 1001 865 ILM
1043 843 1101 865 22JS0
1240 837 1466 859 »»»»»,ftrano»,
1508 833 1763 860 »»««terftratze»,
1798 846 1816 859 „
1867 845 1885 858 „
1918 831 2357 858 «OOO.VlU/845

1044 882 1103 891 _
1146 881 1171 890 „
1241 861 1496 886 «unonceu-Abtfg.«
1604 874 1621 885 „
1734 858 2012 885 8.«084,
2089 872 2105 882 „
2184 872 2199 883 „
2224 856 2369 879 VUI/1204

1044 882 1103 904 »JO
1146 882 1203 902 68.—
1242 885 1501 910 nnneiunu^Uiaiet
1515 884 1699 912 Bahuholftr.
1708 883 1761 910 04,
1771 884 1828 907 Sei.
1838 884 1913 906 «ela.
1920 882 2003 905 »74«

2405 666 2453 690 Sei
2466 666 2511 689 den
2521 664 2685 692 Sefttatcni
2701 665 2759 687 kau»
2771 664 2893 688 abonniert
2903 664 3004 688 werden:
3018 664 3048 688 in
3057 664 3165 691 Belgien,
3176 663 3334 689 Deutschland.
3343 658 3351 696 (

2407 702 2547 728 Frankreich.
2563 700 2663 728 Italien,
2676 698 2813 725 Oesterreich,
2823 700 2927 726 Ungar».
2941 699 3151 726 Tschechoslowakei,
3168 698 3333 725 Jugoslawien.

2407 736 2657 762 AumLnlen.tzolland,
2661 734 2794 758 Dänemark,
2800 733 3331 760 Schw«den,Aorweg«nusw.Diepostamllichcn

2408 769 2652 795 AbonnementSpreise
2661 769 2750 791 werde»
2758 771 2804 791 von
2813 769 2856 792 den
2865 769 3085 795 Postverwaltungen
3096 769 3136 791 der
3144 768 3314 793 vorgenannten
3324 765 3410 788 Länder
3418 764 3533 790 festgesetzt.

2409 805 2455 827 Di«
2464 805 2550 830 Preise,
2559 804 2596 827 die
2609 804 2649 827 aus
2663 803 2705 825 de»
2714 802 2959 832 Amrechuuugskvrscn
2968 803 3072 828 basieren,
3081 803 3127 827 sind
3137 802 3173 824 bei
3182 802 3225 823 den
3234 800 3375 825 Postämter»
3383 804 3412 825 zu
3425 799 3534 825 erfragen.

2409 840 2609 874 InfertionS»
2642 842 2685 864 Sie
2693 841 2825 867 einspaltige
2833 842 2969 868 Srundzeile
2979 843 3005 863 60
3010 843 3063 867 «p.,
3073 842 3142 864 lokal-
3154 839 3440 866 Seschäftgempfehlungen
3450 839 3477 859 sa
3484 839 3535 864 Ap.,

2454 875 2565 908 preise;
2640 876 2758 903 Anzeigen
2766 876 2937 903 ausländischen
2944 877 3073 903 Ursprungs
3082 878 3107 898 75
3113 878 3164 902 AP..
3172 876 3291 897 Reklamen
3304 878 3344 900 per
3357 873 3420 899 Zeile
3432 873 3536 898 Fr.S.3».

147 996 559 1067 Kitlee-Vutsch
589 994 649 1056 in
671 993 969 1063 München.

207 1083 382 1121 Berlin,
405 1084 433 1114 9.
457 1083 535 1114 Nov.
562 1093 600 1117 ag
624 1079 692 1111 Aus
717 1079 865 1117 München
890 1078 969 1110 wird

151 1132 306 1166 gemeldet:
342 1131 401 1162 Als
427 1135 475 1159 am
501 1126 798 1164 Donnerstagabend
824 1126 968 1158 General-

151 1177 407 1215 staatSkommissär
452 1181 512 1206 von
560 1175 643 1211 Kahr
692 1173 734 1204 im
780 1174 968 1205 Löwenbräu

153 1225 257 1265 sprach,
281 1226 416 1262 drangen
442 1221 622 1261 Hiilcrleute
648 1223 680 1252 in
706 1221 765 1251 das
792 1220 880 1253 Lola!
907 1221 969 1251 und

152 1274 304 1310 erklärten»
320 1272 379 1309 daß
396 1269 445 1301 die
462 1267 617 1306 bisherige
632 1267 780 1305 bayrische
796 1267 969 1306 Regierung

153 1320 287 1359 beseitigt
310 1319 432 1350 worden
458 1315 507 1355 sei.
540 1316 588 1347 Es
611 1315 651 1353 sei
675 1314 741 1347 eine
765 1321 839 1346 neue
862 1315 969 1351 Regie¬

152 1374 228 1407 rung
249 1365 307 1398 aus
328 1362 620 1400 Ludendorfs,
641 1367 702 1393 von
722 1361 887 1399 Lossow
908 1361 970 1392 und

152 1415 321 1453 Pöhncr
345 1409 475 1449 gebildet
498 1410 632 1441 worden.

330 1466 404 1502 Die
427 1464 800 1509 Putsch-Regierung.

206 1524 324 1560 Berlin,
357 1523 385 1553 9.
410 1522 488 1553 Nov.
522 1529 562 1559 ag
594 1520 655 1552 Der
681 1519 839 1557 „Berliner
872 1518 974 1550 Lokal¬

151 1562 305 1602 anzeiger"
330 1561 438 1592 meldet
463 1566 499 1599 zu
525 1561 581 1591 den
607 1559 794 1596 Vorgängen
824 1559 855 1590 in
880 1559 974 1589 Mün¬

151 1604 225 1640 chen,
255 1600 313 1638 daß
344 1599 418 1638 zwei
447 1597 644 1636 verschiedene
670 1597 895 1635 Ministerlisten
926 1597 973 1632 bk-

152 1641 227 1672 reiis
250 1639 440 1677 ausgegeden
459 1639 583 1668 worden
601 1637 674 1675 sind,
693 1636 742 1667 die
762 1636 827 1668 eine
846 1635 895 1674 füc
915 1636 974 1666 das

150 1679 248 1716 Reich,
265 1679 311 1709 die
328 1678 437 1708 andere
456 1677 503 1715 filr
520 1676 654 1713 Bayern.
682 1674 739 1706 Die
758 1675 831 1714 Liste
849 1674 897 1714 sür
916 1674 974 1705 das

151 1718 267 1755 Reich
294 1716 410 1754 enthält
436 1715 574 1754 folgende
604 1714 735 1746 Namen:
763 1713 835 1746 Bon
862 1713 974 1750 Kahr

151 1755 424 1792 Landesverweser,
466 1754 492 1790 P
505 1754 522 1783 ü
535 1754 552 1790 h
565 1760 584 1783 n
596 1759 610 1784 e
622 1760 635 1783 r
677 1750 975 1791 Ministerpräsident,

151 1793 423 1831 Ludendorff
467 1792 583 1830 Führer
610 1792 660 1823 der
686 1791 836 1829 deutschen
859 1790 975 1826 Armee,

152 1834 213 1866 von
237 1833 403 1871 Lossow
447 1829 782 1868 Reichswehrministcr,
827 1828 976 1867 Hitler

152 1873 249 1905 Leiter
272 1873 321 1904 der
342 1871 492 1909 deutschen
511 1869 635 1907 Politik.

210 1911 267 1943 Die
289 1910 363 1948 Liste
389 1909 437 1947 für
460 1909 634 1945 Bayern
677 1907 747 1951 steht
791 1909 860 1938 vor:
904 1905 976 1937 Don

154 1952 264 1989 Kahr
299 1948 428 1988 zugleich
457 1945 747 1985 Ministerpräsident
779 1944 811 1976 in
841 1945 976 1981 Bayern,

152 1991 181 2027 P
192 1990 210 2020 ö
222 1990 240 2027 h
252 1996 271 2020 n
283 1995 297 2020 e
309 1995 323 2018 r
341 1987 470 2025 zugleich
487 1985 626 2023 Minister
646 1986 699 2016 des
717 1983 852 2022 Innern,
870 1983 977 2016 Sal¬

153 2034 229 2065 zer,
253 2027 356 2064 bisher
381 2025 606 2058 Kommandant
631 2024 681 2055 der
707 2022 876 2061 bayrischen
900 2022 978 2054 Lan-

153 2066 327 2104 despolizei,
348 2064 495 2102 nunmehr
519 2061 782 2101 Polizeimlnister.

316 2128 378 2159 Der
401 2127 558 2165 Ausbruch
581 2128 637 2158 des
660 2125 813 2164 Putschcö.

214 2184 370 2223 München,
390 2187 418 2216 9.
436 2184 515 2216 Nov.
555 2193 596 2221 ag
616 2182 747 2221 (Wolfs.)
790 2181 848 2219 Jin
866 2181 975 2214 Bür-

157 2225 488 2264 gerbräukeller
513 2224 585 2261 fand
608 2230 656 2254 am
679 2222 976 2259 Donnerstagabend

157 2266 222 2298 eine
243 2264 475 2297 nationale
510 2263 806 2301 Kundgebung
829 2262 905 2299 statt,
929 2260 976 2291 bet

159 2307 208 2337 der
236 2303 627 2342 Gcneralstaatskommisjar
658 2302 717 2333 von
747 2302 858 2339 Kahr
887 2301 976 2332 nnter

157 2345 379 2383 wiederholtem
420 2342 531 2382 Beifall
572 2342 621 2373 ein
664 2339 806 2379 Manifest
846 2347 887 2372 an
929 2340 976 2371 die

159 2385 287 2422 deutsche
307 2383 424 2415 Nation
443 2382 556 2416 verlas,
574 2382 608 2413 in
629 2382 694 2413 dem
714 2387 745 2412 er
765 2380 816 2419 sich
836 2379 893 2412 mit
911 2379 978 2410 dem

158 2423 351 2463 Marxismus
377 2422 488 2461 befaßt.
533 2421 706 2467 Besonders
732 2420 802 2457 stark
828 2421 978 2451 vertreten

159 2469 262 2495 waren
280 2463 311 2495 in
331 2463 381 2494 der
396 2462 459 2501 sehr
478 2453 623 2500 zahlreich
641 2459 791 2499 besuchten
808 2458 977 2498 Bersamm«

161 2504 234 2541 l,mg
264 2503 310 2534 die
337 2501 513 2539 Mitglieder
543 2502 593 2532 der
622 2499 875 2538 vaterländischen
903 2498 979 2530 Ver¬

160 2543 262 2574 bände.
304 2541 374 2573 Bon
415 2543 463 2572 der
505 2539 675 2577 bayrischen
699 2537 977 2577 Staatsregierung

158 2586 261 2614 waren
284 2581 331 2614 die
354 2580 492 2619 Minister
514 2578 570 2611 Dr.
593 2579 761 2616 Schweyer,
783 2577 978 2617 Wutzclhofer

160 2623 220 2654 und
243 2622 297 2654 Dr.
323 2621 478 2652 ttranlneck
511 2619 676 2657 anwesend.
721 2617 979 2655 Kommerzienrat

159 2662 244 2701 Zeutz
260 2661 358 2700 sprach
374 2661 407 2692 in
423 2661 472 2692 der
490 2658 768 2697 Begrüßungsrede
785 2658 841 2689 den
856 2656 979 2694 Wunsch

160 2705 228 2738 aus,
252 2700 310 2739 daß
334 2700 384 2731 der
407 2696 800 2737 Generalstaatskommissar
824 2697 875 2728 der
898 2695 979 2733 Füh¬

160 2747 206 2771 rer
231 2740 293 2779 sein
317 2738 402 2776 möge
428 2739 460 2769 in
484 2737 579 2769 einem
604 2737 725 2775 bessern,
748 2735 979 2773 schwarz-weiß«

160 2781 246 2810 roten
268 2777 475 2820 Deutschland.

216 2818 288 2850 Bon
309 2816 443 2855 privater
466 2815 554 2848 Seite
578 2815 676 2854 erhält
700 2815 756 2846 das
780 2814 980 2853 Süddeutsche

160 2855 519 2896 Korrespondenzbureau
563 2854 634 2886 über
675 2854 720 2886 die
743 2854 907 2893 Vorgänge
939 2853 980 2885 im

161 2894 441 2935 Bürgerbräukellcr
481 2893 640 2933 folgenden
659 2893 792 2932 Bericht:
834 2893 980 2930 Nachdem

162 2939 210 2968 der
251 2933 641 2973 Generalstaatskommissar
680 2935 740 2964 von
780 2932 863 2970 Kahr
901 2930 979 2970 seine

161 2976 241 3008 Rede
263 2975 386 3007 beendet
405 2973 496 3012 hatte,
519 2971 616 3010 drang
655 2970 805 3010 Hitler
844 2970 900 3002 mit
922 2971 980 3002 600

162 3015 198 3047 M
210 3023 227 3046 a
238 3022 258 3047 n
269 3022 290 3047 n
310 3014 342 3045 in
362 3014 417 3045 den
437 3012 518 3045 Saal
537 3012 595 3043 ein.
638 3011 678 3043 Er
700 3010 833 3047 erklärte,
853 3009 911 3047 daß
932 3009 980 3041 die

164 3054 260 3094 jetzige
280 3052 454 3091 Regierung
476 3050 612 3090 beseitigt
632 3050 683 3089 sei.
723 3048 800 3082 Eine
819 3055 894 3081 neue
916 3048 980 3080 Lei¬

163 3096 237 3133 tung
280 3093 320 3133 sei
365 3092 476 3123 bereits
523 3089 719 3128 ausgetaucht.
763 3088 893 3120 General
920 3090 980 3119 von

161 3131 432 3170 Ludendorsf
455 3130 493 3170 sei
517 3127 859 3167 Landesbcfehlshaber,
881 3126 979 3164 Hitler

163 3173 329 3210 politischer
350 3170 487 3208 Berater,
504 3170 554 3202 der
574 3169 692 3208 frühere
711 3167 875 3206 Münchner
894 3166 980 3204 Poli-

163 3213 355 3252 zeipräfldent
377 3210 498 3248 Pöhncr
519 3207 782 3246 Landesverweser
804 3208 865 3239 und
886 3206 981 3238 Gene¬

165 3253 212 3285 ral
237 3250 297 3284 von
319 3250 485 3289 Lossow
510 3247 764 3286 Heeresminister.

221 3291 301 3328 Nach
317 3290 414 3329 diesen
429 3288 649 3326 Mitteilungen
666 3287 768 3319 wurde
784 3287 834 3318 der
849 3285 983 3323 Bürger-

165 3331 326 3363 bränkeller
341 3333 401 3361 von
417 3331 472 3361 den
488 3328 717 3366 Hitlertrrchpen
731 3327 764 3358 in
780 3326 899 3358 weitem
915 3326 983 3357 Um¬

165 3372 237 3410 fang
262 3370 441 3410 abgcsperrt.
483 3368 531 3407 Zn
554 3366 797 3406 Zwischenfällen
821 3366 854 3404 ist
876 3369 909 3397 es
933 3364 984 3396 bis

169 3412 203 3443 l0
225 3411 285 3450 Uhr
308 3410 423 3441 abends
447 3407 524 3446 nicht
548 3407 723 3446 gekommen.
765 3405 887 3445 Zurzeit
912 3404 985 3443 sam¬

166 3451 244 3483 meln
287 3449 337 3488 sich
382 3449 427 3481 die
463 3447 681 3485 Kampftrupps
723 3445 880 3477 Oberland
924 3443 985 3475 und

165 3490 375 3528 Reichsflagge
410 3488 442 3519 in
470 3489 525 3519 den
553 3479 772 3525 verschiedenen
798 3483 986 3517 Stadtteilen

167 3531 227 3562 und
250 3530 375 3568 besetzen
398 3528 445 3560 die
465 3526 575 3567 Plätze.

226 3570 318 3601 Einer
342 3567 460 3607 später,,
483 3566 631 3603 Meldung
655 3565 774 3604 zufolge
795 3565 856 3602 sind
882 3563 913 3595 in
937 3564 987 3595 der

168 3610 334 3642 Redaktion
353 3609 402 3641 der
420 3606 601 3643 „Münchner
619 3604 762 3641 Neuesten
778 3602 985 3643 Nachrichten*

168 3649 312 3688 Offiziere
336 3648 385 3680 der
407 3647 636 3685 Hitlertruppen
659 3644 832 3683 erschienen.

223 3687 393 3725 Frankfurt,
418 3687 446 3718 9.
471 3685 549 3718 Nov.
577 3684 754 3722 (Privattel.
779 3683 903 3721 unseres
930 3687 987 3720 kg.-

166 3725 269 3763 Korr.)
304 3725 372 3759 Aus
394 3724 542 3763 München
566 3723 645 3755 wirb
668 3721 820 3759 berichtet:
855 3720 913 3754 Bei
938 3721 989 3752 der

168 3764 398 3803 Versammlung
439 3763 481 3796 im
518 3760 811 3801 Bttrgerbräukeller.
851 3759 899 3792 die
938 3758 989 3790 als

170 3801 375 3840 Kundgebung
413 3803 462 3840 für
501 3802 558 3834 den
597 3797 990 3837 Generalstaaiskommisiär

170 3842 285 3881 gedacht
315 3842 388 3877 war,
418 3840 470 3879 hat
497 3839 547 3872 die
576 3838 758 3879 Ausrufung
787 3837 839 3869 der
868 3835 990 3871 Reichs¬

1008 965 1168 1004 regierung
1198 964 1424 1002 stattgefunden.
1462 964 1575 995 Mtten
1606 964 1639 995 in
1665 964 1717 994 der
1745 962 1828 994 Rede

1008 1003 1110 1041 Kahrs
1155 1003 1291 1041 entstand
1338 1002 1467 1040 Unruhe.
1506 1001 1550 1034 Es
1599 1001 1713 1033 ertönte
1763 1000 1828 1031 eine

1006 1041 1149 1077 Stimme,
1168 1041 1216 1073 die
1238 1040 1325 1078 Ruhe
1347 1041 1444 1079 gebot.
1476 1040 1521 1071 Es
1544 1040 1597 1079 fiel
1616 1040 1668 1072 «in
1690 1040 1720 1077 P
1731 1039 1743 1071 i
1753 1039 1775 1078 st
1787 1046 1805 1069 o
1815 1050 1828 1064 -

1009 1082 1078 1112 len
1091 1080 1204 1118 schuß
1231 1079 1293 1111 und
1320 1082 1407 1111 unter
1431 1079 1482 1111 der
1508 1079 1666 1117 Drohung,
1692 1078 1752 1115 daß
1778 1079 1829 1109 der

1008 1119 1089 1152 Saal
1110 1119 1164 1151 mit
1185 1119 1242 1151 600
1263 1118 1362 1149 Mann
1382 1118 1480 1157 besetzt
1500 1117 1538 1156 sei
1559 1120 1621 1149 und
1642 1117 1828 1155 Maschinen-

1009 1156 1141 1197 geivehre
1160 1157 1255 1190 bereit
1274 1156 1379 1194 stehen,
1399 1157 1500 1187 wurde
1520 1163 1572 1193 zur
1592 1155 1722 1193 völligen
1740 1153 1828 1191 Ruhe

1009 1197 1221 1235 oufgefordert.

1066 1237 1159 1266 Dann
1186 1233 1315 1272 erschien
1345 1232 1491 1271 Hitler
1520 1234 1584 1263 und
1614 1231 1738 1263 erklärte
1770 1232 1829 1262 das

1008 1273 1247 1313 Reichskabinett
1277 1273 1339 1303 und
1380 1271 1427 1303 die
1467 1271 1612 1308 bayrische
1653 1269 1829 1307 Regierung

1008 1313 1057 1351 für
1084 1312 1230 1351 abgesetzt.
1265 1310 1330 1347 Bor
1358 1309 1455 1347 fünf
1478 1308 1651 1348 Jahren
1676 1308 1716 1347 sei
1743 1300 1830 1345 durch

1009 1352 1055 1384 die
1075 1348 1350 1383 Revolution
1370 1349 1427 1380 das
1447 1346 1579 1379 Elend
1600 1347 1672 1379 über
1694 1346 1829 1385 Deutsch¬

1009 1390 1081 1421 land
1103 1389 1279 1427 gekommen.
1311 1387 1386 1419 Dem
1407 1385 1536 1423 müsse
1558 1386 1626 1417 ein
1647 1385 1762 1418 Ende
1783 1391 1829 1424 ge-

1009 1429 1102 1466 macht
1129 1428 1259 1459 werden.
1298 1425 1356 1458 Tie
1383 1430 1458 1457 neue
1484 1418 1755 1463 ÄeichsregiSrnng
1783 1424 1831 1454 be¬

1009 1466 1082 1504 stehe
1107 1470 1165 1497 ans
1188 1464 1383 1503 Ludendorff,
1404 1462 1502 1500 Hitler
1526 1465 1587 1494 und
1611 1462 1734 1501 Lossow.
1767 1461 1831 1499 Für

1009 1505 1133 1542 Bayern
1157 1504 1198 1542 sei
1223 1504 1320 1542 ferner
1347 1502 1524 1540 vorgesehen
1549 1506 1608 1533 von
1636 1501 1727 1539 Kahr,
1754 1500 1831 1533 Lan¬

1011 1541 1310 1581 despolizeiministet
1346 1543 1395 1573 der
1426 1541 1648 1573 Kommandant
1675 1540 1725 1571 der
1752 1539 1831 1572 Lan-

1011 1582 1175 1620 despolhvi
1205 1580 1324 1618 Weiser.
1354 1579 1409 1611 Die
1440 1578 1632 1616 anwesenden
1660 1581 1720 1608 von
1748 1577 1831 1614 Kahr

1011 1621 1074 1653 und
1101 1618 1238 1658 Lo,,/ow
1266 1619 1391 1650 wurden
1420 1616 1633 1654 aufgefoidert,
1662 1616 1728 1648 ihre
1757 1615 1832 1646 Ent¬

1013 1659 1166 1698 scheidung
1184 1666 1221 1695 zu
1238 1657 1356 1695 treffen.

1069 1698 1148 1734 Nach
1174 1697 1289 1735 einiger
1317 1695 1386 1733 Zeit
1409 1693 1535 1732 erschien
1561 1690 1833 1730 Ludendorsf

1011 1737 1066 1768 mit
1080 1736 1175 1774 Jubel
1189 1733 1315 1773 begrüßt
1344 1734 1405 1765 und
1419 1732 1537 1776 hierauf
1565 1730 1707 1763 erklärten
1721 1732 1745 1763 K
1758 1738 1776 1761 a
1788 1729 1806 1769 h
1818 1735 1832 1760 r

1012 1775 1075 1807 und
1093 1774 1279 1812 Lossow,
1296 1772 1357 1808 daß
1375 1772 1412 1811 sie
1431 1771 1488 1802 das
1508 1772 1577 1802 Amt
1595 1770 1832 1806 annehmen

1012 1815 1076 1845 und
1104 1813 1156 1851 sich
1185 1811 1272 1843 dabei
1315 1811 1396 1848 ihrer
1422 1808 1682 1845 Deraittwortimg
1710 1806 1834 1844 bewußt

1013 1852 1101 1890 seien.

1072 1890 1132 1922 Der
1170 1887 1316 1925 ebenfalls
1355 1887 1387 1919 in
1425 1887 1474 1918 der
1511 1885 1742 1922 Berscwmilung
1782 1890 1834 1913 an¬

1014 1928 1145 1967 wesende
1163 1926 1451 1965 Ministerpräsident
1467 1927 1525 1955 von
1544 1924 1567 1955 K
1579 1930 1599 1953 n
1610 1923 1622 1954 i
1634 1922 1645 1954 l
1657 1923 1668 1953 l
1679 1929 1691 1953 r
1701 1929 1723 1952 n
1736 1929 1754 1960 g
1771 1920 1834 1953 und

1014 1968 1063 1998 der
1090 1966 1228 2003 Minister
1256 1965 1308 1995 des
1335 1962 1468 2002 Innern,
1493 1962 1728 1996 Schweyer,
1754 1963 1835 1991 wur¬

1014 2009 1071 2038 den
1097 2005 1129 2036 in
1154 2002 1397 2043 Schutzhaft
1425 2007 1610 2040 genommen.
1646 1999 1715 2031 Das
1741 1998 1835 2031 Orts-

1015 2043 1120 2076 Viertel
1148 2044 1197 2075 der
1224 2041 1352 2079 Altstadt
1379 2040 1412 2078 ist
1439 2043 1498 2070 von
1526 2040 1580 2070 den
1608 2037 1835 2075 Hitlertnchpen

1016 2082 1193 2121 abgesperrt.

1162 2131 1445 2169 Demonstrationen
1473 2129 1505 2160 in
1530 2127 1686 2166 München.

1072 2179 1245 2219 Frankfurt,
1268 2179 1297 2208 9.
1322 2178 1401 2209 Nov.
1428 2174 1604 2214 (Privattel.
1629 2173 1752 2212 unseres
1779 2176 1836 2210 fg.«

1017 2220 1119 2256 Korr.)
1162 2218 1228 2250 Aus
1259 2216 1406 2254 München
1438 2214 1515 2245 wird
1544 2212 1646 2244 weiter
1677 2212 1835 2250 gemeldet:

1015 2257 1166 2295 Während
1202 2257 1253 2287 der
1278 2253 1510 2292 Versammlung
1547 2251 1588 2283 im
1625 2249 1837 2287 Bürgcrbräu-

1017 2296 1098 2328 keller
1127 2295 1238 2334 fanden
1277 2292 1436 2330 zahlreiche
1466 2288 1748 2328 Demonstrationen
1787 2289 1837 2319 der

1016 2329 1501 2371 Nationalsozialisten
1526 2328 1602 2367 statt,
1628 2327 1715 2359 deren
1740 2326 1838 2364 Trup-

1015 2377 1074 2412 pen
1096 2373 1131 2403 in
1154 2373 1203 2404 der
1227 2370 1336 2402 Stärke
1360 2373 1421 2400 von
1442 2367 1564 2405 einigen
1588 2365 1712 2402 lausend
1736 2364 1838 2396 Mann

1017 2412 1072 2443 mit
1101 2409 1355 2446 Militärkapellen
1383 2407 1469 2444 durch
1493 2406 1543 2438 die
1569 2404 1705 2441 Straßen
1734 2408 1839 2441 zogen.

1018 2451 1087 2483 Das
1115 2443 1554 2486 GeneralstaatSkammissariat
1584 2443 1616 2480 ist
1643 2442 1699 2473 mit
1727 2437 1839 2477 Hitler.

1019 2491 1145 2527 Inchpen
1163 2486 1317 2524 umgeben.

1078 2527 1197 2564 Berlin,
1215 2528 1243 2557 9.
1262 2524 1340 2556 Nov.
1361 2533 1401 2561 ag
1417 2523 1484 2554 Au»
1504 2520 1651 2558 München
1671 2519 1749 2550 wird
1768 2516 1839 2550 wei¬

1020 2571 1065 2601 ter
1088 2567 1246 2606 gemeldet:
1269 2565 1325 2596 Um
1350 2565 1385 2595 10
1405 2563 1467 2600 Uhr
1488 2561 1605 2592 abends
1626 2560 1730 2591 wurde
1751 2561 1786 2589 es
1807 2558 1840 2590 in

1022 2611 1072 2641 der
1093 2607 1189 2639 Stadt
1209 2605 1352 2643 unruhig.
1382 2603 1440 2635 Bet
1464 2603 1521 2634 den
1542 2599 1717 2638 Propyläen
1739 2599 1842 2630 wurde

1020 2647 1043 2679 L
1053 2652 1074 2677 u
1086 2646 1103 2676 d
1115 2652 1128 2675 e
1140 2650 1160 2675 n
1172 2645 1191 2676 d
1202 2651 1218 2675 o
1231 2651 1244 2674 r
1258 2643 1269 2680 f
1280 2643 1290 2680 f
1313 2648 1380 2679 zum
1405 2639 1542 2672 Diktator
1567 2636 1761 2676 ausgcrnfen.

1056 2705 1285 2742 Uebertragung
1305 2702 1357 2733 der
1377 2699 1599 2739 vollziehenden
1620 2696 1743 2729 Gewalt
1763 2697 1806 2727 im

1189 2742 1278 2779 Reich
1297 2740 1351 2777 auf
1366 2738 1501 2771 General
1519 2742 1548 2768 v.
1568 2734 1674 2769 Geeckt.

1077 2798 1196 2835 Berlin,
1218 2799 1245 2828 9.
1266 2796 1346 2827 Nov.
1366 2803 1408 2831 ag
1427 2792 1560 2836 (W^W
1592 2791 1653 2823 Der
1675 2787 1822 2827 Retchs
1833 2800 1845 2813 -

1018 2837 1249 2876 Präsident
1290 2835 1342 2868 hat
1365 2832 1503 2872 folgende
1527 2830 1731 2867 Berordnung
1755 2827 1845 2866 erlas¬

1020 2877 1081 2915 sen:
1124 2876 1143 2913 8
1167 2877 1192 2906 k.
1213 2874 1270 2906 Die
1291 2869 1464 2910 Ausübung
1486 2870 1541 2901 des
1561 2869 1618 2900 mir
1642 2867 1830 2905 verfassungs

1019 2915 1123 2953 mäßig
1150 2910 1341 2952 zustehcnden
1366 2907 1664 2945 Oberbefehl»
1695 2906 1767 2937 über
1796 2904 1843 2936 die

1019 2952 1271 2990 Wehrmacht
1293 2950 1350 2981 des
1374 2947 1499 2986 Reiches
1542 2946 1701 2982 übertrage
1725 2943 1767 2980 ich
1791 2941 1844 2980 auf

1020 2994 1075 3024 den
1098 2991 1174 3029 Ehef
1198 2991 1247 3021 der
1270 2987 1511 3027 Heeresleitung,
1534 2983 1666 3015 General
1688 2986 1715 3013 v.
1737 2982 1843 3014 Eecckt.

1019 3031 1039 3068 8
1062 3031 1090 3063 2.
1110 3029 1159 3067 In
1183 3027 1387 3063 Abänderung
1410 3024 1522 3056 meiner
1546 3022 1750 3058 Berordnung
1774 3023 1844 3051 vom

1017 3071 1065 3101 26.
1087 3067 1265 3106 September
1292 3065 1365 3096 1923
1411 3062 1570 3099 übertrage
1593 3061 1633 3097 ich
1658 3058 1704 3091 die
1726 3058 1843 3090 voll-

1019 3106 1227 3145 ziehende
1271 3102 1443 3135 Gewalt
1487 3108 1527 3131 an
1573 3096 1722 3131 Stelle
1770 3098 1843 3128 der

1019 3145 1206 3182 Reichst»
1218 3140 1519 3181 chrministers
1563 3139 1629 3170 dem
1672 3136 1748 3174 Cbef
1790 3136 1844 3167 der

1021 3183 1261 3223 Heeresleitung,
1292 3180 1424 3212 General
1456 3181 1516 3209 von
1546 3175 1691 3212 Seeckt,
1722 3175 1843 3210 welcher

1022 3224 1077 3256 alle
1105 3230 1157 3261 zur
1184 3221 1353 3257 Sicherung
1383 3219 1436 3250 des
1462 3216 1586 3253 Reiches
1617 3210 1844 3251 erforderlichen

1021 3262 1229 3300 Maßnahmen
1248 3265 1283 3297 zu
1304 3257 1413 3296 treffen
1429 3256 1491 3294 hat.
1522 3255 1541 3291 8
1562 3255 1589 3285 3-
1609 3252 1695 3291 Diese
1713 3251 1845 3284 Berord-

1022 3307 1106 3339 „ung
1126 3299 1196 3331 tritt
1216 3297 1310 3337 sofort
1330 3297 1361 3328 in
1383 3294 1480 3333 Kraft.

1196 3353 1309 3393 Aufruf
1326 3353 1377 3384 der
1396 3350 1676 3387 Reichsregierung.

1084 3402 1203 3440 Berlin,
1223 3402 1251 3433 9.
1272 3400 1350 3432 Nov.
1382 3407 1416 3431 »e
1440 3397 1572 3437 (Wolff.)
1614 3395 1673 3429 Die
1694 3394 1847 3434 Reichsre¬

1030 3444 1157 3482 gierung
1170 3441 1271 3478 erläßt
1286 3438 1446 3477 folgenden
1461 3436 1575 3474 Aufruf
1591 3442 1629 3467 an
1647 3436 1704 3466 da»
1721 3433 1847 3472 de,ttsche

1088 3520 1137 3558 In
1151 3521 1203 3552 der
1220 3517 1288 3558 Zeit
1305 3517 1426 3556 größter
1446 3515 1558 3553 außen-
1572 3515 1634 3546 und
1652 3511 1849 3551 innenpoliti¬

1031 3561 1105 3600 scher
1123 3557 1320 3596 Bedrängnis
1337 3556 1434 3594 haben
1452 3555 1502 3593 sich
1520 3553 1673 3586 Elemente
1690 3559 1751 3585 ans
1769 3550 1851 3584 Werk

1052 3599 1168 3635 emacht,
1188 3605 1239 3630 um
1259 3597 1315 3629 das
1337 3594 1475 3634 Deutsche
1495 3593 1584 3630 Reich
1605 3599 1641 3630 zu
1661 3591 1850 3630 zerjüsiagen.

1054 3642 1079 3673 N
1116 3637 1264 3675 München
1301 3635 1397 3673 haben
1432 3632 1694 3670 bewaffnete
1730 3625 1852 3668 Horden

1056 3678 1082 3711 ie
1113 3674 1398 3713 Landesregierung
1430 3671 1563 3716 gestürzt,
1596 3671 1651 3703 den
1681 3669 1848 3708 bayrifäM

1030 3714 1357 3754 Ministerpräsidenten
1378 3716 1439 3744 von
1461 3707 1599 3749 Knilling
1620 3709 1767 3747 verhaftet
1788 3707 1851 3740 und

1030 3756 1081 3794 sich
1102 3754 1222 3793 hierauf
1244 3753 1416 3792 angcmaßt,
1438 3750 1503 3784 eine
1524 3748 1793 3788 Reichsregierung
1815 3753 1852 3785 zu

1030 3795 1142 3833 bilden,
1157 3795 1213 3827 den
1227 3791 1361 3826 General
1375 3788 1648 3828 Ludendorff
1662 3795 1728 3826 zum
1742 3786 1850 3825 angeb¬

1031 3833 1123 3874 lichen
1142 3831 1362 3872 Befehlshaber
1384 3831 1434 3863 der
1456 3829 1606 3868 deutschen
1624 3826 1739 3863 Armee.
1757 3824 1852 3863 Hit¬

1866 965 1948 1001 ler,
1961 966 2011 997 der
2025 966 2079 1002 erst
2091 971 2146 996 vor
2159 966 2259 1001 kurzer
2273 965 2343 1002 Zeit
2356 965 2403 997 die
2416 966 2545 1002 deutsche
2558 964 2688 997 Staats¬

1864 1004 2089 1042 angehörigkeit
2102 1004 2261 1036 erworben
2274 1005 2335 1041 hat,
2348 1010 2416 1041 zum
2428 1003 2525 1035 Leiter
2538 1005 2590 1036 der
2606 1005 2688 1035 dmt-

1869 1043 1949 1081 schen
1975 1044 2114 1083 Geschicke
2140 1051 2178 1081 zu
2205 1043 2347 1080 bestellen.
2384 1043 2430 1075 Es
2457 1043 2564 1081 bedarf
2588 1042 2688 1074 keines

1870 1083 2036 1121 Hinweises
2082 1083 2199 1121 darauf,
2245 1082 2302 1119 daß
2348 1082 2423 1119 diese
2466 1083 2689 1120 Putschbe«

1870 1122 2041 1160 schlüsse
2072 1122 2169 1153 null
2200 1122 2279 1153 und
2309 1121 2465 1159 nichtig
2495 1122 2566 1159 sind.
2619 1121 2688 1152 Wer

1870 1160 1945 1199 diese
1973 1162 2149 1199 Bewegung
2189 1160 2365 1198 unterstützt,
2402 1153 2494 1196 »nacht
2532 1161 2582 1198 sich
2622 1167 2689 1195 zum

1869 1200 1985 1237 Hoch-
2006 1201 2068 1233 und
2089 1199 2477 1233 Landesverräter.

1926 1239 2016 1272 Statt
2031 1239 2141 1277 unfern
2159 1238 2302 1271 Brüdern
2319 1246 2368 1270 am
2383 1238 2485 1270 Rhein
2500 1240 2563 1269 und
2579 1245 2622 1269 an
2638 1239 2689 1268 der

1870 1278 1956 1316 Ruhr
1981 1286 2017 1317 zu
2044 1278 2152 1316 Helsen,
2178 1277 2224 1310 die
2251 1278 2299 1315 fiir
2326 1271 2521 1314 Deutschland
2547 1277 2689 1313 kämpsen,

1870 1318 1958 1355 stürzt
1978 1325 2048 1349 man
2070 1317 2267 1356 Deutschland
2289 1317 2322 1348 in
2343 1318 2398 1349 das
2420 1317 2552 1354 Unglück,
2573 1316 2690 1354 gefähr¬

1871 1357 1917 1388 det
1932 1356 1980 1388 die
1999 1356 2193 1394 Ernährung,
2212 1356 2316 1393 bringt
2331 1359 2393 1387 uns
2410 1356 2444 1387 in
2462 1356 2509 1387 die
2526 1355 2555 1388 G
2567 1363 2580 1386 e
2591 1355 2604 1391 f
2615 1362 2634 1385 a
2645 1355 2662 1391 h
2673 1362 2688 1385 r

1871 1395 1954 1433 eines
1995 1389 2255 1433 feindlichen
2297 1394 2586 1432 Einmarsches
2627 1394 2688 1426 und

1871 1435 2042 1473 verschüttet
2070 1435 2125 1466 alle
2149 1434 2321 1471 Aussichten
2347 1433 2400 1471 auf
2423 1433 2471 1465 die
2495 1433 2690 1471 Anbahnung

1872 1474 2118 1512 wirtschaftlicher
2144 1474 2338 1511 Gesundung.
2392 1472 2449 1505 Die
2475 1473 2576 1510 letzten
2599 1472 2690 1508 Maß¬

1872 1514 1999 1550 nahmen
2017 1514 2066 1544 der
2083 1512 2353 1550 Reichsregierung
2373 1511 2426 1548 auf
2443 1511 2690 1550 währungspoli«

1873 1546 1984 1589 tischen,
2010 1552 2119 1584 Gebiet
2146 1551 2243 1589 haben
2271 1552 2345 1589 dazu
2382 1550 2510 1589 geführt,
2547 1550 2606 1588 daß
2643 1550 2690 1581 die

1872 1591 1986 1622 Mark
2006 1591 2046 1623 im
2065 1591 2207 1622 Ausland
2226 1590 2277 1627 sich
2295 1590 2327 1621 in
2345 1591 2400 1622 den
2419 1589 2518 1627 letzten
2536 1591 2574 1621 24
2592 1589 2690 1621 Stun¬

1873 1631 1929 1661 den
1948 1638 1998 1662 um
2018 1630 2067 1660 ein
2086 1629 2258 1667 Vielfaches
2281 1630 2418 1667 gebessert
2437 1629 2500 1666 hat.
2529 1630 2612 1661 Alles
2633 1629 2690 1659 das

1874 1668 1906 1707 ist
1925 1669 2027 1707 dahin,
2046 1672 2135 1700 wenn
2157 1670 2214 1700 das
2234 1668 2437 1705 wahnwitzige
2456 1668 2616 1706 Beginnen
2637 1667 2691 1698 Er¬

1873 1707 1937 1746 folg
1954 1709 2012 1745 hat,
2028 1708 2086 1740 da»
2104 1708 2137 1739 in
2152 1707 2300 1744 München
2317 1708 2445 1744 versucht
2461 1707 2548 1738 wird.

1931 1747 1978 1785 In
2000 1747 2050 1779 der
2072 1746 2312 1784 Schicksalstunde
2335 1748 2388 1778 des
2410 1746 2559 1783 deutschen
2580 1746 2691 1778 Volkes

1874 1787 1934 1817 und
1961 1787 2014 1818 des
2040 1785 2202 1823 Deutschen
2227 1786 2350 1822 Reiches
2385 1785 2507 1821 fordern
2543 1786 2600 1816 wir
2636 1785 2691 1816 alle

1876 1824 2009 1860 Freunde
2038 1826 2090 1856 des
2117 1824 2322 1857 Vaterlandes
2353 1825 2413 1862 auf,
2440 1825 2490 1860 sich
2518 1824 2692 1862 cinzusctzen

1874 1858 1923 1900 für
1952 1864 1997 1895 die
2025 1864 2221 1903 Bewahrung
2261 1864 2310 1895 der
2348 1855 2463 1900 Reich
2476 1864 2541 1895 sei
2554 1863 2693 1901 „heit,

1874 1903 2016 1941 deutscher
2030 1903 2236 1939 Ordnung
2249 1904 2310 1935 und
2326 1902 2468 1941 deutscher
2483 1902 2693 1941 Freiheit.

1875 1941 1937 1973 Alle
1962 1942 2169 1980 Maßnahmen
2196 1942 2244 1977 für
2271 1942 2317 1973 die
2344 1942 2613 1979 Niederkämpftmg
2639 1942 2692 1974 der

1875 1981 2014 2019 Putsches
2030 1982 2093 2013 und
2107 1981 2155 2013 die
2168 1980 2464 2019 Wiederherstellung
2478 1982 2529 2012 der
2543 1981 2693 2019 Ordnung

1875 2020 1936 2053 sind
1964 2020 2110 2058 getroffen
2137 2021 2199 2052 und
2227 2021 2345 2051 werden
2381 2019 2437 2051 mit
2474 2020 2693 2057 rücksichtsloser

1877 2058 2004 2094 Energie
2025 2059 2241 2096 durchgeführt.

1935 2097 1994 2130 Der
2015 2097 2285 2133 Reichspräsident:
2319 2098 2378 2137 gcz.
2399 2098 2539 2130 Eberl.

1934 2136 1990 2169 Die
2010 2136 2294 2175 Reichsregierung:
2325 2144 2385 2175 gez.
2403 2137 2431 2169 S
2443 2139 2454 2169 t
2466 2144 2480 2166 r
2492 2144 2505 2169 e
2517 2138 2529 2175 s
2540 2145 2553 2168 c
2564 2144 2593 2169 n,
2605 2145 2622 2168 a
2634 2144 2654 2168 n
2665 2145 2695 2169 n.

2097 2196 2278 2230 Miniftrrrat
2302 2196 2334 2225 in
2360 2196 2472 2226 Berlin.

1926 2242 2036 2275 Berlin,
2075 2243 2100 2271 9.
2126 2243 2199 2272 Nov.
2239 2252 2272 2277 ag
2311 2243 2399 2272 Unter
2440 2243 2501 2272 dem
2545 2242 2692 2276 Vorsitz

1876 2281 2023 2311 rroertS
2045 2281 2076 2316 ist
2098 2287 2146 2311 um
2167 2281 2424 2315 Mitternacht
2446 2282 2495 2310 der
2516 2281 2693 2315 Ministerrat

1878 2319 2159 2354 zusammengetrctcn

1960 2381 2144 2419 Einstellung
2163 2382 2219 2413 des
2239 2380 2388 2419 Verkehrs
2406 2381 2464 2411 nrit
2480 2380 2615 2419 Bayern.

1935 2432 2053 2470 Berlin,
2078 2434 2106 2464 9.
2130 2433 2209 2464 Nov.
2234 2441 2275 2470 ag
2302 2432 2433 2470 (Wolff.)
2463 2432 2521 2464 Die
2545 2432 2700 2470 ReichSre-

1880 2471 2004 2510 gierung
2050 2471 2102 2506 hat
2126 2474 2229 2509 wegen
2255 2473 2304 2503 der
2331 2471 2491 2509 Absetzung
2516 2473 2565 2503 der
2591 2471 2700 2509 verfas¬

1879 2509 2116 2549 sungsmäßigen
2135 2509 2305 2547 bayrischen
2322 2509 2498 2548 Regierung
2517 2511 2571 2542 den
2591 2511 2701 2548 gesam¬

1880 2552 1928 2581 ten
1959 2549 2086 2582 Verkehr
2112 2550 2185 2587 nach
2209 2549 2334 2586 Bayern
2363 2549 2530 2585 eingestellt.
2567 2548 2702 2587 Jrgend-

1881 2589 1983 2625 ivelche
2002 2588 2178 2626 Leistungen
2200 2589 2253 2620 des
2272 2588 2395 2626 Reiches
2417 2588 2465 2625 für
2485 2588 2609 2622 Bayern
2628 2587 2702 2620 blei¬

1881 2628 1937 2659 ben
1957 2628 2007 2659 bis
2025 2634 2077 2665 zur
2099 2627 2394 2665 Wiederherstellung
2416 2626 2703 2665 verfassungsmäßi¬

1882 2673 1931 2703 ger
1950 2666 2097 2704 Zustände
2116 2665 2284 2704 eingestellt.

1882 2721 2122 2759 Unterbrechung
2149 2723 2200 2754 der
2228 2721 2475 2760 telegraphischen
2500 2721 2701 2759 Verbindung

1997 2776 2057 2787 —*
2153 2760 2701 2799 München-Berlin.--»4

1942 2800 2060 2837 Berlin,
2079 2801 2106 2831 9.
2127 2800 2205 2832 Nov.
2225 2808 2265 2837 ag
2281 2800 2353 2833 Seit
2372 2801 2408 2832 12
2427 2800 2489 2838 Uhr
2509 2801 2650 2835 nachts
2670 2799 2704 2837 ist

1884 2839 1931 2871 die
1973 2838 2201 2877 telegraphische
2235 2839 2434 2877 Verbindung
2466 2839 2522 2870 mit
2556 2837 2702 2871 München

1883 2878 2104 2915 unterbrochen.

1951 2935 2102 2969 Sperrung
2121 2936 2173 2963 des
2191 2934 2354 2967 Telephons
2375 2935 2404 2964 in
2421 2933 2639 2968 Württemberg.

1933 2976 2089 3012 Stuttgart,
2111 2979 2136 3005 9.
2165 2977 2238 3006 Nov.
2283 2975 2344 3006 Wie
2379 2980 2443 3006 von,
2478 2977 2698 3012 Telephonamtc

1881 3016 2029 3050 mitgcleilt
2052 3016 2133 3049 wird,
2156 3016 2187 3050 ist
2211 3017 2266 3045 das
2291 3015 2436 3051 Telephon
2459 3016 2509 3051 seit
2531 3017 2611 3050 heute
2634 3015 2699 3050 früh

1879 3053 2180 3089 ausfchltcßlich
2205 3053 2250 3087 sür
2276 3053 2632 3088 StaatSgespräche
2658 3061 2700 3083 re¬

1882 3093 2003 3127 serviert.

1879 3154 1941 3185 Ein
1963 3153 2077 3192 Aufruf
2097 3154 2150 3186 der
2171 3154 2338 3188 Münchner
2359 3153 2707 3192 Hochschulprofessoren.

1940 3200 2059 3238 Berlin.
2075 3201 2102 3232 9.
2119 3201 2198 3233 Nov.
2216 3209 2256 3238 ag
2283 3200 2414 3239 (Wolff.)
2433 3200 2512 3238 Nach
2530 3201 2611 3232 einer
2628 3201 2707 3232 Mel-

1880 3240 1966 3277 düng
1985 3240 2035 3272 der
2060 3239 2242 3278 „Vosstschcn
2262 3238 2411 3277 Zeitung"
2459 3243 2519 3270 aus
2559 3239 2709 3277 München

1883 3277 2125 3316 veröffentlichte,
2145 3277 2217 3316 noch
2235 3280 2289 3309 vor
2309 3278 2375 3309 dem
2394 3276 2510 3316 Putsch,
2530 3277 2595 3310 eine
2616 3277 2709 3315 große

1883 3317 2001 3355 Anzahl
2041 3311 2212 3354 namhafter
2236 3316 2428 3355 Professoren
2470 3318 2524 3347 der
2544 3316 2711 3353 Münchner

1884 3356 2074 3394 Universität,
2122 3356 2269 3388 darunter
2312 3355 2366 3387 Lu
2378 3354 2418 3392 jo
2463 3355 2711 3393 Brentano,

1885 3394 2040 3432 Hermann
2059 3394 2087 3426 O
2097 3401 2119 3425 n
2131 3394 2151 3426 ck
2162 3401 2177 3425 e
2189 3402 2209 3426 n
2227 3395 2288 3425 und
2307 3394 2415 3425 andere
2435 3393 2712 3433 Persönlichkeiten,

1886 3434 1973 3466 einen
1992 3433 2115 3472 Auftuf,
2134 3434 2235 3465 worin
2257 3432 2314 3470 das
2335 3432 2617 3471 Zerwürfnis
2641 3431 2712 3471 zwi¬

1887 3472 1966 3510 schen
1986 3473 2111 3509 Bayern
2128 3473 2191 3504 und
2212 3472 2277 3503 dem
2294 3471 2383 3508 Reich
2422 3472 2476 3509 a»f
2497 3473 2553 3503 das
2572 3473 2585 3502 t
2596 3471 2606 3501 i
2617 3477 2631 3502 e
2644 3472 2656 3508 f
2666 3471 2686 3508 st
2698 3478 2713 3502 e

1886 3512 2099 3543 bedauert
2141 3512 2204 3544 und
2228 3512 2282 3543 der
2307 3511 2465 3549 Hoffnung
2491 3510 2640 3542 Ausdruck
2667 3517 2714 3548 ge-

1887 3556 1901 3668 i
1901 3550 1982 3588 leben
2007 3550 2094 3587 wird,
2120 3551 2178 3589 daß
2201 3555 2236 3582 es
2260 3550 2331 3582 bald
2358 3549 2498 3587 gelingen
2525 3550 2621 3588 möge,
2644 3549 2715 3588 zwi-

1902 3590 1968 3628 chen
1990 3590 2116 3632 Bayern
2138 3591 2200 3622 und
2224 3590 2289 3621 dem
2310 3589 2400 3627 Reich
2424 3595 2459 3626 zu
2487 3588 2584 3620 einem
2605 3588 2715 3626 verfas«

1903 3628 2128 3667 ungsmäßigen
2146 3628 2388 3666 Einvernehnwn
2406 3634 2441 3664 z»
2461 3628 2619 3665 gelangen.
2638 3627 2716 3664 „An¬

1892 3668 2011 3706 gesichts
2033 3667 2082 3698 der
2102 3667 2291 3705 furchtbaren
2311 3667 2389 3704 Lag«
2411 3667 2534 3704 unsere»
2554 3666 2718 3699 Vaterlan¬

1891 3707 1946 3738 des
1965 3707 2103 3738 bedeutet
2122 3706 2203 3744 jeder
2221 3706 2327 3738 innere
2343 3705 2447 3738 Streit
2467 3706 2501 3736 in
2518 3705 2716 3742 Deutschland

1891 3752 1950 3778 nur
1998 3746 2085 3778 einen
2136 3745 2343 3783 Triumph
2392 3748 2452 3776 von
2501 3743 2717 3781 Deutschland»

1890 3783 2095 3822 Feinden,
2134 3784 2183 3817 die
2226 3784 2279 3822 auf
2303 3784 2348 3816 die
2374 3783 2641 3822 Zertrümmerung
2666 3783 2717 3814 der

1893 3823 2044 3862 deutschen
2071 3822 2195 3861 Einheit
2220 3822 2437 3861 hinarbeiten."

2915 968 2974 1001 Die
2996 969 3130 1007 Haltung
3151 968 3352 1007 Frankreichs.

2795 1009 2903 1049 Paris,
2933 1012 2960 1043 8.
2990 1010 3067 1042 Nov.
3109 1010 3187 1049 (Tel.
3218 1009 3340 1047 unseres
3370 1009 3403 1043 <
3413 1023 3424 1035 -
3436 1010 3538 1046 Korr.)

2725 1050 2776 1088 In
2802 1049 2975 1087 politischen
3005 1049 3124 1087 Kreisen
3153 1048 3232 1079 wird
3259 1048 3340 1086 mehr
3370 1048 3431 1078 und
3460 1049 3540 1085 mehr

2724 1087 2774 1121 die
2836 1085 3190 1125 Notwendigkeit
3249 1086 3330 1118 einer
3385 1087 3541 1117 Unter¬

2728 1126 2907 1165 stützung
2957 1126 3008 1157 der
3060 1125 3275 1162 deutschen
3326 1124 3540 1162 Republi-

2726 1166 2853 1196 kaner
2874 1165 3008 1196 erkannt.
3041 1164 3189 1201 Während
3215 1162 3358 1201 Pertinax
3384 1163 3425 1193 im
3451 1163 3540 1200 „Echo

2728 1206 2761 1236 de
2782 1203 2898 1241 Parts"
2922 1203 2955 1234 in
2974 1202 3026 1233 der
3047 1202 3220 1240 Regierung
3243 1202 3292 1232 der
3313 1199 3460 1238 deutschen
3482 1202 3541 1232 Na¬

2725 1242 2899 1280 tionalisten
2934 1242 3023 1272 «inen
3058 1240 3179 1271 Vorteil
3216 1239 3265 1276 für
3290 1238 3462 1277 Frankreich
3497 1246 3541 1270 er¬

2728 1281 2817 1316 blickt,
2858 1280 2965 1318 scheint
3005 1279 3056 1318 sich
3098 1279 3143 1310 die
3168 1277 3340 1316 Regierung
3384 1278 3433 1308 der
3476 1282 3543 1308 von,

2728 1319 2882 1357 „Temps".
2896 1319 2959 1349 und
2978 1318 3029 1348 der
3049 1316 3226 1355 Linkspresse
3248 1317 3432 1347 vertretenen
3452 1316 3541 1352 These

2726 1357 2958 1396 anzuschließen,
2995 1356 3114 1393 wonach
3152 1354 3215 1386 eine
3251 1353 3437 1391 militärische
3476 1354 3541 1385 Dir-

2727 1399 2808 1428 tatur
2828 1396 2862 1427 in
2881 1393 3079 1432 Deutschland
3096 1395 3163 1425 eine
3182 1392 3295 1430 Gefahr
3314 1391 3362 1429 für
3382 1393 3437 1423 den
3456 1399 3541 1423 euro¬

2728 1434 2861 1472 päischen
2884 1432 3016 1471 Frieden
3039 1431 3167 1470 darstellt
3191 1431 3253 1461 und
3277 1430 3447 1467 verhindert
3473 1434 3546 1460 wer-

2727 1475 2784 1505 den
2812 1472 2894 1510 muß.
2933 1470 2991 1504 Die
3015 1469 3240 1514 «ingestandene
3268 1469 3379 1506 Absicht
3406 1469 3456 1499 der
3484 1469 3543 1500 Na¬

2727 1511 2902 1549 tionalisten
2924 1510 2957 1542 in
2980 1508 3177 1547 Deutschland
3197 1507 3247 1546 sei,
3269 1506 3314 1539 die
3336 1506 3544 1544 Beziehungen

2730 1550 2786 1582 mit
2806 1547 2980 1587 Frankreich
2999 1546 3204 1585 adzuürechen,
3223 1551 3275 1576 um
3297 1544 3390 1582 dieses
3412 1552 3448 1582 zu
3467 1544 3546 1576 mili-

2727 1588 2870 1626 tärischen
2894 1587 3083 1619 Abenteuem
3108 1592 3145 1623 zu
3170 1583 3373 1629 provozieren.
3409 1583 3544 1620 Poin-

2731 1635 2744 1657 c
2756 1635 2775 1658 a
2787 1633 2801 1657 r
2813 1636 2829 1656 v
2847 1625 2955 1666 scheint
2972 1624 3023 1663 sich
3041 1623 3134 1662 dieser
3153 1617 3267 1660 Gefahr
3285 1620 3405 1657 bewußt
3424 1628 3459 1658 zu
3478 1621 3548 1658 sein.

2728 1665 2852 1698 Bereit»
2880 1664 2913 1696 in
2938 1663 3032 1701 seiner
3056 1662 3137 1694 Rede
3163 1661 3195 1692 in
3222 1660 3338 1692 Revers
3364 1660 3481 1691 betonte
3507 1667 3546 1692 er.

2732 1704 2791 1743 daß
2810 1702 2984 1741 Frankreich
3000 1701 3139 1739 zwischen
3158 1699 3214 1730 den
3231 1697 3471 1735 demokratischen
3488 1698 3549 1729 und

2727 1743 2785 1774 den
2812 1739 3019 1775 reaktionären
3048 1738 3222 1770 Elementen
3247 1736 3337 1768 einen
3364 1735 3545 1773 Unterschied

2730 1781 2836 1818 mache.
2870 1779 2967 1811 Seine
2994 1777 3111 1816 heutige
3139 1775 3357 1815 Intervention
3383 1774 3416 1804 in
3440 1773 3549 1806 Berlin

2731 1818 2851 1857 bestärkt
2876 1819 2933 1849 den
2960 1816 3110 1851 Eindruck,
3133 1814 3194 1851 daß
3220 1812 3394 1852 Frankreich
3420 1811 3548 1843 diesmal

2732 1860 2782 1889 der
2804 1856 2951 1895 Republik
2972 1855 3004 1886 in
3029 1853 3223 1892 Deutschland
3248 1850 3388 1890 ernsthaft
3412 1857 3447 1888 zu
3469 1850 3550 1887 Hilfe

2732 1897 2864 1928 kommen
2881 1894 2953 1926 will.
2981 1892 3049 1924 Dar
3066 1892 3313 1924 Vertrauen
3331 1889 3364 1921 in
3382 1889 3437 1919 den
3456 1889 3550 1925 Kanz¬

2733 1936 2776 1966 ler
2795 1933 2849 1966 Sck
2860 1933 2924 1971 res
2936 1939 2951 1964 e
2962 1937 3107 1966 mann,
3128 1931 3177 1961 der
3197 1928 3280 1965 mehr
3300 1927 3362 1959 und
3380 1926 3461 1964 mehr
3481 1926 3551 1964 nach

2733 1973 2826 2006 rechts
2850 1971 2944 2008 neigt,
2967 1970 3002 2006 ist
3025 1969 3059 2000 in
3084 1967 3181 2006 Paris
3207 1966 3299 2004 völlig
3324 1964 3552 2004 geschwun¬

2735 2013 2819 2043 den.

2784 2049 2887 2084 Paris,
2902 2050 2927 2077 8.
2944 2047 3018 2077 Nov.
3035 2050 3061 2082 pt
3075 2047 3134 2079 Der
3154 2044 3327 2079 „Temps"
3348 2041 3453 2077 schlicht
3471 2042 3550 2070 einen

2736 2086 2869 2120 längeren
2893 2084 3078 2112 Kommentar
3098 2080 3166 2109 über
3184 2079 3230 2107 die
3250 2077 3357 2113 Gefahr
3378 2076 3455 2105 einer
3476 2076 3552 2104 deut¬

2735 2121 2806 2154 schen
2828 2118 2958 2148 Diktatur
2978 2116 3031 2145 mit
3052 2116 3143 2144 einem
3163 2113 3270 2146 Ausruf
3287 2119 3326 2141 an
3349 2111 3393 2140 die
3413 2110 3552 2143 deutschen

2736 2153 2944 2188 Republikaner
2962 2151 3017 2181 wie
3033 2150 3105 2185 folgt
3121 2149 3171 2178 ab:
3188 2148 3246 2177 Ein
3264 2145 3449 2181 europäischer
3468 2145 3553 2179 Krieg

2738 2191 2803 2218 oder
2826 2188 2888 2217 eine
2912 2185 3032 2219 deutsche
3054 2182 3231 2215 Revolution
3255 2182 3353 2211 wären
3374 2180 3555 2214 wahrschein,

2738 2223 2787 2253 li»
2811 2223 2855 2251 die
2878 2221 2967 2256 Folge
2995 2220 3072 2249 einer
3094 2217 3234 2250 deutschen
3258 2216 3397 2246 Diktatur.
3423 2215 3477 2243 Um
3501 2216 3553 2242 den

2736 2257 2922 2294 angeführten
2943 2254 3089 2289 Gefahren
3111 2260 3145 2288 zu
3168 2252 3318 2287 begegnen,
3338 2249 3415 2279 wäre
3435 2251 3467 2277 es
3488 2249 3555 2278 des¬

2738 2291 2804 2322 halb
2822 2293 2884 2326 gut.
2903 2290 2949 2320 ein
2967 2288 3101 2324 positive»
3121 2288 3297 2322 Programm
3318 2291 3351 2319 zu
3372 2283 3487 2319 besitzen,
3508 2283 3553 2312 ein

2737 2327 2920 2361 Programm,
2947 2325 3001 2353 das
3026 2323 3058 2352 in
3081 2320 3244 2360 Frankreich
3270 2318 3425 2352 unterstützt
3450 2317 3554 2347 würde,

2739 2361 2797 2390 und
2815 2361 2872 2389 das
2889 2359 2943 2389 mit
2960 2359 3023 2388 dem
3040 2356 3175 2391 Beistand
3194 2356 3242 2384 der
3260 2353 3399 2387 deutschen
3419 2351 3556 2384 Repnbli-

2738 2396 2818 2425 kaner
2836 2392 3030 2428 durchgesübrt
3048 2392 3159 2421 werden
3178 2389 3264 2423 sollte.

2815 2444 2988 2486 Frankreich
3011 2451 3103 2482 gegen
3125 2443 3191 2474 eine
3213 2439 3479 2472 Militärdiktatur.

2798 2488 2904 2526 Paris,
2921 2489 2949 2519 9.
2966 2487 3045 2519 Nov.
3082 2495 3122 2525 ag
3142 2484 3285 2524 (HavaS.)
3326 2481 3376 2522 In
3393 2482 3458 2514 dem
3474 2481 3557 2513 Tele¬

2741 2536 2856 2567 gramm
2883 2529 2933 2560 der
2958 2526 3168 2565 französischen
3193 2523 3368 2562 Regierung
3395 2529 3436 2553 an
3471 2521 3558 2558 ihren

2740 2568 2925 2606 Botschafter
2943 2568 2974 2599 in
2990 2565 3101 2598 Berlin
3118 2563 3203 2602 heißt
3218 2567 3263 2600 es,
3276 2561 3452 2600 Frankreich
3467 2561 3558 2592 könne

2741 2607 2822 2641 einer
2842 2604 3233 2639 Militärdiktatur
3254 2603 3288 2634 in
3309 2600 3466 2634 Berlin
3489 2601 3558 2631 oder

2741 2647 2935 2685 München
2970 2642 3366 2683 nicht.zustimmen,
3400 2641 3439 2672 da
3474 2639 3559 2676 durch

2743 2688 2807 2719 eine
2832 2682 2922 2726 solche
2947 2686 3007 2721 der.
3021 2681 3292 2722 europäische
3314 2680 3472 2718 Friede
3494 2685 3560 2718 ge-

2742 2728 2754 2766 f
2765 2726 2783 2759 8
2794 2727 2813 2760 h
2824 2733 2839 2757 r
2851 2727 2868 2761 d
2880 2732 2895 2757 e
2906 2727 2918 2756 t
2936 2724 3044 2757 werde.
3080 2723 3138 2755 Die
3158 2721 3287 2759 deutsche
3305 2719 3403 2760 Presse
3421 2719 3496 2756 habe
3513 2718 3560 2750 de-

2745 2765 2822 2799 retts
2842 2763 3052 2802 angekündigt,
3068 2763 3129 2801 daß
3145 2761 3194 2793 die
3207 2759 3399 2798 militärische
3416 2758 3564 2792 Reaktion

2746 2806 2792 2838 die
2819 2804 3000 2843 Ablehnung
3027 2803 3081 2835 de»
3108 2801 3277 2839 Vertrages
3305 2803 3366 2831 von
3390 2797 3564 2836 Versailles,

2744 2846 2791 2877 die
2811 2843 3051 2882 Verweigerung
3076 2845 3135 2873 von
3160 2838 3389 2879 Reparationen
3422 2839 3483 2869 und
3508 2838 3562 2867 den

2744 2882 2975 2920 Ret'anchekrieg
2993 2888 3047 2918 zur
3065 2879 3161 2919 Folge
3178 2878 3269 2916 hätte.

2760 2929 2819 2963 Die
2840 2929 3039 2967 Bereinigten
3061 2927 3194 2959 Staaten
3218 2932 3311 2963 gegen
3335 2925 3401 2956 eine
3422 2924 3542 2961 Rechts¬

3082 2966 3222 2997 diktatur.

2801 3016 2919 3054 Berlin,
2937 3016 2965 3048 9.
2983 3015 3063 3047 Nov.
3082 3023 3122 3053 ag
3139 3012 3198 3046 Die
3217 3012 3340 3045 Blätter
3358 3011 3485 3050 melden,
3504 3011 3564 3049 daß

2743 3064 2791 3089 am
2820 3055 3019 3093 Donnerstag
3050 3055 3100 3086 der
3129 3052 3350 3091 amerikanische
3378 3050 3563 3090 Botschafter

2745 3097 2785 3128 im
2802 3094 3023 3132 Auswärtigen
3036 3093 3107 3125 Ami
3123 3092 3287 3131 vorsprach,
3300 3098 3353 3123 um
3367 3090 3564 3127 mitzuieilen,

2744 3135 2805 3172 daß
2824 3135 2871 3167 die
2889 3133 3089 3172 Bereinigten
3105 3132 3240 3165 Staaten
3258 3132 3310 3169 sich
3327 3138 3350 3162 n
3360 3130 3371 3161 i
3381 3129 3412 3167 ch
3422 3132 3435 3161 t
3452 3136 3484 3161 m
3494 3136 3509 3161 e
3519 3129 3539 3168 h
3549 3136 3565 3159 r

2744 3174 2806 3208 um
2829 3173 3114 3212 Deutschland
3138 3170 3341 3209 bemühen
3362 3169 3567 3204 könnten,

2746 3214 2818 3252 fall»
2841 3214 2905 3245 eine
2926 3212 3166 3252 RechtSdiktatllr
3188 3210 3377 3249 eingerichtet
3396 3209 3507 3241 würde.

2805 3254 2873 3286 Den
2901 3252 3141 3292 entsprechenden
3167 3249 3281 3287 Schritt
3308 3249 3362 3286 des
3389 3248 3567 3286 franzö¬

2748 3293 2901 3331 sischen
2923 3292 3127 3329 Botschafters
3151 3291 3293 3323 erwartet
3314 3295 3386 3319 man
3408 3288 3457 3325 für
3479 3288 3565 3326 heute

2748 3332 2886 3372 Freitag.

2790 3389 2849 3421 Die
2868 3387 3048 3425 Stimmung
3072 3388 3103 3418 in
3124 3385 3233 3419 Berlin
3253 3391 3308 3417 vor
3329 3387 3395 3417 dem
3416 3385 3531 3421 Putsch.

2807 3439 2926 3478 Berlin,
2957 3440 2985 3472 8.
3008 3438 3085 3470 Nov.
3119 3437 3197 3475 (Tel.
3219 3437 3343 3474 unsere«
3365 3436 3394 3466 J.
3417 3435 3568 3471 tt.-Korr.)

2751 3477 2808 3511 Die
2825 3476 3101 3511 Desorientierung
3115 3477 3168 3507 der
3182 3474 3325 3506 Berliner
3342 3473 3442 3512 Presse
3458 3473 3492 3510 ist
3508 3473 3571 3504 nie-

2752 3515 2949 3548 derdrückend.
2979 3515 3066 3547 Teils
3084 3511 3190 3552 scheint
3207 3519 3280 3544 man
3299 3513 3357 3543 das
3375 3511 3401 3542 A
3413 3518 3434 3542 u
3445 3514 3463 3541 s
3474 3514 3503 3542 w
3513 3518 3529 3542 e
3540 3517 3572 3542 a-

2753 3554 2840 3590 lose
2871 3555 2920 3586 der
2951 3552 3116 3586 Situatton
3144 3550 3221 3588 nicht
3251 3557 3286 3589 zu
3317 3549 3470 3586 erkennen,
3499 3549 3572 3581 teils

2753 3594 2834 3630 färbt
2855 3599 2927 3624 man
2951 3590 3144 3629 optimistisch,
3168 3588 3237 3621 weil
3261 3595 3333 3620 man
3358 3588 3405 3619 die
3429 3587 3572 3623 Wirkung

2753 3633 2803 3663 der
2822 3630 2979 3668 Wahrheit
2998 3629 3051 3667 auf
3071 3629 3128 3661 das
3149 3626 3310 3665 Publikum
3332 3625 3463 3665 fürchtet.
3495 3626 3572 3657 Man

2752 3668 2908 3706 unterhält
2932 3668 2983 3706 sich
3007 3667 3078 3703 noch
3104 3665 3234 3704 ernstlich
3258 3665 3332 3697 über
3359 3664 3406 3696 die
3430 3663 3573 3702 Versuche

2753 3708 2807 3739 de»
2826 3705 2975 3749 Kanzlers
2990 3711 3044 3735 um
3061 3704 3108 3735 die
3124 3703 3310 3747 Ergänzung
3326 3703 3383 3734 des
3400 3702 3573 3734 Kabinetts.

2754 3744 2811 3778 Die
2832 3742 2953 3777 Blätter
2985 3743 3033 3775 der
3055 3743 3164 3775 Linken
3194 3741 3320 3779 befassen
3351 3740 3402 3778 sich
3433 3739 3488 3770 mit
3517 3741 3574 3771 den

2755 3781 3048 3819 deutschnationalen
3069 3780 3190 3817 Plänen
3214 3779 3267 3816 auf
3289 3778 3465 3817 Einsetzung
3487 3777 3573 3809 eine»

2755 3820 2986 3853 Direktorium».

409 3933 729 4003 Aeuilleion

180 3938 211 3965 2»

316 4041 378 4072 Gin
395 4040 614 4075 royalistischer
633 4040 850 4076 Freiwilliger.

302 4083 368 4115 Bon
388 4082 535 4113 Benito
553 4081 680 4118 Psrez
700 4081 867 4112 Galdü».

344 4122 493 4158 Uebersetzt
511 4122 567 4152 von
588 4122 684 4152 Otto
704 4120 831 4152 Stoll.

552 4170 613 4201 XV.

228 4216 268 4246 Er
290 4214 415 4249 erreichte
435 4213 480 4242 die
502 4210 592 4242 Stadt
613 4211 657 4240 bei
681 4210 768 4245 Nacht
789 4211 849 4241 und
871 4211 937 4247 stieg
956 4210 997 4240 im

176 4256 268 4293 Hause
289 4259 346 4285 von
367 4253 450 4289 Mosü
470 4249 564 4286 Crlspi
586 4250 631 4280 ab.
668 4250 724 4281 Am
747 4251 897 4287 folgenden
918 4251 997 4286 Tage

176 4297 275 4326 wurde
300 4302 330 4325 er
354 4299 411 4324 von
434 4295 487 4324 den
510 4290 640 4325 wenigen
666 4289 875 4326 Bewaffneten,
899 4290 998 4326 welche

176 4337 222 4366 die
251 4336 341 4367 Stadt
371 4334 463 4370 beseht
491 4331 604 4368 hielten,
631 4330 689 4360 voll
717 4330 891 4366 Sympathie
922 4334 998 4366 emp-

178 4378 290 4412 sangen,
307 4375 366 4406 und
385 4375 418 4410 sie
435 4374 540 4410 zeigten
557 4370 602 4407 sich
618 4369 738 4406 geneigt,
754 4370 818 4400 dem
834 4370 997 4406 Ausrührer

176 4416 306 4452 Gefolge'
319 4422 352 4450 zu
374 4414 477 4450 leisten,
497 4411 596 4449 gemäß
618 4410 709 4439 einem
731 4411 862 4446 gewissen
885 4410 999 4446 instruk-

176 4457 254 4486 tlven
275 4456 360 4491 Hang
381 4461 431 4490 zur
450 4452 595 4485 Anarchie,
616 4451 669 4479 den
691 4449 726 4485 sie
748 4449 801 4479 alle
821 4450 928 4485 hatten.

230 4495 351 4531 „Welche
373 4493 491 4529 Besehle
514 4492 582 4527 habt
605 4489 686 4526 ihr?"
712 4489 802 4524 ftagte
827 4496 858 4519 er
881 4490 925 4528 sie.

230 4535 335 4569 „Keine
360 4534 477 4569 andern,
513 4532 561 4562 als
587 4531 632 4561 die
656 4528 786 4564 wenigen
813 4529 999 4566 Gefangenen

178 4581 211 4611 zu
234 4573 386 4608 bewachen,
409 4573 454 4603 dl«
479 4574 519 4603 im
542 4571 677 4607 Rathaus
699 4568 908 4605 „ntergebracht
930 4569 999 4606 sind,

179 4615 238 4645 und
256 4614 302 4651 für
318 4613 364 4643 die
380 4613 629 4648 Einquartierung
645 4611 692 4640 der
709 4608 925 4644 Partcibanden
941 4611 999 4639 aus

178 4655 295 4690 Aragon
312 4653 372 4683 und
389 4653 524 4683 Navarra
541 4658 575 4687 zu
592 4651 699 4686 sorgen,
714 4649 759 4677 die
772 4647 881 4678 binnen
899 4649 1000 4683 zweier

177 4696 255 4731 Tage
277 4694 425 4729 eintressen
448 4692 559 4729 sollen."

230 4735 324 4770 „Nun,
351 4734 383 4764 e»
409 4733 441 4769 ist
469 4732 558 4767 nötig,
583 4732 639 4761 daS
666 4729 765 4767 grrade
791 4727 941 4763 Gegenteil
965 4735 999 4764 zu

178 4776 255 4810 tun,"
281 4773 435 4810 versicherte
460 4772 553 4807 Ttltn,
577 4772 627 4802 der
652 4778 689 4802 an
713 4770 762 4799 der
786 4767 927 4798 Meuterei
952 4768 1000 4798 die

180 4815 276 4850 größte
295 4813 406 4849 Freud«
426 4812 510 4849 hatte,
530 4812 578 4845 «e»
597 4812 629 4848 ist
644 4809 733 4845 nötig,
750 4808 795 4838 die
814 4807 1000 4843 Gefangenen

176 4854 352 4891 frelzulasien
369 4854 428 4884 und
446 4853 492 4889 für
507 4852 554 4882 die
568 4858 640 4883 neu«
658 4849 797 4882 Kanaille,
810 4848 856 4878 die
874 4847 1000 4877 kommen

181 4890 238 4926 soll,
257 4892 384 4923 keinerlei
405 4890 549 4922 Quartier
569 4896 603 4925 zu
621 4888 798 4925 machen..."

230 4931 286 4962 Am
313 4933 438 4967 Morgen
465 4931 517 4961 de»
547 4931 588 4960 30.
617 4929 786 4965 September
812 4925 930 4956 winden
956 4925 1001 4955 di«

180 4970 363 5007 Gefangenen
384 4972 415 5002 in
434 4969 563 5007 Freiheit
581 4968 683 5006 gesetzt,
702 4968 761 4999 und
780 4967 825 4998 die
843 4965 936 5003 ersten,
955 4964 1001 4995 die

179 5012 235 5040 da»
260 5011 421 5048 Tageslicht
446 5009 597 5045 erblickten,
623 5012 721 5040 waren
747 5008 783 5039 D.
808 5007 903 5044 Pedro
928 5004 1003 5035 Gni-

181 5052 317 5081 maraens
338 5052 397 5081 und
419 5051 456 5082 D.
478 5050 581 5086 Jaime
604 5050 718 5080 Scrvet.
740 5048 814 5079 Was
835 5049 888 5078 den
907 5045 1004 5076 Trun¬

185 5090 298 5122 kenbold
326 5090 437 5121 MassaS
468 5090 625 5126 anbetrifft»
651 5091 700 5120 der
727 5089 758 5119 in
787 5088 914 5123 Solsona
940 5084 1005 5121 noch

183 5133 264 5163 einen
289 5129 422 5165 Schalten
446 5134 503 5161 von
528 5130 678 5161 Autorität
700 5128 794 5164 besah,
817 5128 846 5163 so
869 5126 1005 5164 glaubten

182 5174 215 5208 sie
237 5170 323 5201 milde
347 5176 439 5206 genug
460 5172 514 5202 mit
539 5170 600 5204 ihm
625 5177 657 5205 zu
680 5169 839 5206 verfahren,
860 5172 944 5199 wenn
968 5166 1002 5201 sie

185 5213 234 5248 ihn
253 5210 323 5245 nicht
343 5210 534 5247 austnüpsten.
554 5210 612 5240 Der
632 5209 715 5241 Wein
733 5208 831 5238 würde
851 5209 910 5242 ihm
928 5206 1005 5239 schon

186 5253 239 5282 den
260 5250 382 5282 GarauS
401 5250 522 5283 mache«.

235 5291 289 5322 Die
332 5287 504 5323 Solsonesen
548 5291 660 5320 waren:
689 5287 746 5319 voll
788 5287 904 5323 Nnruh«
946 5286 1004 5315 und

189 5329 339 5367 Schrecken,
362 5328 410 5359 al«
435 5328 469 5364 sie
491 5328 663 5363 gewahrten,
687 5328 744 5362 daß
770 5328 905 5357 niemand
930 5326 1009 5361 mehr

1035 3925 1090 3955 den
1113 3922 1215 3958 Befehl
1235 3922 1268 3952 ln
1289 3921 1339 3950 der
1361 3920 1453 3951 Stadt
1474 3918 1577 3954 führte,
1597 3919 1673 3948 denn
1694 3916 1778 3948 Tilin
1799 3913 1857 3948 lieh

1036 3964 1083 4001 sich
1102 3962 1174 3998 nicht
1194 3960 1334 3998 öffentlich
1354 3960 1445 3996 sehen,
1465 3958 1614 3988 kümmerte
1635 3956 1682 3994 sich
1701 3962 1750 3986 um
1768 3955 1857 3990 nicht»

1036 4003 1096 4034 und
1112 4002 1290 4037 verhinderte
1309 4000 1375 4034 auch
1392 3999 1472 4034 nicht,
1489 3998 1547 4033 daß
1565 3998 1657 4033 einige
1674 3994 1857 4030 Bösewtchter

1035 4041 1287 4078 Ungehörigkeiten
1311 4040 1371 4070 und
1397 4037 1583 4070 Greueltateu
1607 4036 1754 4073 begingen.
1785 4032 1858 4067 Auch

1036 4083 1081 4113 die
1103 4083 1227 4113 Nonnen
1248 4079 1408 4114 erschraken,
1429 4079 1488 4109 und
1509 4078 1558 4108 als
1578 4077 1661 4109 Tili»
1683 4076 1727 4105 die
1748 4075 1858 4105 Mutter

1037 4122 1176 4158 Aebtissin
1198 4122 1239 4150 im
1260 4119 1484 4154 Sprechzimmer
1505 4117 1635 4153 besuchte,
1656 4116 1726 4150 hielt
1746 4116 1780 4152 ste
1802 4114 1860 4150 ihm

1038 4165 1135 4197 wegen
1165 4161 1254 4196 seiner
1284 4159 1424 4194 schlechten
1453 4157 1642 4193 Aufführung
1672 4156 1733 4186 «ine
1764 4154 1861 4189 Straf¬

1038 4202 1157 4238 predigt.
1200 4201 1258 4231 Der
1286 4198 1440 4234 ehemalige
1466 4196 1565 4233 Küster
1589 4196 1647 4232 lieh
1672 4196 1777 4232 daraus
1800 4194 1860 4223 drei

1038 4243 1116 4277 Tage
1140 4238 1324 4276 verstreichen,
1348 4238 1419 4273 ohne
1443 4237 1538 4273 seinen
1562 4235 1665 4272 Besuch
1690 4242 1722 4272 zu
1745 4235 1861 4264 wieder¬

1040 4281 1134 4317 holen,
1153 4281 1213 4310 und
1233 4286 1290 4310 nur
1310 4278 1396 4313 selten
1415 4276 1473 4312 ließ
1493 4283 1523 4306 er
1539 4276 1588 4310 sich
1606 4277 1637 4306 in
1658 4276 1712 4305 den
1734 4273 1862 4308 Straßen

1039 4322 1089 4352 der
1110 4321 1200 4352 Stadt
1221 4318 1329 4350 blicken.

1091 4365 1136 4396 ES
1157 4364 1189 4400 ist
1210 4362 1384 4399 überslüssig.
1406 4368 1440 4397 zu
1460 4360 1553 4395 sagen,
1574 4360 1630 4395 daß
1652 4359 1714 4390 Sor
1732 4359 1863 4390 Teodora

1035 4406 1070 4436 de
1097 4404 1227 4440 Aransi»,
1251 4403 1297 4434 die
1324 4402 1394 4432 über
1418 4401 1464 4431 die
1488 4398 1687 4435 Abwesenheit
1710 4399 1762 4429 deS
1789 4398 1862 4428 Dra-

1038 4443 1145 4478 goner»
1178 4442 1223 4471 die
1259 4439 1418 4475 lebhafteste
1447 4438 1656 4474 Beftiedigung
1690 4436 1861 4472 empsnndcn

1037 4482 1125 4517 hatte,
1150 4481 1212 4517 sehr
1238 4479 1362 4515 erschrak,
1392 4479 1441 4509 al»
1467 4478 1502 4513 ste
1529 4481 1586 4507 von
1613 4477 1705 4512 seiner
1731 4474 1862 4510 Rückkehr

1041 4522 1187 4554 Kenntnis
1208 4519 1316 4556 erhielt.

1093 4566 1140 4597 Da
1166 4565 1240 4601 diese
1268 4563 1421 4600 vornehme
1452 4562 1543 4593 Dame
1573 4563 1632 4592 unS
1658 4562 1700 4591 im
1727 4559 1864 4594 Verlaufe

1040 4607 1090 4637 der
1118 4604 1347 4642 gegenwärtigen
1375 4601 1542 4638 Erzählung
1570 4602 1636 4637 noch
1665 4601 1723 4631 viel
1750 4599 1864 4634 beschäs-

1041 4647 1118 4684 ttgen
1137 4645 1221 4680 wird,
1241 4644 1335 4680 dürfte
1356 4645 1389 4673 eS
1410 4643 1441 4673 in
1462 4642 1638 4677 Ergänzung
1658 4641 1707 4670 der
1729 4639 1865 4676 ausführ¬

1042 4686 1130 4723 lichen
1145 4685 1295 4721 Angaben,
1310 4684 1357 4714 die
1374 4683 1431 4713 wir
1446 4682 1517 4712 über
1534 4681 1582 4717 ihr
1597 4681 1690 4712 Leben
1708 4681 1767 4711 und
1783 4680 1865 4714 ihren

1042 4726 1197 4762 Charakter
1219 4731 1252 4760 zu
1273 4723 1384 4758 machen
1406 4721 1498 4757 haben
1520 4722 1644 4756 werden,
1665 4721 1778 4758 passend
1798 4719 1865 4755 fein,

1043 4765 1109 4801 auch
1133 4766 1179 4795 die
1203 4763 1378 4795 materiellen
1402 4762 1505 4797 Dinge,
1527 4761 1574 4792 die
1600 4761 1634 4798 sie
1659 4761 1809 4796 umgaben,
1833 4764 1866 4794 zu

1043 4805 1206 4839 erwähnen.
1251 4803 1318 4835 Von
1348 4802 1442 4838 diesen
1469 4801 1644 4832 materiellen
1672 4800 1795 4836 Dingen,
1820 4798 1866 4829 die

1043 4847 1099 4877 den
1126 4844 1274 4881 Menschen
1302 4843 1440 4879 umgeben
1470 4842 1529 4872 und
1558 4841 1619 4877 ihm
1647 4840 1792 4877 gleichsam
1820 4838 1866 4869 als

1041 4885 1178 4921 Rahmen
1195 4885 1307 4918 dienen,
1324 4884 1356 4920 ist
1373 4881 1533 4918 dasjenige,
1547 4882 1603 4911 das
1620 4882 1685 4918 stets
1703 4880 1759 4910 das
1777 4878 1867 4916 meiste

1043 4926 1186 4962 Interesse
1209 4923 1357 4958 darbietet,
1379 4923 1425 4954 die
1450 4921 1605 4957 Wohnung
1630 4921 1690 4951 „nd
1713 4920 1760 4950 dt-
1785 4917 1869 4952 Woh¬

1044 4972 1126 5001 nung
1147 4969 1203 4996 von
1228 4965 1291 4996 Sor
1312 4963 1445 4994 Teodora
1467 4961 1499 4997 ist
1521 4961 1600 4991 einer
1620 4959 1776 4993 besonder»
1799 4959 1869 4994 Auf¬

1044 5005 1231 5039 merksamkeit
1250 5003 1374 5038 würdig.

1097 5045 1165 5075 Seit
1199 5045 1291 5080 jenem
1324 5041 1527 5079 unglücklichen
1561 5040 1780 5076 Sepien,bering
1813 5042 1869 5069 von

1045 5086 1121 5120 1810,
1141 5085 1232 5122 dessen
1251 5083 1412 5118 Andenken,
1433 5083 1498 5119 trotz
1519 5082 1582 5111 dem
1602 5081 1707 5116 langen
1728 5080 1802 5115 Laus
1821 5080 1869 5109 der

1047 5124 1151 5161 Jahre,
1169 5124 1236 5160 noch
1253 5124 1324 5160 nicht
1343 5125 1400 5154 ans
1418 5124 1483 5154 dem
1501 5121 1674 5157 Gedächtnis
1692 5121 1741 5150 der
1759 5120 1870 5150 Murier

1048 5164 1211 5201 Monserrat
1250 5164 1424 5201 «„«gelöscht
1460 5165 1531 5197 war,
1568 5161 1644 5198 hatte
1664 5161 1720 5191 da«
1742 5164 1799 5190 von
1818 5161 1872 5190 den

1048 5204 1211 5243 Franzosen
1232 5205 1261 5241 so
1280 5203 1423 5240 schrecklich
1444 5202 1594 5238 entweihte
1612 5200 1797 5236 Gotteshaus
1816 5204 1872 5230 von

1048 5244 1116 5276 San
1143 5245 1280 5282 Salon,»,
1294 5243 1482 5279 verschiedene
1507 5242 1758 5278 Ausbesserungen
1782 5238 1874 5277 erfah¬

1047 5291 1110 5318 ren,
1136 5286 1203 5315 aber
1226 5285 1276 5315 der
1302 5282 1465 5320 Westflügel
1488 5283 1541 5312 de»
1567 5282 1694 5319 Kloster»
1718 5281 1795 5311 blieb
1821 5285 1876 5313 zer-

1051 5323 1125 5359 stäR.
1144 5323 1200 5358 Im
1222 5324 1309 5354 obem
1330 5323 1412 5354 Teil«
1448 5321 1540 5355 dieses
1564 5320 1695 5356 Flügel»,
1732 5322 1780 5349 der
1820 5320 1876 5348 au»

1896 3914 1974 3944 einer
1996 3913 2097 3950 Flucht
2118 3917 2176 3943 von
2200 3912 2284 3949 zwölf
2307 3912 2405 3947 Zellen
2444 3912 2593 3947 bestanden
2633 3910 2718 3946 hatte,

1896 3956 1959 3984 war
1983 3953 2065 3988 durch
2088 3953 2144 3983 das
2168 3952 2384 3988 Verschwinden
2424 3956 2480 3981 von
2520 3952 2580 3981 vier
2622 3951 2718 3986 Zellen

1897 3994 1960 4023 eine
1979 3993 2064 4030 große
2085 3992 2163 4024 Lücke
2181 3992 2352 4028 entstanden,
2370 3992 2399 4027 so
2417 3992 2473 4025 daß
2489 3993 2554 4026 noch
2574 3991 2637 4027 fünf
2655 3990 2720 4026 Zel¬

1897 4032 1947 4062 len
1963 4033 2016 4063 mit
2034 4034 2097 4062 dem
2117 4032 2309 4068 Hauptkörper
2328 4033 2379 4061 deS
2400 4031 2553 4062 Gebäudes
2572 4030 2719 4065 vereinigt,

1897 4073 1958 4103 drei
1983 4074 2108 4109 dagegen
2132 4072 2241 4105 isoliert
2265 4079 2312 4101 am
2336 4072 2416 4101 Ende
2441 4072 2493 4101 des
2519 4071 2719 4106 Kreuzganges

1899 4112 1985 4149 übrig
2004 4112 2126 4143 blieben.
2149 4111 2195 4148 In
2219 4112 2307 4146 dieser
2330 4112 2408 4142 Lücke
2432 4114 2494 4140 war
2515 4111 2561 4140 ein
2583 4110 2649 4141 Teil
2672 4110 2720 4139 der

1900 4152 2030 4183 Mauern
2060 4153 2148 4189 stehe»
2180 4151 2334 4188 geblieben,
2364 4152 2419 4181 das
2450 4151 2523 4183 Dach
2554 4149 2645 4185 sehlie,
2675 4149 2720 4179 die

1899 4192 1999 4223 Türen
2021 4196 2120 4223 waren
2143 4194 2331 4228 zugeniauert,
2353 4192 2402 4221 der
2423 4190 2612 4220 verbindende
2635 4189 2721 4225 Gang

1900 4234 2025 4268 dagegen
2044 4235 2106 4262 war
2123 4231 2311 4268 ausgebessert
2329 4230 2445 4260 worden
2462 4231 2521 4259 nnd
2539 4230 2720 4259 vollkommen

1901 4273 2065 4308 brauchbar.
2084 4271 2297 4308 Streitigkeiten
2313 4271 2373 4301 «nd
2390 4270 2503 4305 Händel
2522 4269 2651 4305 zwischen
2668 4270 2722 4299 den

1902 4313 2027 4343 Rönnen
2066 4313 2136 4342 über
2174 4312 2230 4341 das
2253 4310 2512 4347 Klostervermögen
2553 4310 2648 4345 hatten
2669 4310 2723 4338 den

1903 4351 2127 4388 Wiederaufbau
2167 4352 2219 4381 des
2261 4351 2406 4387 zerstörten
2429 4350 2528 4380 Teiles
2561 4348 2724 4384 verhindert

1903 4392 1963 4422 und
1980 4394 2012 4422 eS
2031 4395 2092 4422 war
2109 4395 2165 4421 von
2183 4391 2399 4422 Maurerarbeit
2415 4396 2471 4419 uur
2487 4389 2516 4423 so
2532 4389 2589 4420 viel
2604 4388 2725 4424 gemacht

1903 4432 2031 4466 worden,
2050 4432 2096 4461 alS
2114 4431 2279 4465 notwendig
2296 4434 2367 4463 war,
2383 4436 2433 4459 um
2450 4430 2505 4458 das
2522 4427 2724 4463 Fortschreiten

1903 4470 1957 4501 deS
1982 4472 2128 4508 Verfalles
2154 4479 2188 4507 zu
2211 4470 2357 4505 verhüte».
2380 4470 2444 4500 Den
2466 4469 2525 4498 drei
2551 4468 2657 4503 Zellen,
2679 4468 2725 4497 die

1904 4518 1952 4542 am
1972 4512 2055 4544 Ende
2075 4512 2127 4541 des
2148 4511 2270 4548 Flügels
2309 4509 2418 4545 isoliert
2454 4509 2542 4544 stehen
2580 4507 2726 4544 geblieben

1905 4554 2012 4587 waren,
2054 4552 2149 4586 hatten
2173 4552 2219 4581 die
2244 4551 2366 4581 Nonnen
2389 4549 2471 4579 einen
2494 4548 2554 4584 sehr
2576 4548 2727 4584 passenden

1906 4592 2019 4622 Namen
2042 4592 2175 4628 gegeben:
2195 4591 2230 4627 sie
2253 4592 2380 4620 nannten
2401 4589 2435 4626 sic
2457 4589 2503 4619 die
2528 4586 2645 4623 „Insel"
2668 4588 2727 4617 »nd

1905 4631 1937 4661 in
1955 4632 2049 4667 diesen
2070 4632 2205 4666 wohnten
2224 4631 2292 4666 zwei
2313 4631 2444 4661 Nonne».
2464 4628 2518 4658 Die
2537 4628 2622 4658 dritte
2642 4627 2728 4663 Zelle,

1906 4671 1952 4701 die
1973 4671 2035 4708 sehr
2057 4672 2128 4702 Nein
2150 4675 2210 4702 nnd
2233 4672 2284 4706 fast
2304 4670 2519 4700 unbewohnbar
2541 4673 2612 4701 war,
2634 4669 2729 4698 diente

1907 4712 2009 4742 beiden
2037 4712 2149 4742 Damen
2178 4712 2225 4741 alS
2253 4710 2482 4745 Speisekammer.
2509 4708 2564 4738 Die
2592 4708 2654 4738 eine
2681 4709 2730 4738 der

1908 4752 2042 4786 Nonnen,
2063 4752 2161 4786 welche
2182 4752 2227 4782 die
2248 4750 2365 4787 „Insel"
2387 4749 2564 4783 bewohnte»,
2584 4751 2646 4778 war
2669 4747 2731 4779 Sor

1908 4791 2041 4822 Teodora
2061 4792 2094 4821 de
2113 4791 2244 4828 AransiS.
2265 4791 2326 4826 Zur
2347 4790 2410 4825 Zeit
2430 4788 2544 4823 unserer
2563 4787 2732 4823 Erzählung

1909 4833 1972 4862 war
1987 4832 2023 4868 sie
2042 4831 2087 4862 die
2105 4832 2212 4868 einzige
2228 4830 2429 4863 Bewohnerin,
2448 4829 2521 4858 denn
2539 4828 2599 4858 >l,rc
2619 4827 2731 4862 frühere

1909 4871 2064 4908 Gefährtin
2083 4874 2146 4901 war
2166 4871 2316 4908 gestorben.

1961 4916 2028 4948 DaS
2051 4916 2157 4953 Kloster
2177 4916 2290 4953 bestand
2312 4918 2368 4945 aus
2390 4914 2480 4944 eine»,
2500 4911 2734 4948 Hauptgebäude,

1911 4956 1975 4991 da».
1985 4964 2024 4987 an
2039 4952 2084 4986 die
2102 4955 2196 4992 Kirche
2215 4955 2357 4992 angebant
2374 4958 2444 4986 war,
2478 4954 2536 4982 »nd
2572 4954 2629 4982 aus
2664 4952 2733 4988 zwei

1910 4997 2066 5031 parallelen
2089 4996 2313 5033 Seitenflügeln,
2350 4995 2394 5025 die
2432 4993 2462 5022 in
2500 4993 2592 5022 einem
2630 4992 2735 5024 rechten

1912 5036 2022 5069 Winkel
2040 5040 2097 5067 von
2118 5037 2237 5067 Norden
2272 5036 2339 5070 „ach
2358 5034 2461 5066 Süden
2498 5033 2647 5063 orientiert
2664 5036 2736 5062 war.

1912 5077 1978 5107 Das
2003 5077 2123 5112 Rechteck
2145 5077 2197 5107 des
2222 5075 2413 5112 KlosterhoseS
2456 5075 2563 5103 trennte
2588 5072 2629 5109 sic.
2669 5073 2736 5103 Das

1913 5117 2140 5154 Mitielgebäüde
2183 5116 2241 5146 »nd
2280 5116 2329 5146 der
2353 5114 2491 5152 Ostflügel
2513 5116 2612 5144 waren
2634 5117 2738 5143 nnver-

1913 5156 1986 5192 sehrt
2029 5158 2183 5194 geblieben.
2225 5157 2284 5187 Der
2327 5154 2487 5192 Westflügel
2529 5152 2647 5188 enthielt
2691 5153 2737 5183 die

1914 5198 2058 5235 erwähnte
2084 5197 2163 5229 Lücke
2187 5198 2246 5228 nnd
2268 5197 2314 5227 die
2339 5195 2465 5232 „Insel".
2488 5195 2546 5225 Der
2571 5193 2734 5230 Klostcrhof,

1915 5238 1965 5268 der
1981 5239 2065 5271 durch
2083 5238 2157 5273 diese
2174 5237 2237 5268 drei
2254 5237 2392 5268 Gebäude
2411 5235 2532 5272 gebildet
2549 5234 2658 5268 wurde,
2676 5237 2740 5264 war

1915 5279 1981 5313 nach
2004 5279 2122 5310 Norden
2144 5278 2193 5312 hin
2217 5277 2299 5308 durch
2320 5278 2375 5306 da«
2396 5277 2494 5305 untere
2517 5273 2670 5304 Stockwerk
2692 5273 2741 5303 ab¬

1917 5317 2084 5354 geschlossen,
2103 5319 2219 5351 welches
2234 5317 2289 5345 da»
2309 5323 2378 5346 neue
2398 5314 2589 5348 Refektorium
2608 5313 2739 5348 enthielt:

2758 3912 2814 3940 das
2832 3910 2913 3941 obere
2936 3907 3085 3939 Stockwerk
3102 3911 3164 3937 war
3183 3907 3259 3942 offen
3296 3907 3355 3936 und
3391 3906 3438 3935 ein
3474 3905 3577 3940 großes

2759 3946 2921 3986 Ziegeldach
2959 3948 3041 3985 stellte
3079 3948 3133 3982 die,
3172 3946 3330 3982 allerdings
3369 3945 3577 3981 unpassierbare

2759 3989 2956 4025 Vereinigung
2977 3988 3026 4017 der
3048 3988 3150 4018 Enden
3173 3987 3222 4016 der
3242 3986 3343 4016 beiden
3365 3984 3469 4021 Flügel
3488 3984 3545 4019 her.

2769 4040 2773 4045 '
2811 4032 2985 4068 Wiederholt
3027 4031 3103 4067 hatte
3145 4030 3192 4060 die
3217 4030 3329 4060 Mutter
3354 4028 3493 4064 Aebtissin
3518 4028 3578 4058 Sor

2759 4074 2890 4104 Teodora
2914 4073 2947 4101 de
2972 4071 3094 4106 AransiS
3118 4070 3318 4107 aufgefordert,
3343 4068 3403 4105 ihre
3427 4068 3581 4103 Wohnung

2762 4119 2795 4148 zu
2820 4111 2958 4148 wechseln,
2982 4111 3074 4141 damit
3096 4111 3130 4147 sic
3154 4109 3226 4143 nicht
3251 4110 3336 4139 allein
3361 4109 3392 4138 in
3417 4108 3510 4143 jenem
3534 4107 3580 4137 ab-

2761 4152 2910 4188 gelegenen
2940 4151 3021 4183 Teile
3051 4151 3103 4180 deS
3134 4150 3290 4180 Gebäudes
3320 4148 3442 4183 wohnen
3471 4148 3579 4182 nlüßte;

2762 4193 2837 4225 aber,
2854 4192 2926 4226 ohne
2943 4189 3037 4225 diesen
3053 4191 3204 4220 Gedanken
3223 4197 3293 4225 ganz
3309 4192 3365 4219 von
3382 4188 3431 4218 der
3446 4188 3530 4223 Hand
3548 4193 3580 4222 z»

2761 4231 2873 4266 tveisen,
2896 4232 2984 4267 schlug
3005 4230 3077 4264 diese
3097 4234 3157 4264 vor,
3196 4229 3332 4264 während
3354 4229 3406 4259 des
3428 4228 3581 4258 Sommers

2762 4268 2828 4304 Hort
2847 4278 2882 4308 zn
2900 4272 3022 4305 bleiben,
3041 4274 3139 4306 wegen
3157 4270 3208 4300 der
3228 4269 3329 4303 Kühle,
3347 4269 3432 4298 deren
3449 4275 3518 4297 nian
3536 4267 3583 4302 stä,

2763 4313 2795 4346 in
2817 4311 2910 4346 jenem
2928 4310 3010 4343 Teile
3031 4311 3082 4340 des
3103 4310 3229 4347 Klosters
3250 4310 3377 4344 crsreute.
3415 4307 3470 4337 Die
3507 4306 3582 4343 Zelle

2763 4350 2840 4388 hatte
2857 4351 2919 4386 ihre
2937 4350 3014 4383 Türe
3035 4350 3100 4385 nach
3118 4351 3167 4380 der
3186 4349 3302 4379 Galerie
3321 4349 3373 4378 deS
3393 4347 3583 4382 KlosterhoseS

2764 4390 2823 4427 hin,
2862 4391 2908 4421 ein
2947 4391 3062 4425 kleines,
3099 4389 3277 4426 vergittertes
3299 4388 3410 4424 Fenster
3431 4387 3499 4422 ging
3519 4386 3584 4415 nach

2765 4430 2873 4467 Westen
2892 4432 2953 4461 nnd
2972 4431 3018 4461 ein
3039 4431 3162 4464 zweite«,
3180 4429 3283 4463 großes
3304 4427 3369 4459 nach
3389 4426 3514 4459 Norden,
3535 4426 3584 4459 aus

2765 4472 2820 4502 den
2844 4472 2956 4502 Garten
2979 4470 3097 4506 hinaus,
3138 4469 3228 4504 dessen
3269 4467 3421 4498 Laubwerk
3459 4467 3491 4495 In
3531 4467 3586 4494 den

2768 4511 3020 4547 Sommernächten
3057 4510 3102 4540 die
3124 4510 3220 4540 Sinne
3240 4507 3378 4542 cntzückte.
3417 4507 3484 4537 Von
3506 4506 3586 4539 jenen

2767 4550 2984 4587 Gitterfenstern
3022 4552 3087 4584 ans,
3124 4549 3169 4580 die
3206 4548 3300 4582 wenig
3327 4551 3384 4577 von
3413 4546 3462 4576 der
3482 4546 3587 4581 großen

2769 4591 2978 4627 ttlosterniauer
2994 4590 3115 4625 entfernt
3130 4592 3236 4622 waren,
3249 4587 3298 4621 sah
3314 4594 3382 4617 man
3398 4586 3444 4616 die
3460 4587 3588 4617 Mauern

2769 4630 2818 4661 der
2845 4631 2943 4666 Stadt,
2969 4630 3013 4660 die
3040 4634 3105 4659 vom
3131 4628 3236 4663 Kloster
3262 4634 3318 4656 nur
3343 4626 3426 4659 durch
3450 4626 3495 4656 die
3521 4632 3589 4660 enge

2770 4671 2854 4707 Gasse
2871 4672 2906 4701 de
2924 4672 2973 4701 los
2991 4670 3092 4700 Codos
3111 4669 3238 4704 getrennt
3255 4670 3363 4701 waren,
3382 4667 3438 4696 das
3456 4667 3517 4697 Tor
3533 4670 3590 4695 von

2770 4711 2909 4746 Travcsat
2937 4709 3019 4746 sowie
3045 4709 3090 4739 ein
3118 4707 3199 4738 Stück
3223 4708 3272 4736 der
3298 4706 3432 4742 Frldslnr
3457 4707 3516 4735 nnd
3542 4705 3591 4735 der

2772 4749 2906 4786 Gebirge.

2774 4816 2779 4824 .
2823 4789 2879 4824 Im
2899 4790 3017 4825 Innen,
3037 4792 3098 4818 war
3117 4788 3161 4818 die
3183 4786 3259 4821 Zelle
3297 4787 3343 4816 ein
3381 4786 3495 4821 ruhiger
3533 4785 3592 4815 und

2772 4830 2960 4867 angenehmer
2980 4829 3044 4862 Ort,
3064 4828 3131 4858 weil
3151 4826 3245 4859 darin,
3284 4827 3392 4863 infolge
3412 4825 3502 4859 seiner
3523 4827 3594 4857 Ent-

2775 4872 2896 4909 sernung
2919 4874 2985 4901 von,
3007 4869 3173 4902 Mittelbau,
3215 4867 3276 4896 eine
3300 4866 3482 4898 wohltuende
3507 4865 3594 4896 Stille

2773 4907 2913 4946 herrschte.
2937 4911 3010 4941 Eine
3033 4909 3229 4938 vollkommene
3253 4907 3399 4942 Ordnung
3422 4906 3507 4940 sowie
3531 4906 3596 4936 auch

2774 4951 2819 4980 die
2843 4950 3038 4988 raffinierteste
3065 4947 3212 4984 Nettigkeit
3236 4949 3298 4976 war
3321 4946 3406 4977 darin
3434 4953 3467 4982 zu
3490 4947 3596 4977 bc»,«'

2775 4991 2830 5029 sen,
2851 4992 2888 5021 da
2907 4992 2953 5022 die
2975 4989 3098 5024 Strenge
3117 4989 3166 5017 der
3188 4987 3372 5023 Klostcrrcgcl
3391 4987 3462 5019 nicht
3482 4986 3511 5020 so
3532 4986 3597 5022 stark

2775 5022 2847 5066 wgr^
2866 5031 2923 5066 daß
2943 5031 2977 5065 sie
2998 5036 3045 5065 zur
3063 5028 3162 5063 Askese
3181 5027 3310 5058 verleitet
3330 5026 3414 5061 hätte,
3452 5027 3517 5062 noch
3552 5026 3597 5055 die

2775 5065 2882 5107 Ärnytt
2909 5072 2977 5110 groß
3001 5076 3100 5105 genug,
3124 5074 3173 5100 um
3197 5067 3244 5098 ein
3266 5067 3408 5104 lcbhastcs
3434 5067 3597 5102 Verlangen

2778 5112 2812 5148 ),,
2833 5111 2972 5146 erwecken,
2994 5117 3042 5146 zur
3062 5109 3192 5144 Heiligen
3215 5113 3249 5144 z»,
3270 5108 3393 5140 werden.
3413 5107 3468 5143 Im
3490 5107 3599 5143 Gegen¬

2777 5148 2828 5183 teil
2850 5152 2934 5187 besaß
2957 5152 3018 5183 Sor
3038 5149 3169 5181 Teodora
3192 5148 3222 5178 In
3246 5148 3323 5186 ihrer
3345 5147 3519 5183 Behausung
3539 5150 3598 5177 ver¬

2778 5192 2913 5228 schiedene
2941 5192 3032 5228 schöne
3059 5188 3260 5226 Gegenstände,
3285 5188 3331 5219 die
3361 5188 3406 5225 ste,
3425 5192 3481 5217 von
3507 5185 3598 5222 Hause

2778 5232 2959 5270 mjtgebracht
2981 5231 3065 5266 hatte,
3086 5231 3170 5260 nnter
3192 5229 3285 5261 denen
3308 5228 3401 5264 einige
3424 5227 3519 5262 Vasen
3539 5226 3599 5256 nnd

2781 5272 2875 5307 Krüge
2901 5275 2956 5302 ans
2983 5270 3091 5302 Silber,
3124 5269 3169 5299 ein
3204 5268 3371 5305 geschnitzter
3397 5267 3528 5299 Schrank,
3551 5267 3599 5295 der

2781 5312 2870 5345 tedem
2890 5311 3025 5345 Mnsemn
3048 5317 3094 5344 zur
3116 5309 3219 5344 Zierde
3239 5309 3353 5345 gereicht
3373 5307 3457 5343 hätte,
3477 5308 3535 5337 und
3555 5305 3599 5335 ein
