3464 4606
1505 185 1677 286 Nr.
1797 190 1889 295 4.

823 370 1244 566 Neue
1327 376 2640 614 Zürcher-Zeitung

1354 643 1836 727 SechsmLdreißigster
1864 640 2138 727 Jahrgang.

1152 844 1280 890 Druck
1308 847 1390 890 und
1423 846 1572 905 Verlag
1603 856 1681 894 von
1710 850 1846 907 Orell,
1875 849 1999 908 Füßli
2030 852 2109 896 und
2145 851 2285 907 Comp.

2873 185 3129 226 Bestellunge«

2779 233 2834 273 für
2866 237 2916 272 die
2947 238 3127 286 Schweiz
3156 244 3221 278 und

2780 283 2995 328 Deutschland
3007 297 3048 324 rc.
3072 290 3224 336 besorgen

2780 336 2841 373 alle
2857 337 3039 381 Postämter
3059 343 3150 385 Lurch
3172 344 3226 381 die

2778 388 2959 440 Leitung»
2976 413 2996 422 -
3016 394 3226 442 Expedition

2778 449 2846 484 der
2862 450 2954 493 Post
2967 451 3002 485 in
3018 450 3153 494 Zürich;
3167 452 3227 494 für

2780 499 2945 543 England,
2967 497 3148 542 Frankreich
3157 504 3227 540 und

2777 553 2828 589 die
2849 552 3075 596 überseeischen
3104 553 3229 594 Land«

2828 607 2879 646 G.
2898 608 2952 647 51.
2976 608 3177 649 Älrrandre

2866 665 2903 700 in
2919 665 3127 712 Straßburg.

2525 775 2629 839 den
2667 771 2739 838 4.
2769 774 2999 852 Januar
3041 774 3241 846 1856.

301 169 677 215 »orauSde,ahl««5:

253 219 325 263 Für
352 221 384 257 a
418 221 554 257 Monate
581 218 696 259 franko

250 269 346 314 durch
368 272 420 308 die
440 276 536 311 ganze
551 266 700 311 Schweiz

392 317 484 361 Frkn.
509 320 552 351 8.

296 374 349 418 Zn
363 373 415 407 der
424 367 531 404 Stadt
543 367 656 410 Zürich

394 421 422 463 F
424 422 490 456 rkn.
513 423 546 452 «
549 446 558 454 .

274 483 682 536 Einrückung»gebühr:

327 547 396 583 Der
420 549 531 587 Raum
554 553 640 588 einer

254 597 422 640 Petitzeile
454 603 516 634 45
550 602 704 645 Rappen.

255 648 372 689 Briefe
394 659 415 685 u
418 651 459 685 nd
478 651 541 688 Gel
545 654 562 690 d
579 652 706 699 franko.

213 757 551 851 Freitag

440 1075 660 1122 General
689 1071 883 1128 Kaspar
912 1071 1103 1119 Latour
1134 1074 1211 1119 bei
1241 1074 1470 1132 Vicenza.

301 1213 392 1257 Aus
421 1211 503 1254 dem
532 1211 760 1266 Nekrolog,
809 1210 880 1254 den
910 1208 969 1254 die
1000 1207 1391 1268 Bündner-Zeitung
1435 1209 1530 1256 über
1580 1210 1700 1267 diesen

214 1277 363 1321 braven
402 1276 610 1322 Soldaten
648 1275 807 1333 bringt,
853 1274 1037 1333 entheben
1079 1275 1152 1319 wir
1187 1276 1310 1332 dessen
1350 1276 1601 1334 Waffenthat
1643 1276 1702 1322 bei

215 1344 396 1399 Vicenza.
459 1344 537 1389 Als
569 1343 665 1399 diese
695 1342 834 1388 Stadt
863 1355 926 1386 am
958 1342 1027 1387 23.
1054 1340 1147 1387 Mai
1178 1342 1288 1387 1848
1318 1351 1398 1387 von
1441 1345 1512 1387 den
1548 1344 1699 1400 Oester¬

214 1409 371 1465 reichern
401 1409 563 1468 bedroht
592 1420 691 1464 war,
725 1408 884 1465 brachen
930 1407 989 1452 die
1025 1408 1114 1466 zwei
1150 1407 1352 1466 römischen
1382 1409 1699 1467 Schweizerregi¬

214 1477 356 1521 menter
401 1479 515 1521 unter
557 1476 707 1522 Latour
751 1473 953 1533 alsogleich
999 1483 1075 1520 von
1118 1476 1270 1521 Mestre
1310 1476 1385 1532 aus
1420 1477 1500 1521 und
1537 1476 1701 1534 langten

211 1541 303 1596 nach
332 1540 453 1587 einem
485 1540 741 1600 15stündigen
771 1541 955 1598 formten
986 1542 1141 1599 Marsch
1170 1542 1447 1601 Nachmittags
1478 1542 1523 1588 in
1550 1545 1616 1587 der
1637 1556 1700 1601 ge¬

209 1609 388 1652 nannten
420 1609 555 1654 Stadt
585 1621 660 1662 an,
695 1618 755 1652 wo
787 1606 930 1653 bereits
963 1607 1314 1666 Nationalgarden
1353 1610 1433 1653 und
1465 1608 1701 1666 Freiwillige

208 1672 281 1717 mit
313 1673 395 1718 dem
426 1674 570 1731 Feinde
599 1673 808 1731 kämpften.
872 1674 1023 1719 Latour
1064 1687 1134 1732 zog
1172 1674 1330 1733 sogleich
1368 1674 1439 1720 mit
1477 1675 1578 1720 einer
1615 1676 1699 1721 Ab¬

206 1738 391 1799 teilung
413 1741 651 1799 Voltigeurs
680 1749 751 1798 aus
772 1740 1127 1798 Rekognoszirung
1160 1748 1252 1797 aus,
1285 1741 1374 1798 stieß
1396 1742 1470 1799 aus
1486 1741 1566 1787 eine
1585 1741 1699 1798 starke

208 1805 455 1865 Abtheilung
486 1807 766 1865 Oesterreicher,
801 1806 873 1852 mit
904 1807 1052 1864 welcher
1083 1806 1143 1851 ein
1172 1807 1313 1864 starkes
1344 1810 1463 1864 Feuer
1492 1807 1698 1866 unterhal¬

206 1874 272 1917 ten
303 1874 383 1917 und
416 1873 538 1919 wobei
568 1873 650 1932 ihm
679 1874 756 1931 sein
789 1874 909 1930 Pserd
942 1876 1168 1919 verwundet
1197 1875 1351 1930 wurde,
1385 1873 1449 1919 bis
1482 1873 1622 1930 endlich
1644 1873 1716 1918 die'

207 1937 469 1997 cinbrechende
501 1942 626 1999 Nacht
655 1941 739 1986 dem
772 1940 927 1996 Gefecht
956 1938 1017 1984 ein
1048 1940 1158 1985 Ende
1187 1941 1330 1997 machte
1358 1942 1438 1986 und
1466 1940 1527 1985 die
1546 1940 1698 1997 Oester¬

204 2003 339 2062 reicher
369 2007 434 2063 sich
466 2007 662 2064 scheinbar
703 2017 783 2051 von
813 2006 982 2063 Vicenza
1036 2006 1265 2062 entfernten.
1328 2008 1389 2057 In
1430 2008 1495 2051 der
1536 2004 1699 2063 gleichen

205 2072 332 2128 Nacht
364 2074 468 2130 aber,
503 2071 666 2131 nämlich
697 2082 788 2118 vom
818 2072 888 2116 23.
924 2071 1000 2127 auf
1025 2073 1096 2116 den
1120 2071 1190 2117 24.
1214 2072 1321 2128 Mai,
1357 2072 1508 2131 kehrten
1538 2073 1586 2128 sie
1607 2072 1697 2117 wie¬

204 2138 270 2182 der
301 2151 369 2183 um
398 2140 479 2184 und
510 2138 840 2197 griffen.15,000
882 2139 1021 2183 Mann
1050 2138 1147 2194 stark
1184 2138 1257 2184 mit
1293 2139 1350 2184 40
1387 2140 1583 2186 Kllnonen
1621 2138 1697 2185 Vi¬

206 2217 318 2262 cenza
348 2204 585 2263 neuerdings
627 2218 694 2249 an.
758 2205 845 2250 Der
874 2205 1029 2261 Kampf
1063 2205 1223 2250 dauerte
1261 2215 1341 2249 von
1381 2207 1402 2250 1
1434 2201 1520 2262 Uhr
1548 2205 1697 2263 Nachts

203 2270 269 2315 bis
303 2269 391 2326 spät
420 2272 462 2317 in
501 2273 572 2316 den
603 2273 778 2328 Morgen
816 2269 951 2328 hinein
995 2273 1074 2315 und
1113 2273 1238 2316 endete
1274 2270 1351 2316 mit
1389 2272 1473 2319 dem
1504 2270 1697 2329 Rückzuge

204 2338 266 2381 der
297 2337 579 2395 Oesterreicher.
642 2336 811 2394 Vicenza
850 2337 1054 2381 verdankte
1098 2336 1197 2393 seine
1228 2338 1405 2395 Rettung
1443 2337 1567 2395 einzig
1613 2339 1696 2382 dem

206 2404 366 2457 tapfern
398 2404 614 2462 Verhalten
645 2405 708 2449 der
737 2404 762 2447 2
786 2402 1245 2460 Schweizcrregimenter,
1281 2403 1341 2448 die
1371 2407 1462 2463 trotz
1485 2405 1593 2460 jenes
1614 2403 1694 2459 for¬

211 2472 329 2514 mten
361 2471 555 2528 Marsches
586 2472 667 2515 und
697 2468 801 2527 ihrer
831 2467 1054 2526 Müdigkeit
1084 2467 1184 2525 nicht
1215 2469 1427 2527 aufhörten
1457 2470 1527 2515 wie
1547 2469 1695 2526 Helden

209 2548 256 2592 zu
287 2534 477 2593 kämpfen.

232 2639 238 2646 .
294 2602 379 2647 Der
406 2602 678 2661 Obergeneral
706 2602 910 2646 Durando
942 2600 1178 2646 anerkannte
1206 2601 1324 2658 dieses
1357 2602 1554 2659 Verdienst
1583 2602 1694 2659 durch

209 2666 269 2713 ein
299 2669 603 2727 Handschreiben
636 2681 689 2713 an
718 2667 862 2724 Oberst
888 2667 1054 2723 Latour,
1089 2666 1216 2712 worin
1247 2670 1318 2712 den
1342 2667 1586 2725 Schweizern
1617 2669 1692 2712 das

204 2735 533 2791 Hauptverdienst
562 2735 606 2780 in
639 2732 951 2791 Vertheidigung
993 2733 1056 2777 der
1088 2733 1223 2778 Stadt
1262 2733 1541 2791 zugeschrieben
1576 2732 1689 2778 wird.

204 2801 303 2856 „Ich
334 2800 432 2856 habe
461 2803 595 2847 davon
623 2800 810 2856 bereits,"
843 2798 977 2856 schrieb
1012 2800 1238 2856 Durando,
1288 2802 1396 2856 „dem
1426 2798 1693 2857 Ministerium

202 2866 403 2925 Meldung
435 2868 604 2925 gethan,
650 2868 740 2912 aber
771 2865 822 2923 ich
857 2865 961 2924 fühle
992 2864 1083 2922 mich
1115 2866 1361 2923 gedrungen,
1409 2867 1572 2923 Ihnen,
1613 2867 1686 2922 Hr.

200 2932 356 2988 Oberst,
389 2933 596 2991 persönlich
627 2932 747 2978 meine
779 2932 1069 2989 Anerkennung
1102 2933 1400 2989 auszusprechen
1431 2934 1512 2977 und
1544 2930 1691 2990 Sie-zu

197 2998 340 3054 bitten,
374 3000 504 3056 Ihren
531 2999 746 3058 Offizieren
776 3000 860 3044 und
890 3000 954 3043 der
975 3010 1125 3056 ganzen
1145 2998 1322 3056 Brigade
1354 2999 1485 3043 davon
1506 2997 1689 3055 Mitthei¬

197 3065 297 3123 lung
330 3078 377 3123 zu
408 3066 573 3122 machen.
638 3065 717 3110 Die
748 3064 1140 3124 Schweizernation,
1181 3064 1240 3109 die
1281 3065 1347 3121 sich
1379 3074 1461 3109 von
1486 3065 1590 3122 jeher
1620 3064 1693 3120 auf

200 3131 298 3176 allen
324 3131 657 3189 Schlachtfeldern
687 3132 803 3178 nobel
832 3129 1051 3188 bewährte,
1085 3131 1157 3188 hat
1185 3131 1274 3187 auch
1305 3129 1386 3188 hier
1415 3130 1551 3175 wieder
1582 3129 1688 3175 einen

196 3208 318 3242 neuen
347 3197 506 3244 Beweis
537 3197 731 3255 geliefert,
780 3204 869 3243 was
900 3196 1121 3254 Tapferkeit
1158 3204 1339 3253 vermag,
1380 3206 1493 3241 wenn
1530 3197 1578 3252 sie
1616 3196 1688 3242 mit

193 3263 463 3322 Mannszucht
493 3263 637 3309 vereint
667 3263 727 3321 ist.
788 3264 878 3309 Wie
905 3264 957 3320 ich
988 3269 1067 3308 aus
1098 3264 1170 3307 den
1193 3263 1426 3317 Rapporten
1448 3263 1582 3321 ersehe,
1616 3263 1687 3321 hat

193 3328 252 3373 die
281 3329 464 3376 Batterie
503 3332 570 3376 des
610 3333 880 3387 Hauptmann
910 3331 1104 3376 Lentulus
1151 3331 1222 3374 den
1253 3329 1373 3386 Feind
1415 3330 1458 3375 in
1490 3331 1687 3376 Staunen

195 3397 354 3454 versetzt.
420 3398 551 3455 Gleich
591 3396 782 3456 glänzend
824 3407 908 3442 war
947 3398 1026 3442 das
1056 3396 1281 3453 Benehmen
1321 3397 1384 3442 der
1410 3396 1682 3455 Infanterie."

275 3463 354 3508 Als
388 3464 446 3510 die
473 3463 739 3521 Oesterreicher
769 3476 839 3522 zur
859 3463 1162 3522 Ueberzeugung
1186 3463 1403 3522 gekommen
1425 3474 1571 3520 waren,
1607 3463 1684 3519 daß

195 3532 235 3570 cs
276 3530 383 3587 mehr
414 3531 480 3576 als
512 3532 669 3589 15,000
699 3530 835 3575 Mann
871 3528 1050 3587 bedürfe,
1095 3542 1164 3574 um
1204 3529 1311 3575 einen
1349 3529 1496 3576 kleinen
1525 3531 1685 3587 Haufen

194 3593 360 3650 tapferer
389 3597 549 3656 Krieger
580 3611 626 3656 zu
656 3596 839 3653 besiegen,
874 3594 1023 3641 rückten
1051 3596 1099 3652 sie
1129 3608 1195 3641 am
1225 3598 1266 3641 9.
1289 3595 1395 3648 Juni
1426 3596 1498 3642 mit
1527 3597 1685 3653 50,000

190 3659 328 3705 Mann
355 3666 435 3709 und
468 3666 549 3710 100
579 3665 791 3719 Kanonen,
826 3660 1041 3720 angeführt
1068 3672 1147 3707 von
1168 3663 1465 3721 Fcldmarschall
1496 3663 1681 3722 Radetzky

188 3726 322 3783 selbst,
364 3730 498 3776 wieder
538 3742 610 3776 vor
652 3729 835 3787 Vicenza.
900 3729 989 3773 Und
1029 3728 1110 3786 hier
1151 3731 1344 3787 entspann
1380 3730 1445 3788 sich
1485 3743 1568 3775 nun
1610 3730 1683 3776 mit

188 3793 493 3853 Tagesanbruch
524 3799 591 3844 des
610 3799 679 3843 10.
703 3795 810 3848 Juni
838 3795 944 3851 jener
965 3794 1281 3854 heldenmüthige
1301 3797 1463 3854 Kampf,
1497 3807 1557 3842 wo
1580 3796 1682 3855 zirka

185 3858 300 3905 4000
330 3860 543 3920 Schweizer
572 3865 667 3923 diese
696 3866 832 3910 Armee
866 3861 929 3907 bis
962 3874 1030 3906 am
1059 3861 1196 3907 Abend
1225 3864 1424 3920 desselben
1445 3865 1579 3922 Tages
1601 3873 1682 3910 von

183 3926 251 3970 der
281 3927 418 3973 Stadt
449 3928 657 3985 abhielten.
699 3931 851 3977 Latour
881 3928 966 3973 kam
1002 3938 1082 3973 von
1103 3929 1407 3987 Tagesanbruch
1430 3930 1495 3976 bis
1516 3931 1679 3977 Abends

182 3992 247 4038 nie
277 4002 370 4039 vom
401 3994 561 4052 Pferde,
599 3997 718 4053 außer
747 4010 817 4042 um
847 3995 950 4041 eines
982 3993 1056 4040 mit
1084 3995 1168 4039 dem
1199 3998 1347 4041 andern
1386 4010 1433 4054 zu
1475 3997 1676 4054 wechseln)

179 4059 266 4104 dem
296 4059 463 4117 größten
491 4061 736 4121 Kugelregen
763 4066 866 4122 setzte
895 4076 933 4109 er
961 4061 1030 4119 sich
1060 4067 1154 4118 aus,
1188 4074 1257 4107 um
1278 4063 1438 4120 Befehle
1460 4077 1509 4122 zu
1539 4064 1677 4122 erthei-

179 4125 245 4170 len
274 4128 356 4171 und
390 4128 449 4173 die
479 4129 669 4184 Truppen
699 4133 961 4189 anzufeuern,
997 4142 1036 4174 er
1064 4129 1173 4186 stand
1205 4128 1364 4186 immer,
1409 4140 1469 4174 wo
1501 4130 1560 4175 die
1592 4130 1676 4177 Ge¬

180 4190 270 4248 fahr
302 4205 368 4237 am
399 4194 560 4252 größten
594 4206 692 4254 war,
725 4198 764 4251 so
797 4198 875 4253 daß
905 4197 975 4255 ihn
1006 4195 1067 4241 die
1088 4195 1276 4254 Offiziere
1307 4196 1475 4254 ersuchen
1497 4196 1672 4253 mußten,

177 4256 257 4311 fein
283 4258 411 4305 Leben
439 4262 546 4319 mehr
574 4276 623 4321 zu
660 4264 831 4320 schonen.
895 4266 1022 4310 Unter
1057 4265 1129 4308 den
1165 4264 1257 4320 nach
1286 4262 1482 4310 Bündten
1521 4262 1674 4321 zurück¬

176 4322 385 4381 kehrenden
415 4328 661 4386 Schweizern
690 4331 871 4388 herrschte
900 4329 1078 4388 hierüber
1110 4342 1187 4376 nur
1218 4330 1298 4376 eine
1329 4329 1522 4377 Stimme.

260 4390 339 4436 Als
380 4393 444 4436 der
482 4392 650 4452 Vicenza
695 4397 865 4440 deckende
900 4396 1049 4447 Monte
1078 4395 1226 4441 Bevico
1265 4396 1406 4454 endlich
1438 4411 1503 4441 am
1535 4397 1670 4443 Abend

169 4453 241 4500 des
269 4456 341 4504 10.
376 4458 553 4506 verloren
583 4469 684 4518 war,
716 4462 850 4507 wurde
879 4469 971 4507 vom
1001 4461 1182 4508 General
1211 4464 1414 4510 Durando
1446 4463 1508 4509 ein
1541 4462 1672 4510 weite¬

1758 1023 1821 1062 res
1840 1018 2035 1076 Kämpfen
2067 1018 2132 1076 für
2160 1020 2347 1077 fruchtlos
2379 1021 2536 1079 erachtet
2565 1024 2646 1067 und
2677 1023 2760 1069 dem
2781 1023 2944 1081 Wunsch
2976 1025 3040 1069 der
3061 1024 3238 1082 Schwei¬

1759 1097 1840 1142 zer^
1876 1086 1942 1143 sich
1973 1085 2046 1131 mit
2076 1088 2159 1131 dem
2188 1086 2367 1141 Bajonet
2407 1086 2513 1133 einen
2545 1088 2643 1146 Weg
2681 1095 2758 1134 aus
2791 1088 2958 1148 Vicenza
2987 1103 3033 1149 zu
3062 1091 3237 1148 bahnen,

1759 1150 1858 1198 keine
1878 1154 2086 1211 Rechnung
2110 1155 2307 1210 getragen:
2348 1153 2407 1199 Es
2427 1153 2583 1212 begann
2603 1155 2662 1200 die
2681 1154 2983 1212 Kapitulation,
3005 1156 3067 1202 bei
3087 1149 3240 1214 welcher

1757 1219 1826 1275 sich
1853 1220 2002 1265 Latour
2030 1220 2101 1265 den
2131 1219 2357 1271 Italienern
2387 1219 2600 1278 gegenüber
2642 1223 2707 1268 als
2738 1223 2889 1280 wahrer
2916 1224 3073 1280 Freund
3100 1223 3147 1269 in
3173 1225 3240 1269 der

1760 1286 1870 1343 Noth
1900 1285 2055 1331 bewies.
2120 1284 2200 1331 Die
2228 1286 2491 1344 Oesterreicher
2533 1289 2691 1334 wollten
2730 1287 2896 1347 nämlich
2928 1290 3115 1347 Anfangs
3161 1303 3240 1336 nur

1758 1351 1802 1396 in
1831 1352 1893 1397 der
1922 1354 2000 1398 Art
2026 1350 2284 1407 kapituliren,
2333 1354 2408 1408 daß
2449 1354 2538 1402 den
2569 1355 2882 1413 Schweizern
2922 1355 3088 1401 allein
3129 1355 3239 1410 freier

1759 1418 1896 1476 Abzug
1926 1427 2006 1463 von
2028 1418 2197 1476 Vicenza
2227 1418 2297 1464 mit
2319 1420 2420 1464 allen
2442 1419 2708 1478 militärischen
2730 1421 2860 1479 Ehren
2892 1423 3067 1480 gestattet
3086 1421 3234 1477 würde,

1759 1483 1816 1532 die
1843 1484 2041 1537 Italiener
2069 1484 2259 1543 hingegen
2305 1486 2439 1541 sollten
2485 1486 2803 1546 kriegsgefangen
2833 1487 2925 1545 sein.
2989 1488 3067 1534 Als
3096 1488 3237 1546 solches

1757 1549 1907 1595 Latour
1935 1552 2146 1609 vernahm,
2186 1551 2311 1609 begab
2342 1564 2378 1596 er
2405 1552 2473 1611 sich
2510 1553 2593 1598 in's
2622 1553 2897 1612 österreichische
2917 1554 3239 1611 Hauptquartier

1758 1628 1804 1673 zu
1825 1616 2024 1673 Radetzky,
2057 1619 2128 1662 den
2159 1631 2194 1661 er
2225 1624 2301 1663 aus
2334 1616 2493 1675 frühern
2511 1620 2648 1675 Zeiten
2677 1620 2834 1676 kannte,
2867 1622 2949 1666 und
2982 1619 3142 1666 erklärte
3163 1620 3238 1666 mit

1759 1680 1852 1728 aller
1871 1682 2096 1741 Offenheit:
2131 1684 2207 1739 daß
2234 1684 2291 1728 die
2310 1685 2508 1736 Italiener
2535 1686 2617 1744 ihre
2639 1685 3001 1746 Waffengefährten
3027 1686 3124 1742 seien
3155 1688 3235 1731 und

1755 1750 1803 1806 sie
1831 1751 1958 1807 Freud
2004 1752 2084 1796 und
2110 1750 2200 1797 Leid
2240 1751 2314 1797 mit
2343 1752 2523 1798 einander
2565 1754 2707 1811 theilen
2736 1756 2890 1800 wollen.
2951 1755 3122 1812 Umfasse
3151 1756 3236 1810 also

1757 1815 1814 1862 die
1843 1816 2130 1870 Kapitulation
2160 1816 2258 1874 nicht
2288 1817 2346 1862 die
2375 1831 2496 1877 ganze
2523 1821 2660 1865 Armee
2691 1822 2955 1876 Durando's,
3001 1822 3040 1876 so
3086 1822 3237 1866 werden

1757 1879 1816 1930 die
1845 1882 2059 1939 Schweizer
2088 1882 2224 1927 wieder
2254 1883 2326 1929 mit
2355 1885 2426 1929 den
2454 1885 2680 1937 Italienern
2724 1900 2769 1944 zu
2801 1889 2871 1931 den
2900 1886 3060 1941 Waffen
3090 1887 3235 1945 greifen

1755 1948 1836 1993 und
1866 1949 1945 1993 das
1971 1948 2223 2007 Kriegsglück
2251 1949 2377 1995 weiter
2408 1953 2616 2008 versuchen.
2679 1954 2765 2010 Auf
2789 1953 2884 2010 diese
2905 1952 3236 2012 Erklärung.hin

1757 2015 1886 2058 wurde
1928 2014 1987 2059 die
2016 2014 2300 2071 Kapitulation
2346 2016 2415 2061 mit
2459 2019 2522 2062 der
2567 2031 2714 2076 ganzen
2759 2021 2893 2065 Armee
2937 2020 3231 2077 abgeschlossen,

1756 2080 1930 2138 nachdem
1960 2081 2098 2139 vorher
2128 2082 2216 2138 noch
2246 2082 2393 2128 Latour
2437 2082 2495 2128 die
2525 2084 2819 2143 Verpflichtung
2850 2084 2945 2132 über
2973 2087 3039 2143 sich
3071 2099 3233 2144 genom¬

1755 2159 1841 2191 men
1864 2147 1987 2204 hatte,
2021 2146 2088 2203 für
2116 2149 2188 2192 den
2216 2146 2454 2206 pünktlichen
2486 2151 2566 2195 und
2589 2150 2980 2211 ordnungsmäßigen
3002 2152 3139 2210 Abzug
3171 2154 3236 2197 der

1753 2212 1950 2264 Italiener
1982 2214 2132 2272 besorgt
2175 2214 2252 2271 sein
2283 2227 2329 2272 zu
2360 2216 2518 2272 wollen,
2568 2217 2717 2273 welcher
2748 2218 3041 2276 Verpflichtung
3074 2232 3109 2264 er
3142 2221 3232 2277 auch

1755 2277 1826 2324 mit
1869 2280 1963 2324 aller
1995 2280 2389 2339 Gewissenhaftigkeit
2434 2282 2632 2339 nachkam.
2652 2294 2657 2299 '
2708 2283 2788 2330 Die
2818 2284 3102 2339 Kapitulation
3149 2295 3234 2330 war

1756 2345 1846 2390 aber
1872 2345 1916 2390 in
1945 2346 2046 2401 jeder
2075 2346 2300 2404 Beziehung
2331 2347 2545 2405 ehrenhaft,
2593 2345 2665 2393 wie
2694 2356 2734 2396 es
2764 2350 2832 2408 sich
2862 2348 2927 2407 für
2956 2351 3048 2407 diese
3076 2352 3234 2409 tapfern

1753 2410 1911 2471 Krieger
1940 2411 2039 2469 nicht
2071 2415 2213 2458 anders
2244 2412 2432 2471 geziemte.

1837 2542 2044 2599 Pariser
2085 2544 2495 2603 Handelsbericht
2532 2557 2642 2592 vom
2685 2549 2763 2593 23.
2797 2548 2862 2592 bis
2895 2550 2970 2594 29.
3005 2551 3228 2607 Dezember.

1751 2609 1830 2655 Die
1861 2609 2130 2667 Annäherung
2177 2610 2243 2654 des
2274 2611 2577 2670 Ncujahrstags
2617 2614 2765 2671 brachte
2809 2615 3039 2671 namentlich
3085 2616 3128 2662 in
3158 2619 3231 2663 den

1751 2674 2048 2722 Stadtvierteln
2080 2684 2159 2720 von
2189 2675 2336 2730 Paris,
2383 2686 2442 2720 wo
2481 2678 2545 2734 sich
2584 2678 2678 2724 viele
2706 2679 2897 2736 Fabriken
2929 2681 3123 2738 befinden,
3170 2683 3230 2729 ein

1748 2747 1895 2799 regeres
1924 2741 2044 2786 Leben
2074 2741 2116 2786 in
2149 2742 2220 2786 den
2251 2742 2551 2800 Detailhandel.
2614 2744 2813 2804 Während
2858 2749 2922 2794 der
2953 2748 3229 2806 Weltausstel¬

1747 2808 1848 2866 lung
1879 2808 2016 2865 hatten
2056 2810 2085 2851 7
2112 2807 2188 2854 bis.
2209 2808 2236 2851 8
2265 2809 2434 2854 Monate
2463 2809 2563 2868 lang
2609 2812 2684 2857 alle
2710 2813 2904 2869 Fabriken
2947 2814 3023 2858 viel
3051 2827 3099 2872 zu
3126 2817 3230 2873 thun

1747 2875 1827 2919 und
1859 2874 2125 2931 Fabrikanten
2171 2875 2249 2919 und
2281 2874 2453 2920 Arbeiter
2495 2877 2621 2934 legten
2664 2878 2741 2924 eine
2770 2878 2924 2938 hübsche
2955 2882 3128 2928 Summe
3159 2884 3235 2940 auf

1747 2940 1805 2985 die
1836 2941 1974 2996 Seite,
2023 2941 2061 2996 so
2094 2939 2170 2995 daß
2199 2940 2246 2996 sie
2273 2941 2357 2998 jetzt
2385 2941 2444 2987 bei
2475 2943 2545 2987 den
2578 2943 2796 3002 Einkäufen
2843 2956 2921 2992 von
2951 2948 3226 3007 Neujahrsge¬

1745 3007 1914 3064 schenken
1944 3007 2035 3064 auch
2064 3005 2166 3063 nicht
2192 3007 2233 3062 so
2264 3020 2390 3065 genau
2420 3009 2623 3066 rechneten.
2687 3012 2790 3057 Aber
2818 3013 2863 3058 in
2892 3015 2965 3059 den
2995 3016 3229 3072 vornehmen

1747 3071 2027 3131 Stadttheilen
2070 3072 2114 3129 ist
2160 3073 2224 3116 der
2252 3074 2540 3131 Handelsstand
2583 3075 2656 3121 mit
2685 3078 2767 3123 dem
2797 3080 2930 3137 Absatz
2965 3079 3128 3138 weniger
3159 3095 3226 3139 zu¬

1744 3138 1909 3196 frieden,
1956 3138 2085 3184 indem
2114 3138 2211 3195 seine
2240 3139 2476 3197 Kundschaft
2520 3141 2693 3199 meistens
2734 3152 2812 3190 aus
2846 3146 3042 3203 Personen
3072 3148 3222 3206 besteht,

1745 3204 1873 3262 welche
1916 3204 1975 3249 die
2005 3202 2445 3262 Börsen-Verhältnisse
2489 3208 2554 3252 des
2586 3209 2767 3267 Platzes,
2815 3212 2929 3268 sowie
2971 3212 3029 3257 die
3058 3214 3226 3272 Kriegs¬

1742 3271 1823 3316 und
1854 3269 2155 3328 Friedensfrage
2198 3282 2284 3328 zum
2315 3272 2502 3329 Maßstab
2545 3273 2647 3331 ihrer
2679 3278 2868 3335 Ausgabe
2913 3280 3078 3336 machen.
3140 3282 3226 3326 Der

1744 3336 2053 3395 Engroshandel
2097 3337 2177 3381 und
2218 3335 2275 3382 die
2317 3337 2460 3395 großen
2492 3340 2683 3395 Fabriken
2711 3343 2834 3401 stehen
2865 3342 2930 3401 für
2960 3346 3031 3390 den
3062 3348 3224 3405 Augen¬

1741 3402 1833 3448 blick
1862 3416 1960 3461 ganz
1991 3401 2080 3459 still.
2142 3402 2288 3460 Wegen
2319 3405 2381 3448 der
2411 3404 2625 3464 Theurung
2657 3409 2720 3453 der
2746 3409 3023 3456 Lebensmittel
3053 3413 3223 3458 vermin¬

1741 3470 1823 3513 dert
1851 3470 1915 3527 sich
1948 3470 2012 3514 der
2032 3468 2251 3525 Verbrauch
2280 3468 2336 3515 im
2358 3472 2517 3521 Innern
2544 3473 2610 3517 des
2631 3473 2784 3520 Landes
2816 3476 3022 3522 bedeutend
3053 3480 3135 3523 und
3158 3481 3221 3525 der

1742 3548 1862 3594 ganze
1891 3534 2140 3592 Mittelstand
2182 3534 2393 3592 beschränkt
2420 3537 2486 3595 sich
2531 3539 2604 3595 auf
2640 3539 2714 3585 das
2747 3542 3077 3601 Nothwendigste.
3140 3544 3221 3590 Die

1739 3601 1888 3657 Lyoner
1908 3600 2102 3658 Fabriken
2131 3602 2281 3658 machen
2312 3601 2476 3659 indessen
2510 3603 2586 3649 eine
2616 3606 2863 3665 Ausnahme,
2895 3607 3025 3653 indem
3053 3609 3100 3664 sie
3129 3613 3221 3669 noch

1740 3668 1815 3724 auf
1849 3667 2011 3725 mehrere
2040 3667 2209 3713 Monate
2239 3666 2540 3728 Beschäftigung
2587 3671 2733 3729 haben)
2780 3674 2831 3717 da
2876 3680 2917 3719 es
2962 3675 3120 3733 daselbst
3167 3690 3221 3723 an

1740 3732 1944 3779 Arbeitern
1972 3733 2091 3791 fehlt,
2139 3735 2180 3790 so
2210 3734 2336 3791 haben
2365 3735 2411 3791 sie
2451 3737 2555 3794 wohl
2600 3737 2665 3782 bis
2697 3738 2804 3783 Ende
2846 3740 2912 3786 des
2943 3740 3123 3787 Winters
3172 3756 3219 3802 zu

1738 3801 1854 3858 thun.
1915 3798 2114 3858 Während
2147 3798 2205 3844 die
2228 3801 2425 3847 Cerealien
2454 3801 2498 3848 in
2520 3805 2583 3847 der
2603 3805 2716 3861 ersten
2736 3803 2874 3863 Hälfte
2898 3808 2964 3852 des
2987 3809 3219 3866 Dezembers

1737 3866 1997 3925 aufschlugen,
2045 3867 2174 3925 stockte
2200 3867 2265 3912 der
2296 3867 2471 3926 Verkauf
2510 3869 2697 3926 derselben
2740 3871 2784 3917 in
2830 3874 2892 3917 der
2922 3874 3049 3931 letzten
3082 3875 3217 3934 Woche

1738 3933 1809 3990 auf
1837 3934 1939 3978 allen
1968 3930 2155 3979 Märkten
2186 3935 2265 3979 und
2297 3934 2502 3989 besonders
2533 3935 2606 3992 auf
2633 3937 2698 3982 der
2727 3938 2972 3997 Fruchthalle
3002 3953 3048 3999 zu
3071 3941 3213 4000 Paris,

1737 4009 1795 4043 wo
1826 4001 1915 4057 trotz
1939 4001 2007 4044 des
2030 4000 2243 4058 Abschlags
2274 4001 2345 4058 fast
2365 4000 2462 4046 keine
2483 4001 2682 4060 Geschäfte
2711 4006 2879 4063 gemacht
2909 4008 3083 4052 wurden.
3138 4009 3217 4055 Die

1732 4066 1981 4124 Landwirthe
2012 4068 2153 4112 wollen
2196 4066 2270 4112 mit
2306 4067 2416 4125 ihren
2446 4068 2608 4126 Preisen
2645 4072 2735 4129 noch
2764 4071 2867 4129 nicht
2892 4074 3211 4134 heruntergehen,

1733 4132 1798 4177 bis
1830 4132 1887 4178 die
1915 4133 2124 4191 Zufuhren
2168 4134 2235 4178 des
2266 4132 2560 4193 ausländischen
2592 4136 2796 4183 Getreides
2826 4139 2874 4196 sie
2904 4140 3091 4198 nöthigen
3119 4152 3215 4187 wer¬

1732 4200 1818 4256 den,
1854 4209 1932 4244 von
1960 4199 2068 4257 ihren
2101 4199 2338 4246 übertrieben
2370 4202 2493 4259 hohen
2521 4203 2799 4263 Forderungen
2829 4206 3065 4265 abzustehen.
3129 4209 3214 4255 Ge¬

1732 4264 1951 4323 genwärtig
1979 4266 2063 4321 sind
2109 4265 2204 4312 über
2232 4267 2390 4324 26,000
2428 4269 2613 4327 metrische
2644 4271 2818 4326 Zentner
2849 4272 3032 4320 Getreide
3068 4272 3113 4320 in
3150 4275 3215 4319 der

1732 4330 1890 4390 Pariser
1917 4333 2034 4388 Halle
2064 4332 2378 4392 aufgespcichert,
2420 4341 2509 4380 was
2540 4334 2713 4395 genügt,
2756 4351 2825 4383 um
2855 4338 2912 4384 die
2941 4338 3091 4396 Käufer
3121 4349 3212 4385 vor¬

1728 4396 1854 4456 sichtig
1885 4411 1931 4455 zu
1962 4399 2133 4456 machen,
2187 4398 2255 4445 wie
2285 4401 2385 4445 denn
2414 4402 2506 4458 auch
2546 4401 2627 4447 kein
2658 4402 2799 4449 Bäcker
2830 4411 2906 4451 aus
2937 4405 3211 4462 Spekulation

1727 4462 1913 4524 einkauft.
1976 4466 2073 4512 Das
2104 4465 2219 4525 Mehl
2248 4467 2374 4526 schlug
2411 4480 2479 4514 um
2510 4468 2534 4515 1
2562 4468 2631 4515 bis
2659 4469 2687 4517 2
2715 4472 2788 4529 Fr.
2821 4471 2898 4531 ab,
2945 4471 3074 4520 indem
3116 4483 3215 4520 man
