2024 2480
183 211 267 304 N
267 228 337 267 ro
339 250 353 266 -
423 221 553 304 81.

223 547 466 594 Freytag,

71 687 194 718 Gedruckt
213 686 264 715 «Kd
277 693 304 717 ru
318 682 401 717 finden
414 681 441 711 in
455 681 498 710 der
511 681 710 716 Buchhandlung
728 681 775 707 von
793 677 905 707 Orell,
923 675 1020 710 Füßli
1039 676 1089 705 und
1107 674 1308 711 Compagnie
1326 673 1377 701 und
1389 670 1436 706 auf
1445 673 1511 702 allen
1523 669 1650 705 Schwelt.
1659 669 1827 703 Postämtern.

107 778 207 808 Türkey
226 774 377 808 (Stillstand
388 773 437 802 mit
446 774 491 800 den
503 772 653 805 Servier»).
691 770 809 803 Rußland
830 765 1016 801 (Seetreffen).
1052 768 1222 800 Deutschland
1242 766 1367 799 (Jnnhalt
1381 766 1423 792 der
1433 763 1594 793 Lonvention
1610 761 1724 794 zwischen
1734 760 1824 794 Frank¬

146 812 207 841 reich
222 813 273 837 und
288 809 413 843 Preussen.
451 807 673 841 Zusammenkunft
692 808 733 833 der
750 805 837 837 Kaiser
856 805 988 834 Napoleon
1007 804 1057 830 und
1067 803 1228 834 Alerauder).
1265 798 1405 834 Frankreich
1423 799 1570 834 (blühender
1577 796 1685 832 Zustand
1691 796 1735 824 der
1741 794 1826 824 Stadt

142 845 342 877 Mühlhausen).
383 842 502 875 Spanien
523 844 661 875 (Neuestes
681 847 726 869 von
746 840 801 867 dort
820 838 870 866 und
890 840 936 865 aus
956 837 1103 871 Portugal).

1547 874 1563 891 «v.

403 914 619 946 Turkey/

107 957 242 990 Neuerlich
263 960 303 986 las
320 964 379 985 man
392 956 426 983 im
443 953 664 990 Französischen
682 950 861 986 publLziste:
881 951 935 983 »Cs

70 1001 156 1037 heißt,
175 1000 220 1033 daß
239 999 281 1028 der
295 997 447 1031 kriegerische
464 997 608 1024 Redakteur
624 995 665 1023 der
681 991 936 1028 Preßburger-Zei-

70 1047 136 1075 tung
155 1048 203 1070 von
218 1041 260 1069 der
275 1038 518 1072 Gesireichischen
532 1036 678 1069 Regierung
694 1034 734 1062 die
746 1033 888 1064 Einladung
900 1038 938 1060 er¬

71 1084 158 1116 halten
170 1083 245 1114 habe,
268 1081 350 1114 seinen
363 1079 483 1111 täglichen
497 1077 645 1109 Schlachten
661 1076 700 1104 ein
715 1075 783 1104 Ende
800 1081 827 1105 zu
842 1073 938 1104 machen

69 1124 121 1153 und
147 1124 214 1156 seine
238 1121 389 1154 unzählbare
407 1123 515 1149 Armeen
538 1118 565 1146 in
588 1117 639 1148 ihre
655 1115 938 1148 Kantonnirungsquar-

69 1166 136 1196 tiere
151 1173 180 1197 zu
201 1164 329 1199 schicken."
368 1164 413 1189 Um
434 1160 476 1192 sich
494 1166 547 1187 nun
565 1156 734 1190 unverzüglich
752 1156 779 1184 in
795 1157 837 1184 der
856 1160 937 1183 neuen

72 1208 147 1238 Rolle
168 1206 240 1236 eines
258 1201 478 1238 Friedensstifters
501 1208 527 1230 zu
550 1200 630 1230 übe«,
659 1198 724 1231 giebt
751 1196 858 1230 derselbe
878 1198 938 1227 (von

57 1251 138 1282 ^Allen
157 1244 394 1277 Aeltungsblättern
412 1242 456 1271 der
472 1242 547 1274 erste)
564 1240 609 1268 den
624 1247 667 1268 am
678 1248 733 1277 ,27.,
747 1241 813 1271 Aug.
828 1236 939 1269 zwischen

71 1286 119 1314 den
125 1283 303 1319 Türkischen
317 1285 369 1311 und
378 1280 556 1314 Servischen
567 1284 675 1309 Armeen
687 1274 858 1312 geschlossenen
868 1277 939 1309 Waf-

71 1324 251 1364 senstillstazrd,
271 1324 317 1352 wie
337 1320 419 1356 folgt:

108 1367 184 1401 ^Se.
206 1366 329 1396 Ercellenz
352 1365 394 1391 der
414 1361 655 1394 Oberbefehlshaber
677 1361 718 1389 der
741 1358 938 1393 Großherrli¬

71 1410 142 1446 chen
156 1412 265 1439 Armee,
284 1409 318 1441 H.
335 1405 487 1436 Soliman
500 1404 632 1437 Bascha,
651 1401 702 1429 und
721 1402 763 1428 der
782 1400 940 1432 Servische

71 1449 338 1484 Oberkommandant,
365 1449 472 1480 Georg
493 1445 705 1479 petröwLtsch,
734 1442 784 1476 find
804 1442 848 1470 des
866 1441 941 1474 festen

72 1493 222 1528 Vorsatzes,
244 1491 356 1523 nachdem
375 1488 401 1516 in
419 1487 673 1522 Roristqntinopel
687 1486 756 1515 Alkes
776 1483 801 1512 in
819 1482 940 1515 Gahrung

72 1537 120 1571 ist,
140 1536 167 1565 in
186 1533 272 1569 soweit
288 1537 343 1561 erne
357 1528 503 1563 d-auerhafte
512 1527 675 1561 Waffenruhe
687 1534 716 1557 zu
728 1525 853 1558 schlkessen.
886 1525 939 1556 Fol¬

75 1579 168 1614 gendes
189 1576 239 1611 sind
254 1575 295 1603 die
309 1572 510 1605 Bedingungen:
551 1581 576 1597 1.
608 1570 653 1597 Um
668 1568 734 1600 nicht
753 1567 775 1600 so
795 1566 844 1595 viel
862 1566 941 1594 Men¬

76 1621 144 1655 schen
164 1617 346 1652 aufzuopsern,
366 1613 407 1646 soll
427 1613 469 1640 der
486 1608 704 1645 Waffenstillstand
720 1608 832 1641 zwischen
849 1606 940 1638 beyden

73 1666 186 1691 Armeen
202 1667 259 1690 von»
270 1655 390 1689 heutigen
400 1655 471 1687 Tage
489 1660 536 1683 an,
556 1653 613 1682 nach
623 1651 768 1683 Umstanden
780 1650 821 1677 der
836 1649 939 1682 Hohen

79 1698 347 1734 Dttomannischen
368 1696 497 1730 Pforte,
528 1694 575 1726 auf
591 1693 765 1726 unbestimmte
786 1688 842 1725 Iöir
861 1688 940 1722 gültig

78 1740 148 1776 seyn.
196 1750 220 1767 2.
237 1745 304 1771 Vom
328 1748 368 1774 19.
389 1745 419 1766 an
440 1736 480 1765 bis
493 1743 548 1767 zum
567 1743 610 1770 24.
629 1734 720 1767 müssen
739 1734 784 1760 alle
804 1730 941 1761 Batterien

76 1782 129 1812 und
146 1782 280 1811 Redeuten
295 1784 339 1812 der
351 1778 548 1812 bevderseitigeu
556 1779 667 1807 Armeen
683 1773 801 1804 demolirt
812 1774 881 1807 seyn.
912 1781 940 1807 5.

75 1823 133 1855 Die
145 1822 282 1855 Türkisch
293 1820 508 1856 -Raiserlichen
523 1820 572 1847 und
586 1817 763 1852 Aervischen
772 1819 880 1845 Armeen
891 1820 943 1842 ver¬

76 1867 151 1901 lassen
169 1864 421 1899 (vberbulgarie»r.
428 1860 688 1895 Abtheilungsweise,
707 1858 756 1885 und
776 1856 872 1885 werden
893 1855 944 1884 die¬

77 1910 119 1944 ses
132 1908 228 1939 Gebiet
242 1905 335 1934 binnen
358 1914 399 1940 14.
417 1905 541 1939 höchstens
559 1910 600 1936 ig.
617 1903 706 1936 Tagen
721 1902 835 1933 geräumt
855 1898 942 1929 haben.

79 1953 138 1982 Der
145 1950 256 1982 Rückzug
267 1947 308 1976 der
314 1948 423 1975 Armeen
435 1948 476 1979 sott
485 1953 525 1974 am
532 1957 576 1975 20.
588 1946 647 1978 statt
654 1945 741 1977 haben.
778 1941 830 1971 Die
839 1941 943 1973 Asiati¬

81 1990 159 2023 schen
175 1986 475 2026 Truppenabtheilungen
496 1986 640 2021 marschkren
660 1986 716 2016 nach
738 1984 942 2014 AdrLanope^,

82 2030 134 2057 und
149 2033 188 2061 die
201 2029 417 2068 Bulgarischen
440 2029 529 2059 kehre«
540 2030 598 2063 nach
610 2028 717 2062 Hause;
735 2026 775 2054 die
785 2023 943 2057 Aervische

81 2075 175 2102 Armee
195 2074 263 2105 aber,
294 2074 340 2102 mit
357 2069 488 2106 Inbegriff
502 2071 547 2098 des
565 2077 595 2101 zu
612 2067 789 2100 Salesniza.
803 2067 847 2100 bey
860 2065 943 2096 Neu-

80 2114 211 2148 Gvsova
232 2116 360 2148 stehenden
384 2106 659 2145 ObservaironScorps,
689 2109 754 2142 zieht
775 2107 816 2139 sich
837 2107 942 2141 gänzlich

76 2157 155 2187 über,
162 2155 203 2184 die
221 2156 363 2187 Morava
382 2154 470 2187 zurück.
505 2158 532 2186 4,
553 2151 616 2180 Soll
633 2152 709 2183 gleich
723 2151 780 2180 nach
796 2150 851 2179 dem
868 2149 942 2177 Rück¬

75 2207 124 2234 zug
140 2198 184 2228 der
197 2197 293 2230 beyden
308 2202 415 2228 Armeen
432 2197 474 2226 der
487 2192 597 2225 Verkehr
613 2191 728 2235 zwischen
746 2191 792 2219 den
806 2190 875 2220 dies-
894 2190 943 2218 und

74 2240 227 2276 jenseitigen
240 2239 412 2272 Unterrhanen
428 2236 520 2267 wiedor
536 2233 671 2270 hergestellt
687 2231 794 2259 werden.
830 2239 858 2263 5;
877 2232 943 2260 Ver¬

72 2282 170 2314 binden
188 2281 231 2318 sich
248 2283 302 2313 Se.
317 2280 443 2315 Creellenz
461 2280 504 2315 der
517 2280 553 2315 H.
572 2276 722 2310 Spliman
737 2273 871 2309 Dascha,
899 2274 946 2309 auf

962 908 1009 936 das
1026 909 1172 941 Verlangen
1191 907 1232 934 der
1252 905 1367 935 Nation,
1387 904 1437 931 und
1458 903 1574 934 nachdem
1592 901 1631 930 die
1640 900 1755 935 Häupter
1770 900 1824 928 der¬

963 949 1042 982 selben
1058 948 1097 981 für
1113 948 1151 977 die
1169 943 1371 978 Sicherheik'der
1384 945 1485 977 Passage
1506 945 1551 972 alle
1565 944 1648 975 Serge
1661 945 1758 974 tragen,
1771 939 1824 968 und

962 990 1000 1018 die
1017 991 1061 1021 auf
1075 990 1117 1018 der
1127 988 1292 1023 Hauptstraße
1307 994 1353 1016 von
1368 987 1458 1020 Niffa
1474 985 1515 1013 bis
1529 985 1584 1017 nach
1598 983 1736 1019 Belgrad
1749 980 1821 1013 durch

962 1032 1001 1059 die
1013 1032 1131 1062 Unruhen
1145 1029 1311 1059 vernichteten
1330 1025 1621 1059 ELnkehrwirthshanser
1637 1025 1688 1052 und
1698 1023 1825 1054 Obdächer

963 1072 1003 1105 für
1013 1073 1051 1101 die
1065 1071 1267 1104 durchziehenden
1279 1070 1527 1099 Waarenkaravanen
1538 1066 1626 1096 wieder
1635 1065 1757 1098 errichten
1767 1065 1826 1092 wol¬

964 1114 1019 1144 len,
1036 1112 1111 1146 gleich
1132 1113 1188 1145 nach
1204 1111 1269 1142 ihrer
1289 1109 1402 1140 Ankunft
1416 1116 1446 1141 zu
1468 1108 1594 1143 Sophia
1614 1108 1659 1139 bey
1674 1104 1823 1135 demDlvaü

963 1154 990 1181 in
999 1154 1251 1187 RonstaiitLnopel
1263 1150 1418 1181 vorwortlich
1435 1151 1499 1178 alles
1509 1149 1637 1183 Mögliche
1649 1147 1824 1179 anzuwenden,

964 1196 1010 1224 daß
1031 1196 1138 1227 derselbe
1158 1194 1233 1222 »vider
1252 1192 1292 1221 die
1309 1199 1355 1220 von
1369 1192 1424 1220 dem
1437 1191 1616 1226 Servisichrir
1631 1190 1699 1222 Rath
1716 1196 1758 1220 zur
1771 1189 1823 1218 Be¬

965 1236 1085 1270 streitung
1100 1233 1184 1271 Kner
1200 1233 1412 1273 manKigfalriM
1428 1235 1518 1271 Kosten
1531 1234 1588 1266 auch
1605 1229 1828 1266 geforderte^Zoll-

962 1278 1100 1308 abnahme,
1119 1278 1163 1303 der
1169 1274 1306 1309 Bslligkekr
1316 1273 1505 1307 wegen,'keiv-
1513 1272 1717 1304 Sinwendungeu
1727 1271 1826 1301 inachle,

963 1317 1013 1345 und
1028 1316 1097 1351 sohin
1108 1316 1148 1344 die
1159 1316 1202 1346 für
1209 1315 1254 1343 den
1262 1314 1444 1349 Handelsfiand
1458 1312 1632 1346 vortheilhaste
1645 1311 1744 1346 Passage
1753 1311 1824 1343 durch

965 1358 1098 1389 Servien
1112 1356 1204 1389 endlich
1215 1356 1322 1390 geöffnet
1337 1355 1427 1384 werde.
1464 1355 1505 1384 So
1517 1354 1644 1388 geschehen
1658 1351 1826 1385 zuBrakni.

1281 1396 1518 1429 Rußland.

1002 1440 1158 1475 Hamburg
1167 1451 1175 1470 ,
1195 1439 1237 1473 2Z.
1256 1439 1336 1471 Sept.
1373 1437 1427 1467 Die
1440 1437 1465 1470 so
1485 1438 1544 1466 eben
1564 1436 1687 1469 erhaltene
1702 1435 1826 1468 Peters¬

965 1481 1205 1516 burger-Zeitung
1224 1485 1280 1507 vom
1295 1487 1321 1512 5.
1338 1478 1394 1507 dies
1414 1477 1511 1512 enthält
1528 1479 1554 1507 in
1574 1477 1641 1507 einer
1659 1476 1774 1509 Deylage
1791 1476 1828 1504 ei¬

964 1529 1011 1551 nen
1027 1521 1131 1552 Bericht
1146 1522 1192 1550 des
1205 1519 1398 1554 Ministeriums
1409 1521 1450 1550 der
1461 1521 1610 1554 Seemacht,
1627 1518 1706 1547 worin
1720 1517 1756 1548 im
1766 1519 1826 1548 We¬

966 1565 1098 1597 sentlichen
1111 1564 1195 1597 gesagt
1209 1562 1289 1593 wird/
1305 1561 1352 1594 daß
1370 1561 1413 1591 der
1428 1561 1567 1596 Russische
1580 1560 1696 1591 Admiral
1709 1558 1828 1596 Chany-

964 1609 1029 1636 kow
1048 1612 1092 1634 <itn
1115 1617 1157 1633 21.
1177 1608 1242 1637 Aug.
1265 1603 1299 1633 im
1314 1603 1473 1642 Jungfern
1482 1615 1490 1630 -
1498 1603 1593 1634 Sund
1609 1602 1650 1631 die
1670 1610 1711 1637 rz.
1726 1600 1827 1632 Linien¬

966 1649 1044 1681 schiffe
1061 1647 1110 1676 und
1130 1654 1155 1680 5.
1175 1648 1312 1681 Fregatten
1329 1646 1402 1678 starke
1421 1644 1546 1677 feindliche
1563 1645 1649 1680 Flotte
1659 1660 1669 1675 ,
1696 1645 1824 1672 worunter

966 1698 992 1719 2.
1005 1688 1144 1724 englische
1163 1685 1345 1722 Liniepschiffe,
1372 1685 1493 1719 vvrfand,
1518 1687 1569 1714 und
1590 1685 1632 1718 sich
1652 1692 1693 1713 am
1716 1686 1758 1713 26.
1777 1682 1825 1712 mit

965 1730 1003 1764 ihr
1024 1730 1050 1759 in
1070 1729 1110 1759 ein
1131 1729 1232 1761 Gefecht
1248 1726 1357 1760 einließ,
1384 1734 1423 1755 am
1441 1725 1510 1756 Endi
1527 1728 1585 1759 aber
1604 1725 1734 1761 genvthkgt
1748 1725 1825 1755 ward',

966 1773 1009 1801 der
1022 1772 1179 1804 Uebermacht
1196 1777 1224 1803 zu
1244 1770 1346 1800 weichen
1358 1769 1408 1797 und
1426 1770 1484 1800 nach
1496 1769 1680 1803 B'altisport
1691 1774 1720 1800 zu
1733 1766 1824 1800 segeln,

966 1814 1048 1847 wobey
1070 1813 1116 1842 das
1137 1813 1190 1845 sehr
1210 1810 1356 1845 beschädigte
1375 1810 1531 1844 Linienschiff
1544 1810 1720 1842 wlervolod
1732 1806 1826 1838 zurück-

966 1855 1048 1887 blkeb,
1066 1854 1116 1883 und
1132 1861 1179 1883 von
1197 1853 1251 1882 dem
1265 1852 1371 1886 Feinde,
1392 1854 1448 1884 nach
1465 1852 1537 1881 einer
1546 1852 1642 1885 äußerst
1655 1848 1824 1883 hartnäckige«

966 1896 1121 1932 Gegenwehr
1140 1895 1190 1924 und
1209 1901 1269 1929 ganz
1286 1899 1341 1926 zum
1357 1894 1436 1924 Wrak
1449 1894 1609 1929 verschossen,
1639 1892 1666 1921 in
1679 1890 1769 1921 Brand
1784 1895 1828 1925 ge,

968 1940 1032 1972 steckt
1051 1937 1129 1967 ward.
1231 1949 1236 1952 -
1260 1965 1265 1970 .

1229 1978 1324 2006 Den
1344 1979 1356 2006 t
1375 1976 1391 2011 s
1405 1978 1428 2008 ch
1446 1976 1457 2007 l
1475 1983 1525 2005 an
1541 1976 1565 2004 d:

1002 2022 1131 2053 Berlin,
1149 2031 1194 2048 20.
1216 2019 1296 2052 Sept.
1333 2019 1515 2052 Vergangenen
1523 2014 1721 2050 Sonnabend^ist
1731 2014 1776 2045 der
1786 2021 1829 2050 ge¬

968 2064 1048 2096 heime
1064 2062 1215 2096 Kriegsrath
1232 2063 1275 2090 du
1293 2061 1376 2092 Bois
1391 2063 1407 2093 <
1415 2059 1687 2091 beym-Departement
1703 2056 1749 2085 der
1770 2059 1832 2086 aus¬

969 2104 1089 2140 wärtigen
1108 2101 1352 2137 Angelegenheiten)
1368 2108 1414 2130 von
1434 2098 1513 2133 seiner
1526 2098 1653 2132 Sendung
1671 2099 1728 2130 nach
1734 2098 1831 2134 Paris

968 2147 1206 2180 zurückgekommen,
1225 2144 1274 2172 und
1288 2144 1332 2176 hat
1342 2144 1386 2170 den
1400 2148 1439 2169 am
1486 2143 1551 2176 Aug.
1562 2147 1591 2172 zu
1605 2141 1701 2174 Paris
1712 2140 1828 2173 zwischen

967 2190 1018 2219 Sr.
1035 2187 1138 2220 König!.
1153 2185 1248 2221 Hoheit
1261 2186 1315 2214 dem
1329 2183 1435 2219 Prinzen
1451 2182 1600 2217 Wilhelm
1618 2187 1671 2211 von.
1686 2182 1828 2216 preussen

968 2231 1017 2259 und
1032 2231 1087 2258 dem
1099 2230 1133 2263 H.
1151 2235 1211 2258 von
1228 2227 1441 2260 Champngny,
1460 2223 1585 2258 Minister
1601 2223 1643 2253 der
1660 2222 1829 2256 auswärtige«

966 2270 1214 2307 Angelegenheiten,
1231 2265 1433 2302 abgeschroffenen
1445 2267 1561 2301 Vertrag
1580 2265 1754 2299 mitgebracht,
1774 2265 1829 2296 wet-
