4110 5551
434 609 711 676 Beilage

380 714 458 766 zu
496 698 627 756 Ne.
651 699 753 752 35

3484 639 3829 712 Samstag,

3338 729 3414 786 4.
3449 731 3756 799 Februar
3791 737 3990 794 1905

1049 572 1522 781 Neue
1617 575 2322 839 Zürcher
2417 584 3193 852 Zeitung.

193 926 203 947 4
505 891 684 942 pariser
710 892 856 943 ^rief.

787 949 933 987 Paris,
955 956 973 981 »
975 957 989 981 1
993 975 1002 983 .
1022 954 1097 988 Ja«.

193 989 206 1035 i
303 999 346 1031 H.
377 997 515 1032 Combes
540 999 579 1039 ist
603 1001 746 1042 gestürzt,
801 1001 873 1041 hieß
899 1007 934 1036 es
961 1006 1033 1045 noch
1075 1013 1134 1040 vor

212 1039 356 1081 peinigen
381 1040 505 1081 Tagen,
558 1041 632 1075 aber
656 1043 711 1075 der
736 1041 947 1079 CombismuS
989 1047 1054 1080 lebt
1098 1047 1132 1082 in

229 1080 298 1114 dem
323 1080 479 1115 Kabinett
502 1081 648 1117 Ronvier
673 1083 750 1124 fort,
781 1084 842 1119 das
867 1087 941 1127 nach
965 1089 1020 1123 der
1044 1088 1132 1123 Vor¬

230 1121 335 1163 schrift
360 1123 512 1157 CombeS'
548 1124 653 1159 keinen
678 1124 881 1165 Dissidenten
923 1131 988 1164 und
1026 1130 1134 1166 keinen

220 1163 472 1208 jProgressisten,
503 1165 608 1200 keinen
632 1168 686 1200 der
699 1167 945 1211 Republikaner,
976 1173 1025 1206 die
1049 1174 1134 1212 nicht

232 1206 319 1244 mehr
343 1215 414 1247 zum
432 1206 539 1240 Blocke
565 1210 712 1249 gehörten
739 1211 811 1244 oder
837 1212 888 1245 nie
913 1214 992 1254 dazu
1018 1216 1130 1255 gehört

219 1246 352 1296 hatten,
407 1249 571 1289 enthalten
607 1251 723 1287 durste.
778 1252 846 1287 Der
872 1255 1043 1289 Wortlaut
1080 1256 1133 1289 der

232 1287 427 1330 Erklärung,
469 1290 528 1323 mit
553 1292 607 1324 der
633 1293 693 1326 das
731 1303 806 1328 neue
831 1296 1057 1334 Ministerium
1083 1306 1134 1330 am

233 1331 288 1364 27.
319 1331 453 1367 Januar
477 1338 535 1365 vor
560 1334 621 1366 das
646 1334 837 1371 Parlament
880 1341 958 1377 trar,
1005 1341 1135 1372 änderte

231 1372 336 1413 wenig
362 1382 404 1406 an
453 1373 549 1414 dieser
574 1374 779 1419 Ausfas'ung,
832 1379 906 1413 aber
947 1380 997 1413 die
1022 1379 1133 1420 Dinge

231 1414 368 1453 nahmen
394 1414 438 1447 im
463 1415 616 1457 Verlaufe
647 1419 700 1452 der
725 1420 1133 1460 Jnterpellationsdebatte

231 1456 297 1488 und
324 1456 416 1495 durch
441 1457 500 1490 das
516 1458 838 1502 Vertrauensvotum,
869 1462 981 1495 womit
1009 1462 1051 1501 sie
1077 1462 1133 1495 ab¬

232 1495 413 1537 geschlossen
438 1500 555 1540 wurde,
598 1507 797 1537 unvermutet
835 1503 903 1536 eine
928 1504 1043 1537 andere
1069 1503 1134 1536 Ge¬

232 1538 306 1577 stalt
332 1548 386 1573 an.
423 1539 568 1575 Ronvier
594 1545 679 1580 hatte
703 1546 762 1578 den
787 1544 922 1584 Wunsch
948 1546 1023 1584 nach
1049 1545 1135 1579 einer

231 1580 472 1618 «erweiterten"
512 1584 678 1625 Mehrheit
727 1587 939 1626 ausgedrückt,
997 1588 1064 1620 und
1101 1596 1134 1621 er

230 1627 300 1654 war
325 1630 523 1657 vernommen
550 1629 695 1667 morden;
725 1629 808 1660 denn
834 1627 1041 1667 Dissidenten
1068 1630 1133 1662 und

218 1663 461 1705 'Progressisten
488 1666 630 1707 schlossen
656 1669 712 1706 sich
739 1669 803 1707 ihm
821 1678 873 1707 an.
905 1671 1057 1709 während
1084 1670 1134 1704 die

230 1705 372 1744 Lußerste
424 1707 526 1747 Linke,
582 1709 777 1751 Sozialisten
820 1712 885 1743 und
936 1710 1131 1753 sozialistisch

213 1745 398 1787 «Radikale,
446 1748 531 1782 einer
555 1749 609 1781 der
645 1751 852 1791 Stützpfeiler
877 1753 933 1785 des
958 1753 1133 1787 Kabinetts

230 1786 379 1826 Combes,
412 1789 467 1828 sich
493 1789 635 1832 grollend
662 1791 731 1832 fern
757 1793 884 1831 hielten.
939 1794 1016 1828 Das
1043 1797 1131 1834 hatte

230 1827 293 1865 sein
307 1830 463 1866 Aufreten
489 1841 582 1873 gegen
607 1834 656 1867 die
669 1834 853 1874 Angeberei,
883 1836 932 1869 die
958 1846 990 1870 er
1016 1838 1133 1872 tadelte

232 1870 295 1903 und
322 1871 551 1913 brandmarkte,
605 1874 654 1908 die
694 1876 878 1917 Angeberei,
932 1879 1025 1912 deren
1068 1879 1132 1912 Be¬

232 1911 412 1954 rechtigung
461 1921 523 1948 von
547 1916 602 1948 der
626 1917 743 1955 Partei
768 1919 899 1954 Jaurss
924 1921 1132 1956 proklamiert

231 1952 321 1992 wird,
378 1955 479 1993 ferner
505 1957 555 1990 die
581 1960 834 1994 unumwundene
860 1961 1042 2004 Erklärung
1080 1963 1131 1996 be¬

230 1995 331 2035 wirkt,
386 1997 449 2034 daß
487 2008 518 2031 er
542 2006 628 2039 zwar
668 2002 717 2034 die
757 2002 1036 2045 Entstaatlichung
1078 2005 1130 2039 der

228 2035 360 2076 Kirchen
385 2047 442 2078 zur
467 2041 642 2080 geeigneten
663 2043 795 2077 Stunde
821 2045 981 2084 anstreben
1012 2048 1124 2085 werde,

213 2078 303 2113 .aber
328 2079 384 2118 sich
401 2081 589 2121 entschieden
606 2093 699 2125 gegen
713 2085 938 2127 Maßnahmen
952 2090 1123 2126 verwahre,

228 2120 372 2159 wodurch
422 2121 471 2154 die
520 2124 826 2166 Gewissensfreiheit
889 2128 1128 2170 beeinträchtigt

229 2161 302 2193 oder
328 2161 378 2193 ein
396 2162 653 2208 Religionskrieg
679 2169 977 2208 heraufbcschmoren
1006 2173 1128 2205 werden

216 2201 353 2236 «könnte.
407 2202 489 2236 Eine
540 2206 632 2245 solche
656 2208 781 2247 Politik
818 2210 1032 2251 widerspricht
1071 2214 1129 2247 den

225 2241 393 2282 Absichten
443 2248 508 2278 und
532 2249 591 2279 den
616 2248 806 2291 Weisungen
831 2254 928 2291 derer,
983 2254 1034 2286 die
1072 2254 1129 2293 sich

228 2287 322 2317 unter
348 2286 401 2318 der
428 2286 585 2329 Führung
609 2290 750 2325 Jaurös'
781 2292 833 2331 für
859 2293 908 2326 die
925 2294 1048 2333 Herren
1074 2298 1127 2329 der

228 2325 311 2365 Lage
325 2328 469 2365 gehalten
496 2331 605 2369 hatten
620 2334 684 2366 nnd
710 2337 744 2365 es
770 2343 808 2373 zu
834 2334 956 2367 bleiben
974 2335 1124 2376 meinten,

228 2367 303 2400 weil
327 2371 387 2401 das
413 2379 490 2403 neue
513 2371 667 2407 Kabinett
708 2374 797 2416 sogar
834 2377 925 2410 einen
950 2376 1126 2411 Radikalen

227 2410 315 2449 mehr
337 2412 425 2450 zählt
450 2412 503 2445 als
527 2415 589 2446 das
613 2417 704 2456 letzte.

300 2451 379 2485 Seit
405 2453 457 2486 der
482 2454 714 2499 Gruppierung
754 2459 808 2492 der
833 2469 932 2493 neuen
959 2461 1126 2500 Mehrheit

226 2501 264 2530 zu
307 2494 373 2526 dem
399 2494 713 2532 Vertrauensvotum
763 2506 835 2534 vom
861 2502 965 2542 letzten
992 2504 1127 2546 Freitag

227 2532 362 2571 scheinen
388 2536 437 2569 die
462 2539 637 2579 verstockten
657 2541 835 2578 Combisten
861 2545 919 2577 den
946 2545 1032 2584 Kopf
1059 2552 1127 2578 ver¬

225 2574 316 2608 loren
340 2586 379 2617 zu
404 2578 514 2618 haben,
569 2580 601 2621 so
626 2582 703 2615 wild
729 2586 836 2618 wüten
878 2585 919 2623 sie
956 2595 1052 2627 gegen
1077 2588 1127 2621 die

229 2616 376 2656 früheren
404 2619 574 2660 Alocards,
606 2623 759 2658 Radikale
785 2628 849 2659 und
875 2627 1120 2667 Republikaner,

226 2657 276 2690 die
302 2660 352 2695 für
378 2661 438 2693 das
464 2662 617 2697 Kabinett
642 2666 787 2700 Ronvier
817 2667 985 2707 stimmten,
1033 2670 1126 2709 sowie

229 2708 320 2740 gegen
346 2700 396 2734 die
421 2702 586 2744 Minister,
618 2706 667 2740 die
692 2707 747 2749 sich
774 2709 857 2748 nicht
883 2710 1064 2752 blindlings
1083 2722 1124 2745 an

228 2742 287 2774 das
313 2742 508 2783 Programm
531 2747 695 2786 Combes',
741 2760 784 2783 an
825 2751 875 2784 die
915 2752 1125 2794 Reihenfolge

225 2782 279 2815 der
305 2784 476 2823 Reformen
518 2791 583 2822 und
624 2792 696 2828 auch
722 2801 764 2824 an
789 2793 839 2825 die
865 2793 934 2833 kurz
960 2794 1126 2834 bemessene

226 2824 367 2861 Spanne
379 2827 455 2867 Zeit
481 2829 597 2868 halten,
630 2832 735 2870 welche
761 2842 834 2867 man
861 2834 955 2874 ihnen
969 2836 1063 2873 dafür
1088 2845 1126 2876 zu

227 2865 404 2908 bewililgen
431 2873 553 2910 gernht.
584 2872 670 2912 Doch
685 2873 783 2913 sollen
809 2876 894 2913 schon
920 2876 999 2914 diese
1016 2877 1127 2917 Woche

226 2907 375 2948 Versuche
400 2915 536 2951 gemacht
560 2916 693 2952 werden,
746 2916 796 2950 die
821 2917 1007 2955 radikalsten
1033 2923 1127 2953 unter

224 2949 282 2982 den
310 2951 486 2990 Ministern
513 2955 564 2994 für
604 2956 655 2989 die
680 2958 1000 3000 Anschauungsweise
1042 2960 1127 2999 ihrer

226 2989 486 3032 Parteigenossen
510 3005 548 3036 zu
567 2998 740 3036 gewinnen,
774 2999 867 3038 ihnen
886 3000 1120 3043 beizubrmgen,

223 3030 286 3068 daß
314 3032 363 3072 sie,
407 3033 456 3067 die
481 3036 523 3068 im
548 3038 703 3072 Kabinett
728 3039 777 3073 die
801 3042 1125 3082 Stimmenmehrheit

225 3072 333 3112 haben,
366 3075 424 3108 den
451 3077 622 3119 Ausschlag
663 3081 757 3121 geben
798 3083 928 3121 können,
966 3092 1060 3117 wenn
1087 3085 1126 3121 sie

223 3122 287 3147 nur
312 3118 391 3153 recht
418 3118 543 3157 wollen,
591 3122 655 3154 und
681 3123 742 3158 daß
770 3128 804 3156 es
830 3125 864 3157 in
902 3124 984 3163 ihrer
1011 3127 1125 3165 Macht

222 3154 311 3197 liegt,
341 3158 497 3198 Nouvier,
536 3163 588 3194 der
614 3172 664 3196 am
690 3165 800 3198 Ruder
827 3165 949 3199 bleiben
975 3167 1056 3205 will,
1090 3168 1122 3200 in

223 3197 282 3230 den
323 3199 571 3235 Radikalismus
608 3204 914 3248 hineinzuzwängen,
961 3209 1123 3247 Chanmiä

223 3240 289 3272 und
315 3241 463 3281 Telcassä
488 3253 542 3281 zur
568 3245 744 3287 Ohnmacht
768 3257 807 3288 zu
832 3251 1044 3284 verdammen.

293 3281 348 3314 Ob
363 3282 430 3315 dies
445 3286 587 3326 gelingen
615 3291 704 3328 wird,
737 3289 774 3327 ist
800 3290 901 3330 jedoch
926 3291 994 3326 eine
1007 3294 1121 3326 andere

220 3321 337 3364 Frage.
367 3324 512 3359 Ronvier
538 3328 620 3367 weiß
645 3330 677 3365 so
702 3334 760 3370 gut
785 3332 845 3365 wie
872 3332 951 3368 seine
977 3335 1115 3376 Gegner,

221 3364 284 3401 daß
311 3367 359 3398 die
396 3366 586 3408 ansehnliche
611 3370 786 3411 Mehrheit,
842 3374 892 3407 die
934 3375 1032 3409 wider
1060 3378 1123 3409 Er¬

221 3410 344 3440 warten
371 3407 472 3446 seinen
499 3410 823 3454 Regierungsantritt
849 3416 1009 3456 begrüßte,
1040 3418 1123 3457 nicht

220 3455 332 3482 immer
356 3451 632 3491 zusammenstehcn
662 3455 752 3494 wird,
784 3458 857 3490 aber
883 3468 915 3490 er
932 3459 1014 3498 weiß
1032 3463 1116 3499 auch,

219 3488 283 3529 daß
308 3500 341 3523 er
366 3492 451 3526 einer
476 3495 658 3536 geringeren
672 3497 817 3537 Mehreit
846 3499 934 3540 sicher
950 3500 997 3541 ist,
1031 3510 1121 3535 wenn

218 3540 253 3563 er
279 3531 381 3567 seinen
406 3533 652 3577 Verheißungen
677 3541 787 3580 gemäß
827 3541 943 3581 regiert
970 3544 1035 3576 und
1064 3543 1120 3577 mit

221 3571 325 3614 kluger
351 3575 449 3611 Wahl
475 3577 524 3610 die
550 3579 721 3617 Reformen
748 3584 782 3614 in
796 3582 968 3625 Vorschlag
994 3586 1115 3626 bringt.

218 3613 283 3648 Die
301 3616 497 3657 Sozialisten
524 3619 610 3661 selbst
635 3622 703 3660 sind
730 3622 794 3659 ihm
820 3625 911 3658 dabei
938 3627 1113 3666 behüljlich,

218 3654 322 3690 indem
349 3658 390 3698 sie
416 3660 462 3693 bei
504 3660 586 3700 jeder
611 3663 825 3706 Gelegenheit,
881 3666 933 3700 als
976 3671 1062 3702 wäre
1087 3673 1120 3701 es

217 3700 451 3741 ausschließlich
500 3703 567 3743 ihre
592 3705 703 3745 Sache,
761 3708 817 3744 auf
858 3708 908 3742 die
950 3708 1120 3751 schleunige

217 3739 427 3783 Einführung
453 3744 505 3777 der
542 3745 931 3791 Wohlsahrtsmaßregeln
970 3750 1114 3793 dringen,

215 3781 310 3821 durch
334 3783 383 3817 die
408 3787 468 3818 das
495 3787 560 3820 Los
602 3789 655 3822 der
680 3789 767 3823 alten
804 3794 869 3825 und
898 3792 1028 3826 kranken
1055 3795 1117 3826 Ar-

216 3822 314 3857 beiter
340 3826 511 3865 erleichtert
554 3831 668 3864 würde.
725 3832 773 3867 In
815 3835 869 3866 der
892 3834 1043 3867 Kammer
1081 3836 1118 3875 ist

216 3866 311 3902 rhnen
361 3868 539 3910 allerdings
578 3871 627 3905 die
653 3873 831 3914 Trennung
881 3875 935 3908 der
984 3877 1117 3914 Kirchen

215 3911 288 3937 vom
315 3907 438 3941 Staate
463 3912 665 3952 Hauptsache,
713 3915 786 3946 aber
812 3915 955 3952 draußen
997 3918 1117 3959 müssen

214 3945 257 3984 sie
280 3949 399 3981 anders
425 3951 571 3989 sprechen,
626 3962 718 3988 wenn
744 3955 785 3993 sie
833 3957 922 3996 ihren
960 3959 1117 3999 Wählern

214 3990 386 4028 gegenüber
412 3991 559 4025 Liebkind
586 3995 706 4029 bleiben
732 3997 859 4037 wollen,
914 4005 985 4033 was
1035 4001 1116 4036 beim

215 4030 326 4067 Rahen
352 4031 438 4064 einer
462 4043 561 4066 neuen
586 4036 773 4078 Legislatur
797 4038 880 4079 nicht
904 4050 944 4081 zu
970 4046 1115 4083 vernach-

213 4070 345 4113 lä.sigen
371 4073 419 4112 ist.
473 4075 533 4108 Bei
560 4077 613 4109 der
637 4078 843 4121 Aufzählung
886 4081 986 4122 seines
1029 4086 1116 4123 Pro¬

213 4119 383 4153 grammes.
436 4116 493 4153 auf
516 4117 583 4150 dem
609 4118 691 4152 keine
731 4122 783 4153 der
810 4129 873 4156 von
899 4124 1038 4159 Combes
1066 4128 1114 4166 oft

1182 885 1365 921 erwähnten
1390 887 1572 922 Nummern
1595 887 1687 930 fehlt,
1727 890 1829 930 stellte
1865 890 2014 925 Rouvier
2039 891 2090 925 die

1183 926 1631 971 Wohlfahrtseinrichtungen
1656 938 1770 972 voran,
1816 933 1884 966 und
1909 932 2012 966 damit
2041 933 2090 967 be¬

1183 968 1293 1003 reitete
1318 980 1351 1004 er
1374 970 1509 1007 Jaurd»
1558 972 1623 1005 und
1648 973 1770 1007 andern
1807 973 1900 1007 einen
1925 973 2085 1014 Verdruß,

1182 1010 1237 1043 der
1262 1011 1350 1052 umso
1376 1011 1468 1049 tiefer
1493 1013 1577 1054 geht,
1607 1013 1661 1047 als
1688 1014 1839 1054 Sembat,
1881 1015 1937 1049 der
1961 1017 2091 1050 revolu¬

1184 1051 1310 1086 tionäre
1333 1053 1507 1095 Sozialist,
1560 1053 1666 1093 hierin
1703 1055 1762 1089 mit
1810 1057 1882 1091 dem
1918 1057 2091 1098 Minister¬

1183 1094 1384 1132 präsidenten
1434 1095 1686 1136 übereinstimmt
1734 1097 1801 1131 und
1826 1098 1977 1138 Aussicht
2018 1106 2092 1133 vor-

1185 1137 1306 1174 handen
1332 1136 1380 1176 ist.
1436 1137 1501 1175 daß
1525 1147 1559 1171 er
1600 1139 1667 1172 und
1709 1139 1789 1178 seine
1826 1140 2085 1182 unabhängigen,

1183 1177 1243 1210 das
1293 1176 1331 1217 ist
1355 1178 1489 1215 Jaurös
1537 1179 1620 1218 nicht
1658 1179 1873 1221 Gefolgschaft
1923 1182 2089 1222 leistenden

1184 1218 1547 1260 Gesinnungsgenossen
1595 1220 1645 1254 die
1695 1222 1861 1264 Mehrheit
1919 1224 2092 1264 verstärken

1183 1261 1319 1295 werden.
1366 1261 1419 1293 Es
1446 1260 1483 1301 ist
1509 1262 1688 1300 überhaupt
1714 1264 1795 1303 nicht
1820 1265 1968 1304 denkbar,
1999 1267 2090 1305 welch

1183 1300 1330 1340 triftigen
1356 1302 1477 1335 Grund
1504 1304 1553 1337 die
1578 1305 1775 1345 Sozialisten
1812 1307 1867 1340 der
1893 1307 1982 1342 einen
2017 1309 2090 1341 oder

1184 1345 1305 1376 andern
1330 1343 1516 1385 Observanz
1544 1347 1664 1387 hätten,
1713 1347 1768 1387 sich
1793 1358 1890 1391 gegen
1916 1350 1974 1384 den
2000 1350 2090 1389 Plan

1184 1384 1350 1418 Rouviers
1375 1386 1598 1427 aufzulehnen.
1652 1389 1707 1422 Ob
1732 1389 1782 1423 die
1818 1392 2000 1433 Trennung
2037 1393 2090 1425 der

1183 1425 1315 1464 Kirchen
1340 1435 1413 1461 vom
1439 1429 1575 1468 Staate,
1630 1430 1682 1470 für
1707 1431 1756 1464 die
1782 1434 1856 1472 noch
1898 1433 1964 1466 kein
2003 1433 2087 1472 wohl

1184 1468 1400 1507 durchdachter
1449 1470 1606 1510 Entwurf
1629 1473 1776 1513 vorliegt,
1832 1478 1935 1508 etwas
1977 1476 2085 1516 früher

1185 1511 1257 1542 oder
1284 1509 1388 1550 später
1414 1511 1556 1552 eintritt,
1605 1513 1696 1551 sollte
1721 1514 1815 1556 ihnen
1842 1516 1955 1557 füglich
1980 1517 2089 1559 gleich¬

1185 1551 1290 1592 gültig
1317 1552 1390 1592 sein,
1447 1555 1530 1593 nicht
1555 1555 1628 1588 aber
1677 1557 1727 1590 die
1752 1558 1962 1599 Anbahnung
2003 1559 2086 1592 einer

1184 1593 1326 1632 Reform,
1374 1595 1424 1628 die
1450 1596 1566 1629 Leiden
1593 1599 1658 1631 und
1684 1599 1804 1633 Armut
1848 1600 1933 1639 ihrer
1959 1601 2087 1641 Schütz¬

1184 1634 1269 1674 linge
1294 1636 1424 1672 lindert.
1456 1638 1560 1671 Wenn
1589 1639 1628 1673 sie
1654 1639 1710 1679 sich
1737 1641 1786 1679 ihr
1812 1642 1952 1680 ernstlich
1970 1644 2084 1675 wider¬

1186 1676 1298 1715 setzten.
1323 1681 1428 1712 wären
1458 1679 1497 1713 iie
1516 1679 1564 1712 bei
1583 1683 1641 1714 den
1655 1682 1783 1722 Massen
1802 1683 2081 1724 kompromittiert,

1184 1720 1248 1750 und
1275 1720 1391 1756 darauf
1440 1724 1563 1754 werden
1613 1722 1655 1762 sie
1697 1728 1730 1756 es
1779 1724 1863 1764 nicht
1906 1726 2085 1759 ankommen

1182 1759 1287 1800 lassen,
1317 1762 1421 1802 zumal
1448 1768 1482 1795 cs
1509 1764 1580 1802 doch
1606 1764 1709 1804 nichts
1734 1767 1840 1805 nützen
1857 1769 1974 1807 würde,
2012 1767 2085 1800 weil

1165 1806 1169 1811 '
1183 1802 1224 1837 sie
1249 1802 1282 1835 in
1309 1805 1360 1836 der
1411 1805 1660 1843 entscheidenden
1699 1808 1831 1841 Stunde
1882 1809 1995 1842 wieder
2036 1809 2085 1843 die

1183 1844 1348 1886 Mehrheit
1373 1852 1447 1879 von»
1474 1848 1529 1881 27.
1564 1848 1697 1884 Januar
1724 1859 1817 1891 gegen
1845 1850 1901 1891 sich
1927 1853 2048 1890 hätten.

1190 1964 1254 2012 Der
1297 1966 1548 2016 Schnlausuiris
1585 1969 1636 2011 bei
1673 1971 1730 2011 der
1768 1971 2087 2022 Rekrutenprüfung.

1238 2028 1254 2044 "
1273 2027 1319 2061 In
1338 2031 1386 2057 der
1398 2030 1587 2064 Verordnung
1598 2032 1666 2060 über
1685 2033 1726 2060 die
1737 2032 1914 2067 Aushebung
1927 2035 1975 2063 der
1991 2035 2086 2066 Wehr¬

1182 2066 1343 2101 pflichtigen,
1363 2067 1408 2095 die
1427 2069 1476 2096 der
1496 2069 1661 2098 BuirdcSrat
1680 2078 1728 2098 am
1754 2074 1780 2099 1.
1800 2071 1870 2099 Mai
1885 2075 1958 2099 1903
1977 2080 2032 2100 neu
2051 2080 2090 2100 er¬

1181 2103 1266 2135 lassen
1287 2104 1342 2137 bat,
1369 2105 1402 2132 ifl
1425 2105 1455 2133 in
1476 2107 1493 2139 8
1513 2109 1530 2133 7
1565 2107 1594 2134 in
1622 2106 1715 2140 Ziffer
1745 2108 1804 2136 drei
1836 2112 1887 2137 des
1919 2110 2089 2141 Abschnittes

1181 2142 1247 2169 über
1266 2141 1309 2170 die
1328 2143 1522 2176 pädagogische
1543 2144 1680 2176 Prüfung
1701 2146 1838 2180 verlangt,
1858 2147 1915 2179 daß
1934 2146 2008 2180 jcver
2032 2148 2085 2175 Ne-

1180 2178 1240 2206 fuit
1259 2180 1308 2207 der
1326 2181 1541 2213 pädagogischen
1551 2182 1741 2215 Kommission
1752 2184 1804 2212 mit
1818 2190 1880 2212 dem
1901 2186 2090 2219 auSgefüllten

1180 2217 1404 2250 Dienstbüchlciu
1423 2220 1490 2252 auch
1524 2220 1602 2247 einen
1635 2222 1779 2252 amtlichen
1800 2222 1991 2251 Ausweis
2024 2225 2090 2251 über

1180 2254 1222 2281 die
1240 2255 1330 2287 zuletzt
1351 2257 1468 2288 besuchte
1488 2257 1655 2292 Schule,
1682 2261 1709 2286 d.
1729 2260 1754 2286 b.
1775 2259 1818 2287 die
1838 2260 1954 2291 Scbule,
1986 2261 2031 2288 die
2060 2268 2091 2288 er

1179 2292 1218 2318 im
1238 2292 1326 2324 letzten
1348 2293 1426 2325 Jahr
1458 2295 1545 2326 seiner
1575 2296 1798 2329 obligatorischen
1830 2297 2013 2330 Schulpflicht
2048 2299 2090 2325 be¬

1181 2329 1249 2359 sucht
1269 2331 1324 2363 hat,
1344 2333 1528 2364 vorzuweisen
1548 2333 1623 2363 habe.
1664 2334 1720 2362 Die
1740 2334 1967 2368 obligatorischen
1982 2337 2086 2369 Schul-

1180 2368 1442 2401 abgangszeugnisse
1461 2369 1566 2397 können
1590 2370 1639 2399 als
1659 2371 1872 2406 Ausweis,
1908 2373 1959 2401 ,vie
1990 2382 2019 2402 er
2053 2377 2088 2402 da

1180 2404 1316 2437 gefordert
1334 2408 1415 2440 wird,
1435 2407 1542 2436 dienen.

1236 2443 1280 2470 Es
1301 2445 1395 2475 scheint
1418 2452 1490 2480 nun,
1522 2447 1579 2477 daß
1610 2446 1654 2474 die
1675 2447 1870 2482 Beibringung
1904 2450 1986 2479 dieser
2007 2451 2083 2478 Aus¬

1180 2481 1256 2512 weise
1275 2483 1313 2509 da
1331 2488 1391 2509 uuo
1412 2483 1475 2511 dort
1494 2485 1558 2513 noch
1581 2484 1819 2519 Schwierigkeiten
1841 2487 1967 2515 bereitet:
1989 2489 2088 2521 wenig¬

1183 2519 1255 2550 stens
1275 2526 1371 2548 wurde
1392 2521 1433 2548 bei
1454 2522 1502 2549 der
1520 2521 1724 2556 Rekrutierung
1744 2524 1783 2550 im
1805 2526 1896 2557 letzten
1910 2525 2008 2557 Herbst
2028 2526 2085 2557 fest-

1179 2557 1288 2590 gestellt,
1311 2558 1363 2589 daß
1383 2558 1456 2589 nicht
1469 2560 1577 2587 überall
1588 2559 1671 2593 dieser
1682 2561 1847 2595 Forderung
1869 2563 1899 2590 in
1918 2565 2089 2596 genügender

1179 2593 1266 2624 Weise
1285 2596 1442 2628 nachgelebt
1472 2603 1570 2624 wurde
1590 2601 1648 2625 und
1681 2598 1736 2629 daß
1755 2599 1785 2625 in
1817 2600 1957 2633 einzelnen
1976 2601 2082 2629 Rekru-

1178 2632 1405 2665 tiernngSkreisen
1415 2633 1458 2660 die
1468 2634 1544 2666 Zahl
1565 2637 1611 2662 der
1634 2635 1952 2670 SteUungspflichligett,
1973 2639 2015 2666 die
2038 2639 2084 2671 sich

1178 2670 1244 2699 ohne
1287 2670 1374 2699 diesen
1396 2671 1616 2702 SchulauswekS
1655 2673 1810 2708 cinfanden,
1845 2675 1891 2702 bis
1912 2679 1947 2702 46
1968 2682 2026 2704 nnd
2047 2679 2082 2702 48

1178 2707 1297 2740 Prozent
1315 2709 1361 2736 der
1382 2709 1686 2744 Gcsamtrekrutenzahl
1707 2714 1754 2738 des
1775 2711 1958 2744 betreffenden
1971 2714 2081 2744 Kreises

1178 2746 1345 2777 ausmachte.
1383 2747 1442 2775 Die
1477 2747 1651 2780 angestcllran
1671 2748 1857 2783 Erhebungen
1878 2751 1938 2782 sind
1970 2752 2084 2780 tabella¬

1176 2784 1239 2815 risch
1259 2784 1519 2816 zusammengestrllt
1548 2788 1606 2812 und
1640 2788 1692 2814 den
1712 2787 1763 2814 mit
1800 2790 1848 2815 der
1881 2788 2083 2821 Rekrutierung

1177 2828 1234 2848 und
1248 2821 1325 2850 ihren
1335 2822 1519 2850 Vorarbeiten
1533 2823 1722 2856 beschäftigten
1732 2824 1871 2856 Organen
1881 2833 1931 2859 zur
1941 2829 2079 2855 Kenntnis

1178 2859 1301 2891 gebracht
1319 2864 1444 2887 worden.
1463 2859 1509 2887 Es
1528 2861 1601 2887 wird
1621 2862 1663 2888 die
1677 2861 1852 2895 Erwartung
1863 2864 2086 2898 ausgesprochen,

1180 2897 1234 2926 daß
1255 2895 1351 2927 fortan
1370 2900 1422 2924 mit
1453 2898 1537 2925 allein
1557 2897 1712 2926 Nachdruck
1731 2898 1817 2930 dafür
1850 2901 1958 2933 gesorgt
1991 2908 2086 2934 werde,

1177 2934 1232 2965 daß
1265 2935 1314 2962 der
1330 2935 1500 2968 Forderung
1534 2939 1581 2963 der
1613 2935 1809 2970 Beibringung
1843 2939 1894 2965 des
1926 2939 2086 2970 Schulaus-

1179 2971 1271 3002 wcises
1290 2971 1400 2999 überall
1418 2972 1508 3005 Folge
1528 2975 1642 3005 gegeben
1663 2980 1760 3001 werde.
1799 2974 1901 3007 Dieses
1920 2976 1982 3009 Ziel
2016 2978 2098 3015 n>h£.

1178 3009 1276 3041 freilich
1296 3011 1365 3042 nicht
1398 3012 1487 3038 damit
1506 3012 1622 3044 erreicht,
1655 3013 1719 3045 daß,
1751 3012 1803 3041 wie
1836 3017 1867 3041 es
1888 3014 1917 3041 in
1950 3015 2086 3049 einzelnen

1178 3049 1323 3076 Kantone»
1345 3049 1523 3077 Vorkommen
1547 3049 1606 3080 soll,
1627 3049 1676 3081 für
1698 3051 1819 3082 fehlende
1840 3052 1984 3086 Ausweise
2004 3053 2086 3086 große

1177 3085 1300 3113 Straieir
1319 3087 1474 3119 angeoroht
1504 3092 1564 3114 und
1584 3090 1662 3115 dann
1697 3088 1767 3118 nicht
1787 3090 1929 3123 vollzogen
1961 3094 2088 3122 werden;

1176 3123 1219 3150 ein
1239 3122 1370 3151 kleineres
1391 3124 1551 3156 Strafmaß
1572 3125 1625 3152 mit
1650 3126 1843 3159 konsequenter
1863 3128 2084 3162 Durchführung

1176 3161 1248 3187 wäre
1268 3162 1329 3189 weit
1372 3162 1542 3192 wirksamer.
1581 3163 1718 3195 Fehlende
1750 3164 1981 3196 Schnlausweise
2013 3168 2080 3199 sind,

1175 3205 1252 3225 wenn
1272 3198 1350 3231 nötig
1368 3200 1573 3232 zwangsweise,
1593 3200 1784 3234 einzufordern
1804 3207 1863 3230 nnd
1891 3204 2083 3237 nachträglich,

1175 3236 1239 3262 auch
1260 3243 1340 3263 wenn
1360 3237 1404 3263 die
1417 3237 1623 3271 Rekrutierung
1637 3239 1834 3271 abgeschlossei«
1854 3240 1896 3273 ist,
1919 3246 1978 3269 dem
2000 3243 2085 3274 päda¬

1173 3273 1310 3305 gogischen
1328 3273 1534 3307 Obcrexpcrten
1553 3276 1740 3308 einzulieiern,
1762 3279 1808 3305 der
1828 3278 1865 3308 sie
1899 3278 1941 3306 bei
1961 3283 2009 3307 der
2043 3284 2083 3307 ta¬

1175 3311 1345 3343 bellarischen
1364 3311 1660 3347 Zusammenstellung
1680 3314 1744 3346 noch
1766 3315 1981 3349 berücksichtigen
2003 3317 2081 3351 wird,

1174 3348 1262 3379 sofern
1282 3348 1317 3380 sie
1335 3349 1482 3383 recht,eitig
1502 3350 1654 3382 eintrcsien.

1211 3385 1274 3414 Wir
1293 3390 1375 3418 geben
1396 3390 1454 3414 aus
1474 3393 1521 3415 der
1545 3388 1660 3417 Tabelle
1680 3390 1852 3422 nachstehend
1874 3392 1961 3424 einige
1973 3394 2085 3427 Zahlen

1172 3430 1230 3451 und
1248 3424 1348 3452 wolle»
1358 3432 1416 3452 nur
1427 3426 1574 3456 bemerken,
1587 3426 1643 3458 daß
1664 3434 1720 3454 von
1729 3434 1779 3455 den
1792 3431 1829 3455 78
1840 3429 2076 3464 RekrmicrnngS-

1173 3461 1277 3493 kreisen,
1298 3463 1327 3490 ln
1347 3463 1442 3493 welche
1470 3463 1512 3491 die
1533 3463 1657 3498 Swweiz
1670 3465 1807 3498 «ingeteilt
1827 3467 1870 3499 ist,
1894 3468 1926 3495 17
1941 3468 2081 3497 keinen

1173 3499 1374 3528 Rekruten
1396 3502 1494 3532 ohne
1514 3502 1719 3532 SchulauSwei
1728 3519 1735 3527 -
1749 3511 1782 3536 zu
1806 3506 1971 3537 verzeichnen
1983 3507 2079 3537 haben.

1173 3537 1217 3564 ES
1236 3538 1296 3567 sind
1310 3539 1362 3566 das
1383 3539 1430 3566 der
1451 3541 1478 3567 7.
1497 3540 1583 3567 Kreis
1603 3548 1659 3569 von
1671 3542 1748 3569 Bern
1760 3542 2083 3578 (Münsingen-Biglen-

1174 3575 1261 3603 Worb
1281 3577 1336 3610 r:.),
1375 3578 1429 3604 das
1450 3585 1534 3611 ganze
1552 3578 1654 3606 Gebiet
1673 3586 1728 3607 von
1761 3579 1848 3613 Bern,
1888 3583 1942 3609 das
1963 3589 2011 3615 zur
2032 3584 2082 3610 IV.

1172 3612 1305 3643 Division
1323 3614 1418 3647 gehört
1449 3615 1521 3647 (vier
1541 3615 1658 3650 Kreise),
1692 3617 1751 3650 Uri,
1773 3617 1900 3652 GlaruS,
1933 3619 2081 3653 Appenzell

1172 3650 1285 3683 A.-RH.,
1306 3652 1399 3682 Kreise
1417 3656 1444 3685 4,
1467 3656 1484 3679 5
1495 3657 1553 3681 und
1575 3656 1592 3679 6
1611 3661 1668 3682 von
1689 3656 1740 3683 St.
1752 3655 1868 3690 Gallen,
1889 3659 1916 3685 d.
1930 3657 1956 3688 h.
1967 3657 2082 3686 Gaiter-

1171 3688 1247 3722 land,
1269 3688 1419 3720 Wallensee
1441 3690 1487 3718 bis
1508 3691 1614 3725 Ragaz,
1636 3692 1770 3723 Rheimal
1792 3700 1850 3722 und
1871 3694 2082 3734 Toggenburg;

1170 3727 1246 3754 dann
1267 3731 1320 3755 das
1341 3729 1530 3761 bürrdnerische
1550 3730 1792 3763 Borverrheintal.
1827 3732 1870 3760 die
1889 3734 2080 3765 aargauischen

1169 3764 1264 3797 Kreise
1283 3767 1301 3792 6
1320 3772 1379 3793 und
1400 3768 1427 3799 7,
1459 3767 1487 3795 d.
1507 3768 1534 3797 h.
1553 3767 1681 3802 Fricktal,
1715 3769 1857 3804 Bötzbcrg,
1891 3775 1987 3800 untere
2006 3772 2081 3799 Aare

1169 3807 1227 3829 und
1258 3802 1358 3837 Rhein,
1392 3804 1440 3831 der
1458 3804 1575 3833 Kanton
1607 3805 1746 3840 Thurgau
1781 3807 1852 3841 (vrei
1883 3808 1999 3842 Kreise).
2037 3809 2080 3837 ES

1170 3839 1261 3869 scheint
1282 3841 1342 3871 also
1361 3843 1433 3871 nicht
1453 3843 1608 3874 außerhalb
1629 3847 1679 3872 deS
1701 3844 2028 3880 MögllchkeitSbereichcS
2047 3855 2080 3882 zu

1169 3873 1264 3907 liegen,
1284 3874 1352 3906 diese
1372 3875 1517 3907 Ausweise
1539 3877 1742 3912 beizubringen.

1224 3912 1286 3945 Für
1324 3912 1366 3940 die
1386 3914 1438 3941 VI.
1460 3913 1594 3945 Division
1623 3915 1685 3946 sind
1724 3916 1767 3944 die
1786 3916 1899 3951 Zahleir
1932 3918 2079 3953 folgende:

1165 3948 1280 3977 Kamon
1300 3950 1506 3984 Schaffhausen
1533 3955 1587 3978 311
1607 3952 1756 3986 Rekruten,
1791 3955 1914 3986 fehlende
1934 3956 2079 3989 Ausweise

1173 3989 1206 4013 14
1219 4005 1252 4010 —
1264 3990 1311 4020 4,5
1330 3988 1472 4023 Prozent;
1490 3990 1606 4018 Kanton
1616 3990 1727 4023 Zürich,
1747 3992 1832 4021 Kreis
1843 3996 1860 4019 2
1880 3994 2006 4027 (Bezirke
2019 3995 2078 4022 An-

1167 4024 1306 4058 delfingen
1325 4027 1383 4054 und
1405 4026 1597 4058 Winterthur)
1631 4031 1684 4055 681
1706 4030 1852 4062 Rekruten.
1888 4034 1923 4058 10
1956 4031 2078 4064 fehlende

1167 4062 1312 4095 Ausweise
1322 4067 1413 4096 —1,5
1449 4064 1590 4100 Prozent;
1621 4067 1707 4096 Kreis
1728 4070 1775 4100 3/5
1808 4069 1935 4102 (Bezirke
1967 4069 2077 4102 Bülach

1166 4100 1328 4136 DielSoorf,
1357 4102 1503 4134 Zlffoltcrn
1524 4105 1584 4132 und
1602 4104 1706 4138 Zürich
1725 4106 1819 4140 Land)
1852 4110 1917 4140 625,
1951 4110 1996 4141 48,
2032 4110 2077 4141 7,7

1165 4137 1305 4173 Prozent;
1337 4140 1424 4168 Kreis
1444 4144 1462 4167 4
1490 4142 1611 4176 (Bezirke
1644 4143 1730 4178 Uster,
1764 4144 1921 4179 Pfäffikon,
1953 4146 2077 4180 Hinwil)

2142 896 2207 927 475.
2228 898 2274 928 11.
2302 899 2350 928 2.3
2369 896 2509 931 Prozent;
2538 897 2626 926 Kreis
2638 901 2655 925 6
2687 898 2796 933 (Bezirk
2813 899 2917 933 Zürich
2944 900 3050 936 Stadt)

2144 936 2226 967 lvo7,
2247 936 2293 968 51,
2306 937 2351 966 5.1
2363 934 2502 969 Prozent;
2520 935 2606 964 Kreis
2626 938 2643 962 7
2654 937 2780 971 (Bezirke
2790 936 2911 972 Meilen,
2922 930 3048 974 Horgenj

2142 974 2205 1002 489,
2226 975 2271 1003 27,
2293 975 2338 1005 5,5
2358 973 2487 1006 Prozent.

2178 1008 2244 1037 Viel
2264 1009 2357 1043 Mühe
2375 1012 2428 1044 gab
2448 1018 2515 1039 nrair
2536 1012 2585 1044 sich
2604 1012 2644 1040 im
2663 1014 2777 1042 Kanton
2789 1014 2875 1048 Bern,
2894 1015 2938 1043 die
2951 1017 3047 1048 größte

2140 1045 2323 1080 Prozentzahl
2361 1047 2435 1080 weist
2472 1048 2520 1077 der
2538 1049 2624 1078 Kreis
2662 1055 2679 1078 8
2698 1052 2747 1079 der
2784 1054 2824 1082 II.
2844 1053 2978 1084 Division
2997 1050 3049 1083 auf

2139 1083 2297 1116 (Münster.
2316 1085 2467 1117 DelSberg,
2487 1086 2605 1117 Laufen)
2625 1089 2676 1117 mit
2695 1092 2759 1121 226,
2783 1092 2828 1124 17,
2848 1094 2893 1125 5,9
2915 1092 3047 1126 Prozent»

2141 1121 2220 1148 Bern
2240 1121 2333 1150 Stadt
2352 1123 2400 1155 hat
2429 1125 2493 1155 489,
2513 1126 2559 1156 14,
2591 1127 2637 1156 2,9
2658 1126 2778 1160 Prozent
2795 1135 2830 1161 zu
2859 1130 3046 1165 verzeichnen;

2140 1157 2196 1186 das
2206 1158 2357 1187 Oberland
2368 1160 2442 1191 weist
2453 1163 2497 1192 1,8
2508 1162 2567 1189 und
2576 1165 2621 1195 3,2
2632 1162 2751 1197 Prozent
2769 1165 2892 1197 fehlende
2902 1168 3048 1201 Ausweise

2140 1196 2201 1228 auf.
2241 1196 2298 1225 Die
2318 1197 2382 1229 fünf
2401 1197 2492 1227 Kreise
2522 1206 2579 1227 von
2599 1199 2700 1234 Luzern
2733 1203 2869 1237 verzekgen
2900 1207 2957 1239 7.6,
2989 1211 3006 1233 5
3008 1227 3016 1241 ,
3019 1211 3035 1233 9
3036 1227 3045 1240 ,

2141 1236 2187 1266 10,
2208 1236 2272 1267 13,5
2292 1236 2350 1262 und
2369 1237 2388 1261 7
2407 1235 2535 1269 Prozent,
2576 1236 2693 1271 Schwyz
2726 1240 2757 1266 in
2784 1241 2838 1268 den
2868 1242 2970 1271 inner,,
2988 1245 3043 1272 De-

2140 1271 2227 1305 zirken
2258 1274 2321 1303 12,2
2341 1273 2468 1307 Prozent,
2502 1274 2604 1306 äußere
2637 1275 2744 1309 Bezirke
2776 1281 2793 1303 4
2815 1278 2943 1313 Prozent,
2983 1281 3045 1309 Ob-

2141 1310 2251 1338 walden
2273 1312 2317 1344 5,7
2338 1311 2466 1344 Prozent,
2493 1313 2664 1341 Nidwalden
2698 1317 2733 1340 15
2753 1314 2884 1351 Prozent,
2916 1317 2982 1351 Zug
3002 1322 3047 1349 3.2

2140 1346 2270 1381 Prozent,
2300 1347 2438 1382 Freiburg
2458 1351 2503 1381 4,2
2537 1353 2596 1378 und
2632 1353 2675 1384 1,3
2708 1352 2839 1386 Prozent.
2879 1355 3046 1388 Solothurn

2140 1387 2188 1417 3.6
2217 1385 2347 1420 Prozent,
2377 1387 2535 1418 Baselstadt
2570 1391 2633 1421 10,6
2653 1390 2782 1424 Prozent,
2817 1392 2970 1422 Baselland
3004 1398 3048 1428 3,4

2143 1423 2272 1456 Pro,ent,
2307 1424 2507 1456 Jnnerrhoden
2540 1429 2586 1459 1,8
2619 1425 2748 1461 Prozent,
2788 1428 2840 1458 St.
2863 1430 2969 1459 Gallen
2999 1432 3048 1460 der

2140 1460 2223 1489 Kreis
2243 1462 2295 1489 mit
2315 1466 2362 1490 der
2381 1462 2474 1491 Stadt
2492 1466 2557 1494 874,
2572 1467 2618 1494 65.
2639 1467 2683 1498 7,4
2694 1466 2824 1500 Prozent,
2845 1468 3044 1497 Graubünden

2141 1500 2187 1527 der
2211 1500 2296 1527 Kreis
2329 1501 2382 1528 mit
2401 1501 2481 1531 Chur
2512 1504 2576 1534 178,
2597 1504 2641 1535 23,
2665 1506 2697 1529 13
2718 1504 2857 1539 Prozent;
2890 1506 3044 1539 Prätigan-

2139 1535 2373 1570 Untcrrheinthal,
2394 1539 2498 1567 DaooS
2521 1542 2566 1571 1,3
2587 1540 2725 1574 Prozent;
2745 1541 2931 1576 Landwaffer,
2955 1544 3048 1573 Ober¬

2138 1574 2280 1608 halbstein,
2334 1576 2467 1608 Engadin
2524 1581 2584 1604 und
2641 1578 2780 1610 Pillchlav
2832 1583 2894 1612 332.
2938 1585 2951 1607 1
2955 1602 2962 1614 ,
3002 1586 3049 1613 0.4

2138 1612 2268 1646 Prozent.
2313 1613 2368 1645 Im
2389 1614 2501 1642 Kanton
2542 1615 2659 1649 Aargau
2696 1617 2785 1650 zeigen
2825 1619 2866 1646 die
2885 1620 2978 1651 Kreise
2996 1621 3049 1648 mit

2139 1651 2283 1683 fehlenden
2303 1652 2466 1684 Ausweisen
2486 1654 2701 1688 Prozentzahlen
2741 1657 2792 1684 wie
2814 1660 2857 1688 3.9
2873 1666 2881 1690 ;
2900 1661 2918 1683 3
2930 1661 2967 1692 5;
2988 1662 3047 1695 1,7;

2141 1692 2204 1722 1,5;
2224 1693 2280 1721 8,6.
2320 1691 2390 1719 Nun
2415 1693 2479 1720 aber
2499 1693 2625 1720 kommen
2645 1694 2696 1722 wir
2716 1694 2745 1721 in
2766 1694 2808 1722 die
2824 1695 2972 1728 Gegenden
2984 1698 3047 1725 wel¬

2138 1727 2206 1758 scher
2215 1728 2323 1762 Zunge,
2344 1730 2379 1756 da
2392 1729 2494 1758 kommt
2513 1737 2583 1758 man
2593 1733 2649 1759 auS
2668 1734 2719 1759 den
2734 1733 2919 1767 zweistelligen
2932 1734 3042 1767 Zahlen

2137 1766 2206 1796 nicht
2226 1767 2338 1796 heraus.
2378 1766 2492 1796 Tessin:
2526 1768 2619 1796 Sotto
2652 1769 2753 1797 Ccnere
2787 1773 2841 1797 280
2843 1792 2849 1802 .
2885 1775 2947 1803 128,
2982 1775 3045 1805 45,7

2138 1803 2276 1837 Prozent;
2298 1804 2401 1836 Sopra
2422 1805 2525 1834 Cenere
2546 1811 2605 1833 und
2620 1806 2783 1840 Maggiatal
2805 1811 2869 1841 307,
2892 1813 2954 1842 127,
2978 1814 3042 1843 41,4

2140 1840 2280 1873 Prozent;
2301 1841 2447 1870 Leventina
2467 1844 2519 1871 mit
2538 1845 2708 1876 Hauptstadt
2729 1849 2786 1874 nnd
2806 1851 2869 1875 was
2888 1849 2953 1879 noch
2974 1850 3043 1882 dazu

2138 1880 2231 1912 gehört
2251 1882 2315 1912 294,
2339 1883 2401 1912 188,
2421 1884 2484 1912 46,9
2505 1882 2634 1914 Prozent.
2673 1883 2795 1912 Waadt:
2818 1886 2855 1913 La
2869 1886 2950 1919 Este,
2965 1885 3045 1919 Jura

2137 1918 2183 1945 bis
2202 1917 2284 1946 Orbe
2303 1920 2367 1950 731,
2388 1922 2431 1950 88,
2455 1921 2490 1946 12
2503 1920 2644 1953 Prorent;
2662 1921 2760 1953 Jorat,
2776 1922 2932 1955 EchallenS,
2947 1923 3042 1956 Broye

2138 1957 2201 1986 728,
2223 1958 2269 1987 80,
2292 1958 2325 1982 11
2346 1957 2484 1990 Prozent;
2505 1957 2545 1985 La
2567 1958 2651 1991 Vaux
2669 1960 2722 1987 mit
2732 1960 2885 1995 Lausanne,
2910 1962 3037 1989 Ormont

2138 1991 2221 2025 PayS
2255 1994 2316 2022 d'en
2345 1995 2412 2026 haut
2445 1998 2508 2028 992,
2543 1997 2607 2029 230,
2641 1999 2703 2029 23,2
2738 1997 2867 2031 Prozent.
2919 1999 3026 2027 WalliS

2138 2030 2321 2060 UttterwalliS
2350 2035 2411 2064 16,7
2445 2032 2586 2066 Prozent:
2624 2033 2869 2069 Sion-Martign»
2903 2040 2967 2069 231,
3000 2042 3046 2066 47:

2139 2070 2202 2099 20.3
2222 2070 2363 2103 Prozent;
2384 2070 2492 2098 SiverS
2511 2072 2570 2098 und
2590 2071 2705 2103 südliche
2725 2073 2900 2102 Seitentäler
2913 2078 2979 2108 211,
2999 2080 3045 2110 79,

2139 2108 2202 2137 37.4
2236 2107 2376 2141 Prozent;
2408 2107 2586 2136 OderwaNiS
2624 2112 2686 2142 262,
2722 2112 2784 2143 127,
2820 2115 2882 2145 48,4
2916 2113 3045 2148 Prozent.

2139 2143 2309 2179 Neuenbürg
2337 2146 2450 2179 verzeigt
2471 2148 2533 2180 11,9
2555 2146 2614 2174 und
2648 2150 2681 2173 15
2701 2148 2841 2182 Prozent;
2871 2150 2948 2178 Genf
2982 2154 3045 2186 46,2

2139 2182 2268 2215 Prozent.

2196 2222 2298 2253 Gewiß
2318 2224 2377 2251 sind
2398 2223 2465 2251 viele
2485 2225 2533 2252 der
2552 2224 2661 2257 Zahlen
2682 2226 2756 2257 leicht
2777 2227 2926 2260 erklärlich.
2954 2228 3044 2257 Näm¬

2141 2259 2190 2288 lich
2209 2260 2246 2292 so,
2267 2261 2324 2292 daß
2343 2261 2373 2288 in
2392 2262 2442 2288 den
2462 2262 2597 2294 größeren
2611 2262 2736 2291 Städten
2755 2264 2810 2291 mit
2829 2265 2901 2293 einer
2920 2268 2977 2293 aus
2996 2268 3044 2295 der

2138 2304 2240 2331 ganzen
2274 2298 2398 2332 Schweiz
2429 2299 2767 2333 zusammengewürfelten
2788 2302 2981 2337 Bevölkerung
3015 2308 3044 2333 eS

2140 2336 2194 2363 viel
2215 2336 2340 2367 schwerer
2360 2337 2429 2369 hält,
2450 2344 2506 2365 von
2527 2339 2579 2365 den
2600 2338 2701 2371 jungen
2722 2339 2831 2374 Leuten,
2851 2341 2892 2368 die
2913 2341 2942 2373 ja
2963 2346 3043 2370 unter

2140 2374 2227 2402 keiner
2246 2374 2369 2406 Aussicht
2399 2375 2475 2402 mehr
2495 2376 2592 2409 stehen,
2625 2376 2667 2404 die
2687 2376 2881 2411 Beibringung
2901 2380 2950 2407 des
2966 2380 3045 2409 Aus¬

2139 2412 2234 2439 weises
2253 2412 2357 2444 strenge
2384 2420 2417 2446 zu
2449 2413 2572 2442 fordern.
2611 2414 2661 2443 Da
2681 2415 2751 2443 wird
2764 2418 2796 2442 es
2829 2417 2930 2445 immer
2962 2418 3044 2451 solche

2141 2450 2232 2483 geben,
2251 2450 2294 2477 die
2315 2451 2363 2480 sich
2383 2452 2484 2478 darum
2505 2452 2593 2481 nichts
2609 2452 2757 2480 kümmern.
2796 2453 2872 2483 Aber
2891 2456 2939 2483 der
2959 2456 2987 2484 in
3002 2458 3043 2484 bi«

2139 2486 2238 2517 Augen
2252 2487 2369 2517 fallende
2380 2488 2549 2521 Unterschied
2569 2489 2691 2523 zwischen
2703 2491 2807 2519 deutsch
2821 2498 2879 2520 und
2894 2494 2986 2524 welsch
3008 2495 3040 2525 ist

2137 2531 2170 2558 zu
2191 2525 2267 2557 stark,
2294 2527 2343 2554 als
2362 2526 2416 2557 daß
2436 2533 2504 2554 ,nan
2522 2527 2593 2555 nickt
2624 2528 2675 2558 auf
2706 2528 2757 2556 den
2779 2529 2926 2558 Gedanken
2956 2531 3039 2566 käme,

2137 2566 2166 2590 eS
2188 2563 2271 2593 rühre
2290 2563 2357 2594 diese
2377 2563 2503 2595 Tatsache
2536 2566 2629 2592 davon
2649 2566 2701 2599 her,
2737 2566 2792 2596 daß
2828 2568 2909 2598 solche
2929 2569 3040 2600 Sachen

2136 2606 2191 2627 von
2209 2602 2262 2627 den
2282 2600 2430 2628 Romanen
2457 2602 2521 2633 doch
2542 2605 2630 2630 etwas
2648 2611 2680 2636 zu
2700 2603 2873 2636 gleichgültig
2894 2606 3039 2635 behandelt

2135 2638 2251 2666 werden.
2290 2638 2346 2666 Die
2367 2638 2510 2670 Behörden
2544 2643 2651 2668 ivcrdcn
2683 2641 2711 2672 ja
2732 2642 2880 2676 versuche»,
2915 2643 3038 2676 Abhülfe

2133 2682 2165 2707 zu
2187 2675 2307 2707 schaffen,
2341 2676 2405 2703 aber
2443 2677 2532 2705 damit
2572 2677 2605 2706 ist
2643 2679 2711 2709 nicht
2743 2679 2815 2706 alle«
2852 2684 2943 2713 getan.
2981 2682 3038 2711 Die

2133 2713 2269 2745 einzelnen
2289 2714 2396 2741 müssen
2414 2713 2524 2742 woll-m.
2583 2715 2645 2742 Und
2664 2718 2741 2743 dann
2760 2717 2833 2745 wird
2852 2725 2920 2746 man
2941 2721 3039 2748 ander¬

2133 2750 2224 2777 wärts
2243 2752 2309 2779 eben
2329 2751 2395 2783 auch
2413 2752 2456 2779 die
2475 2752 2610 2780 Antwort
2628 2754 2760 2784 erhallen.
2780 2757 2813 2781 «8
2832 2755 2949 2783 könnten
2969 2757 3040 2785 keine

2135 2786 2364 2819 SchulauSweise
2394 2790 2545 2822 abgegeben
2565 2791 2680 2824 werden,
2713 2798 2800 2819 wenn
2827 2794 2876 2820 der
2895 2794 3000 2823 Rekrut
3020 2796 3040 2826 s.

2137 2824 2173 2856 Z.
2192 2826 2235 2852 die
2269 2826 2472 2859 obligatorische
2492 2827 2599 2855 Schule
2620 2827 2686 2859 nicht
2719 2829 2764 2856 bis
2785 2835 2818 2861 zu
2837 2830 2917 2857 Ende
2949 2833 3040 2862 absol¬

2136 2862 2205 2889 viert
2226 2863 2301 2890 habe.
2340 2864 2415 2895 Auch
2434 2865 2470 2892 da
2491 2868 2599 2892 werden
2619 2864 2660 2893 die
2680 2866 2829 2898 Behörden
2849 2867 2944 2896 fortan
2956 2871 3041 2903 wach-

2137 2898 2195 2932 san«
2218 2899 2272 2932 sein
2292 2900 2409 2933 müssen.

2393 2972 2788 3032 Kantone.

2496 3046 2655 3086 Zürich.

2192 3093 2239 3118 oh.
2274 3090 2331 3119 Am
2352 3092 2538 3124 Donnerstag
2559 3092 2628 3123 fand
2646 3093 2676 3121 in
2694 3094 2798 3126 Zürich
2819 3095 2876 3123 eine
2896 3096 3039 3125 kanto¬

2136 3128 2228 3156 nale
2246 3128 2273 3160 H
2285 3136 2297 3155 e
2309 3130 2325 3155 b
2337 3137 2353 3156 a
2364 3137 2392 3156 m
2403 3137 2432 3156 m
2443 3137 2455 3156 e
2466 3136 2485 3156 n
2497 3137 2514 3156 v
2525 3137 2538 3156 e
2548 3137 2563 3157 r
2576 3130 2586 3161 s
2596 3137 2612 3156 a
2626 3137 2653 3158 m
2664 3139 2690 3158 m
2705 3133 2714 3158 I
2727 3139 2746 3159 u
2756 3139 2776 3159 n
2786 3139 2803 3163 g
2818 3133 2889 3165 statt,
2905 3134 2946 3161 die
2960 3134 3039 3162 einen

2136 3173 2191 3194 von
2223 3166 2274 3193 den
2307 3166 2482 3197 Doistänken
2516 3168 2566 3195 deS
2595 3167 2832 3201 Schweizerischen
2852 3172 3038 3204 Hebaminen-

2136 3205 2243 3232 vereinS
2263 3205 2321 3232 und
2341 3206 2388 3232 der
2407 3204 2527 3233 Sektion
2547 3205 2649 3237 Zürich
2683 3207 2872 3236 vereinbarten
2900 3209 3038 3243 Entwurf

2137 3241 2185 3271 für
2216 3242 2273 3270 eine
2304 3249 2372 3272 neue
2403 3243 2662 3273 zürcherische
2682 3244 2962 3280 Taxordnung
2982 3249 3038 3276 ein¬

2136 3279 2257 3312 stimmig
2277 3280 2451 3313 gutgebeißen
2472 3280 2528 3312 hat.
2550 3281 2608 3308 Bis
2619 3281 2672 3314 jetzt
2684 3283 2794 3312 bestand
2810 3285 2866 3312 eine
2881 3286 3037 3314 Miniinal-

2135 3320 2193 3351 taxe
2214 3325 2269 3345 von
2291 3319 2325 3349 15
2345 3319 2402 3350 Fr.,
2423 3318 2464 3345 die
2483 3319 2601 3352 zugleich
2621 3320 2669 3347 als
2689 3321 2857 3355 Armentaxe
2877 3324 2947 3355 galt.
2970 3324 3035 3352 AuS

2134 3355 2186 3383 den
2205 3355 2442 3389 Verhandlungen
2462 3357 2509 3384 der
2529 3356 2750 3391 Versammlung
2772 3359 2857 3394 ist.zll
2877 3361 3033 3395 erwähnen,

2135 3394 2189 3425 daß
2210 3394 2249 3420 im
2282 3393 2395 3421 Kanton
2417 3393 2492 3422 Bern
2524 3395 2568 3422 die
2601 3395 2774 3426 Hebammen
2806 3397 2945 3431 berechtigt
2966 3399 3035 3433 stnd,

2133 3432 2246 3457 20—50
2265 3430 2314 3464 Fr.
2336 3432 2383 3459 für
2400 3432 2440 3459 di«
2461 3431 2579 3464 Leitung
2597 3433 2671 3461 einer
2689 3434 2804 3462 Geburt
2824 3436 2882 3463 und
2898 3439 2951 3461 i—
2954 3439 2972 3462 3
2985 3439 3034 3469 Fr.

2134 3467 2181 3498 für
2213 3470 2313 3497 andere
2343 3469 2572 3502 Hilfeleistungen
2593 3477 2626 3503 z,l
2646 3472 2816 3505 verlangen;
2847 3473 2887 3501 im
2920 3474 3035 3503 Kanton

2133 3505 2291 3538 Baselstadt
2325 3507 2425 3540 bezahlt
2457 3508 2499 3536 die
2519 3508 2745 3538 Armcnbehörve
2768 3512 2801 3535 18
2823 3511 2872 3544 Fr.
2893 3514 2952 3539 und
2974 3519 3033 3541 ver¬

2133 3544 2235 3576 langen
2254 3544 2296 3572 die
2314 3546 2485 3579 Hebammen
2504 3548 2618 3572 20—50
2637 3547 2686 3581 Fr.
2721 3550 2779 3575 und
2813 3549 2888 3579 mehr
2921 3550 2970 3582 für
2989 3551 3033 3578 die

2133 3580 2251 3615 Leitung
2271 3583 2345 3611 einer
2365 3583 2495 3616 Geburt;
2533 3583 2572 3611 im
2592 3585 2706 3613 Kanton
2727 3585 2781 3614 St.
2801 3585 2907 3615 Gallen
2928 3592 3036 3616 werden

2133 3621 2244 3646 12—20
2264 3620 2314 3654 Fr.
2336 3620 2383 3650 für
2403 3621 2443 3648 die
2463 3620 2580 3653 Leitung
2605 3622 2677 3651 einer
2695 3622 2809 3651 Geburt
2842 3625 2900 3652 und
2921 3627 2957 3652 50
2976 3625 3034 3658 Rp.

2131 3657 2176 3685 bis
2197 3661 2214 3684 3
2235 3658 2285 3690 Fr.
2318 3659 2366 3691 für
2397 3665 2493 3687 andere
2526 3659 2758 3692 Hilfeleistungen
2791 3663 2928 3696 verlangt.
2978 3663 3035 3692 Die

2129 3695 2319 3728 zürcherischen
2338 3696 2507 3728 Hebaniinc»
2529 3697 2679 3729 verlangen
2699 3706 2760 3726 nun
2780 3700 2846 3731 nach
2877 3701 2935 3728 drei
2955 3701 3034 3733 Rich¬

2131 3736 2234 3766 tungen
2264 3733 2312 3764 hin
2344 3735 2386 3761 di«
2414 3734 2546 3766 Revision
2567 3737 2615 3762 der
2633 3735 2845 3771 Taxordnung:
2880 3738 3034 3772 Erhöhung

2129 3770 2177 3798 der
2216 3770 2306 3804 Taxe,
2352 3771 2534 3806 Einführung
2572 3773 2623 3800 deS
2660 3775 2947 3809 ForderungSrechteS
2986 3779 3035 3805 der

2128 3807 2282 3842 Hebamme
2314 3810 2371 3837 und
2397 3809 2563 3843 Anpassung
2582 3812 2632 3838 deS
2650 3813 2803 3844 Honorars
2823 3821 2861 3841 an
2881 3816 2935 3841 das
2956 3814 3033 3846 Maß

2128 3845 2176 3874 der
2204 3847 2377 3879 geforderten
2405 3847 2636 3881 Dienstleistung.
2673 3850 2731 3878 Sie
2751 3850 2901 3884 verlangen
2920 3854 3033 3879 20—25

2132 3882 2258 3916 Franken
2292 3884 2340 3916 für
2371 3885 2413 3912 die
2433 3885 2549 3920 Leltllng
2582 3893 2640 3914 von
2659 3887 2805 3916 Geburten
2838 3889 2879 3917 bei
2900 3889 3033 3918 Minder¬

2129 3921 2304 3954 bemittelten,
2326 3922 2437 3955 30—50
2450 3922 2501 3955 Fr.
2522 3924 2564 3951 bei
2585 3924 2823 3957 Bessersttuierten
2843 3932 2909 3955 oder
2927 3927 2978 3959 für
2991 3928 3033 3956 die

2127 3958 2242 3992 Leitung
2276 3959 2400 3992 schwerer
2432 3965 2490 3988 und
2511 3961 2738 3994 langdauernder
2758 3963 2913 3997 Geburten,
2948 3965 3030 3996 sowie

2127 3998 2208 4024 I—5t
2222 3996 2271 4028 Fr.
2292 3996 2340 4028 für
2360 3998 2457 4026 andere
2477 3999 2719 4034 Hülfeleistungen
2738 4000 2763 4034 je
2783 4002 2848 4034 nach
2869 4004 2950 4030 deren
2965 4001 3028 4036 Art,

2126 4035 2177 4062 den
2203 4034 2404 4066 ökonomischen
2424 4035 2633 4069 Verhältnissen
2666 4038 2724 4066 und
2757 4039 2884 4072 darnach,
2919 4040 2954 4067 ob
2975 4040 3033 4072 ihre

2125 4071 2202 4104 Hilfe
2235 4079 2285 4105 zur
2317 4072 2423 4105 Tages-
2453 4079 2517 4102 oder
2549 4081 2600 4107 zur
2619 4074 2755 4109 Nachtzeit
2787 4078 2918 4110 verlangt
2949 4077 3032 4106 wird.

2125 4108 2183 4137 Sie
2201 4109 2361 4142 begründen
2380 4110 2448 4139 diese
2467 4112 2669 4146 Forderungen
2688 4114 2742 4141 inkt
2761 4115 2824 4142 dem
2833 4114 2964 4146 Hinweis
2977 4116 3030 4143 auf

2124 4147 2166 4175 die
2199 4147 2481 4180 Verantwortlichkeit
2515 4152 2575 4178 und
2607 4150 2650 4179 die
2682 4151 2958 4185 Beschwerlichkeiten
2977 4154 3028 4181 des

3100 902 3396 940 Hebammenberufes,
3430 908 3481 935 auf
3499 909 3543 937 die
3574 911 3744 946 gesteigerten
3763 912 4000 948 Anforderungen

3099 948 3138 969 an
3157 942 3200 970 die
3218 942 3378 977 Kenntniffe
3396 946 3445 973 der
3463 945 3616 978 Hebamme
3644 954 3701 978 und
3729 950 3772 979 die
3793 951 3841 984 feit
3860 952 3923 981 dem
3942 952 3998 981 B«.

3098 978 3186 1011 stehen
3205 980 3253 1009 der
3272 980 3378 1015 jetzigen
3398 982 3593 1017 Taxordnung
3613 986 3785 1020 eingetretene
3800 989 3997 1024 Verteuerung

3097 1017 3145 1045 der
3164 1017 3396 1053 Lebenshaltung.
3437 1020 3498 1049 Der
3530 1022 3696 1057 einstimmig
3727 1026 3894 1060 genehmigte
3924 1027 3994 1056 Ent¬

3097 1056 3174 1084 wurf
3193 1056 3243 1090 für
3260 1056 3303 1085 die
3321 1063 3391 1086 neue
3418 1058 3611 1094 Taxordnung
3643 1061 3695 1094 soll
3725 1063 3778 1091 mit
3809 1063 3884 1092 einer
3914 1064 3997 1093 motk-

3096 1092 3200 1122 vierten
3219 1094 3344 1129 Eingabe
3377 1096 3427 1124 der
3458 1097 3634 1131 zuständigen
3662 1099 3787 1133 Behörde
3821 1102 3997 1131 unterbreitet

3095 1134 3213 1161 werden.

3150 1169 3208 1198 Ein
3240 1171 3362 1201 weiterer
3394 1172 3531 1206 Beschluß
3563 1174 3611 1202 der
3640 1174 3860 1210 Versammlung
3892 1176 3997 1209 betrifft

3094 1206 3150 1235 das
3168 1208 3200 1237 S
3210 1208 3236 1241 ch
3247 1216 3262 1236 r
3273 1208 3288 1237 ö
3298 1217 3316 1242 p
3328 1210 3341 1242 f
3349 1218 3368 1241 p
3378 1217 3395 1238 a
3406 1213 3418 1239 t
3427 1218 3440 1238 e
3450 1218 3471 1238 n
3479 1213 3511 1246 t;
3529 1214 3561 1240 es
3580 1213 3677 1241 wurde
3690 1212 3861 1244 Beschwerde
3874 1214 3998 1243 darüber

3094 1245 3213 1280 gekührt,
3244 1247 3300 1278 daß
3332 1248 3420 1280 dieses
3438 1248 3544 1280 Patent
3575 1250 3630 1278 alle
3659 1250 3725 1284 zwei
3742 1250 3833 1283 Jahre
3851 1251 3905 1280 mit
3922 1252 3997 1281 einer

3096 1282 3364 1318 Gebührenzahlung
3382 1291 3509 1315 erneuert
3528 1289 3638 1316 werden
3657 1288 3753 1322 müffe,
3773 1289 3832 1317 und
3852 1292 3883 1317 e3
3897 1292 3994 1318 wurde

3096 1319 3259 1353 beschlossen,
3278 1322 3322 1349 ein
3342 1323 3446 1355 Gesuch
3467 1332 3517 1352 um
3536 1325 3716 1360 Beseitigung
3735 1326 3819 1357 dieser
3832 1326 3993 1358 Gebühren-

3097 1357 3273 1389 stcuerpstlcht
3291 1359 3333 1387 bei
3352 1362 3404 1388 den
3433 1361 3609 1397 zuständigen
3629 1363 3775 1397 Behörden
3804 1364 3985 1399 einzureichen

3098 1394 3159 1423 Der
3179 1395 3392 1430 Schweizerische
3410 1399 3673 1431 Hebammeuoereiu
3691 1401 3775 1434 strebt
3794 1401 3902 1434 sodann
3917 1402 3993 1435 schon

3098 1431 3144 1463 seit
3163 1432 3273 1465 Jahren
3291 1434 3334 1463 die
3353 1435 3759 1473 Vereinheitlichung
3790 1441 3859 1468 der
3890 1440 3993 1472 Heb¬

3097 1476 3217 1498 amme
3227 1478 3246 1498 n
3257 1472 3273 1499 b
3283 1471 3292 1498 i
3303 1472 3314 1499 l
3325 1473 3342 1500 d
3354 1480 3374 1500 n
3384 1480 3403 1500 n
3414 1481 3432 1506 g
3451 1481 3496 1505 a»,
3517 1476 3575 1503 und
3595 1479 3626 1503 «S
3644 1476 3731 1509 haben
3751 1477 3915 1510 bekanntlich
3926 1477 3990 1510 auch

3098 1507 3139 1535 die
3159 1508 3251 1541 Aerzte
3272 1509 3338 1537 über
3356 1510 3400 1537 die
3419 1511 3587 1546 betreffende,
3609 1513 3647 1541 im
3666 1514 3814 1542 Derember
3836 1519 3906 1542 1901
3928 1518 3990 1544 dem

3099 1545 3276 1574 Bundesrate
3294 1548 3444 1581 zugestellte
3455 1549 3580 1580 Petition
3602 1550 3695 1582 seither
3715 1552 3801 1580 ösierS
3820 1553 3989 1585 verhandelt,

3097 1583 3163 1612 Den
3177 1584 3348 1615 Hebanrmen
3362 1586 3395 1617 ist
3401 1593 3461 1613 nun
3480 1586 3509 1614 in
3522 1587 3606 1617 dieser
3619 1587 3828 1622 Angelegenheit
3840 1591 3991 1623 mitgeteilt

3098 1623 3218 1656 worden,
3251 1623 3306 1653 daß
3339 1631 3395 1652 von
3429 1624 3584 1656 sämtlichen
3608 1625 3919 1660 KantonSregierungen
3939 1628 3989 1656 Er¬

3097 1660 3237 1693 hebungen
3257 1661 3323 1689 über
3342 1663 3394 1689 den
3414 1663 3632 1695 gegenwärtige»
3642 1663 3740 1692 Stanv
3753 1665 3799 1691 der
3808 1665 3991 1697 Hebammen-

3097 1699 3279 1731 auSbilvung,
3301 1699 3350 1727 wie
3372 1700 3436 1732 auch
3457 1700 3524 1728 über
3542 1703 3642 1728 andere
3662 1703 3716 1729 das
3733 1702 3993 1735 Hebammenwesen

3097 1735 3261 1768 berührende
3280 1735 3389 1766 Punkte
3408 1738 3527 1770 gemacht
3546 1740 3670 1773 würden,
3700 1739 3729 1771 so
3749 1739 3804 1771 daß
3824 1739 3855 1768 in
3875 1740 3993 1772 nächster

3096 1772 3157 1805 Zeit
3189 1774 3245 1801 eine
3276 1774 3429 1808 Konferenz
3462 1782 3517 1804 von
3550 1776 3706 1805 Vertretern
3738 1777 3786 1805 der
3824 1777 3991 1807 kantonalen

3097 1810 3402 1840 SanilätSdirektionen
3421 1812 3464 1840 die
3483 1813 3583 1841 Mittel
3612 1815 3669 1842 und
3690 1814 3770 1848 Wege
3792 1815 3840 1845 für
3859 1816 3916 1843 eine
3936 1816 3992 1843 «in»

3097 1848 3239 1879 hcillichere
3258 1849 3427 1883 Gestaltung
3447 1851 3494 1878 der
3525 1851 3873 1885 HebammenanSdildung
3894 1853 3924 1880 in
3945 1853 3993 1882 der

3096 1885 3218 1919 Schweiz
3238 1888 3347 1915 beraten
3368 1891 3464 1916 werde.

3457 1927 3643 1969 Aargau.

3151 1967 3222 1999 Herr
3255 1969 3294 1995 alt
3314 1968 3487 1999 Oberrichter
3514 1970 3571 1997 Dr.
3603 1969 3728 2004 Samuel
3760 1972 3871 2004 Frey,
3903 1971 3992 2002 dessen

3095 2004 3157 2032 Tod
3178 2006 3230 2033 wir
3249 2005 3348 2033 bereits
3369 2006 3431 2039 kurz
3449 2007 3580 2039 gemeldet
3612 2007 3707 2041 haben,
3739 2015 3800 2036 war
3829 2008 3870 2036 im
3895 2008 3989 2041 Jahre

3097 2045 3169 2069 1820
3188 2043 3312 2076 geboren.
3351 2043 3395 2072 Er
3416 2045 3530 2076 begann,
3550 2045 3678 2073 nachdem
3698 2053 3727 2073 er
3747 2046 3787 2073 im
3806 2045 3899 2078 Jahr«
3919 2048 3993 2072 1843

3095 2080 3143 2107 als
3162 2081 3350 2113 aargauischer
3369 2081 3580 2112 Rechtsanwalt
3599 2083 3744 2114 patentiert
3762 2087 3883 2116 worden,
3905 2083 3994 2113 sofort

3094 2118 3151 2145 eine
3171 2119 3315 2152 glänzende
3335 2118 3491 2150 Laufbahn.
3512 2120 3610 2150 Schon
3632 2120 3671 2148 im
3691 2120 3781 2153 Jahre
3804 2123 3876 2148 1846
3897 2124 3994 2149 wurde

3094 2163 3124 2183 er
3143 2158 3190 2184 alS
3209 2156 3360 2188 Präsident
3385 2157 3416 2184 in
3442 2158 3495 2185 das
3516 2158 3727 2192 Bezirksgericht
3757 2159 3846 2187 Kulm
3879 2159 3993 2189 berufen

3094 2196 3152 2221 nnd
3173 2194 3211 2221 im
3232 2194 3321 2226 Jahre
3342 2198 3415 2222 1852
3445 2195 3530 2228 folgte
3565 2196 3606 2223 die
3631 2195 3717 2229 Wahl
3736 2197 3784 2224 ins
3804 2196 3991 2230 Oberqericht.

3095 2232 3138 2259 Er
3156 2232 3263 2265 gehörte
3280 2232 3364 2263 dieser
3384 2233 3505 2262 obersten
3525 2234 3701 2264 richterlichen
3721 2234 3848 2266 Behörde
3869 2236 3914 2262 bis
3927 2241 3991 2268 zum

3094 2269 3184 2302 Jahre
3206 2273 3276 2297 1899
3296 2278 3349 2303 an;
3369 2278 3425 2298 von
3447 2273 3631 2298 1866—1885
3645 2279 3704 2300 war
3715 2280 3744 2300 er
3755 2272 3991 2304 ununterbrochen

3095 2307 3251 2338 Präsident.
3289 2308 3350 2340 Auf
3378 2310 3430 2336 den
3450 2311 3476 2337 I.
3496 2309 3614 2341 Januar
3636 2312 3706 2337 1900
3735 2311 3820 2339 nahm
3841 2311 3914 2343 Herr
3934 2310 3991 2339 Dr.

3094 2346 3175 2378 Frey,
3194 2347 3242 2373 der
3261 2347 3400 2377 nunmehr
3431 2346 3462 2373 in
3493 2347 3593 2378 seinem
3623 2349 3669 2376 80.
3689 2347 3872 2380 Lebensjahre
3904 2348 3991 2381 stand,

3095 2383 3183 2413 seinen
3203 2384 3337 2416 Abschied,
3371 2391 3422 2411 unr
3452 2384 3501 2415 sich
3521 2385 3550 2412 in
3570 2385 3622 2412 den
3650 2386 3880 2417 wohlverdienten
3899 2385 3994 2417 Ruhe¬

3094 2422 3173 2451 stand
3191 2422 3413 2454 zurückzuziehen.
3433 2421 3481 2450 An
3501 2424 3549 2450 der
3569 2422 3676 2453 Politik
3695 2424 3768 2454 hatte
3788 2423 3836 2454 sich
3850 2423 3907 2451 Dr.
3917 2423 3992 2457 Frey

3092 2465 3147 2486 nur
3166 2460 3214 2487 als
3234 2458 3369 2490 Mitglied
3388 2462 3437 2487 der
3457 2459 3705 2493 Verlaffungsräte
3738 2468 3794 2488 von
3829 2463 3900 2488 1852
3931 2461 3990 2488 und

3094 2498 3214 2530 1884/85
3235 2496 3370 2531 beteiligt;
3399 2505 3428 2525 er
3447 2498 3519 2530 halte
3538 2498 3617 2526 dabei
3647 2498 3807 2529 besonderen
3827 2498 3923 2526 Anteil
3952 2505 3991 2527 an

3091 2535 3141 2561 den
3174 2537 3225 2562 das
3246 2534 3433 2563 Rechtswescn
3464 2535 3644 2568 betreffenden
3676 2536 3915 2568 Verhandlungen
3947 2543 3991 2569 ge¬

3089 2578 3228 2600 nommen.
3267 2572 3358 2606 Lange
3383 2572 3474 2605 Jahre
3509 2574 3639 2604 hindurch
3672 2581 3733 2602 war
3752 2581 3781 2601 er
3801 2573 3909 2605 Präses
3942 2574 3993 2602 der

3090 2609 3332 2642 obergerichtlichen
3353 2610 3542 2640 Kommission
3564 2611 3612 2641 für
3632 2610 3674 2639 die
3693 2611 3830 2645 Prüfung
3851 2617 3909 2639 und
3930 2610 3991 2643 Pa¬

3087 2646 3241 2679 tentierung
3272 2649 3320 2674 der
3352 2648 3545 2681 aargauischen
3579 2648 3710 2677 Anwälte
3741 2651 3800 2676 und
3833 2650 3931 2677 konnte
3959 2648 3991 2677 in

3089 2684 3173 2715 dieser
3192 2685 3284 2712 Stelle
3304 2684 3419 2716 Proben
3440 2686 3527 2715 seines
3558 2686 3746 2715 LebrtalenteS
3777 2686 3901 2720 oblegen,
3934 2687 3989 2714 daS

3088 2721 3135 2750 ibn
3166 2723 3323 2755 zusanimen
3343 2723 3396 2750 mit
3416 2723 3514 2754 seinem
3540 2723 3705 2757 juristischen
3726 2724 3832 2756 Wiffen
3851 2724 3916 2754 nach
3936 2725 3990 2752 den

3090 2758 3319 2792 Versicherungen
3339 2760 3425 2791 seiner
3443 2761 3641 2791 akademischen
3661 2762 3759 2791 Lehrer
3777 2764 3849 2795 dazu
3868 2762 3991 2795 befähigt

3093 2796 3174 2830 hätte,
3193 2796 3235 2824 die
3269 2797 3446 2829 akademische
3476 2798 3627 2828 Laufbahn
3656 2800 3865 2832 rinzuschlogen.
3902 2799 3990 2827 Ueber

3091 2833 3148 2861 Dr.
3168 2834 3258 2867 Freys
3279 2834 3416 2868 Tätigkeit
3430 2836 3477 2863 als
3498 2836 3674 2865 Oberrichter
3694 2837 3803 2869 schreibt
3815 2839 3870 2865 das
3883 2836 3989 2870 „Aarg.

3092 2871 3185 2904 Tagbl
3198 2872 3232 2900 ":
3272 2872 3379 2905 „Seine
3407 2873 3699 2908 Ilrteilseröffnungen
3728 2878 3843 2902 wurden
3862 2882 3918 2902 von
3939 2875 3990 2902 den

3091 2909 3218 2937 Richtern
3250 2910 3307 2937 und
3340 2910 3492 2938 Anwälten
3522 2911 3565 2940 oft
3591 2912 3638 2939 als
3670 2912 3740 2944 feine
3771 2917 3830 2940 und
3850 2911 3990 2944 praktisch«

3091 2946 3432 2982 Pandektenvorlesiuigen
3450 2948 3567 2983 erklärt;
3587 2948 3694 2982 Gajus,
3706 2950 3819 2981 Illpian,
3834 2950 3987 2984 Papinian,

3091 2984 3208 3013 Paulus
3228 2989 3285 3012 und
3306 2986 3358 3013 wie
3378 2987 3420 3013 die
3440 2987 3604 3018 berühmten
3615 2986 3762 3018 römischen
3783 2987 3914 3019 Juristen
3934 2987 3988 3015 alle

3090 3021 3191 3055 heißen,
3212 3029 3305 3050 waren
3335 3023 3377 3050 die
3398 3023 3551 3051 Vorbilder
3570 3024 3684 3055 unseres
3704 3025 3898 3059 Präsidenten,
3929 3025 3988 3053 und

3088 3059 3145 3086 eine
3163 3060 3330 3093 zweimalige
3350 3061 3430 3092 Reise
3462 3062 3526 3091 nach
3565 3062 3675 3093 Italien
3709 3062 3810 3095 verlieh
3843 3063 3900 3093 ihm
3933 3063 3987 3090 daS

3088 3097 3188 3130 völlige
3207 3097 3394 3128 Verständnis
3423 3098 3471 3125 kür
3503 3101 3558 3126 das
3589 3100 3645 3127 alte
3676 3099 3803 3129 römische
3823 3099 3921 3134 Recht;
3949 3106 3987 3129 au

3086 3135 3170 3167 Hand
3190 3136 3238 3162 der
3257 3136 3395 3166 deutschen
3421 3136 3701 3168 Rechtswissenschaft
3732 3137 3857 3167 verstand
3887 3145 3916 3165 er
3946 3140 3985 3171 eS,

3088 3172 3130 3199 die
3151 3171 3383 3202 fundamentalen
3403 3173 3566 3206 RechtSsätze
3601 3176 3648 3202 des
3668 3175 3926 3207 Pandektenrechtes
3947 3175 3987 3204 im

3089 3215 3237 3238 modernen
3259 3210 3436 3243 RechrSleben
3457 3211 3677 3245 fruchtbringend
3698 3212 3909 3246 anzuwenden."

3461 3302 3608 3350 Sport.

3142 3357 3468 3390 Radfahrsport.
3508 3360 3645 3390 Sonntag
3666 3361 3714 3392 für
3738 3360 3876 3393 Sonntag
3907 3360 3988 3388 bietet

3085 3394 3139 3422 das
3158 3395 3328 3424 Völodrome
3348 3396 3462 3430 d'Hiver
3480 3396 3532 3424 den
3555 3397 3689 3428 Parisern
3722 3398 3893 3426 Radrennen
3926 3398 3985 3426 und

3084 3433 3171 3464 inacht
3189 3433 3243 3465 fast
3262 3433 3327 3466 stets
3345 3434 3391 3461 ein
3424 3433 3515 3462 volles
3542 3435 3637 3468 Haus,
3677 3435 3756 3467 selbst
3793 3443 3875 3463 wenn
3913 3436 3986 3464 keine

3084 3470 3243 3503 Leistungen
3263 3472 3309 3499 der
3328 3471 3495 3504 Extraklasse
3514 3480 3547 3505 zu
3580 3473 3747 3500 bewundern
3776 3473 3846 3505 stnd.
3886 3473 3984 3501 Merk¬

3084 3508 3192 3542 würdig
3211 3509 3244 3541 ist
3264 3515 3327 3541 nur,
3347 3510 3403 3541 daß
3414 3509 3537 3542 stetsfort
3552 3510 3603 3537 mit
3613 3512 3673 3538 dem
3685 3511 3796 3538 Namen
3807 3511 3981 3544 JacquelinS

3083 3546 3213 3574 Reklame
3238 3547 3356 3580 gemacht
3387 3547 3467 3580 wird,
3508 3548 3618 3579 obschon
3646 3548 3810 3581 gewöhnlich
3841 3549 3904 3581 statt
3934 3551 3984 3576 deS

3084 3584 3268 3618 prophezeiten
3286 3586 3380 3616 r6veil
3400 3586 3440 3612 du
3460 3586 3522 3613 lion
3542 3586 3586 3612 ein
3606 3585 3748 3619 klägliches
3778 3586 3919 3620 Verlagen
3950 3592 3983 3621 zu

3082 3622 3249 3655 registrieren
3269 3622 3362 3650 bleibt.
3402 3622 3522 3651 Seinem
3554 3623 3649 3654 Match
3683 3631 3763 3657 gegen
3795 3625 3847 3652 den
3878 3625 3984 3657 junge«

3083 3660 3212 3691 Poulain
3232 3661 3347 3688 wurden
3367 3668 3415 3688 am
3435 3661 3524 3694 letzten
3545 3661 3683 3696 Sonntag
3703 3663 3784 3695 sogar
3813 3662 3877 3692 fünf
3897 3662 3958 3690 S3u
3959 3662 3970 3682 F
3969 3668 3985 3691 e

3083 3698 3312 3731 untergeschoben,
3334 3698 3465 3728 wöhrend
3485 3699 3526 3726 bei
3547 3699 3662 3731 befferen
3689 3699 3790 3728 Leute»!
3822 3700 3895 3731 sonst
3926 3699 3985 3729 drei

3083 3735 3131 3763 für
3149 3737 3289 3769 genügend
3314 3737 3414 3770 gelten.
3453 3736 3606 3770 Jacquelin
3639 3737 3686 3769 hat
3717 3738 3782 3770 zwei
3813 3738 3907 3766 davon
3940 3745 3984 3771 ge¬

3082 3780 3208 3808 wonnen,
3229 3776 3280 3801 den
3299 3775 3378 3802 einen
3407 3774 3488 3806 durch
3521 3775 3681 3806 abgefeimte
3713 3775 3809 3803 Taktik
3840 3776 3912 3809 (nur
3942 3775 3985 3804 im

3082 3810 3119 3838 Ei
3126 3810 3220 3840 sinnen
3240 3818 3323 3840 neuer
3342 3813 3401 3839 und
3420 3812 3461 3840 im
3479 3813 3647 3845 AuSführen
3667 3813 3739 3841 alter
3761 3813 3855 3846 Kniffe
3887 3814 3922 3846 ist
3953 3820 3985 3842 er

3081 3848 3146 3879 noch
3166 3849 3350 3883 Chainpion),
3383 3851 3435 3877 den
3467 3855 3573 3878 andern
3606 3851 3687 3881 durch
3719 3851 3905 3885 augenfällige
3925 3851 3980 3879 Be¬

3081 3885 3236 3920 hinderung
3256 3889 3305 3914 des
3326 3887 3464 3921 Gegners,
3484 3890 3531 3916 der
3551 3888 3600 3919 sich
3619 3888 3768 3919 aufrichtcn
3794 3889 3898 3922 mußte,
3931 3895 3983 3916 um

3081 3923 3150 3954 nicht
3169 3931 3202 3958 zu
3222 3924 3334 3958 stürzen.
3373 3925 3424 3953 Da
3443 3925 3485 3952 die
3505 3925 3563 3953 drei
3582 3931 3686 3954 andern
3705 3925 3792 3955 Läufe
3802 3933 3839 3954 an
3851 3926 3981 3957 Poulain

3080 3961 3172 3996 fielen,
3192 3962 3238 3995 hat
3257 3962 3339 3994 dieser
3359 3962 3401 3990 die
3431 3962 3630 3994 Meisterschaft
3658 3970 3713 3991 von
3745 3963 3905 3996 Frankreich
3937 3971 3980 3998 ge¬

3082 4006 3208 4034 wonnen,
3230 4000 3277 4031 für
3296 3999 3338 4028 die
3359 4000 3461 4032 freilich
3480 3999 3556 4030 schon
3576 4001 3634 4028 eine
3652 4008 3733 4035 ganze
3753 4001 3838 4032 Reihe
3854 4002 3980 4030 früherer

3080 4036 3196 4065 Rennen
3215 4037 3383 4070 mitzShlten.
3422 4037 3477 4065 Ein
3500 4037 3641 4071 „Rekord"
3663 4039 3698 4071 fei
3717 4039 3781 4069 noch
3798 4039 3979 4072 aukgeführt:

3080 4075 3128 4102 der
3148 4074 3216 4108 letzte
3238 4078 3309 4102 1000
3329 4075 3508 4104 Meter-Lauf
3534 4077 3631 4103 wurde
3663 4077 3692 4104 in
3725 4078 3806 4104 6:48
3840 4076 3980 4110 gefahren.

3080 4112 3131 4140 Da
3151 4111 3201 4145 für
3218 4113 3261 4140 die
3279 4113 3369 4147 letzten
3388 4116 3444 4139 400
3473 4112 3569 4141 Meter
3602 4113 3738 4146 höchstens
3766 4117 3803 4140 30
3823 4114 3978 4143 Sekunde«

3078 4157 3110 4183 zu
3130 4151 3239 4183 rechnen
3259 4150 3326 4185 sind,
3345 4151 3477 4183 entfallen
3497 4151 3557 4184 also
3576 4151 3629 4184 auf
3646 4152 3687 4180 die
3714 4152 3799 4185 ersten
3829 4155 3886 4179 606
3905 4156 3976 4182 etwa

515 4254 829 4318 Jeuillelon.

429 4396 575 4431 Zürcher
596 4399 906 4434 NenjahrSblätter.

646 4460 683 4488 V.

265 4511 311 4545 In
352 4512 403 4542 den
437 4512 749 4552 Mitteilungen
789 4519 856 4547 der
900 4519 925 4547 A
940 4526 958 4549 n
972 4523 983 4548 t
995 4521 1003 4548 i
1016 4530 1032 4555 q
1044 4527 1118 4549 na¬

189 4548 360 4589 rrischen
383 4550 660 4587 Gesellschaft
699 4556 814 4590 gelangt
854 4558 897 4586 die
917 4557 956 4587 Al
962 4559 1018 4588 beit
1052 4559 1119 4588 über

209 4586 264 4614 das
305 4588 336 4616 D
348 4595 364 4616 o
377 4595 405 4616 in
419 4588 428 4616 l
439 4596 457 4617 n
471 4590 479 4617 i
490 4589 503 4616 k
513 4598 529 4618 a
542 4598 561 4617 n
574 4598 586 4619 e
597 4598 612 4618 r
623 4592 631 4620 i
642 4600 661 4620 n
672 4600 691 4620 n
703 4601 717 4620 e
727 4601 743 4620 »
757 4593 770 4620 k
780 4594 790 4622 l
803 4600 819 4621 o
831 4594 854 4627 st
864 4602 877 4623 e
887 4602 903 4623 r
943 4594 968 4622 T
981 4596 997 4624 ö
1009 4596 1027 4629 ß
1057 4604 1119 4631 zum

208 4623 358 4657 Abschluß.
399 4626 486 4659 Hatte
517 4629 565 4656 als
587 4631 672 4663 ersten
693 4629 761 4659 Teil
780 4631 837 4664 Hr.
859 4633 988 4666 Heinrich
1009 4634 1118 4669 Sulzer

210 4661 239 4689 in
267 4663 341 4697 Eigg
363 4663 406 4691 die
427 4664 576 4699 Geschichte
616 4668 702 4696 dieses
742 4668 874 4699 Klosters
916 4671 1043 4707 gegeben,
1089 4673 1117 4705 so

207 4696 328 4729 schildert
371 4701 409 4728 in,
449 4702 560 4736 zivcitcn
600 4703 663 4733 Teil
685 4705 770 4738 Prof.
790 4707 828 4740 I.
849 4707 891 4737 R.
913 4707 1030 4742 Rahn
1072 4710 1116 4739 die

206 4733 370 4766 Bauten
391 4740 442 4766 deS
457 4741 585 4774 Klosters
601 4745 658 4771 und
671 4743 762 4777 desien
775 4743 1116 4780 Wandgemälde.

206 4771 264 4799 Die
284 4773 493 4811 Abbildungen,
538 4779 582 4807 die
622 4779 699 4813 schon
728 4783 791 4810 dem
831 4784 917 4811 erden
940 4782 1004 4813 Teil
1026 4786 1118 4819 beige,

205 4808 290 4841 gebe»
313 4817 414 4842 waren,
440 4814 566 4846 erhalten
587 4823 647 4844 nun
667 4818 733 4850 hier,
760 4820 842 4851 durch
865 4820 1012 4853 zahlreiche
1033 4829 1111 4857 neue,

204 4846 248 4873 die
269 4845 316 4878 sich
338 4847 461 4879 sämtlich
495 4851 547 4883 auf
567 4852 611 4880 die
630 4854 858 4889 Wandgemälde
878 4858 1011 4893 beziehe»,
1056 4868 1116 4889 vcr-

206 4884 306 4919 mehrt,
329 4886 385 4915 ihre
406 4884 617 4921 fachmännische
637 4890 841 4929 Be'euchtung.
874 4897 919 4924 ES
955 4904 1016 4926 war
1038 4898 1115 4927 keine

205 4920 297 4952 leichte
316 4921 452 4956 Aufgabe,
496 4925 538 4952 die
573 4927 634 4954 den,
657 4928 786 4961 Forscher
820 4931 879 4964 hier
899 4933 1012 4967 gestellt
1034 4942 1112 4965 war:

206 4961 395 4986 1851—1853
418 4960 478 4993 sind
497 4962 542 4989 die
561 4961 743 4995 klösterlichen
763 4966 896 5002 Anlagen
926 4970 1113 5005 abgebrochen

204 5001 328 5031 worven,
373 4998 400 5029 so
421 4998 477 5030 daß
506 5005 562 5027 nur
582 5001 647 5033 noch
666 5002 711 5029 die
732 5002 1042 5040 Umfassungsmauern
1064 5011 1114 5042 der

205 5034 301 5069 Kirche
323 5037 380 5064 und
404 5036 455 5065 deS
494 5037 598 5072 großen
618 5038 831 5072 NefekroriumS
863 5043 946 5078 übrig
968 5045 1110 5078 geblieben

202 5071 276 5104 sind.
315 5074 423 5107 Hätten
464 5077 517 5104 wir
556 5074 625 5108 nicht
645 5077 689 5104 die
708 5076 902 5114 Aufnahmen,
947 5083 1043 5115 welche
1065 5085 1110 5113 dle

202 5108 316 5139 Brüder
334 5113 449 5147 Ludwig
470 5114 528 5142 und
547 5113 627 5143 Emil
648 5113 816 5150 Schnltheß,
851 5119 918 5151 zwei
937 5118 1111 5154 zürcherische

201 5147 489 5184 AlkertliinSsiemide.
533 5152 563 5180 ln
596 5153 643 5181 der
675 5154 787 5187 zweiten
809 5154 909 5188 Hälfte
929 5156 979 5185 der
1001 5160 1110 5187 1830«

199 5184 292 5217 Jnhre
312 5188 434 5220 gcinacht
455 5189 551 5223 haben,
596 5191 649 5219 wir
682 5190 796 5220 würden
837 5199 894 5220 von
913 5192 966 5221 den
989 5194 1108 5224 Bauten

199 5225 269 5253 recht
291 5226 381 5259 wenig
403 5225 481 5260 mehr
501 5228 609 5262 wissen.
646 5228 708 5257 Und
729 5230 793 5257 waS
813 5230 857 5258 die
878 5230 1105 5267 Wandgemälde

200 5259 239 5287 im
252 5260 423 5298 Kreuzgang
444 5264 562 5300 betrifft,
586 5266 637 5295 den
659 5266 868 5299 bedeutendsten
881 5267 1025 5305 Schmuck,
1052 5270 1106 5299 den

197 5296 253 5325 das
275 5298 389 5333 Kloster
429 5301 610 5337 aufznwelsri,
650 5304 733 5337 hatte,
779 5304 806 5340 so
847 5306 907 5339 sind
947 5308 1001 5336 wir
1041 5308 1107 5341 auch

196 5332 254 5366 hier
274 5337 327 5370 auf
346 5337 578 5375 Rachbilbrrngen
598 5343 774 5377 angewiesen,
819 5343 862 5372 die
902 5343 956 5373 mit
976 5346 1025 5375 der
1047 5345 1106 5375 Ge¬

195 5373 336 5407 nauigkeit
358 5376 419 5403 nnd
432 5375 581 5407 Stilireue
600 5380 727 5415 heutiger
746 5381 900 5416 derartiger
919 5380 1106 5417 Aufnahmen

187 5407 306 5443 .Herzlich
346 5412 438 5449 wenig
459 5416 568 5450 gemein
588 5415 691 5450 haben.
731 5417 797 5447 Und
816 5419 881 5454 doch
902 5419 955 5448 wie
977 5421 1105 5451 dankbar

1168 4222 1236 4254 muß
1257 4230 1325 4252 inan
1347 4224 1412 4256 auch
1435 4225 1535 4259 diesem
1555 4225 1629 4258 Joh.
1652 4227 1769 4257 Conrad
1791 4227 1985 4259 Werdlnttller
2007 4230 2073 4265 sein,

1167 4261 1215 4286 der
1250 4263 1321 4287 1888
1354 4263 1406 4291 als
1447 4268 1498 4294 eri«
1520 4264 1794 4300 Neunzehnjähriger
1833 4267 1903 4300 diese
1943 4267 2078 4297 Arbeiten

1167 4299 1385 4328 rnrterironrnrerr
1406 4300 1468 4333 hat.
1509 4302 1628 4335 Freilich
1670 4303 1712 4331 die
1745 4305 1872 4339 wenigen
1893 4305 1986 4337 Kövfe
2019 4309 2076 4335 aus

1166 4334 1255 4366 diesen
1275 4336 1406 4371 Fresken,
1432 4339 1476 4368 di«
1498 4340 1528 4368 in
1539 4340 1779 4375 Originalpausen
1801 4343 1910 4377 August
1922 4345 2072 4379 Corrodis,

1166 4369 1212 4398 der
1232 4371 1281 4400 als
1303 4373 1400 4406 Tößer
1420 4375 1628 4409 Pfarrerssohn
1660 4381 1699 4407 in,
1723 4379 1834 4413 Kloster
1856 4382 1926 4409 seine
1946 4382 2077 4416 Jugend»

1165 4408 1242 4441 fahre
1265 4412 1432 4448 verbrachte,
1460 4416 1602 4450 vorliegen
1636 4417 1686 4451 (sie
1707 4418 1765 4446 sind
1788 4418 1827 4446 iin
1849 4417 1922 4453 Text
1942 4423 2076 4453 reprodu¬

1165 4447 1247 4479 ziert)
1288 4447 1375 4480 lassen
1414 4451 1573 4485 anderseits
1611 4453 1728 4488 doppelt
1748 4454 1898 4490 bedauern,
1941 4457 1998 4491 daß
2028 4458 2076 4491 sich

1166 4483 1237 4511 keine
1257 4484 1384 4515 geübtere
1406 4487 1492 4518 Hand
1534 4491 1582 4517 alS
1621 4491 1664 4519 die
1686 4492 1898 4522 WerdmüllerS
1939 4501 1978 4523 an
2007 4495 2076 4529 diese

1165 4519 1293 4555 Aufgabe
1332 4524 1456 4556 gemacht
1495 4525 1558 4557 hat.
1598 4527 1664 4556 AuS
1705 4530 1766 4558 dem
1800 4530 1918 4565 Anfang
1953 4533 2004 4560 deS
2028 4536 2061 4559 16
2064 4554 2073 4563 .

1166 4559 1384 4591 Jahrhunderts
1419 4562 1557 4591 Nammen
1597 4565 1666 4598 diese
1687 4567 1857 4603 Malereien,
1903 4570 1944 4597 die
1987 4571 2014 4598 in
2037 4573 2073 4596 79

1167 4596 1284 4625 Bildern
1318 4598 1373 4626 daS
1394 4598 1461 4626 Alte
1483 4602 1541 4628 und
1581 4601 1660 4631 Neue
1681 4602 1842 4635 Teiianrcnt
1861 4620 1899 4627 —
1932 4614 1988 4636 von
2022 4609 2071 4637 der

1166 4635 1388 4669 Weltschöpfung
1427 4636 1474 4665 bis
1496 4645 1543 4671 zur
1562 4638 1770 4675 Auferstehung
1791 4657 1828 4664 —
1849 4644 2072 4680 durcherzählen.

1167 4673 1221 4702 En,
1261 4673 1407 4706 sonderlich
1448 4673 1631 4704 bedeutender
1651 4678 1753 4707 Maler
1792 4679 1842 4712 hat
1883 4682 1918 4714 sie
1938 4683 2010 4714 nicht
2031 4691 2074 4717 ge-

1167 4710 1295 4746 schaffen;
1314 4711 1356 4739 die
1377 4711 1564 4743 Renaissance
1597 4713 1674 4744 hatte
1695 4714 1742 4747 ihn
1763 4717 1829 4748 noch
1850 4719 1923 4750 nicht
1942 4719 2073 4755 berührr;

1166 4748 1326 4782 Analogien
1368 4749 1422 4777 mit
1442 4749 1557 4778 Werken
1598 4751 1646 4779 der
1665 4751 1896 4786 Bodenseelchukd
1935 4755 2021 4789 lassen
2042 4763 2073 4785 es

1165 4786 1281 4821 möglich
1301 4787 1456 4821 erscheinen,
1500 4787 1559 4819 daß
1598 4788 1647 4816 der
1666 4789 1765 4818 Maler
1797 4792 1944 4822 (vielleicht
1976 4802 2073 4823 waren

1165 4828 1229 4856 auch
1250 4825 1371 4856 mehrere
1392 4825 1492 4858 Hände
1511 4825 1555 4853 bei
1574 4825 1636 4854 den,
1660 4826 1754 4854 Werke
1776 4827 1865 4862 tätig)
1898 4831 1951 4857 mit
1986 4832 2072 4864 dieser

1164 4862 1402 4898 zusannneiihing.
1443 4863 1530 4896 Prof.
1549 4863 1635 4896 Rahn
1677 4863 1818 4897 beschreibt
1851 4865 1895 4893 die
1928 4867 2070 4901 einzelne»

1165 4899 1265 4928 Bilder
1285 4908 1393 4935 genau;
1411 4901 1455 4929 die
1475 4901 1588 4934 meisten
1609 4902 1694 4936 lassen
1714 4902 1761 4934 sich
1775 4902 1841 4934 noch
1864 4903 1942 4936 sicher
1955 4906 2070 4942 deuten;

1164 4937 1208 4969 ihr
1227 4937 1401 4970 Sachinhalt
1421 4940 1451 4966 i>l
1474 4940 1559 4971 somit
1579 4947 1611 4974 zu
1632 4940 1856 4974 rekonstruieren,
1890 4940 1933 4973 ihr
1954 4941 2071 4975 künstie-

1161 4975 1254 5007 rijchcr
1274 4976 1352 5005 Wert
1372 4977 1496 5011 dagegen
1516 4984 1571 5006 nur
1592 4978 1768 5010 annähcrnd.

1219 5012 1340 5045 Baulich
1362 5014 1504 5043 bedeutete
1524 5016 1578 5044 das
1602 5016 1715 5045 Kloiter
1734 5016 1837 5051 wenig.
1878 5015 1934 5045 El»
1954 5016 2061 5051 starker,

1161 5049 1321 5084 origineller
1342 5051 1504 5085 Kunstgeist
1545 5053 1596 5084 hat
1635 5053 1703 5082 über
1722 5053 1786 5086 Töß
1819 5054 1891 5086 nicht
1923 5056 2066 5088 gewaltet.

1161 5086 1230 5115 Da»
1251 5088 1400 5121 Maßwerk
1441 5091 1471 5118 in
1511 5090 1563 5119 den
1584 5091 1716 5125 gotischen
1736 5092 1871 5126 Fenstern
1892 5093 1941 5120 des
1965 5093 2068 5127 Kreuz-

1158 5130 1267 5159 ganges
1309 5140 1344 5146 —
1383 5128 1429 5155 die
1457 5127 1626 5160 betreffende
1646 5128 1730 5160 Tafel
1749 5130 1784 5163 ist
1803 5132 1844 5159 im
1866 5130 1979 5165 ftühern
2000 5131 2067 5165 Heft

1158 5162 1303 5194 enthalten
1322 5178 1359 5185 —
1380 5164 1442 5198 sagt
1463 5167 1492 5194 in
1512 5166 1596 5199 dieser
1615 5166 1738 5201 Hinsicht
1757 5175 1859 5203 genug.

1214 5199 1293 5228 Man
1313 5201 1377 5234 darf
1398 5203 1460 5231 dem
1482 5203 1618 5238 kundigen
1630 5205 1759 5238 Forscher
1779 5206 1929 5240 aufrichtig
1950 5207 2062 5242 danke»,

1157 5235 1213 5269 daß
1253 5245 1282 5265 er
1303 5238 1352 5272 auf
1373 5239 1482 5269 Grund
1501 5244 1553 5270 de»
1575 5242 1691 5275 spröocn
1711 5243 1878 5274 MarerirlS
1900 5245 1947 5275 für
1968 5246 2067 5275 unsere

1156 5273 1302 5303 Kenntnis
1320 5280 1440 5310 gerettet
1459 5277 1518 5312 hat,
1543 5282 1607 5307 was
1628 5287 1663 5315 zu
1683 5284 1773 5309 retten
1795 5288 1870 5312 war.
1908 5282 1965 5311 Bei
2002 5285 2066 5312 de»,

1155 5311 1283 5345 heutigen
1304 5313 1420 5342 Betrieb
1442 5316 1491 5344 der
1511 5316 1859 5353 Altertumswissenschaft
1900 5319 1963 5352 darf
1997 5329 2065 5350 »ran

1155 5348 1224 5379 ohne
1244 5348 1525 5387 Sclbitüberhebung
1544 5353 1636 5389 sagen,
1682 5356 1736 5386 daß
1771 5356 1816 5384 ein
1837 5356 1982 5386 Denkmal
2013 5359 2064 5387 wie

1153 5385 1240 5415 dieses
1260 5387 1655 5424 Doinlnkkanerinnenkloster
1694 5392 1766 5426 nicht
1806 5396 1886 5426 rnehr
1920 5394 2065 5430 sozusagen

1153 5430 1219 5453 vonl
1239 5423 1391 5455 Erdboden
1422 5427 1624 5462 verschwinden
1644 5428 1752 5464 könnte,
1797 5432 1870 5465 ohne
1890 5431 1949 5465 daß
1983 5433 2064 5464 durch

2127 4232 2269 4265 genaueste
2291 4230 2472 4266 Aufnahirren
2493 4233 2551 4261 und
2573 4234 2801 4269 Nachbildungen
2838 4236 2885 4264 der
2906 4235 3029 4268 Bestand

2126 4268 2173 4302 fiir
2192 4270 2250 4298 alle
2268 4270 2394 4302 Zukunft
2415 4270 2554 4306 ft'igelegt
2576 4272 2680 4302 würde.
2724 4271 2786 4301 Und
2818 4273 2907 4307 dessen
2927 4274 3030 4307 dürfen

2126 4308 2180 4335 wir
2198 4310 2257 4335 uns
2279 4315 2334 4336 von
2354 4309 2458 4342 Herzen
2480 4309 2590 4341 freuen.

2183 4383 2240 4416 Die
2271 4383 2436 4416 Zürcher
2478 4386 2872 4420 Kunstgesellschaft
2915 4388 3029 4417 widmet

2126 4420 2170 4453 ihr
2189 4420 2410 4453 Ncujahrsblatt
2449 4422 2511 4451 dem
2553 4424 2689 4458 tüchtigen
2721 4425 2798 4454 Kon
2811 4425 2882 4454 rad
2903 4425 3027 4456 Grob.

2124 4457 2182 4486 Ein
2222 4459 2368 4488 bekannter
2407 4459 2553 4493 trefflicher
2575 4461 2676 4490 Maler
2716 4461 2749 4494 ist
2788 4461 2843 4494 sein
2874 4462 3023 4498 Verfasftr,

2126 4494 2174 4524 W.
2194 4495 2228 4526 L.
2246 4496 2445 4529 Lehmann
2465 4497 2495 4525 in
2515 4497 2665 4532 München,
2709 4499 2772 4526 dem
2813 4501 2867 4528 wir
2896 4502 2961 4532 auch
2983 4501 3027 4530 die

2124 4532 2214 4567 schöne
2253 4533 2451 4568 Würdigunug
2472 4534 2560 4565 Adolf
2580 4535 2704 4565 StäbliS
2749 4538 2918 4568 verdanken.
2959 4538 3026 4566 Aus

2124 4579 2245 4605 genauer
2283 4572 2459 4603 perlönii.ber
2499 4572 2696 4607 Bekannschaft
2720 4574 2823 4603 Grobs
2866 4576 2971 4607 heraus
2993 4576 3027 4608 ist

2122 4610 2165 4637 die
2185 4608 2286 4638 Arbeit
2307 4610 2480 4646 geschrieben,
2523 4611 2590 4642 auch
2630 4614 2686 4640 aus
2707 4619 2830 4641 warmer
2849 4613 3027 4647 Sympathie

2123 4645 2170 4678 für
2208 4648 2260 4675 de»
2299 4648 2443 4679 Künstler.
2484 4649 2552 4678 Von
2593 4649 2701 4678 blinder
2741 4649 2960 4685 Bcivunderung
2994 4653 3026 4685 ist

2123 4684 2258 4716 natürlich
2280 4684 2351 4714 keine
2364 4686 2456 4720 Rede;
2476 4687 2546 4721 dazu
2569 4687 2601 4719 ist
2614 4687 2756 4718 Lehmann
2777 4688 2821 4717 ei»
2841 4696 2874 4723 zu
2895 4688 2934 4717 kri
2948 4689 3027 4722 sicher

2123 4721 2208 4755 Kopf,
2252 4729 2333 4751 wenn
2372 4731 2400 4752 er
2419 4722 2484 4755 auch
2506 4729 2605 4757 gerade
2626 4725 2667 4753 bei
2687 4725 2787 4759 diesem
2809 4724 2907 4759 Anlaß
2930 4730 3023 4755 etwas

2122 4759 2295 4793 auffallende
2317 4759 2461 4793 Ansichten
2482 4761 2550 4790 über
2589 4762 2632 4790 die
2651 4762 2742 4791 Kritik
2783 4763 2895 4795 äußert.
2940 4764 3024 4794 Grob

2122 4804 2182 4825 war
2201 4797 2260 4830 sehr
2280 4798 2441 4832 unglücklich
2473 4799 2604 4832 darüber,
2641 4801 2698 4832 daß
2718 4801 2786 4833 seine
2811 4801 2961 4834 „Schlacht
2981 4802 3024 4831 bei

2121 4833 2291 4869 Sempach",
2336 4837 2380 4864 die
2404 4838 2477 4862 1879
2497 4836 2548 4868 auf
2581 4838 2634 4865 den
2664 4838 2881 4871 schweizeriichen
2903 4838 3024 4868 Turnus

2120 4870 2189 4903 kanr,
2236 4872 2330 4901 keinen
2362 4873 2492 4908 Anklang
2527 4873 2613 4909 fand;
2653 4878 2710 4904 und
2733 4875 2874 4907 Lehmann
2915 4877 3024 4909 schreibt

2119 4912 2269 4942 geradezu:
2308 4911 2380 4942 Daß
2402 4911 2486 4939 Grob
2519 4912 2601 4943 durch
2621 4912 2876 4947 Zeitnngkkritiken
2897 4915 2941 4942 die
2961 4915 3024 4948 Lust

2118 4952 2155 4973 an
2179 4949 2227 4974 der
2247 4948 2506 4979 Hiiioricnmalcrci
2548 4957 2713 4982 genommen
2743 4956 2846 4984 wurde,
2891 4951 2925 4984 ist
2963 4955 3023 4980 ent-

2118 4982 2233 5015 schiede»
2254 4991 2284 5017 zu
2305 4984 2463 5018 beklage»."
2505 4986 2566 5020 (S.
2588 4988 2652 5018 37.)
2691 4987 2752 5019 Auf
2774 4987 2818 5017 S.
2838 4991 2872 5014 21
2915 4988 3021 5021 erfährt

2118 5027 2185 5048 man
2209 5020 2320 5056 freilich,
2366 5022 2421 5054 daß
2463 5024 2532 5054 nicht
2554 5030 2616 5056 rrur,
2662 5025 2893 5059 „unoelständiqc
2915 5027 3021 5059 Kunst»

2116 5056 2222 5086 krititer
2233 5059 2288 5086 daS
2309 5059 2447 5086 Gemälde
2469 5060 2673 5094 schonungslos
2693 5062 2934 5097 hcrunterristen",
2959 5063 3020 5096 son¬

2115 5095 2182 5123 dern
2194 5095 2250 5128 daß
2261 5098 2292 5124 eS
2304 5095 2381 5129 selbst
2396 5096 2457 5130 „bei
2468 5097 2519 5126 den
2532 5098 2644 5130 meiste»
2659 5098 2745 5132 seiner
2754 5100 2877 5132 (Grobs)
2887 5100 3020 5134 Freunde

2114 5138 2170 5160 rrur
2191 5133 2235 5160 ein
2275 5132 2458 5165 bedenkliches
2479 5134 2634 5166 Schütteln
2674 5137 2726 5164 des
2747 5138 2858 5169 Kopfes
2878 5138 3018 5172 erregte".

2115 5170 2177 5199 Der
2196 5170 2337 5205 Verfasser
2370 5172 2512 5201 nrotioiert
2543 5173 2613 5206 diese
2634 5173 2881 5209 Slellungnahme
2902 5183 2934 5209 zu
2957 5179 3020 5205 dein

2114 5208 2199 5237 Bilde
2239 5209 2293 5237 mir
2332 5210 2393 5237 dem
2416 5208 2585 5241 Befremde«
2616 5211 2743 5246 darüber,
2786 5213 2843 5245 daß
2865 5212 2949 5242 Grob
2970 5213 3021 5247 auf

2114 5246 2220 5275 einmal
2260 5253 2326 5276 vom
2351 5247 2507 5280 Genrefach
2548 5255 2597 5283 zur
2636 5249 2898 5283 Historienmalerei
2940 5250 3020 5282 über»

2114 5291 2255 5318 gegange»
2276 5283 2324 5317 sei.
2365 5285 2435 5314 DaS
2474 5285 2539 5315 will
2559 5289 2619 5314 »ns
2652 5287 2724 5320 nicht
2743 5289 2817 5318 recht
2835 5289 3022 5325 «inlenchte»;

2115 5322 2153 5350 im
2175 5321 2264 5355 selben
2283 5322 2376 5356 Jahre
2397 5325 2479 5358 187»,
2522 5323 2572 5352 als
2611 5324 2656 5354 die
2695 5325 3018 5360 „Scinpacherschlacht"

2112 5357 2156 5389 dle
2196 5360 2414 5395 schweizerischen
2433 5361 2658 5396 Ausstellungen
2698 5365 2923 5393 durchwanderte
2960 5365 3018 5393 und

2113 5395 2205 5425 keinen
2226 5396 2336 5431 Käufer
2369 5397 2444 5433 faud,
2488 5398 2523 5432 ist
2562 5401 2611 5427 der
2651 5399 2825 5436 „Pestalozzi
2844 5400 2875 5430 in
2897 5400 3018 5429 Stans"

2112 5434 2284 5471 entstanden,
2330 5435 2358 5467 d.
2381 5436 2411 5469 h.
2432 5435 2500 5470 auch
2521 5437 2566 5466 ein
2586 5436 2665 5470 Bild,
2709 5439 2767 5467 da»
2785 5439 2846 5467 «ine
2870 5438 3020 5471 blttorlsch«

3080 4237 3173 4272 Szene
3192 4238 3339 4272 darstellte,
3365 4238 3466 4271 fteilich
3488 4238 3560 4267 keine
3581 4239 3752 4274 kriegerische,
3778 4241 3895 4273 sondern
3918 4241 3979 4268 eine

3078 4275 3227 4310 friedliche;
3246 4279 3302 4304 und
3324 4276 3412 4309 dieses
3431 4276 3505 4305 Bild
3525 4277 3559 4309 ist
3578 4278 3628 4305 ins
3648 4277 3758 4306 Basler
3777 4278 3913 4311 Museum
3932 4284 3978 4311 ge¬

3079 4314 3170 4346 langt.
3210 4314 3279 4341 War
3302 4314 3367 4349 das,
3404 4317 3467 4343 waS
3497 4317 3545 4344 der
3566 4315 3716 4350 „Schlacht
3739 4324 3792 4344 von
3815 4315 3977 4348 Sempach"

3078 4351 3120 4378 die
3140 4350 3230 4381 Gunst
3252 4351 3428 4387 oerscherrrte,
3473 4355 3546 4382 nicht
3586 4353 3615 4381 in
3654 4354 3736 4387 erster
3756 4354 3833 4383 Linie
3854 4358 3900 4382 der
3921 4359 3977 4382 von

3078 4388 3215 4419 Lehman»
3256 4390 3331 4420 selb»
3373 4390 3403 4423 so
3442 4390 3559 4422 deutlich
3599 4392 3712 4426 gerügte
3740 4392 3859 4427 Mangel
3899 4391 3975 4423 ihre«

3077 4426 3230 4455 Kolorits?
3251 4428 3330 4461 „Der
3350 4426 3458 4462 farbige
3477 4427 3615 4456 Eindruck
3634 4433 3684 4457 des
3704 4429 3807 4458 Bildes
3836 4430 3870 4462 ist
3890 4429 3977 4457 leider

3076 4462 3132 4491 kein
3153 4464 3317 4497 glücklicher.
3357 4465 3427 4494 Das
3450 4465 3545 4500 Ganze
3588 4466 3666 4495 wirkt
3696 4469 3787 4495 etwas
3808 4466 3893 4501 bunt;
3913 4466 3975 4493 Rot

3075 4506 3133 4529 und
3155 4502 3235 4530 Blau
3254 4502 3389 4536 herrschen
3412 4509 3470 4537 vor,
3508 4511 3589 4537 wo,u
3620 4506 3674 4532 daS
3695 4504 3767 4532 Gelb
3792 4504 3838 4532 der
3859 4505 3973 4536 Haupt¬

3077 4537 3154 4572 figur
3174 4541 3244 4572 nicht
3264 4540 3331 4572 recht
3355 4540 3493 4573 stimmt."
3533 4541 3617 4570 Grob
3638 4541 3704 4573 habe
3744 4541 3804 4569 dies
3826 4541 3904 4576 ftlbit
3927 4548 3975 4575 ge¬

3076 4576 3157 4611 fühlt,
3182 4578 3228 4611 sich
3249 4578 3314 4606 aber
3334 4579 3422 4610 dahin
3445 4579 3595 4612 geäußert:
3634 4587 3661 4608 er
3700 4579 3768 4612 habe
3797 4579 3842 4609 dle
3883 4579 3975 4608 Sem«

3074 4614 3168 4645 packcr
3190 4615 3320 4647 Schlacht
3360 4617 3432 4648 nicht
3470 4619 3583 4650 gemalt,
3626 4622 3675 4645 um
3714 4617 3773 4645 eine
3813 4617 3972 4651 malerische

3074 4652 3209 4686 Wirkung
3229 4661 3262 4687 zu
3280 4653 3401 4686 erzielen,
3447 4653 3562 4686 sondern
3602 4661 3631 4682 er
3651 4654 3719 4686 habe
3742 4662 3793 4683 vor
3813 4655 3899 4684 allem
3922 4657 3973 4682 den

3074 4689 3287 4723 emscheioenden
3320 4690 3458 4719 Moment
3499 4692 3596 4720 malen
3635 4693 3749 4722 ivollen.
3791 4693 3861 4727 Gut,
3905 4691 3972 4720 aber

3076 4735 3155 4756 wenn
3176 4736 3204 4756 er
3222 4728 3310 4762 diesen
3330 4729 3469 4756 Moment
3504 4729 3608 4762 schlecht
3629 4731 3692 4758 oder
3712 4730 3774 4761 doch
3795 4730 3865 4762 nicht
3884 4729 3972 4764 glück¬

3075 4765 3124 4795 lich
3144 4766 3249 4800 genralt
3268 4765 3326 4800 hat,
3371 4766 3399 4798 so
3420 4766 3491 4793 kam,
3522 4767 3608 4799 diesen
3631 4767 3731 4799 Fehler
3753 4767 3817 4798 auch
3839 4768 3881 4796 die
3901 4766 3971 4799 beste

3073 4803 3269 4836 Konrposilion
3308 4804 3379 4836 nicht
3418 4808 3472 4831 aus
3507 4805 3554 4831 der
3575 4804 3649 4832 Well
3670 4804 3795 4837 schaffen.
3837 4805 3902 4833 Wir
3924 4804 3972 4837 für

3073 4840 3167 4873 unsere
3188 4840 3294 4874 Person
3335 4839 3424 4871 haben
3465 4843 3520 4868 auS
3562 4841 3612 4868 den
3634 4841 3866 4875 Konrpositionen
3888 4843 3974 4876 histo¬

3072 4877 3170 4910 rische»
3191 4876 3370 4910 Charakters,
3417 4879 3509 4910 welche
3549 4883 3630 4906 rnrtcr
3669 4883 3721 4907 den
3756 4878 3873 4915 Skizzen
3916 4881 3973 4909 und

3073 4914 3336 4948 Handzeichnungen
3359 4913 3462 4942 Grobs
3483 4916 3512 4944 in
3532 4915 3580 4943 der
3603 4916 3789 4952 Ausstellung
3818 4921 3866 4947 der
3886 4917 3974 4947 Gott¬

3071 4951 3140 4984 fried
3159 4951 3408 4985 Kelter-Stiftung
3447 4959 3479 4986 zu
3520 4952 3598 4986 sehen
3620 4961 3722 4989 waren,
3765 4958 3818 4983 den
3839 4955 3975 4984 Eindruck

3070 4989 3138 5019 nicht
3158 4996 3318 5023 gewonnen,
3363 4989 3420 5022 daß
3460 4990 3517 5023 hier
3557 4992 3601 5019 ein
3640 4993 3755 5026 wirklich
3789 4992 3972 5022 bedernender

3070 5026 3301 5058 Historienmaler
3322 5028 3405 5060 durch
3443 5028 3487 5057 die
3507 5029 3589 5062 falsch
3608 5031 3796 5064 unterrichtete
3818 5031 3970 5065 öffentliche

3068 5063 3214 5099 Meinung
3248 5066 3443 5101 vergewaltigt
3482 5070 3549 5096 oder
3581 5068 3658 5099 lahm
3680 5070 3766 5103 gelegt
3789 5073 3902 5097 worden
3923 5068 3967 5099 sei.

3070 5101 3224 5136 UebrigenS
3245 5103 3294 5135 hat
3314 5105 3363 5136 sich
3385 5103 3467 5133 Grob
3497 5105 3564 5138 auch
3585 5106 3649 5138 „ach
3669 5108 3773 5134 andern
3794 5105 3899 5134 Seilen
3921 5106 3970 5137 hin

3068 5139 3245 5174 gelegernlrch
3284 5142 3314 5168 in
3356 5142 3443 5175 seiner
3463 5141 3620 5177 Begabung
3641 5144 3738 5177 geirrt.
3768 5142 3818 5171 So
3839 5143 3921 5176 besaß
3941 5151 3970 5173 er

3068 5177 3155 5207 neben
3194 5180 3246 5206 den
3265 5180 3320 5211 echt
3354 5179 3572 5213 schweizerischen
3596 5179 3717 5213 Stoffen
3741 5181 3816 5214 „eine
3838 5181 3971 5210 Vorliebe

3069 5213 3117 5247 für
3155 5216 3245 5244 antike
3286 5215 3473 5250 Vorwürfe";
3525 5218 3573 5245 der
3613 5217 3692 5253 lange
3731 5217 3901 5250 Aufenthalt
3940 5219 3970 5247 in

3068 5252 3191 5286 Italien,
3216 5253 3280 5285 auch
3292 5253 3430 5287 Einflüsse
3445 5254 3574 5283 BöcklinS
3594 5254 3716 5284 erklären
3738 5256 3787 5286 sie:
3808 5264 3859 5291 „zu
3879 5257 3970 5286 einem

3068 5290 3243 5323 erfreulichen
3262 5290 3409 5323 Resultate
3428 5291 3461 5324 ist
3481 5299 3512 5321 er
3531 5293 3599 5321 aber
3618 5292 3699 5322 dabei
3728 5295 3775 5325 nie
3794 5295 3968 5328 gekommen.

3068 5328 3112 5356 Es
3132 5328 3234 5362 zwingt
3253 5327 3283 5362 ja
3303 5329 3452 5362 unstreitig
3492 5330 3580 5365 große
3601 5331 3727 5365 Achtung
3746 5330 3791 5365 ab,
3836 5332 3887 5360 wie
3921 5331 3970 5364 sich

3067 5365 3116 5393 der
3137 5365 3352 5401 Siebzigjahrge
3393 5367 3458 5400 noch
3499 5375 3537 5396 an
3577 5369 3659 5401 solche
3691 5370 3799 5402 schwere
3819 5369 3968 5404 Aufgaben

3068 5405 3166 5437 wagte,
3209 5403 3252 5431 die
3290 5404 3335 5433 bet
3374 5404 3450 5433 allen
3490 5405 3658 5438 Schwächen
3690 5407 3754 5440 doch
3789 5407 3890 5436 imrner
3911 5406 3967 5440 sein

3067 5440 3171 5476 große»
3190 5441 3311 5471 Können
3332 5443 3392 5472 und
3431 5441 3562 5477 ehrliches
3583 5443 3697 5475 Wollen
3726 5443 3858 5476 beweisen
3879 5458 3916 5466 —
3937 5447 3969 5473 eS
