3165 4606
451 506 669 536 «ioBBtmtnt.

634 542 727 568 ISHiIitz.
741 543 754 561 6
762 542 850 564 JÄonalt.
863 545 874 564 3
884 544 972 565 Monat«.

153 563 237 587 Zürich
249 564 312 586 twknn
320 563 351 584 dl«
360 564 445 590 Z-ilnng
457 565 544 592 -bgiholt
554 567 611 591 wird>
626 567 662 592 Fr.
672 568 701 587 1«.
709 577 734 582 —
755 567 789 593 Fr.
805 570 825 589 8.
835 579 856 584 —
878 569 912 594 Fr.
922 571 973 590 4.3»

153 588 255 613 «Schweiz
268 588 303 610 Idei
315 589 365 609 »Nen
378 589 516 616 Posttnrrnur)
635 594 735 614 .31.—
765 606 775 617 .
796 595 826 613 IO.
835 595 859 614 50
888 596 973 619 ,3.3«

202 628 211 636 .
265 612 300 637 <»>>
306 613 325 633 d.
332 613 444 638 »NxtlNon
450 615 482 640 s«r
488 616 611 642 Prioatndr.)
635 631 645 641 .
669 618 694 637 34
695 627 734 637 .—
763 620 773 642 .
795 620 859 639 13.—
883 620 971 644 .3.30

151 638 263 662 Italien,
280 637 421 663 Frankreich
437 641 477 661 and
493 641 523 661 di«
538 642 617 667 llbrizrn

189 664 273 683 Siaattn
281 663 313 683 kil
322 664 485 689 «eltgaftoeiiui»
493 666 611 692 (»«ftittung

188 688 218 709 M
230 688 264 708 der
273 687 696 715 ejf«wttjn).38.
705 703 727 707 —
760 706 770 716 .
792 694 822 715 1».
831 704 855 709 —
884 708 895 719 .
910 695 940 716 10.
949 704 972 710 —

385 714 439 739 Für
459 719 528 741 gtni
549 717 731 741 Deutschland

143 744 177 759 ,»u
189 738 294 759 abonnirm
307 739 337 760 bei
348 740 384 760 den
397 740 483 760 dortiain
492 741 618 766 Postbareaui
631 742 665 767 skr
678 743 689 762 3
697 742 780 763 Monate
795 743 906 767 iieichlmrk.
919 745 939 765 3.
949 745 973 766 73

451 766 502 790 Für
522 766 665 792 Oesterreich

151 795 176 816 zu
187 790 294 811 atonnire»
306 790 334 810 tri
346 789 382 810 den
394 790 479 820 dortigen
491 790 621 816 Postlurraux
634 792 667 816 sür
680 793 693 813 3
703 792 785 814 Monat«
822 794 844 819 fl.
852 794 908 816 t.tS.
920 796 972 816 4.37

429 816 478 840 Für
498 816 586 837 andere
602 816 695 838 Linder

239 840 280 865 find
293 839 425 866 »estelunzm
438 846 463 861 an
475 841 506 862 die
518 841 630 867 SipedMo»
643 842 666 863 In
678 842 747 867 Zürich
760 844 888 870 «inzusenden.

1185 654 1671 726 LtchsundsünstWer
1701 655 1994 733 Jahrgang.'

2171 567 2214 595 fl»>
2229 573 2257 591 an
2273 569 2433 622 Ha^seustetn

2170 625 2393 656 Fnsertionlpreii
2407 632 2440 655 sür

2364 714 2448 737 Bureau
2459 715 2491 737 der
2503 716 2618 738 Bedaktion:
2636 718 2771 746 Brunngaffe,
2783 722 2802 743 r.

2168 769 2203 793 W»
2214 771 2282 793 Sonn,
2290 773 2333 795 und
2344 773 2446 801 Festtagen
2457 775 2507 796 wird
2519 775 2549 796 die
2561 776 2648 803 Zeitung
2659 777 2738 803 einmal,
2752 783 2780 801 ,»
2790 781 2829 802 de»
2840 781 2922 809 adrigen
2932 783 3000 809 rag«,

2478 800 2566 825 zweimal
2577 803 2700 828 aurgegiden.

2166 854 2258 881 Sinzeine
2272 855 2381 877 Nummern
2398 857 2466 883 kosten:
2483 858 2564 884 elnsache
2578 861 2607 884 10,
2626 862 2663 882 mit
2674 862 2756 889 Beilage
2773 865 2802 889 15,
2822 865 2908 890 doppelt«
2920 868 2945 888 30
2958 868 2998 895 Skp-

143 908 399 976 Zürich,

1223 916 1467 986 Sonntag,
1505 923 1549 977 9.
1585 921 1731 990 April
1769 925 1911 982 1878.

2767 948 2853 998 M
2883 941 2977 995 181

202 1048 634 1107 Abonnements
658 1052 1006 1124 Einladung.

206 1135 267 1171 Für
286 1134 335 1163 das
356 1135 495 1171 zweite
516 1135 636 1166 Quartal
657 1137 732 1168 laden
755 1139 804 1169 wir
829 1148 861 1177 zu
873 1140 1066 1173 Abonnements

146 1178 195 1216 auf
214 1177 256 1211 die
276 1175 404 1212 „Reue
426 1175 781 1219 Zürcher-Zeitung"
801 1182 925 1220 ergebenst
945 1184 994 1214 ein.

206 1218 403 1249 Abonnements
422 1219 468 1255 für
488 1219 625 1257 Zürich
645 1221 701 1251 und
714 1222 938 1263 Umgebung
950 1225 1065 1263 nehmen,

144 1261 228 1300 sofern
250 1260 297 1289 das
319 1259 399 1290 Blatt
420 1266 471 1290 von
492 1261 539 1291 den
560 1261 728 1296 Abonnenten
751 1263 867 1303 abgeholt
880 1267 956 1302 wird,
970 1268 1067 1306 sowohl

143 1303 186 1334 die
205 1301 389 1340 Hauptablage
410 1301 448 1332 im
469 1302 676 1342 „Wellenberg",
699 1306 742 1335 als
764 1306 801 1336 die
820 1307 1016 1347 Nebenablagen
1037 1310 1067 1340 in

144 1346 191 1376 der
221 1343 307 1374 Stadt
337 1352 397 1381 zum
417 1344 505 1382 Preise
525 1350 577 1375 von
608 1346 654 1381 Fr.
678 1351 702 1376 4.
724 1351 760 1377 50
779 1348 825 1385 für
844 1354 861 1379 3
880 1350 993 1381 Monate
1012 1352 1067 1382 und

144 1393 198 1417 von
218 1391 236 1416 8
258 1386 303 1421 Fr.
327 1386 373 1422 für
394 1390 410 1415 K
432 1387 546 1417 Monate
567 1389 694 1427 entgegen.

208 1428 268 1464 Für
288 1428 448 1466 auswärtige
468 1428 646 1464 Abonnenten,
670 1430 759 1467 welche
779 1432 826 1462 das
840 1432 919 1464 Blatt
939 1434 1014 1472 durch
1029 1435 1068 1466 die

144 1471 209 1509 Post
229 1469 344 1508 beziehen
359 1470 464 1508 müssen,
487 1471 521 1508 ist
540 1471 579 1501 die
600 1471 834 1512 Bestellung
854 1474 952 1506 beim
972 1477 1068 1515 Post¬

142 1513 296 1544 bureau
316 1513 381 1542 des
401 1512 642 1550 Wohnortes
663 1514 706 1544 der
726 1514 863 1553 bequemste
883 1518 937 1548 und
957 1518 1068 1557 billigste

145 1555 219 1592 Weg,
243 1554 296 1583 und
318 1559 389 1591 zwar
419 1554 487 1592 nicht
519 1563 572 1586 nur
604 1556 642 1585 im
675 1555 779 1587 Gebiete
808 1558 852 1588 der
882 1558 1067 1598 Schweiz,

144 1597 255 1635 sondern
268 1596 329 1633 auch
345 1596 374 1625 in
389 1596 453 1634 ganz
468 1596 732 1635 Deutschland
754 1600 807 1629 und
828 1600 1068 1640 Oesterreich-

144 1639 316 1676 Ungarn.
370 1637 450 1675 Preis
480 1638 521 1669 bei
552 1639 727 1677 sämmtlichen
759 1640 962 1681 schweizerischen
993 1644 1069 1682 Post»

141 1680 262 1716 bureaux
291 1679 341 1709 mit
372 1680 466 1718 täglich
498 1681 670 1719 zweimaliger
700 1682 857 1722 Zusendung
887 1685 931 1715 des
961 1686 1069 1717 Blattes

142 1723 191 1760 für
211 1727 228 1752 3
251 1722 363 1752 Monate
384 1722 430 1757 Fr.
453 1727 477 1752 5.
500 1726 541 1758 50,
565 1723 610 1760 für
630 1727 645 1752 6
667 1723 781 1755 Monate
800 1725 847 1760 Fr.
870 1731 910 1757 10.
933 1732 973 1757 50.

207 1764 261 1799 Im
281 1763 452 1801 übrigen
473 1764 661 1795 Ausland
695 1767 834 1797 vermittelt
859 1768 898 1799 die
918 1769 980 1806 Post
1001 1770 1068 1800 keine

143 1805 346 1843 Bestellungen,
385 1809 412 1835 es
444 1806 541 1844 müssen
562 1807 640 1845 daher
672 1807 751 1845 solche
771 1809 848 1839 direkt
868 1819 904 1841 an
928 1811 967 1841 die
987 1811 1069 1848 Expe¬

142 1848 229 1879 dition
252 1847 368 1885 gerichtet
397 1848 506 1878 werden.
550 1848 701 1887 Ebendahin
732 1850 825 1881 wollen
857 1851 902 1889 sich
934 1852 995 1890 auch
1016 1854 1068 1883 die¬

143 1890 246 1928 jenigen
277 1889 346 1927 Leser
377 1890 489 1924 wenden,
522 1890 610 1928 welche
641 1895 694 1921 aus
723 1891 860 1929 besondern
880 1893 1005 1925 Gründen
1026 1895 1069 1933 ihr

143 1932 226 1962 Blatt
258 1932 335 1961 unter
365 1931 558 1970 Privatadresse
592 1949 624 1954 —
660 1933 749 1970 wofür
780 1935 835 1965 eine
865 1937 946 1967 etwas
967 1936 1069 1975 erhöhte

142 1975 214 2010 Taxe
235 1972 361 2011 berechnet
381 1973 448 2004 wird
473 1991 506 1995 —
532 1983 563 2012 zu
585 1974 701 2012 erhalten
721 1976 862 2014 wünschen.

292 2022 346 2070 Die
371 2022 541 2072 Sr-Miou
567 2024 616 2063 der
639 2023 738 2071 |lmn
759 2023 1018 2077 Mrchrr-Mn«-.

401 2133 817 2189 Tagesbericht

500 2200 557 2221 vom
579 2196 603 2221 8.
627 2192 716 2229 April.

208 2248 418 2288 Geräuschloser
441 2249 486 2280 als
509 2255 559 2281 vor
580 2250 625 2281 ein
646 2255 717 2289 paar
739 2250 878 2283 Monaten
910 2253 952 2285 die
978 2255 1066 2294 engli¬

142 2291 217 2332 schen
238 2290 386 2330 Vorgehen
408 2290 439 2322 in
461 2290 647 2330 Egypten
670 2291 719 2331 hat
754 2292 802 2332 sich
837 2293 868 2325 in
904 2294 954 2326 den
976 2295 1065 2336 letzten

142 2334 241 2373 Tagen
263 2332 294 2363 in
315 2333 366 2364 den
387 2331 595 2371 Verhältnissen
617 2333 663 2364 des
685 2333 804 2373 Khedive
824 2335 869 2366 ein
884 2336 1065 2378 Umschwung

142 2376 296 2415 vollzogen,
318 2373 426 2412 welcher
447 2374 577 2414 vielleicht
598 2374 669 2414 nicht
701 2375 770 2414 ohne
791 2376 910 2416 Einfluß
942 2378 993 2417 auf
1024 2379 1066 2411 die

143 2416 284 2455 Stellung
304 2416 351 2447 der
373 2415 511 2455 einzelnen
544 2416 733 2456 europäischen
756 2416 865 2457 Mächte
896 2419 1000 2460 sowohl
1032 2430 1065 2461 zu

144 2459 272 2499 Egypten
307 2457 358 2489 wie
394 2459 476 2489 unter
511 2457 641 2489 einander
674 2458 782 2491 bleiben
807 2460 887 2492 wird.
930 2461 1064 2502 Nachdem

142 2499 278 2540 England
312 2498 467 2538 ungeachtet
503 2498 572 2531 aller
593 2499 738 2539 Enquöten
775 2502 830 2533 und
862 2501 985 2543 Berichte
1016 2505 1065 2544 sich

143 2543 217 2582 nicht
239 2541 288 2581 hat
310 2540 487 2580 entschließen
509 2540 622 2575 können,
644 2541 706 2573 dem
727 2541 846 2583 Khedive
867 2544 898 2576 in
910 2545 955 2576 der
969 2544 1063 2584 finan¬

142 2584 240 2625 ziellen
264 2582 402 2622 Nothlage
423 2592 457 2622 zu
478 2582 577 2621 helfen,
600 2583 630 2615 in
651 2583 760 2623 welcher
791 2584 905 2624 derselbe
937 2586 984 2626 sich
1016 2596 1063 2619 am

146 2627 174 2657 1.
196 2624 292 2665 April,
315 2625 364 2656 als
385 2633 434 2656 am
455 2624 722 2664 Fälligkeitstermin
743 2625 789 2658 der
800 2626 905 2666 Zinsen
924 2628 971 2659 der
980 2635 1061 2669 egyp-

139 2666 240 2708 tischen
263 2665 431 2707 Schatzbons
453 2665 562 2706 befand,
598 2666 646 2706 hat
682 2667 727 2698 der
748 2666 896 2709 Vizekönig
932 2669 979 2709 sich
1025 2681 1062 2703 an

141 2707 301 2749 Frankreich
323 2708 457 2747 gewendet
478 2708 536 2740 und
559 2708 600 2739 die
622 2708 718 2748 Hülfe,
740 2709 784 2742 die
804 2710 863 2750 ihm
895 2711 927 2743 in
949 2711 1063 2744 London

140 2751 251 2791 versagt
273 2752 374 2787 wurde,
397 2750 429 2782 in
451 2750 542 2789 Paris
563 2749 710 2789 gefunden.
737 2751 793 2783 Die
813 2752 987 2793 französische
1008 2754 1063 2786 Re¬

140 2794 260 2835 gierung
294 2791 351 2830 ließ
388 2791 437 2831 sich
471 2791 513 2823 die
535 2791 711 2832 Gelegenheit
746 2793 815 2833 nicht
847 2795 984 2835 entgehen,
1020 2796 1062 2828 die

142 2833 347 2877 hülfesuchende
369 2832 453 2873 Hand
474 2833 521 2865 des
543 2833 662 2873 Khedive
684 2843 718 2874 zu
739 2835 880 2875 ergreifen,
903 2837 945 2868 die
959 2837 1061 2875 Frank¬

139 2876 209 2914 reich
229 2877 273 2908 die
293 2875 431 2915 Stellung
452 2875 482 2907 in
506 2874 630 2915 Egypten
663 2876 830 2916 wiedergibt,
867 2881 923 2910 aus
954 2879 999 2911 der
1030 2883 1061 2912 es

140 2918 222 2959 durch
245 2917 287 2949 die
307 2916 436 2957 englische
457 2917 600 2956 Invasion
622 2916 687 2950 eben
715 2918 767 2957 erst
787 2919 935 2960 verdrängt
966 2920 1061 2961 schien.

141 2962 203 2994 Der
224 2959 359 2997 Minister
380 2959 427 2991 des
451 2959 662 2999 Auswärtigen,
692 2959 796 3000 Herzog
816 2960 935 3002 Decazes
967 2963 1061 3003 appel-

139 3004 207 3037 lirte
218 3012 257 3034 an
269 3001 316 3033 den
329 3000 544 3040 Patriotismus
559 3001 606 3033 der
630 3000 822 3042 französischen
833 3002 982 3041 Bankiers,
1004 3010 1061 3036 wo¬

139 3044 210 3084 rauf
245 3044 287 3075 die
307 3042 448 3075 Vertreter
482 3043 529 3074 der
563 3042 767 3083 bedeutendsten
803 3044 917 3084 Pariser
938 3046 1059 3087 Finanz¬

139 3087 271 3126 institute
285 3084 538 3125 zusammentraten
559 3085 626 3122 und,
647 3086 700 3117 wie
720 3085 911 3127 telegraphisch
932 3089 1061 3127 gemeldet

137 3129 262 3164 worden,
284 3136 331 3159 am
353 3125 497 3166 Mittwoch
520 3126 561 3159 die
572 3127 717 3167 egyptische
727 3127 1060 3170 Finanz-Angelegenheit

138 3180 205 3212 zum
226 3168 367 3209 Abschluß
389 3167 523 3207 brachten.
566 3168 642 3200 Man
678 3169 749 3201 wird
786 3170 843 3202 eine
878 3171 993 3211 Anleihe
1028 3172 1059 3204 in

137 3211 349 3253 Obligationen
369 3210 410 3242 im
432 3209 554 3251 Betrage
574 3218 629 3242 von
650 3211 712 3241 250
732 3210 889 3244 Millionen
921 3213 1060 3253 ausgeben

137 3255 197 3288 und
218 3254 269 3294 für
291 3253 351 3283 200
374 3251 529 3285 Millionen
551 3252 743 3292 Schahscheine
765 3253 814 3292 auf
826 3253 883 3286 drei
896 3255 988 3294 Jahre
999 3261 1057 3286 ver¬

137 3297 269 3338 längern.
311 3295 377 3327 Das
399 3294 681 3333 Finanzkonsortium
704 3293 832 3335 beschloß,
855 3302 910 3328 von
931 3297 980 3328 den
1010 3297 1058 3337 fest

470 3453 629 3498 Jndlftii
655 3451 733 3493 1816
733 3481 741 3492 .

471 3563 541 3589 Am
566 3561 728 3595 Flusse.
1044 3565 1062 3591 3

187 3611 233 3638 Sie
252 3615 302 3637 war
319 3609 368 3636 eine
385 3608 456 3635 kleine
472 3609 525 3641 Fee,
543 3609 591 3636 eine
609 3608 679 3642 Hexe,
697 3609 733 3636 ein
751 3608 852 3640 Kobold,
871 3610 914 3637 wie
931 3611 969 3637 der
985 3610 1061 3638 Bater

136 3648 167 3679 fi«
184 3650 280 3679 nannte,
297 3656 325 3681 zu
343 3642 456 3678 SiPrzen
472 3646 521 3672 und
539 3646 665 3674 Neckereien
683 3647 736 3678 stets
764 3647 840 3679 bereit,
868 3647 966 3681 lachend,
992 3649 1060 3681 plau>

138 3685 213 3717 dernd,
230 3686 325 3718 singend
342 3684 391 3710 und
407 3683 506 3715 tanzend
522 3688 577 3710 vo«
586 3684 691 3717 Morgen
708 3684 748 3711 bis
765 3693 817 3718 zum
834 3685 931 3718 Abend;
948 3687 997 3714 und
1008 3687 1060 3719 doch

138 3722 217 3750 konnte
233 3724 264 3754 sie
282 3722 436 3754 stundenlang
464 3720 534 3753 ruhig
560 3721 594 3748 im
611 3722 686 3753 Grase
703 3722 786 3755 liegen,
812 3723 854 3755 aus
877 3724 920 3750 daS
943 3723 1060 3751 Summen

138 3759 176 3787 der
193 3760 303 3792 Insekten
319 3760 368 3788 und
386 3760 428 3787 den
445 3759 536 3791 Gelang
554 3759 591 3785 der
609 3759 685 3792 Vögel
703 3760 814 3793 lauschen,
838 3761 892 3788 oder
910 3769 979 3794 ganze
996 3763 1059 3795 Tage

136 3796 164 3823 in
180 3798 253 3830 ihrem
270 3799 358 3826 kleinen
375 3797 447 3830 Kahn
463 3796 506 3828 auf
522 3796 572 3823 dem
581 3796 662 3830 Fluste
678 3798 814 3830 zubringen,
831 3802 870 3825 wo
885 3799 915 3831 sie
931 3807 984 3832 zum
994 3800 1059 3827 Rau¬

134 3834 197 3866 schen
213 3837 252 3862 deS
270 3836 374 3869 Wasiers
392 3835 444 3867 leise
460 3834 538 3861 Lieder
555 3835 619 3866 saug.
654 3835 702 3861 Eie
719 3836 797 3868 wuchs
813 3839 880 3863 unter
891 3837 997 3870 Blüthkn
1010 3838 1058 3865 und

135 3872 241 3900 Blumen
259 3875 309 3906 aus,
327 3874 356 3906 sie
374 3873 439 3905 selbst
457 3878 507 3899 war
536 3872 585 3899 eine
613 3872 765 3900 wunderbare
782 3874 884 3907 Knospe,
913 3877 958 3901 auS
986 3876 1058 3902 einem

132 3910 313 3943 Zaubergarten
329 3912 375 3943 auf
390 3911 427 3938 die
443 3911 502 3938 Erde
518 3910 655 3943 verpflanzt,
674 3909 747 3936 keiner
777 3911 864 3938 andern
891 3912 983 3944 ähnlich
1009 3914 1058 3940 und

131 3947 222 3980 fchdner
238 3948 280 3974 als
297 3949 349 3980 alle,
368 3949 445 3980 woher
462 3950 485 3974 eS
503 3948 566 3979 wohl
584 3946 638 3979 auch
650 3947 752 3973 kommen
762 3948 853 3980 mochte,
872 3950 917 3981 daß
928 3951 962 3976 die
970 3951 1058 3979 Kinder

133 3983 199 4015 ihre»
214 3984 298 4011 Alters
314 3985 363 4012 eine
380 3986 469 4019 gewiff«
485 3984 565 4017 Scheu
583 3989 626 4010 vor
642 3984 681 4016 ihr
699 3984 780 4016 hatten
796 3986 843 4011 und
861 3986 889 4018 sie
906 3987 1002 4020 mieden,
1020 3994 1057 4015 wo

131 4020 161 4049 sie
179 4021 284 4046 konnte».
316 4022 436 4054 Johanna
453 4023 524 4055 suchte
549 4023 615 4049 deren
637 4021 744 4054 Umgang
756 4022 812 4049 aber
827 4022 883 4055 auch
908 4025 976 4057 nicht.
1010 4026 1058 4053 Sie

132 4062 186 4084 war
204 4063 259 4088 gern
277 4059 347 4085 allein
364 4061 413 4087 und
431 4060 467 4088 bei
485 4061 559 4092 ihrem
577 4060 659 4091 Vater,
678 4058 772 4091 welcher
789 4059 842 4091 auch
862 4061 938 4088 keinen
955 4062 1056 4095 Berkehr

132 4093 179 4122 mit
198 4094 239 4120 dm
257 4093 458 4128 Dorfbewohnern
474 4097 601 4130 unterhielt
618 4097 666 4124 und
678 4096 751 4128 außer
768 4097 850 4129 seinem
868 4096 974 4130 Freunde
986 4100 1056 4127 Wal¬

131 4133 171 4158 ten
189 4130 256 4156 kaum
274 4129 379 4162 Jemand
395 4137 441 4160 au?
459 4135 497 4162 der
514 4133 694 4167 Nachbarschaft
719 4133 766 4167 sah.
801 4134 898 4161 Walten
925 4135 991 4169 besaß
1009 4137 1056 4170 jen¬

129 4168 187 4201 seits
205 4169 243 4194 deS
261 4167 355 4201 Fluffe»
373 4169 409 4197 ein
426 4172 509 4203 großer
527 4173 587 4204 Lut,
615 4177 665 4199 war
683 4172 797 4199 Wittwer
820 4172 865 4198 wie
883 4173 981 4205 Srnfeld
1008 4176 1055 4202 und

129 4205 193 4233 lebte
210 4205 254 4231 mit
272 4205 345 4234 feinen
362 4206 442 4235 beiden
459 4209 559 4242 Söhnen
575 4210 621 4243 fast
649 4210 727 4242 ebenso
749 4210 922 4243 zurückgezogen
947 4211 990 4239 wie
1016 4213 1056 4240 der

129 4242 223 4275 Major.
260 4242 305 4269 Die
322 4243 402 4270 beiden
419 4245 525 4277 Freund«
550 4247 678 4279 verkehrten
706 4246 777 4280 jedoch
805 4247 851 4274 viel
876 4249 920 4274 mit
937 4248 1054 4282 einander,

128 4281 179 4308 und
197 4280 232 4306 die
248 4279 338 4307 Kinder
357 4294 387 4298 —
405 4282 440 4309 die
457 4284 556 4312 Knaben
573 4290 652 4312 waren
678 4284 741 4311 beide
767 4287 840 4312 etwas
866 4285 926 4312 älter
951 4286 990 4313 als
1006 4287 1054 4319 Jo¬

127 4319 210 4351 hanna
228 4330 260 4335 —
279 4317 383 4350 brachte»
400 4321 505 4352 mnnchen
523 4322 655 4355 glücklichen
672 4323 726 4354 Lag
742 4323 787 4355 auf
810 4323 859 4349 dem
884 4323 974 4354 schinen
990 4325 1054 4352 Lute

127 4355 173 4382 mit
191 4356 239 4381 dem
258 4356 344 4388 großen
361 4355 453 4385 Larten
470 4359 518 4385 und
535 4361 585 4386 dem
601 4360 799 4391 daraustoßmden
807 4360 892 4387 Walde
908 4369 945 4392 zu.
963 4362 1053 4394 Luton,

125 4393 166 4420 der
182 4392 286 4425 jüngere,
303 4394 352 4420 «ad
359 4393 478 4427 Johanna
486 4400 566 4424 waren
583 4397 629 4428 fast
643 4398 835 4429 nnzertrennlich,
853 4398 963 4431 während
973 4399 1052 4431 Wolf-

125 4437 197 4463 gang,
213 4430 254 4457 der
271 4430 366 4462 Doktor,
384 4432 428 4459 wie
444 4432 487 4465 ih»
502 4433 551 4465 sei»
566 4434 643 4461 Vater
664 4436 761 4466 nannte,
791 4434 829 4468 sich
855 4436 890 4467 oft
915 4441 962 4463 von
986 4436 1052 4469 ihren

124 4464 1052 4507 ----

1116 1052 1149 1084 zu
1169 1043 1405 1085 übernehmenden
1429 1046 1486 1077 150
1510 1047 1667 1081 Millionen
1691 1050 1728 1081 75
1740 1050 1896 1084 Millionen
1906 1062 1941 1093 zu
1952 1052 2032 1085 über¬

1117 1085 1241 1126 nehmen.
1285 1086 1339 1119 Die
1375 1087 1491 1129 Anleihe
1527 1089 1580 1128 soll
1610 1089 1684 1123 beim
1715 1091 1865 1133 Oomptoir
1886 1094 2034 1126 nationale

1116 1127 1289 1169 d’escompte
1320 1129 1461 1170 gezeichnet
1480 1131 1598 1164 werden.
1639 1132 1702 1166 Mit
1723 1134 1879 1176 Frankreich
1911 1136 1973 1177 geht
2004 1137 2036 1169 in

1117 1168 1199 1209 dieser
1220 1169 1434 1211 Angelegenheit
1455 1172 1520 1212 auch
1541 1173 1655 1210 Italien
1677 1174 1761 1214 Hand
1782 1176 1813 1208 in
1835 1176 1927 1217 Hand,
1949 1177 2034 1218 dessen

1117 1210 1192 1251 Rath
1214 1212 1273 1244 und
1294 1211 1427 1253 Beistand
1448 1213 1497 1253 sich
1519 1214 1565 1246 der
1576 1214 1695 1256 Khedive
1716 1217 1882 1259 bekanntlich
1898 1219 2034 1260 ebenfalls

1116 1252 1220 1284 erbeten
1242 1253 1326 1294 hatte.
1369 1254 1435 1287 Das
1470 1255 1601 1293 Resultat
1635 1257 1681 1289 der
1713 1259 1980 1303 Unterhandlungen
2002 1262 2034 1294 in

1118 1294 1207 1334 Paris
1228 1295 1322 1328 wurde
1343 1295 1431 1337 sofort
1451 1298 1643 1340 telegraphisch
1668 1309 1707 1332 an
1738 1300 1788 1333 den
1809 1301 1957 1344 Vizekönig
1989 1313 2034 1344 ge¬

1116 1336 1223 1369 meldet.
1267 1337 1331 1369 Wie
1364 1338 1425 1378 sehr
1444 1339 1527 1379 indeß
1547 1341 1591 1373 die
1610 1341 1804 1383 französischen
1824 1344 1941 1377 Blätter
1966 1345 2037 1385 diese

1117 1388 1182 1410 neue
1202 1378 1353 1420 Wendung
1373 1381 1420 1412 der
1441 1380 1535 1422 Dinge
1560 1382 1592 1414 in
1613 1383 1738 1423 Egypten
1774 1384 1875 1418 bereits
1911 1386 1958 1419 als
1991 1387 2036 1419 ein

1117 1419 1170 1451 fait
1190 1421 1331 1461 accompli
1351 1420 1502 1462 betrachten
1534 1423 1591 1456 und
1617 1424 1767 1465 begrüßen,
1802 1426 1831 1466 so
1867 1427 1964 1468 scheint
2000 1428 2036 1469 sie

1117 1461 1179 1501 doch
1198 1462 1265 1502 noch
1285 1463 1450 1504 keineswegs
1470 1474 1506 1505 zu
1527 1465 1616 1499 einem
1636 1466 1739 1507 solchen
1760 1468 1886 1510 gediehen
1913 1479 1948 1510 zu
1967 1470 2034 1510 sein,

1117 1503 1249 1543 vielmehr
1271 1504 1369 1538 meldet
1390 1509 1447 1537 uns
1469 1506 1547 1546 heute
1568 1507 1626 1540 eine
1637 1507 1851 1551 Havasdepesche
1867 1515 1921 1543 aus
1937 1511 2033 1548 Cairo,

1118 1545 1172 1584 daß
1193 1545 1236 1578 die
1257 1546 1401 1587 egyptische
1422 1547 1581 1589 Regierung
1604 1550 1646 1583 die
1666 1550 1840 1593 französische
1850 1553 2033 1594 Finanzcom-

1117 1586 1248 1620 bination
1269 1588 1341 1629 nicht
1360 1599 1564 1630 angenommen
1586 1591 1644 1624 und
1655 1591 1810 1634 beschlossen
1820 1594 1879 1635 hat,
1900 1595 1942 1628 die
1956 1595 2034 1636 Zah¬

1118 1629 1187 1669 lung
1208 1629 1254 1661 der
1276 1630 1443 1669 verfallenen
1463 1631 1664 1673 Zinscoupons
1693 1644 1743 1667 um
1766 1636 1822 1668 drei
1843 1636 1963 1669 Monate
1998 1647 2033 1678 zu

1118 1670 1290 1711 verschieben.
1332 1672 1425 1713 Durch
1446 1674 1537 1713 welche
1551 1674 1661 1708 Motive
1675 1676 1738 1709 oder
1749 1676 1883 1718 Einflüsse
1897 1678 1939 1711 die
1953 1685 2034 1719 egyp¬

1118 1712 1194 1753 tische
1215 1713 1374 1755 Regierung
1394 1714 1439 1747 bei
1458 1715 1556 1755 diesem
1577 1715 1726 1764 Beschlüsse
1747 1719 1853 1759 geleitet
1874 1721 1975 1757 wurde,
1998 1721 2033 1760 ist

1118 1764 1166 1795 zur
1188 1755 1303 1787 Stunde
1323 1756 1386 1796 noch
1408 1756 1479 1796 nicht
1499 1757 1650 1798 ersichtlich.
1693 1760 1923 1800 Möglicherweise
1944 1762 2035 1802 haben

1119 1796 1310 1837 anderweitige
1320 1797 1454 1839 Einflüffe
1475 1799 1532 1831 und
1544 1799 1587 1832 die
1597 1801 1783 1842 orientalische
1794 1802 2034 1845 Wankelmüthig-

1118 1839 1166 1871 keit
1187 1838 1235 1871 des
1257 1838 1375 1878 Khedive
1396 1840 1446 1872 den
1467 1840 1567 1873 bereits
1589 1842 1636 1875 als
1659 1842 1737 1884 sicher
1747 1843 1922 1885 betrachteten
1934 1845 2034 1887 Erfolg

1118 1880 1163 1912 der
1184 1880 1378 1921 französischen
1400 1882 1505 1921 Politik
1526 1884 1694 1924 neuerdings
1715 1885 1845 1919 vereitelt.

1177 1921 1228 1953 Da
1247 1922 1332 1961 Fürst
1345 1922 1490 1956 Bismarck
1503 1934 1554 1964 zur
1568 1925 1716 1967 Stärkung
1729 1926 1817 1966 seiner
1830 1928 2035 1969 angegriffenen

1118 1962 1289 2005 Gesundheit
1302 1964 1405 1998 Berlin
1426 1965 1490 1998 bald
1513 1966 1579 2006 nach
1589 1967 1692 2007 Ostern
1712 1978 1746 2008 zu
1767 1969 1897 2010 verlassen
1918 1971 2034 2011 gedenkt,

1118 2006 1146 2044 so
1166 2005 1237 2038 wird
1260 2005 1318 2045 (der
1342 2006 1434 2047 „Doss.
1456 2007 1540 2048 Ztg."
1565 2008 1684 2049 zufolge)
1717 2011 1759 2042 die
1779 2011 1843 2049 erste
1864 2011 1968 2053 Lesung
1989 2012 2035 2045 der

1117 2047 1474 2088 Reichseisenbahnvorlage
1503 2050 1570 2090 nach
1600 2052 1661 2083 dem
1692 2051 1768 2084 Ende
1791 2052 1838 2085 der
1857 2053 1964 2093 Ferien,
1986 2064 2036 2087 am

1118 2089 1252 2130 Dienstag
1285 2090 1334 2121 den
1366 2091 1416 2122 25.
1442 2090 1546 2131 April,
1581 2093 1632 2132 auf
1661 2092 1705 2126 die
1734 2094 1956 2136 Tagesordnung
1987 2097 2034 2128 des

1117 2130 1380 2171 preußischen
1412 2132 1717 2174 Abgeordnetenhauses
1749 2136 1836 2177 gesetzt
1864 2137 1921 2169 und
1942 2138 2035 2178 wahr¬

1117 2172 1252 2213 scheinlich
1273 2173 1342 2213 ohne
1361 2173 1582 2215 kommiffarische
1592 2175 1809 2218 Vorberathung
1823 2178 1875 2219 auf
1888 2179 1930 2211 die
1944 2180 2035 2220 zweite

1117 2214 1285 2255 Berathung
1306 2215 1336 2247 in
1358 2216 1586 2250 unmittelbarem
1597 2217 1736 2257 Anschluß
1764 2229 1800 2251 an
1823 2220 1864 2252 die
1885 2221 1950 2261 erste
1969 2227 2035 2253 vor¬

1118 2265 1281 2296 genommen
1310 2258 1425 2289 werden.
1466 2259 1541 2291 Was
1569 2259 1610 2291 die
1631 2259 1758 2300 Chancen
1779 2261 1823 2294 der
1843 2262 1969 2303 Vorlage
1988 2263 2033 2295 be¬

1116 2297 1198 2337 trifft,
1231 2298 1260 2337 so
1293 2297 1409 2338 scheinen
1434 2298 1566 2339 dieselben
1588 2301 1646 2333 dem
1668 2305 1823 2341 genannten
1844 2303 1939 2342 Blatt,
1970 2306 2034 2345 trotz

1116 2340 1162 2371 des
1183 2338 1324 2379 lebhaften
1336 2339 1483 2380 Gefechtes,
1504 2341 1557 2373 das
1579 2341 1628 2382 für
1648 2343 1706 2375 und
1720 2344 1803 2376 wider
1818 2344 1868 2385 seit
1893 2345 2034 2378 Monaten

1115 2381 1147 2412 in
1167 2380 1252 2413 Wort
1274 2381 1330 2413 und
1351 2382 1460 2422 Schrift
1479 2383 1591 2423 geführt
1612 2384 1691 2421 wird,
1713 2385 1785 2425 nicht
1804 2386 1953 2427 wesentlich
1974 2394 2033 2420 ver¬

1115 2422 1213 2454 ändert
1233 2432 1268 2463 zu
1290 2423 1355 2462 sein.
1381 2425 1444 2461 „In
1465 2425 1510 2456 der
1521 2425 1820 2466 Fortschrittspartei",
1831 2428 1860 2468 so
1871 2428 1981 2469 schreibt
1991 2430 2034 2462 die

1119 2463 1172 2502 „V.
1183 2464 1250 2502 Z.",
1273 2464 1321 2505 hat
1342 2464 1390 2506 sich
1412 2466 1453 2498 die
1473 2466 1550 2506 Zahl
1564 2467 1609 2499 der
1629 2467 1689 2508 sehr
1709 2470 1883 2509 vereinzelten
1904 2471 2029 2509 Freunde

1115 2506 1162 2537 des
1193 2506 1416 2546 Unternehmens
1447 2507 1576 2549 sicherlich
1606 2509 1678 2550 nicht
1708 2511 1845 2551 vermehrt
1871 2513 1929 2544 und
1951 2516 2034 2545 unter

1114 2548 1163 2579 den
1185 2547 1459 2581 Nationalliberalen
1479 2550 1585 2582 werden
1599 2551 1699 2584 immer
1710 2552 1774 2591 noch
1784 2553 1871 2593 einige
1881 2554 1931 2585 den
1943 2554 2033 2595 Muth

1114 2588 1210 2629 haben,
1233 2593 1290 2621 aus
1310 2590 1562 2631 wirthschaftlichen
1587 2592 1723 2625 Gründen
1748 2594 1798 2626 den
1818 2595 2032 2636 Verlockungen,

1113 2630 1278 2671 unitarische
1292 2631 1397 2671 Politik
1416 2642 1452 2672 zu
1464 2633 1578 2670 treiben,
1599 2644 1633 2675 zu
1646 2634 1828 2676 widerstehen.
1850 2637 1914 2669 Den
1927 2637 2032 2678 konser¬

1114 2673 1223 2705 vativen
1245 2674 1377 2713 Parteien
1399 2674 1457 2706 und
1478 2676 1538 2707 dem
1554 2675 1689 2708 Centrum
1713 2683 1773 2710 war
1794 2684 1848 2711 von
1869 2679 2033 2720 vornherein

1114 2714 1159 2745 der
1180 2714 1364 2754 Standpunkt
1384 2716 1433 2755 für
1454 2717 1510 2748 und
1533 2727 1613 2757 gegen
1628 2717 1750 2758 gegeben.
1776 2719 1929 2760 Uebrigens
1945 2722 2033 2761 haben

1113 2756 1157 2788 bei
1176 2756 1223 2787 der
1243 2757 1415 2798 Wichtigkeit
1435 2758 1481 2791 der
1490 2758 1729 2800 Verhandlungen
1739 2761 1857 2801 einzelne
1867 2763 2033 2801 Fraktionen

1114 2798 1258 2830 Cirkulare
1280 2809 1317 2830 an
1339 2799 1397 2840 ihre
1418 2799 1582 2840 Mitglieder
1602 2801 1724 2842 erlaffen,
1751 2804 1842 2836 worin
1863 2804 1898 2843 sie
1919 2805 1970 2845 auf
1990 2806 2032 2838 die

1113 2839 1346 2880 Nothwendigkeit
1367 2841 1550 2882 vollzähligen
1573 2842 1746 2883 Erscheinens
1768 2844 1810 2877 bei
1819 2845 2031 2887 Wiederbeginn

1111 2881 1157 2913 der
1178 2881 1331 2923 Sitzungen
1351 2882 1527 2923 Hinweisen."

1174 2923 1228 2955 Die
1253 2924 1376 2961 „Nordd.
1399 2925 1476 2965 Allg.
1497 2925 1583 2966 Ztg."
1617 2926 1714 2968 bringt
1748 2928 1825 2960 einen
1860 2928 2028 2963 bemerkens¬

1113 2965 1231 3005 werten
1253 2965 1359 2999 Artikel
1379 2966 1447 2998 über
1469 2967 1614 3007 Rußland,
1636 2968 1743 3009 welcher
1764 2969 1805 3002 die
1819 2970 2031 3012 Uebereinstim-

1111 3016 1200 3046 mung
1221 3007 1267 3039 der
1289 3007 1424 3048 deutschen
1439 3009 1495 3041 und
1509 3009 1653 3050 russischen
1664 3011 1819 3052 Jntereffen
1841 3012 1944 3051 bewnt,
1966 3013 2031 3046 aber

1111 3048 1243 3088 leugnet,
1280 3050 1334 3088 daß
1356 3050 1398 3083 die
1419 3051 1612 3092 Freundschaft
1634 3052 1789 3092 Rußlands
1810 3055 1868 3087 eine
1891 3055 2027 3096 Existenz¬

1110 3090 1186 3130 frage
1207 3090 1258 3129 für
1279 3091 1463 3132 Deutschland
1484 3093 1531 3132 sei.
1573 3093 1632 3126 Der
1651 3094 1756 3127 Artikel
1778 3095 1904 3136 schließt:

1175 3132 1245 3167 „Die
1265 3133 1374 3170 deutsche
1395 3134 1479 3173 Preffe
1502 3135 1562 3165 aber
1583 3138 1654 3174 möge
1681 3136 1711 3167 in
1732 3137 1848 3175 Zukunft
1869 3139 1925 3168 dem
1946 3138 2031 3169 Gebot

1110 3173 1152 3204 der
1173 3174 1375 3214 Selbstachtung
1395 3176 1499 3213 folgen,
1536 3177 1639 3214 welches
1661 3177 1690 3208 in
1711 3179 1800 3216 diesem
1821 3180 1896 3216 Falle
1917 3189 1963 3218 zur
1984 3190 2031 3211 na¬

1110 3216 1226 3245 tionalen
1246 3217 1344 3254 Pflicht
1364 3217 1453 3253 wird,
1491 3219 1546 3249 und
1577 3219 1617 3249 die
1637 3219 1817 3258 Freundschaft
1847 3231 1881 3259 zu
1900 3223 2029 3260 Rußland

1111 3263 1178 3294 zwar
1200 3258 1225 3295 so
1247 3258 1307 3296 hoch
1329 3259 1377 3288 wie
1398 3259 1506 3297 möglich
1523 3260 1615 3297 stellen,
1638 3261 1697 3291 aber
1717 3262 1790 3292 dabei
1810 3263 1877 3300 nicht
1899 3265 2029 3302 vergessen,

1108 3299 1159 3336 daß
1179 3299 1283 3338 dieselbe
1305 3300 1351 3337 auf
1371 3301 1426 3330 dem
1442 3302 1688 3339 wohlverstandenen
1710 3304 1889 3343 gegenseitigen
1905 3306 2030 3344 Jntereffe

1113 3389 1189 3417 liebte.
1224 3390 1281 3417 Nur
1298 3390 1333 3418 bei
1350 3392 1391 3418 den
1410 3392 1564 3426 Streifereien
1582 3393 1613 3420 im
1629 3394 1715 3421 Walde
1732 3395 1802 3427 fehlte
1823 3404 1847 3423 er
1864 3397 1909 3428 nie,
1937 3397 2033 3430 fonder»

1113 3431 1163 3453 war
1180 3427 1234 3459 stets
1251 3428 1291 3454 der
1307 3427 1413 3461 Führer;
1432 3429 1462 3456 da
1479 3430 1525 3462 gab
1543 3433 1566 3457 eS
1584 3430 1660 3458 keinen
1677 3431 1749 3465 Pfad,
1766 3433 1808 3459 den
1825 3442 1849 3460 er
1865 3434 1925 3466 nicht
1942 3436 2032 3465 kannte,

1113 3464 1186 3491 keinm
1204 3464 1259 3497 noch
1276 3465 1300 3496 fo
1317 3466 1441 3498 versteckten
1458 3466 1530 3501 Platz,
1549 3468 1644 3500 welchen
1660 3476 1683 3495 er
1701 3469 1935 3504 uicht>ausgefunden
1960 3472 2032 3504 hätte.

1112 3501 1185 3533 Jeder
1202 3501 1285 3529 Baum
1303 3506 1353 3530 war
1376 3503 1425 3535 ihm
1450 3504 1486 3531 eia
1513 3504 1586 3532 lieber
1603 3505 1706 3539 Freund,
1735 3508 1783 3534 und
1810 3507 1870 3541 jeder
1895 3508 2032 3542 Pflänzchen

1112 3541 1199 3566 nannte
1216 3548 1240 3566 er
1256 3540 1302 3566 mit
1318 3540 1418 3568 Namen.
1454 3542 1532 3569 Wenn
1549 3542 1612 3570 dann
1630 3544 1711 3571 Anton
1729 3545 1777 3572 »nd
1794 3545 1910 3578 Johanna
1928 3547 1968 3579 sich
1977 3547 2032 3581 nach

1112 3577 1240 3604 Kinderart
1257 3579 1395 3606 tummelten
1410 3579 1460 3606 und
1476 3579 1562 3613 jagten,
1580 3581 1614 3608 im
1630 3581 1717 3609 Walde
1734 3583 1789 3615 nach
1807 3584 1953 3613 Abenteuern
1970 3586 2030 3618 such¬

1112 3616 1149 3641 ten
1166 3614 1213 3641 und
1231 3615 1363 3648 Wolsgang
1380 3616 1415 3648 oft
1433 3625 1479 3644 nur
1496 3617 1637 3651 begleiteten,
1655 3627 1695 3646 um
1713 3621 1792 3653 irgend
1808 3622 1872 3649 einen
1898 3622 1968 3654 ihnen
1992 3623 2031 3649 bi»

1111 3652 1175 3684 heute
1192 3652 1352 3680 unbekannten
1378 3654 1566 3687 .schauerlichen'
1588 3656 1652 3689 Platz
1680 3658 1838 3690 auszufinden,
1865 3659 1887 3691 so
1915 3659 2031 3692 unterließ

1110 3688 1180 3721 dieser
1194 3688 1241 3721 nie,
1260 3690 1292 3720 sie
1308 3691 1351 3723 aus
1367 3691 1402 3717 die
1418 3691 1519 3723 hundert
1535 3692 1623 3720 kleinen
1630 3693 1708 3727 Dinge
1724 3695 1875 3728 aufmerksam
1891 3704 1921 3728 zu
1931 3697 2030 3729 wachen,

1110 3725 1144 3752 die
1161 3726 1243 3757 seinem
1260 3726 1412 3759 Epäherblick
1428 3728 1489 3762 nicht
1506 3729 1636 3762 entgingen,
1665 3735 1716 3758 war
1745 3734 1769 3758 eS
1798 3733 1832 3765 oft
1858 3733 1912 3766 auch
1930 3742 1977 3761 nur
1994 3734 2031 3761 ein

1110 3763 1204 3794 schönes,
1223 3763 1271 3796 ihm
1290 3764 1367 3798 bisher
1384 3765 1481 3798 fremdes
1491 3767 1574 3798 MooS,
1592 3768 1645 3794 oder
1663 3768 1699 3796 ein
1717 3769 1801 3796 kleiner
1810 3770 1900 3803 Infekt,
1918 3771 1962 3798 daS
1974 3771 2031 3802 feine

1109 3800 1287 3834 Sammlungen
1305 3802 1429 3834 bereichern
1446 3804 1534 3835 mußte.
1553 3818 1581 3823 —
1601 3806 1684 3832 Anton
1700 3807 1741 3839 sah
1757 3815 1788 3839 zu
1804 3808 1853 3835 dem
1870 3809 1968 3836 Bruder
1979 3810 2030 3841 auf,

1109 3837 1152 3864 wie
1169 3846 1196 3870 zu
1215 3839 1288 3865 einem
1306 3839 1437 3873 velehrte»,
1466 3841 1530 3873 hörte
1558 3841 1607 3874 ihm
1628 3843 1710 3870 immer
1735 3844 1780 3871 mit
1807 3846 1951 3879 andächtiger
1969 3847 2031 3879 Auf¬

1109 3876 1260 3907 merksamkeit
1277 3884 1307 3909 zu
1324 3880 1372 3904 und
1389 3879 1464 3909 wagte
1480 3879 1517 3905 nie
1545 3879 1609 3906 einen
1626 3880 1786 3913 Widerspruch
1814 3891 1883 3916 gegen
1910 3883 1959 3912 eine
1984 3890 2030 3911 von

1109 3913 1239 3946 Wolfgang
1256 3915 1396 3946 ausgestellte
1411 3915 1581 3949 Behauptung.
1616 3917 1688 3950 Nicht
1711 3919 1736 3951 so
1750 3919 1886 3954 Johanna;
1920 3922 1975 3954 auch
1999 3922 2029 3954 sie

1108 3950 1247 3981 beobachtete
1264 3953 1313 3978 und
1330 3952 1393 3985 hatte
1411 3953 1461 3986 ihre
1477 3954 1611 3988 Meinung,
1638 3961 1684 3982 von
1714 3957 1751 3983 der
1780 3957 1808 3988 sie
1836 3958 1876 3990 sich
1905 3959 1971 3992 durch
1988 3960 2030 3987 den

1111 3989 1226 4021 .Doktor'
1246 3989 1308 4022 nicht
1324 3990 1453 4023 abbringen
1470 3992 1524 4024 ließ.
1559 3992 1622 4025 Ihre
1639 3993 1708 4026 reiche
1725 3994 1851 4028 Phantasie
1867 3995 1955 4024 belebte
1964 3998 2031 4024 Alle»

1108 4026 1153 4053 mit
1169 4027 1241 4053 einem
1258 4028 1426 4055 wunderbaren
1444 4028 1524 4061 Leben,
1544 4030 1585 4057 den
1602 4031 1688 4062 großen
1706 4032 1794 4058 Strom
1811 4033 1856 4059 mit
1872 4034 1955 4065 seinem
1972 4035 2030 4067 ewig

1106 4064 1254 4097 wechselnden
1271 4065 1456 4098 Wellenschläge,
1484 4067 1527 4093 wie
1556 4067 1598 4094 den
1616 4068 1690 4094 Wald
1720 4069 1763 4096 mit
1790 4069 1870 4100 seinem
1887 4071 2029 4104 geheimniß-

1106 4102 1182 4128 vollen
1199 4101 1318 4134 Flüstern,
1335 4107 1382 4130 von
1398 4103 1477 4131 beiden
1494 4104 1594 4136 erzählte
1609 4105 1639 4136 sie
1656 4106 1704 4132 dem
1730 4107 1870 4138 staunenden
1888 4108 1971 4136 Anton
1994 4110 2030 4137 die

1107 4139 1215 4171 schönsten
1232 4140 1380 4173 Geschichten,
1396 4141 1506 4172 während
1523 4142 1656 4175 Wolfgang
1680 4144 1725 4171 mit
1742 4145 1815 4174 seinen
1833 4146 1970 4177 nüchterne»
1986 4148 2029 4174 Er¬

1105 4176 1233 4208 klärungen
1250 4177 1315 4209 ihrer
1331 4177 1498 4210 Märchenwelt
1514 4180 1557 4206 den
1573 4180 1647 4213 Krieg
1673 4182 1757 4208 erklärt
1783 4182 1846 4214 hatte
1873 4184 1922 4210 und
1947 4185 2029 4212 immer

1104 4214 1197 4246 vergaß,
1217 4214 1262 4246 daß
1280 4214 1400 4247 Johanna
1429 4224 1471 4243 um
1487 4216 1567 4248 Jahre
1584 4217 1665 4250 jünger
1690 4224 1750 4251 war,
1785 4221 1824 4247 als
1852 4229 1884 4252 er,
1918 4223 1966 4249 und
1991 4223 2028 4250 eia

1104 4251 1225 4283 Mädchen.
1260 4253 1308 4280 Eie
1324 4253 1372 4286 ließ
1390 4254 1430 4286 sich
1448 4255 1502 4281 aber
1518 4260 1564 4282 von
1581 4255 1631 4288 ihm
1647 4257 1707 4289 nicht
1725 4258 1771 4284 irre
1789 4259 1888 4291 machen,
1907 4260 2028 4287 kümmerte

1104 4288 1145 4321 sich
1162 4289 1236 4322 wenig
1253 4297 1297 4316 um
1313 4290 1360 4322 sei»
1385 4292 1421 4323 oft
1447 4292 1614 4325 wiederholte»,
1644 4294 1854 4329 geringschätzige»:
1884 4297 1938 4328 .Da
1964 4298 2028 4328 wirst

1103 4326 1142 4352 nie
1158 4326 1241 4353 Elwa»
1258 4328 1403 4360 verstehen!'
1423 4336 1466 4356 um
1483 4329 1531 4359 sein
1540 4330 1669 4361 spottende»
1677 4331 1763 4364 Lachen
1780 4336 1828 4360 und
1844 4341 1884 4360 um
1902 4334 1960 4365 seine
1977 4343 2028 4362 ern¬

1104 4363 1150 4393 sten
1167 4364 1340 4397 Belehrungen.
1377 4366 1428 4393 Alle
1446 4366 1533 4393 kleinen
1550 4367 1636 4400 Zwiste
1652 4369 1757 4402 zwischen
1774 4369 1812 4402 ihr
1829 4371 1878 4397 und
1895 4371 2028 4405 Wolsgang

1102 4401 1254 4434 entsprangen
1271 4401 1345 4436 jedoch
1361 4406 1409 4430 au»
1425 4403 1494 4436 dieser
1511 4404 1705 4438 Verschiedenheit
1721 4407 1785 4440 ihrer
1801 4407 1918 4436 Naturen.
1944 4410 2027 4437 Auto»

1102 4439 1153 4466 trat
1169 4439 1233 4466 bann
1249 4440 1314 4471 meist
1330 4441 1370 4467 al»
1386 4440 1550 4474 versöhnend«»
1567 4442 1673 4470 Element
1689 4444 1825 4478 dazwischen
1849 4447 1899 4473 und
1924 4448 1974 4481 ihm
1989 4456 2027 4481 ge¬

1103 4475 1164 4509 lang
1180 4478 1205 4504 e»
1221 4477 1264 4510 oft,
1282 4477 1319 4506 dir
1335 4477 1426 4511 Gegner
1443 4487 1472 4513 zu
1488 4479 1638 4514 besänftige».
1671 4481 1717 4510 Die
1733 4481 1810 4511 Väter
1826 4483 1920 4517 wußten
1944 4487 2026 4513 uatür»

2086 1054 2169 1085 beider
2190 1056 2296 1092 Mächte
2317 1056 2417 1095 beruht,
2450 1059 2504 1089 und
2525 1058 2632 1097 deshalb
2653 1060 2729 1097 durch
2751 1062 2903 1101 persönliche
2927 1064 3013 1102 Sym¬

2086 1096 2192 1134 pathien
2213 1103 2282 1135 zwar
2303 1099 2447 1136 gewinnen,
2482 1101 2558 1138 durch
2581 1101 2655 1133 einen
2675 1102 2790 1141 Mangel
2810 1104 2943 1141 derselben,
2969 1106 3014 1137 der

2086 1138 2221 1176 übrigens,
2256 1139 2343 1177 soweit
2364 1140 2417 1179 jetzt
2438 1141 2479 1172 ein
2500 1143 2675 1180 menschliches
2695 1143 2771 1183 Auge
2792 1154 2824 1183 zu
2844 1146 2939 1178 blicken
2957 1154 3013 1179 ver¬

2087 1188 2155 1218 mag,
2179 1181 2287 1218 nirgend
2308 1181 2455 1213 bemerkbar
2475 1183 2515 1221 ist,
2537 1184 2606 1222 nicht
2626 1185 2752 1218 verlieren
2772 1188 2864 1218 kann."

2148 1221 2204 1255 Die
2225 1222 2394 1256 Wiener
2414 1224 2577 1266 Regierung
2606 1226 2672 1267 läßt
2691 1227 2749 1259 alle
2769 1227 2945 1270 Nachrichten
2965 1230 3014 1264 der

2087 1262 2254 1304 Zeitungen,
2286 1265 2397 1306 wonach
2423 1266 2471 1304 für
2497 1267 2550 1300 das
2572 1268 2652 1308 Jahr
2675 1269 2756 1301 1877
2778 1271 2837 1303 eine
2858 1270 3014 1314 Erhöhung

2086 1305 2134 1337 des
2155 1305 2377 1347 Kriegsbudgets
2412 1317 2495 1349 gegen
2527 1309 2581 1341 das
2601 1309 2730 1351 Vorjahr
2760 1312 2792 1345 in
2814 1312 2942 1354 Aussicht
2967 1323 3013 1355 ge¬

2086 1356 2218 1380 nommen
2249 1347 2307 1388 sein
2337 1348 2426 1388 sollte,
2459 1350 2507 1382 als
2527 1351 2617 1392 völlig
2636 1352 2830 1393 unbegründet
2848 1353 3012 1396 bezeichnen.

2086 1388 2135 1421 Ob
2155 1388 2241 1429 dieses
2263 1389 2396 1423 Dementi
2430 1392 2517 1424 allein
2548 1393 2601 1433 auf
2626 1393 2669 1427 die
2689 1394 2946 1434 Gesammtsumme
2966 1397 3012 1431 be¬

2086 1440 2167 1470 zogen
2190 1431 2296 1463 werden
2307 1432 2369 1471 soll,
2392 1432 2426 1471 ist
2449 1433 2532 1473 indeß
2554 1435 2631 1476 nicht
2652 1435 2803 1477 ersichtlich.
2836 1437 3014 1481 Gleichzeitig

2086 1472 2147 1513 geht
2167 1472 2251 1512 indeß
2271 1473 2318 1506 ein
2337 1473 2478 1514 offiziöses
2498 1475 2588 1509 Blatt
2606 1486 2665 1510 nur
2684 1477 2714 1518 so
2734 1479 2808 1515 weit,
2830 1479 2881 1512 den
2890 1480 3012 1522 Ungarn

2085 1514 2127 1547 die
2152 1514 2286 1555 tröstliche
2318 1515 2517 1557 Versicherung
2548 1528 2583 1559 zu
2614 1518 2706 1559 geben,
2743 1519 2799 1560 daß
2826 1521 2871 1553 der
2893 1523 3011 1563 Kriegs¬

2086 1556 2212 1593 minister
2233 1566 2289 1589 nur
2310 1567 2361 1590 um
2382 1558 2471 1598 einige
2481 1559 2638 1592 Millionen
2653 1561 2731 1601 mehr
2752 1564 2901 1603 verlangen
2916 1566 3012 1601 werde,

2087 1597 2135 1630 als
2155 1597 2198 1630 im
2217 1597 2368 1639 Vorjahre.
2413 1600 2535 1640 Welcher
2555 1602 2640 1642 Trost
2671 1602 2721 1642 für
2742 1603 2861 1644 Ungarn
2882 1615 2917 1646 zu
2938 1607 3013 1639 einer

2086 1639 2159 1678 Zeit,
2181 1646 2224 1672 wo
2247 1640 2289 1673 die
2307 1641 2597 1682 Steuer-Exekutoren
2617 1643 2661 1677 die
2680 1643 2935 1686 überschwemmten
2956 1648 3013 1681 Ge¬

2085 1681 2188 1721 genden
2219 1682 2252 1714 in
2273 1682 2393 1723 Kähnen
2412 1683 2536 1724 bereisen'
2563 1684 2621 1717 und
2643 1685 2696 1719 das
2717 1686 2783 1726 Hab
2804 1688 2861 1720 und
2883 1688 2947 1722 Gut
2966 1690 3015 1722 des

2086 1722 2281 1760 Landmanns,
2302 1724 2413 1763 welches
2436 1726 2488 1758 das
2510 1726 2618 1767 Waffer
2638 1727 2798 1768 verschonte,
2820 1730 2874 1763 mit
2880 1730 3015 1773 Beschlag

2086 1764 2214 1805 belegen!
2258 1765 2313 1798 Die
2334 1766 2413 1807 Noth
2435 1767 2469 1806 ist
2491 1768 2651 1808 allgemein,
2680 1769 2794 1808 „aber",
2829 1771 2890 1813 sagt
2911 1773 3015 1806 Baron

2086 1806 2193 1844 Koller,
2217 1807 2373 1847 „Rußland
2395 1809 2454 1841 und
2469 1809 2657 1850 Deutschland
2677 1812 2858 1853 unterhallen
2877 1815 2939 1847 eine
2947 1814 3014 1856 noch

2086 1848 2199 1888 größere
2230 1849 2330 1882 Armee
2365 1851 2423 1883 und
2456 1850 2527 1883 Mac
2558 1852 2672 1892 Mahon
2703 1855 2831 1887 wundert
2857 1855 2920 1896 sich,
2955 1856 3013 1897 daß

2086 1890 2248 1930 Oesterreich
2270 1890 2298 1931 so
2320 1890 2403 1932 billig
2423 1892 2653 1933 herauskommen
2674 1895 2773 1927 kann."
2799 1895 2872 1929 Aber
2892 1897 2948 1937 daß
2969 1898 3014 1931 die

2084 1931 2263 1972 finanziellen
2295 1933 2483 1974 Verhältnisse
2518 1935 2550 1968 in
2569 1935 2870 1978 Oesterreich-Ungarn
2889 1940 2949 1972 und
2979 1940 3014 1973 in

2086 1974 2244 2014 Frankreich
2266 1975 2521 2016 grundverschieden
2544 1977 2614 2017 find,
2636 1977 2689 2010 das
2708 1980 2801 2019 genirt
2820 1980 2871 2012 den
2892 1981 3011 2022 Kriegs-

2085 2014 2219 2056 Minister
2240 2015 2320 2056 nicht.

2147 2057 2221 2097 Nach
2254 2058 2328 2090 einer
2354 2058 2484 2100 Depesche
2504 2060 2551 2092 der
2578 2061 2711 2099 „Times"
2736 2066 2793 2095 aus
2813 2062 2931 2105 Ragusa
2950 2064 3011 2104 find

2085 2098 2127 2131 die
2149 2098 2618 2143 Pacifikationsunterhandlungen
2639 2103 2687 2135 des
2702 2102 2826 2137 General
2839 2104 2942 2146 Rodich
2956 2106 3011 2140 mit

2085 2140 2135 2172 den
2166 2141 2432 2182 Jnsurgentenchefs
2464 2143 2509 2183 der
2542 2144 2842 2185 Herzegowina
2872 2147 3010 2188 erfolglos

2086 2181 2223 2222 geblieben
2256 2183 2314 2215 und
2344 2184 2380 2222 ist
2401 2184 2503 2225 Rodich
2528 2186 2625 2218 wieder
2646 2186 2713 2227 nach
2734 2187 2849 2227 Ragusa
2870 2188 3009 2230 zurückge¬

2084 2223 2165 2264 kehrt.
2187 2224 2252 2256 Und
2273 2229 2328 2257 aus
2349 2226 2460 2265 Agram
2490 2228 2562 2260 wird
2588 2228 2737 2268 gemeldet:
2779 2229 2843 2262 Wie
2863 2231 3010 2269 verlautet,

2085 2266 2119 2304 ist
2141 2266 2186 2298 der
2207 2275 2291 2306 ganze
2311 2266 2446 2307 Bihacser
2459 2267 2565 2308 Bezirk,
2587 2271 2633 2301 der
2654 2270 2702 2310 sich
2723 2269 2819 2311 bisher
2839 2271 2930 2313 passiv
2950 2279 3011 2305 ver¬

2085 2306 2161 2347 hielt,
2183 2310 2266 2339 unter
2286 2308 2336 2340 den
2358 2309 2469 2348 Rufen:
2495 2310 2553 2347 „Es
2575 2310 2632 2342 lebe
2653 2312 2698 2343 der
2710 2311 2810 2352 Kaiser
2830 2319 2884 2345 von
2899 2315 3010 2354 Oester¬

2084 2348 2185 2388 reich!"
2211 2349 2422 2390 aufgestanden;
2449 2351 2514 2391 auch
2526 2352 2750 2392 Mohamedaner
2770 2354 2858 2394 haben
2880 2356 2929 2396 sich
2950 2357 3011 2389 dem

2085 2390 2238 2429 Ausstande
2259 2392 2463 2432 angeschloffen.
2505 2393 2561 2426 Die
2588 2394 2814 2436 Aufständischen
2838 2396 2928 2436 haben
2949 2399 3011 2429 200

2084 2431 2192 2472 Häuser
2212 2432 2452 2473 niedergebrannt.
2483 2434 2543 2467 Der
2565 2436 2659 2475 Pester
2679 2436 2766 2476 Lloyd
2787 2438 2858 2477 stellt
2878 2439 3011 2481 Betrach¬

2083 2476 2187 2514 tungen
2209 2474 2277 2507 über
2297 2475 2340 2507 die
2360 2475 2500 2516 politische
2511 2476 2582 2517 Lage
2603 2477 2649 2510 der
2659 2478 2762 2511 Türkei
2782 2489 2820 2511 an
2841 2481 2899 2512 und
2913 2480 3010 2520 findet,

2082 2515 2136 2547 das
2167 2516 2364 2556 entscheidende
2393 2516 2528 2551 Moment
2557 2519 2627 2559 liege
2647 2520 2741 2557 darin,
2777 2530 2812 2561 zu
2832 2522 3007 2563 verhindern,

2084 2557 2139 2596 daß
2160 2557 2202 2590 die
2223 2558 2312 2599 Frage
2333 2559 2379 2590 des
2403 2559 2575 2599 Aufstandes
2597 2561 2648 2601 auf
2669 2562 2721 2594 das
2741 2560 2841 2595 Gebiet
2861 2563 2907 2596 der
2928 2574 3009 2597 euro¬

2083 2598 2205 2638 päischen
2225 2600 2381 2640 Jntereffen
2403 2601 2542 2642 eingreife.
2585 2602 2728 2643 Während
2749 2613 2818 2636 man
2839 2614 2873 2645 zu
2894 2606 3010 2647 Beginn

2082 2641 2130 2672 des
2151 2640 2323 2681 Aufstandes
2343 2642 2467 2682 glauben
2486 2644 2589 2681 wollte,
2611 2654 2670 2677 nur
2688 2645 2756 2685 nach
2776 2646 2918 2680 Monaten
2932 2648 3010 2688 zähle

2082 2682 2146 2721 noch
2168 2683 2214 2715 der
2235 2682 2357 2723 Bestand
2379 2684 2426 2717 der
2447 2685 2556 2721 Türkei,
2578 2686 2648 2727 zeigt
2672 2687 2720 2727 sich
2743 2687 2799 2728 jetzt
2819 2689 2889 2721 keine
2911 2690 3008 2729 Kraft,

2083 2724 2125 2755 die
2156 2723 2269 2764 Einheit
2298 2726 2331 2758 in
2352 2726 2406 2758 das
2430 2727 2526 2767 Chaos
2552 2727 2670 2769 bringen
2691 2730 2797 2762 könnte.
2840 2729 2903 2764 Mit
2925 2732 3009 2771 dieser

2083 2766 2255 2806 Erkenntniß
2285 2768 2377 2799 wurde
2410 2768 2458 2800 der
2488 2768 2615 2802 Gedanke
2640 2771 2714 2803 einer
2735 2771 2875 2804 radikalen
2897 2773 3009 2814 Lösung

2083 2808 2128 2840 der
2163 2808 2252 2848 Frage
2297 2809 2473 2849 aufgegeben.
2526 2811 2625 2843 Weder
2670 2812 2712 2844 die
2744 2812 2892 2853 Annexion
2927 2814 3008 2856 durch

2083 2850 2141 2881 eine
2162 2849 2265 2889 fremde
2286 2850 2393 2891 Macht,
2417 2852 2481 2892 noch
2514 2852 2556 2885 die
2577 2853 2834 2895 Autonomifirung
2865 2855 2911 2888 der
2943 2856 3008 2897 auf¬

2083 2891 2246 2932 ständischen
2269 2892 2429 2933 Provinzen
2452 2893 2519 2934 stehe
2541 2894 2593 2934 auf
2614 2895 2660 2927 der
2686 2896 2930 2938 Tagesordnung;
2965 2899 3009 2932 die

2082 2932 2232 2974 Wahrung
2254 2934 2301 2966 des
2322 2934 2427 2966 Ltatno
2456 2946 2511 2976 quo
2533 2937 2618 2969 könne
2653 2937 2740 2970 allein
2775 2938 2833 2970 eine
2867 2940 3011 2981 prattische

2083 2974 2307 3016 Rechtfertigung
2330 2976 2465 3017 erhalten,
2486 2977 2523 3010 da
2543 2988 2595 3018 zur
2614 2977 2748 3020 Bildung
2774 2980 2849 3012 eines
2869 2981 3010 3021 südslavi-

2082 3016 2154 3055 schen
2176 3017 2412 3057 Einheitsstaates
2434 3019 2497 3051 oder
2519 3029 2568 3060 zur
2590 3020 2719 3060 Bildung
2741 3022 2817 3054 eines
2837 3025 3010 3056 autonomen

2082 3058 2334 3098 Föderativstaates
2355 3059 2412 3100 jede
2432 3060 2657 3102 Voraussetzung
2672 3062 2751 3103 fehle.
2795 3063 2851 3095 Die
2869 3064 3010 3105 Pacifica-

2081 3100 2175 3133 kation
2196 3100 2234 3140 sei
2254 3101 2328 3141 nicht
2347 3101 2427 3143 mehr
2449 3103 2507 3135 eine
2528 3104 2620 3144 Frage
2639 3110 2696 3136 von
2708 3105 2909 3145 europäischem
2924 3108 3012 3144 Jnte¬

2082 3141 2153 3182 reffe.
2195 3142 2266 3180 Jede
2296 3143 2495 3184 Verzögerung
2518 3144 2555 3184 sei
2577 3145 2755 3186 bedauerlich,
2781 3147 2864 3179 könne
2884 3147 2951 3180 aber
2971 3158 3010 3181 an

2082 3183 2142 3215 dem
2164 3184 2276 3216 Stande
2296 3185 2342 3217 der
2363 3185 2459 3226 Dinge
2479 3185 2569 3227 nichts
2591 3187 2705 3220 ändern.
2749 3188 2808 3220 Der
2821 3188 3009 3229 Zusammen¬

2081 3224 2163 3265 bruch
2184 3227 2231 3258 der
2240 3226 2341 3260 Türkei
2360 3227 2449 3260 könne
2468 3237 2526 3260 nur
2539 3235 2597 3261 von
2610 3228 2846 3269 Konstantinopel
2858 3231 3008 3272 ausgehen.

2082 3398 2127 3431 lich
2144 3403 2189 3426 von
2206 3400 2255 3426 dem
2272 3401 2359 3428 kleinen
2376 3400 2461 3433 Kriege
2477 3401 2517 3428 der
2525 3402 2657 3434 »Doktors'
2678 3403 2723 3429 mit
2740 3403 2779 3430 der
2790 3403 3007 3437 .Schwärmerin',

2083 3436 2131 3462 und
2148 3436 2235 3468 lachte»
2252 3436 2287 3469 oft
2305 3437 2414 3470 darüber,
2437 3439 2496 3465 denn
2514 3439 2558 3465 da»
2578 3440 2631 3472 gut«
2648 3440 2831 3473 Einvernehmen
2857 3442 2895 3469 der
2919 3442 3010 3471 Kinder

2082 3472 2126 3499 litt
2142 3481 2181 3500 am
2199 3474 2264 3501 Ende
2281 3475 2334 3507 doch
2350 3475 2411 3508 nicht
2428 3475 2476 3502 viel
2491 3475 2566 3503 dabei.

2132 3511 2184 3539 Wie
2202 3511 2240 3539 ein
2257 3511 2393 3546 Blitzstrahl
2410 3515 2458 3540 aus
2473 3513 2581 3546 heiterem
2598 3513 2703 3547 Himmel
2720 3515 2770 3542 kam
2788 3516 2850 3543 allen
2866 3517 2954 3544 Dreien
2971 3518 3009 3545 die

2082 3548 2223 3581 Eröffnung,
2240 3549 2286 3582 daß
2303 3550 2437 3583 Wolfgang
2454 3551 2501 3577 und
2520 3551 2605 3578 Anton
2621 3552 2675 3584 nach
2687 3552 2725 3578 der
2733 3552 2811 3580 Stadt
2820 3553 2863 3586 auf
2871 3554 2907 3581 die
2919 3555 3009 3588 Schule

2081 3586 2182 3613 komme»
2201 3586 2289 3619 sollten,
2307 3595 2348 3614 um
2365 3588 2467 3621 mehrere
2483 3588 2562 3622 Jahre
2589 3589 2642 3616 dort
2659 3598 2688 3623 zu
2704 3589 2803 3618 bleiben.
2837 3591 2872 3618 E»
2896 3597 2948 3619 war
2974 3594 3013 3626 »ft

2082 3623 2158 3650 davon
2175 3623 2304 3656 gesprochen
2323 3625 2426 3657 worden,
2454 3625 2588 3661 Wolfgang
2613 3626 2676 3659 hatte
2704 3627 2745 3660 sich
2775 3629 2843 3661 lange
2868 3629 2955 3662 daraus
2972 3639 3008 3665 ge¬

2081 3660 2151 3693 freut,
2169 3661 2250 3688 Anton
2268 3669 2315 3689 nur
2332 3662 2376 3689 mit
2385 3662 2506 3695 Schrecken
2524 3664 2602 3690 daran
2619 3664 2719 3697 gedacht,
2738 3665 2787 3692 und
2796 3665 2914 3698 Johanna
2926 3667 3009 3696 immer

2081 3698 2179 3729 tröstend
2196 3699 2303 3731 gemeint,
2321 3703 2346 3726 e»
2362 3700 2438 3727 werde
2455 3700 2581 3733 schließlich
2598 3701 2659 3734 nicht
2675 3702 2734 3734 dazu
2751 3704 2860 3734 kommen,
2888 3704 2946 3731 aber
2971 3706 3007 3733 die

2081 3736 2209 3769 Trennung
2226 3737 2276 3762 kam
2293 3737 2341 3764 und
2358 3738 2453 3765 dauerte
2471 3738 2552 3771 länger
2569 3739 2610 3765 al»
2627 3747 2684 3766 man
2711 3739 2811 3773 gedacht,
2839 3742 2869 3768 da
2886 3742 2952 3774 selbst
2969 3743 3006 3771 die

2081 3773 2164 3806 Ferien
2180 3773 2242 3806 nicht
2259 3774 2285 3802 in
2302 3775 2341 3802 der
2357 3775 2456 3808 Heimat
2472 3775 2608 3809 zugebracht
2625 3777 2720 3804 wurden
2740 3790 2771 3796 —
2791 3778 2890 3806 Walten
2907 3779 3007 3815 benutzte

2080 3812 2111 3843 sie
2126 3812 2209 3838 immer
2223 3820 2254 3844 zu
2270 3813 2333 3840 einer
2349 3813 2416 3845 Reise
2432 3813 2478 3840 mit
2493 3814 2569 3845 seinen
2587 3813 2695 3848 Söhnen.

2130 3848 2271 3881 Johanna'S
2287 3850 2358 3877 Leben
2376 3851 2444 3878 ward
2463 3850 2517 3884 nach
2536 3852 2585 3878 dem
2604 3851 2716 3883 Scheiden
2742 3852 2806 3885 ihrer
2823 3853 2944 3886 Gespielen
2970 3856 3009 3882 ein

2080 3886 2127 3913 viel
2144 3886 2304 3919 eintönigere»,
2340 3888 2388 3914 und
2415 3892 2483 3915 wenn
2511 3889 2540 3920 sie
2570 3888 2611 3921 sich
2635 3889 2690 3921 auch
2708 3889 2751 3923 auf
2769 3890 2810 3917 den
2828 3891 2928 3924 Wunsch
2945 3891 3009 3923 ihre»

2079 3924 2170 3951 Vater»
2186 3925 2251 3956 mehr
2268 3925 2335 3958 ihren
2351 3925 2541 3959 Alter»genoffen
2557 3926 2660 3959 näherte,
2677 3928 2701 3959 so
2718 3932 2772 3955 war
2787 3928 2840 3960 doch
2857 3928 2908 3961 ihre
2937 3937 3009 3963 ganze

2081 3962 2162 3989 Natur
2178 3962 2239 3994 nicht
2257 3963 2315 3994 dazu
2333 3963 2447 3996 angelegt,
2474 3963 2639 3997 Freundschaft
2669 3965 2713 3991 mit
2739 3965 2811 3998 diesen
2837 3973 2865 3998 zu
2891 3966 3009 4000 schließen,

2080 3999 2200 4031 besonder»
2218 4000 2247 4026 da
2265 3999 2293 4031 sie
2311 4000 2347 4027 die
2363 4000 2505 4033 Herrschaft,
2524 4001 2604 4033 welche
2620 4001 2649 4034 sie
2668 4001 2725 4028 über
2743 4002 2786 4030 den
2802 4002 2878 4030 Vater
2895 4004 3006 4036 auiübte,

2079 4036 2136 4068 auch
2152 4036 2189 4063 bei
2206 4037 2277 4068 ihnen
2293 4038 2384 4070 geltend
2400 4046 2431 4071 zu
2446 4038 2536 4070 machen
2555 4039 2635 4071 suchte,
2660 4040 2709 4067 und
2734 4040 2765 4073 sie
2792 4041 2842 4073 ihre
2859 4041 3009 4074 lleberlegen-

2079 4074 2127 4106 heit
2144 4073 2169 4101 in
2186 4074 2311 4105 Manchem
2329 4074 2430 4107 fühlten.
2465 4075 2530 4103 Man
2546 4077 2652 4106 verstand
2669 4077 2790 4109 Johanna
2807 4077 2842 4110 oft
2867 4078 2928 4110 nicht
2957 4080 3006 4106 und

2079 4111 2138 4142 fand
2155 4111 2237 4138 immer
2254 4119 2285 4139 an
2303 4112 2342 4142 ihr
2358 4119 2387 4144 zu
2404 4113 2492 4139 tadeln.
2525 4113 2657 4145 Besonder»
2674 4114 2709 4141 die
2718 4114 2814 4142 Mütter
2830 4117 2878 4143 und
2895 4115 2931 4142 die
2943 4116 3009 4145 alten

2079 4148 2202 4181 Jungfern
2219 4154 2299 4176 waren
2316 4149 2354 4181 ihr
2370 4150 2448 4182 wenig
2465 4155 2579 4183 gewogen.
2615 4151 2661 4178 Eie
2678 4152 2747 4183 sahen
2773 4153 2826 4179 eben
2853 4153 2914 4185 nicht
2941 4161 3007 4186 gern,

2079 4185 2127 4217 daß
2152 4185 2200 4218 ihre
2218 4186 2301 4216 Söhne
2327 4187 2375 4213 und
2401 4187 2485 4220 Neffen
2513 4188 2570 4215 über
2604 4187 2639 4216 die
2668 4189 2741 4221 schöne
2758 4189 2943 4224 Majoritochtir
2970 4191 3007 4219 die

2079 4224 2164 4256 reichen
2181 4224 2297 4257 Mädchen
2314 4224 2527 4258 vernachlässigten,
2555 4227 2605 4253 und
2633 4227 2683 4260 ihre
2710 4228 2803 4260 eigenen
2830 4228 2926 4261 Töchter
2956 4231 3006 4257 und

2079 4261 2157 4292 Basen
2173 4261 2209 4288 bei
2227 4262 2270 4288 den
2287 4261 2372 4294 jungen
2390 4261 2560 4297 Gutsbesitzern
2577 4264 2677 4296 weniger
2699 4264 2786 4291 beliebt
2802 4270 2882 4293 waren
2899 4267 2940 4293 al»
2956 4266 3005 4299 Jo¬

2078 4299 2166 4330 hanna.
2203 4299 2274 4331 .Von
2292 4299 2419 4332 Schönheit
2437 4299 2484 4326 lebt
2501 4308 2558 4327 man
2574 4301 2659 4333 nicht,'
2680 4301 2759 4334 sagten
2781 4302 2818 4335 sie,
2845 4304 2880 4331 die
2897 4304 2937 4330 bi»
2964 4305 3007 4337 auf

2078 4337 2120 4362 den
2137 4335 2215 4370 Heller
2232 4336 2336 4368 wußten,
2353 4341 2406 4364 wa»
2423 4338 2463 4363 der
2479 4337 2568 4370 Major
2585 4338 2651 4371 besaß
2670 4352 2702 4357 —
2718 4341 2769 4366 und
2794 4340 2845 4367 die»
2867 4345 2918 4368 war
2947 4341 3008 4375 nicht

2078 4373 2133 4404 viel,
2151 4374 2197 4403 sein
2214 4373 2267 4401 Gut
2284 4379 2335 4400 war
2352 4374 2413 4401 klein
2439 4374 2488 4401 und
2505 4375 2674 4408 unbedeutend,
2703 4377 2747 4404 da»
2765 4378 2934 4411 Meidenhau»
2960 4379 3009 4407 «in«

2079 4411 2129 4437 alte
2146 4410 2245 4438 Baracke
2262 4412 2320 4443 ohne
2337 4412 2429 4444 Werth,
2468 4412 2613 4444 .kleberdie»,
2640 4417 2693 4441 wa»
2720 4414 2750 4447 ist
2776 4416 2836 4442 denn
2853 4416 2876 4447 so
2893 4416 2958 4448 schön
2974 4425 3008 4445 an

2079 4447 2199 4480 Johanna
2217 4448 2327 4482 Arnfeld,
2344 4448 2391 4482 daß
2403 4457 2461 4477 «an
2477 4451 2554 4478 davon
2571 4451 2654 4484 spricht
2673 4452 2722 4479 und
2739 4452 2770 4485 fi«
2786 4453 2936 4481 bewundern
2946 4455 3008 4487 Doch

2077 4485 2140 4518 nicht
2156 4485 2192 4514 die
2210 4486 2316 4519 dunkeln,
2334 4486 2358 4520 so
2372 4486 2543 4522 u»hti«lich«
2551 4488 2643 4522 Auge»,
2660 4490 2714 4518 oder
2731 4489 2772 4523 ihr
2780 4490 2870 4523 krause»
2877 4490 3010 4525 Zigeuner-
