4000 5350
130 149 338 198 Dienstag.
367 149 438 192 18.
454 151 686 198 September
709 150 827 192 1945
881 151 999 193 Blatt
1018 152 1044 194 1

1445 152 1517 191 Der
1538 152 1677 201 Zürcher
1697 151 1845 200 Zeitung
1856 151 1943 192 166.
1966 151 2147 201 Jahrgaug

2558 151 2680 199 Preis
2700 150 2758 192 15
2779 151 2859 200 Rp.
2891 149 3242 197 Morgenausgabe
3264 149 3327 193 M
3347 147 3466 191 1404

133 668 339 695 »bonnement«:
648 668 659 690 1
673 668 763 690 Monat
808 668 822 691 3
832 668 892 691 Mt-,

128 710 216 737 Zürich
227 714 267 732 am
278 709 385 737 Schalter
397 710 452 732 oder
463 709 498 732 bet
510 710 620 735 Ablagen
644 709 685 735 Fr.
702 710 753 732 3.—
827 709 879 732 8.18

160 741 238 767 Durch
248 740 386 766 AuslrSgcr
398 740 438 763 ins
449 740 520 767 Haus
531 740 637 766 gebracht
661 756 675 766 „
701 739 751 761 4.—
812 739 877 762 10.85

129 778 237 804 Schlvctz
252 778 388 803 Bestellung
404 778 465 800 betni
481 778 592 803 Postamt
659 794 674 805 „
698 777 712 800 4
721 788 751 794 —
811 777 875 801 10.85

159 808 288 833 Lieferung
299 811 369 831 unter
380 808 526 833 Streifband
659 823 673 835 „
698 807 750 831 5.15
810 807 875 830 13.05

130 847 259 869 Ausland:
279 846 405 872 Lieferung
416 849 421 869 l
433 847 469 870 13
479 846 617 872 Rp.-Porlo
660 862 674 873 „
698 845 750 869 8.15
809 846 875 868 23.45

159 876 230 900 unter
242 868 387 905 Streifband
413 868 420 905 j
434 878 446 900 A
455 876 471 900 5
480 877 619 902 Rp.-Porlo
657 892 671 904 „
683 875 748 899 10.15
808 875 875 899 27.45

239 997 335 1044 Die
358 997 595 1054 belgische
618 996 807 1043 Armee

363 1082 405 1108 XV.
417 1083 453 1108 M.
483 1080 648 1114 Brüssel,
680 1080 716 1107 im
738 1080 894 1113 September

173 1132 220 1169 In
239 1132 292 1161 den
311 1132 457 1169 Kämpfen
476 1136 545 1162 vom
567 1133 609 1161 10.
627 1131 674 1161 bis
693 1133 737 1160 28.
755 1131 825 1161 Mai
845 1133 925 1164 1940,

116 1170 142 1200 d.
155 1171 182 1206 I).
203 1169 235 1199 in
255 1170 308 1199 den
329 1170 460 1207 achtzehn
480 1170 585 1207 Tagen
605 1175 672 1199 vom
702 1170 725 1199 U
738 1178 750 1199 e
762 1170 779 1199 b
791 1178 804 1199 e
817 1178 832 1198 r
843 1170 851 1206 f
864 1178 882 1199 a
894 1170 904 1198 l
916 1169 926 1199 l

115 1208 164 1238 bis
191 1209 244 1245 zur
280 1208 608 1245 Kapitulation,
644 1209 768 1238 wurden
796 1207 842 1239 die
868 1208 926 1237 bel¬

115 1246 202 1283 gisch)«:
225 1246 329 1276 Armee
352 1247 413 1276 und
436 1247 491 1276 das
515 1246 851 1283 Verteidigungssystem
875 1247 925 1276 des

114 1285 232 1315 Landes
259 1284 444 1322 zerschlagen.
479 1285 541 1315 Der
568 1285 707 1315 Eindruck
734 1284 786 1321 auf
813 1285 858 1314 die
883 1284 925 1315 im

114 1323 197 1354 Land
247 1323 411 1360 gebliebene
458 1323 664 1360 Bevölkerung
711 1329 777 1352 war
826 1324 926 1352 derart

115 1361 414 1398 niederschmetternd,
431 1361 489 1397 daß
505 1361 551 1391 die
567 1361 672 1399 Frage,
689 1361 726 1390 ob
742 1361 804 1391 eine
820 1361 924 1391 Armee

115 1399 165 1435 für
182 1399 229 1429 ein
249 1399 355 1429 kleines
373 1399 446 1430 Volk
463 1400 634 1435 überhaupt
652 1399 722 1435 noch
740 1399 825 1429 einen
842 1399 925 1429 Wert

113 1438 197 1475 habe,
218 1437 264 1467 die
281 1437 402 1475 Belgier
421 1438 586 1476 anhaltend
606 1437 796 1475 beschäftigte.

171 1484 324 1521 Während
348 1485 398 1514 der
419 1484 525 1515 Dauer
547 1485 598 1513 des
621 1484 743 1519 Krieges
766 1484 871 1515 konnte
893 1486 924 1514 es

113 1522 166 1559 sich
183 1529 244 1553 nur
262 1523 370 1552 darum
389 1523 528 1560 handeln,
549 1523 582 1552 in
601 1515 818 1558 Unterstellung
836 1523 925 1551 unter

113 1562 170 1591 das
194 1562 385 1591 Kommando
410 1561 460 1590 der
482 1560 640 1591 Alliierten
664 1560 727 1590 eine
751 1560 924 1597 Kampfein¬

112 1599 174 1635 heit
208 1599 449 1636 außerhalb
483 1599 627 1636 Belgiens
652 1607 686 1635 zu
711 1598 821 1628 bilden.
855 1598 924 1628 Seit

112 1639 164 1667 der
183 1636 387 1674 französischen
407 1637 622 1673 Kapitulation
643 1637 759 1674 begann
780 1637 826 1666 die
845 1637 924 1667 Kon¬

112 1674 292 1712 stituierung
327 1676 377 1708 der
413 1675 671 1720 „Belgischen
706 1675 924 1712 Brigade".

110 1714 174 1751 Ihr
196 1715 274 1743 Kern
307 1713 478 1743 rekrutierte
510 1714 562 1750 sich
594 1716 651 1743 aus
674 1713 840 1749 Beständen
874 1714 924 1742 der

111 1753 227 1784 Armee,
265 1751 309 1781 die
346 1752 419 1782 über
454 1752 638 1788 Dünkirchen
676 1751 746 1788 nach
784 1751 922 1789 England

111 1791 215 1828 hatten
234 1790 417 1820 entkonimen
437 1791 560 1820 können.
579 1790 662 1827 Diese
680 1789 825 1825 Bestände
844 1796 924 1819 wur¬

112 1830 166 1858 den
187 1828 336 1865 vcrniehrt
354 1828 442 1865 durch
459 1829 590 1865 Belgier,
610 1828 653 1858 die
674 1831 732 1858 aus
753 1828 826 1857 aller
844 1828 923 1857 Welt

110 1866 363 1903 herbcsströmten,
390 1868 452 1897 und
480 1866 567 1903 durch
594 1866 763 1902 Patrioten,
791 1866 836 1895 die
864 1869 922 1896 aus

110 1904 236 1942 Belgien
255 1904 363 1941 flohen,
380 1913 432 1935 um
449 1905 552 1934 weiter
569 1913 657 1941 gegen
674 1904 871 1942 Deutschland
889 1913 922 1941 zu

110 1943 256 1979 kämpfen.
292 1943 338 1973 So
364 1949 432 1973 war
455 1946 486 1972 es
513 1943 645 1980 möglich,
672 1944 723 1972 der
746 1942 924 1979 Infanterie

111 1982 182 2019 auch
200 1980 360 2014 Artillerie,
378 1982 494 2018 Panzer
510 1983 573 2011 und
592 1981 815 2018 Genietruppen
834 1989 922 2018 anzu-

110 2020 253 2058 glicdern.
290 2019 346 2050 Die
381 2019 558 2056 Infanterie
595 2020 695 2049 wurde
733 2019 922 2057 motorisiert.

109 2058 180 2089 Seit
213 2059 286 2087 1943
316 2057 435 2094 bestand
467 2058 530 2088 eine
564 2058 774 2094 ausgebildete,
797 2058 922 2088 motori¬

110 2097 201 2135 sierte,
240 2096 295 2125 alle
322 2096 611 2133 Waffengattungen
649 2096 829 2133 ninfassende
864 2096 923 2125 bel-

109 2135 197 2173 gisclie
222 2134 364 2178 Brigade.
399 2135 455 2165 Die
480 2134 675 2171 Ausbildung
700 2134 823 2171 erfolgte
848 2143 922 2171 ganz

108 2173 182 2210 nach
231 2172 457 2210 britischen
507 2173 680 2208 Methoden.
731 2173 799 2203 Von
839 2173 922 2203 Süd¬

110 2212 241 2250 england
264 2214 321 2241 aus
343 2212 445 2241 wurde
466 2211 510 2241 die
531 2210 664 2248 Brigade
685 2210 730 2241 bei
753 2212 803 2241 der
822 2211 921 2248 Inva¬

109 2251 171 2286 sion
196 2249 229 2280 in
255 2249 306 2279 der
339 2249 601 2280 Normandie
636 2249 788 2286 eingesetzt,
814 2255 860 2280 wo
887 2250 921 2279 sie

109 2289 159 2325 sich
181 2287 387 2325 auszeichnete.
417 2288 472 2318 Sie
493 2288 607 2325 eignete
626 2287 676 2324 sich
695 2288 852 2324 besonders
873 2289 923 2323 für

108 2327 155 2357 die
177 2326 371 2364 Beteiligung
395 2335 435 2356 an
457 2327 696 2363 AuswertnNgs-
719 2327 781 2356 und
804 2326 921 2361 Verfol¬

108 2364 350 2403 gungsaktionen
383 2364 595 2400 (Normandie)
625 2366 687 2393 und
719 2365 769 2400 für
800 2364 852 2394 die.
865 2365 921 2395 Be¬

107 2404 219 2443 setzung
246 2402 355 2432 breiter
381 2400 646 2440 D?;ensivsektvren
675 2402 840 2439 (Holland).

166 2449 266 2480 Neben
300 2450 350 2478 der
382 2449 514 2486 Brigade
548 2449 606 2486 gab
630 2451 660 2478 es
685 2448 736 2486 seit
761 2451 833 2478 1942
857 2449 920 2480 eine

108 2487 545 2525 Kommandoeinheit
592 2488 653 2517 und
690 2487 755 2517 eine
800 2487 825 2525 F
837 2497 854 2517 a
866 2488 922 2517 li¬

107 2528 160 2564 sch
170 2527 179 2556 i
193 2534 208 2555 r
219 2535 247 2556 m
262 2535 279 2555 a
291 2525 307 2555 b
320 2526 330 2555 t
342 2534 355 2555 e
367 2526 377 2555 i
389 2526 400 2555 l
411 2535 431 2555 u
443 2534 462 2555 n
475 2534 500 2563 g.
549 2525 606 2556 Die
645 2525 746 2561 erstere
784 2526 922 2564 zeichnete

109 2566 160 2602 sich
178 2566 250 2593 1943
267 2565 328 2593 und
348 2566 420 2593 1944
437 2564 479 2594 im
496 2564 696 2601 italienischen
712 2556 920 2602 Feldzua'nnd

107 2605 140 2634 in
159 2602 371 2640 JugoslawLen
391 2605 459 2634 aus,
479 2602 579 2639 ferner
597 2602 666 2638 nach
686 2603 750 2632 dem
771 2603 817 2635 „D
835 2603 921 2639 Day“

108 2642 140 2672 in
160 2639 343 2678 Frankreich,
361 2641 394 2670 in
412 2640 576 2676 Flandern,
596 2639 649 2676 anf
667 2641 717 2669 der
734 2640 821 2677 Insel
838 2641 921 2670 Wal-

109 2680 208 2723 cheren
225 2679 287 2708 und
305 2678 335 2707 in
353 2678 492 2714 Holland.
509 2678 567 2708 Die
585 2678 802 2715 Fallschirmler
818 2678 921 2708 bewie¬

107 2720 155 2754 sen
177 2717 241 2754 ihre
261 2715 537 2753 Kampftüchtigkeit
557 2716 590 2746 in
611 2716 792 2753 Frankreich,
813 2717 845 2746 in
866 2718 920 2746 den

108 2756 270 2787 Ardennen
300 2756 361 2784 und
392 2755 423 2784 in
454 2755 595 2791 Holland.
626 2755 705 2784 Ende
735 2754 817 2791 Juni
848 2757 919 2784 1945

107 2795 191 2832 hatte
210 2793 256 2823 die
276 2792 410 2830 belgische
429 2793 534 2823 Armee
556 2793 690 2830 folgende
708 2793 864 2830 Bestünde:

155 2846 181 2878 a)
201 2843 281 2870 Rund
298 2844 329 2869 00
339 2845 388 2868 000
406 2843 493 2869 Mann
512 2843 697 2876 verschiedener
716 2842 861 2875 Einheiten,
880 2844 919 2870 die

104 2881 150 2907 der
170 2880 209 2904 21.
221 2880 274 2904 »nd
294 2878 338 2904 der
357 2879 395 2904 12.
405 2877 602 2910 Armeegruppe
620 2877 743 2911 zugeteilt
762 2883 859 2905 waren.
881 2878 917 2905 Es

103 2912 226 2946 handelte
246 2911 289 2944 sich
308 2911 335 2936 in
356 2911 399 2937 der
418 2911 574 2944 Hauptsackie
595 2911 638 2944 um
658 2911 839 2944 Pioniere
866 2913 920 2937 und

103 2945 279 2978 motorisierte
299 2944 498 2976 Detack>emente,
520 2945 561 2971 di«
582 2944 648 2978 rasch
671 2944 780 2977 gebildet
801 2946 853 2971 und
876 2945 919 2978 für

103 2982 144 3008 die
176 2979 450 3011 Verbindungslinien
490 2979 636 3006 verwendet
667 2980 770 3005 werden
802 2979 919 3012 konnten,

103 3014 231 3049 während
248 3012 287 3039 die
303 3012 360 3045 Zeit
377 3021 408 3046 zu
425 3013 484 3046 kurz
499 3018 566 3042 war,
584 3020 627 3039 um
644 3012 869 3046 Kampfeinheiten
887 3021 918 3046 zu

104 3049 201 3078 bilden,
216 3048 249 3074 da
265 3049 291 3073 es
306 3047 332 3080 ja
347 3047 409 3081 auch
421 3054 457 3073 an
472 3049 515 3074 der
530 3047 636 3080 nötigen
651 3046 821 3080 Ausrüstung
836 3047 918 3080 fehlte.

155 3092 181 3125 b)
201 3090 252 3117 Die
271 3089 405 3122 verstärkte
423 3089 541 3123 belgische
559 3089 732 3122 Brigade,
758 3089 806 3119 die,
826 3089 919 3116 immer

102 3126 165 3158 noch
185 3124 263 3151 unter
285 3124 339 3150 dem
360 3124 524 3150 Kommando
546 3128 597 3150 von
619 3123 708 3156 Oberst
729 3123 855 3156 Piron,
877 3124 918 3150 bis

102 3167 163 3194 zum
186 3157 418 3191 Waffenstillstand
449 3165 484 3185 an
516 3158 565 3184 den
588 3157 715 3191 Kämpfen
748 3157 775 3184 in
806 3157 918 3190 Holland

104 3192 242 3225 tcilnahm.

155 3237 178 3276 c)
197 3235 234 3269 Je
253 3234 294 3261 ein
314 3234 451 3267 Regiment
470 3234 682 3261 Artillerie
708 3234 763 3261 und
781 3234 822 3261 ein
842 3235 917 3268 Regi¬

102 3277 174 3298 men!
195 3273 246 3296 von
268 3268 291 3302 P
301 3276 315 3294 a
326 3276 344 3295 n
354 3276 366 3302 z
376 3276 388 3295 e
399 3276 412 3295 r
422 3276 438 3294 a
448 3276 464 3295 n
475 3269 483 3294 t
494 3276 507 3295 o
518 3271 541 3299 s,
570 3268 640 3295 beide
661 3276 725 3301 ganz
746 3269 916 3301 ausgerüstet!

104 3306 136 3338 sie
151 3304 270 3334 nehme»,
285 3302 333 3329 wie
349 3303 388 3329 die
403 3302 521 3336 belgische
535 3303 660 3336 Brigade,
674 3310 708 3329 an
724 3304 768 3329 der
782 3302 917 3336 Besetzung

102 3337 292 3371 Deutschlands
310 3336 363 3364 teil.

154 3383 181 3414 6)
203 3378 275 3413 Fünf
294 3378 724 3412 Jnfanteriebrigaden,
753 3379 828 3405 deren
849 3379 917 3404 Aus.

102 3415 214 3445 bildnng
237 3413 412 3451 gegenwärtig
435 3413 494 3446 noch
516 3413 544 3440 in
566 3412 667 3446 Irland
689 3412 846 3445 weitergeht.
867 3412 917 3440 Die

102 3449 169 3477 volle
185 3445 354 3480 Ausrüstung
370 3445 464 3480 erfolgt
481 3447 542 3481 nach
559 3448 603 3473 der
619 3446 794 3480 Ausbildung.

154 3493 178 3525 e)
198 3490 250 3517 Die
268 3489 519 3522 Divisionstruppen
539 3490 584 3516 der
604 3492 624 3517 1.
643 3488 917 3523 Infanteriedivision,

102 3526 143 3553 die
158 3524 287 3557 bestimmt
302 3523 340 3557 ist,
354 3524 409 3550 drei
424 3525 468 3551 der
483 3524 562 3551 unter
578 3526 604 3558 ä)
620 3524 767 3558 genannten
781 3522 916 3556 Brigaden

101 3558 302 3593 aufzunehmen.

162 3607 219 3643 Im
237 3604 405 3642 Zeitpunkt,
424 3611 469 3635 wo
489 3605 654 3643 beschlossen
672 3605 783 3637 wurde,
801 3604 915 3641 Jnfan-

106 3643 324 3680 tcriebrignden
350 3651 384 3679 zu
409 3643 540 3681 schaffen,
567 3651 618 3673 um
643 3643 677 3680 sie
703 3643 770 3680 noch
797 3643 845 3678 für
870 3642 915 3672 die

104 3680 231 3718 Kämpfe
251 3680 282 3709 in
302 3681 424 3716 Europa
443 3681 621 3718 einzusehen,
640 3680 772 3717 verfügte
790 3680 913 3716 Belgien

105 3721 203 3751 weder
222 3718 295 3748 über
314 3718 414 3755 nötige
435 3718 737 3756 Ansbildnngsplähe
757 3714 828 3754 noch
846 3718 918 3748 über

105 3761 162 3790 das
187 3756 347 3788 Material.
370 3757 490 3787 Darum
517 3756 605 3793 stellte
630 3757 768 3793 England
794 3757 918 3787 Ausbil-

104 3796 325 3834 dungszentrcn
354 3795 386 3826 in
422 3795 694 3826 Nordirland
731 3803 784 3831 zur
810 3795 917 3832 Verfü¬

105 3843 197 3874 gung,
214 3834 259 3864 die
276 3834 418 3870 während
434 3834 502 3871 zwei
518 3833 638 3871 Jahren
654 3838 713 3863 von
731 3835 783 3863 den
801 3834 916 3863 Ameri¬

105 3878 216 3905 kanern
245 3872 355 3909 benützt
384 3873 504 3902 worden
534 3878 647 3903 waren.
675 3871 732 3902 Die
761 3872 916 3909 belgischen

933 668 1018 691 um
1050 668 1079 691 12
1089 669 1151 692 Mte.

1351 643 1455 701 und
1481 641 1881 717 schweizerisches
1907 637 2259 715 Zandelsblatt

1610 733 1751 770 Täglich
1768 735 1789 763 3
1804 734 1995 769 Ausgaben

1527 794 1679 822 Redaktion:
1697 796 1877 830 Falkenstraße
1894 798 1934 826 II,
1952 796 2045 830 Zürich
2063 798 2076 822 1

1347 833 1579 866 Administration:
1592 833 1790 867 Theaterstraßc
1803 836 1815 860 1
1842 847 1850 855 -
1872 834 2020 862 Druckerei:
2034 833 2214 867 Goethestraße
2228 834 2258 860 10

1344 872 1476 906 Telephon
1488 873 1519 899 32
1531 873 1560 898 71
1571 873 1603 898 00
1628 885 1636 894 .
1661 871 1858 907 Hauptpostfach
1880 884 1890 893 .
1916 873 2122 906 Postscheckkonto
2137 874 2200 901 VIII
2211 875 2259 901 645

2451 646 2605 673 Annoncen:
2644 647 2696 673 Pro
2710 648 2780 671 Sestc
2793 647 2824 670 1»
2836 647 2940 672 Spalte»
2955 648 2968 670 A
2982 646 3025 669 440
3035 645 3256 671 Millimeter^»-,,

2588 686 2696 710 Preis
2721 685 2780 707 der
2806 684 3125 710 Millimeterzelle

2449 715 2490 741 sür
2507 716 2583 739 lokale
2598 716 2906 742 Geschäslsemptehlunacn
3174 715 3202 738 25
3213 716 3258 740 Rp.

2450 746 2490 772 für
2506 746 2629 772 Anzeigen
2645 746 2839 773 schweizerischen
2855 745 2996 770 Ursprungs
3176 746 3205 768 30
3214 746 3260 769 Rp.

2450 776 2489 801 für
2506 777 2628 803 Anzeigen
2645 777 2829 804 ausländischen
2846 776 2987 801 Ursprung«
3175 776 3203 798 35
3214 776 3259 801 RP.

2448 806 2487 832 für
2505 807 2633 830 Reklamen
2650 810 2693 833 pro
2712 807 2873 833 doppelbrcitc
2891 806 2956 833 Zeile
3155 806 3206 829 1.25
3216 806 3257 832 Fr.

2513 838 2569 861 Seit
2587 839 2606 861 1.
2625 838 2727 865 Januar
2746 839 2814 861 1012:
2841 836 2953 863 Zuschlag
2972 836 3036 860 15«/,
3051 837 3106 858 von,
3124 836 3195 858 Rclio

2449 872 2759 906 Annoncen-Abteilung:
2777 871 2973 904 Theaterstraßc
2987 873 3007 901 1,
3026 871 3140 904 Postfach
3158 870 3353 905 Fraumünster,
3370 872 3463 907 Zürich

968 962 1179 999 Instruktoren
1205 963 1322 992 werden
1347 967 1407 992 von
1433 962 1590 1000 englischen
1617 959 1779 1000 Offizieren

969 1001 1147 1039 unterstützt.

1024 1048 1104 1078 Man
1122 1047 1202 1084 hatte
1218 1047 1285 1084 noch
1304 1046 1357 1076 mit
1375 1045 1470 1077 einem
1484 1046 1567 1084 Jahr
1582 1047 1671 1084 Krieg
1687 1055 1777 1085 gegen

967 1084 1074 1122 Japan
1095 1084 1165 1122 nach
1183 1084 1379 1122 Beendigung
1399 1085 1448 1113 des
1468 1084 1671 1127 europäischen
1691 1086 1776 1122 Feld¬

968 1124 1054 1159 zuges
1071 1122 1227 1159 gerechnet;
1255 1123 1362 1151 darum
1379 1128 1444 1151 lvar
1461 1123 1508 1151 als
1525 1121 1647 1152 Termin
1666 1122 1714 1159 sür
1730 1123 1777 1153 die

967 1160 1016 1196 He
1030 1159 1038 1189 i
1051 1168 1079 1189 m
1093 1160 1102 1196 s
1114 1159 1171 1196 cha
1185 1160 1193 1195 f
1206 1159 1214 1195 s
1227 1168 1246 1189 u
1259 1168 1277 1189 n
1289 1168 1307 1196 g
1343 1161 1393 1189 der
1429 1159 1583 1196 belgischen
1620 1160 1776 1196 Einheiten

970 1198 1018 1227 der
1045 1198 1115 1227 Mai
1145 1199 1215 1226 1940
1243 1197 1415 1233 vorgesehen
1444 1195 1578 1234 gewesen.
1615 1197 1683 1229 Seit
1712 1199 1776 1227 dem

968 1235 1153 1265 unerwartet
1169 1234 1282 1271 raschen
1299 1226 1441 1271 Abschluß
1458 1236 1506 1264 der
1521 1233 1646 1272 Kämpfe
1665 1235 1694 1265 in
1710 1235 1779 1272 Ost¬

969 1272 1044 1308 asien
1074 1272 1194 1309 bemüht
1223 1272 1270 1308 sich
1297 1271 1778 1309 Landesvcrteidignngsminister

967 1310 1003 1339 M
1016 1319 1033 1338 n
1048 1318 1065 1338 n
1079 1310 1095 1339 d
1109 1318 1122 1338 e
1134 1310 1143 1338 l
1155 1318 1168 1338 e
1181 1319 1193 1339 e
1205 1318 1219 1338 r
1240 1317 1290 1339 um
1311 1309 1395 1339 einen
1414 1306 1553 1347 früheren
1571 1310 1704 1342 Termin,
1725 1311 1777 1339 da¬

968 1347 1022 1376 mit
1043 1346 1087 1376 die
1108 1346 1241 1384 belgische
1260 1347 1366 1377 Armee
1386 1346 1455 1376 bald
1475 1346 1582 1376 wieder
1603 1346 1649 1382 ihr
1670 1347 1777 1384 Eigen¬

968 1384 1049 1414 leben
1072 1385 1169 1422 besitzt,
1192 1384 1247 1414 mit
1269 1386 1318 1414 der
1339 1384 1493 1421 Besetzung
1515 1384 1597 1414 eines
1620 1376 1776 1422 belgischen

967 1422 1091 1452 Sektors
1117 1422 1146 1451 in
1168 1422 1364 1459 Deutschland
1387 1423 1435 1451 als
1457 1422 1543 1458 erster
1564 1421 1706 1459 Ausgabe.
1729 1423 1776 1459 In

965 1459 1090 1504 Belchen
1107 1460 1212 1497 besteht
1228 1459 1289 1489 eine
1305 1459 1447 1497 ziemliche
1462 1460 1615 1497 Nngednld
1631 1461 1702 1490 über
1719 1462 1776 1490 das

966 1497 1170 1534 Weitergehen
1190 1498 1240 1527 der
1258 1497 1453 1534 Ausbildnug
1473 1498 1502 1527 in
1521 1498 1645 1534 Irland.

1022 1543 1068 1580 In
1097 1542 1345 1580 Frankreich
1376 1543 1425 1579 sah
1455 1551 1526 1573 man
1556 1546 1586 1572 es
1617 1544 1691 1580 nicht
1720 1544 1777 1573 mit

966 1580 1138 1619 besonderer
1158 1581 1280 1617 Freude,
1302 1580 1359 1624 datz
1382 1580 1432 1617 sich
1451 1580 1495 1610 die
1516 1580 1648 1618 belgische
1670 1582 1777 1611 Arinee

966 1626 1039 1656 ganz
1059 1618 1130 1655 nach
1151 1618 1288 1655 England
1309 1617 1488 1648 orientierte.
1518 1618 1581 1648 Vor
1603 1621 1665 1649 dem
1686 1618 1777 1656 Krieg

967 1657 1046 1691 hatte
1071 1664 1143 1685 man
1168 1648 1215 1693 sich
1240 1656 1270 1686 in
1294 1655 1418 1693 Belgien
1444 1664 1482 1685 an
1507 1656 1562 1685 das
1586 1655 1776 1693 militärische

964 1693 1093 1730 Beispiel
1110 1693 1300 1731 Frankreichs
1318 1694 1463 1729 gehalten.
1489 1692 1546 1724 Die
1562 1693 1776 1732 Verschiebung

966 1731 1088 1768 erfolgte
1112 1731 1182 1761 aber
1202 1731 1433 1769 zwangsläufig.

1022 1777 1079 1807 Am
1102 1780 1127 1806 1.
1148 1777 1304 1813 Dezember
1326 1777 1378 1814 soll
1400 1777 1444 1807 die
1465 1776 1493 1808 D
1505 1785 1518 1806 e
1531 1785 1559 1806 m
1571 1785 1587 1806 v
1600 1777 1617 1807 b
1629 1777 1638 1808 i
1650 1777 1661 1807 l
1673 1777 1682 1808 i
1695 1777 1705 1815 s
1716 1778 1725 1807 i
1739 1786 1752 1807 c
1764 1792 1775 1802 -

965 1822 980 1844 r
993 1823 1012 1844 u
1024 1823 1042 1844 n
1055 1823 1072 1852 g
1104 1815 1153 1844 der
1184 1815 1209 1852 F
1220 1823 1235 1845 r
1247 1823 1260 1845 e
1272 1814 1280 1844 i
1292 1820 1320 1844 lv
1333 1814 1341 1844 i
1354 1815 1364 1844 l
1377 1814 1387 1843 l
1399 1814 1407 1843 i
1420 1823 1437 1851 g
1449 1823 1461 1844 e
1473 1823 1491 1844 n
1523 1815 1677 1851 beginnen.
1718 1815 1776 1845 Sie

966 1852 1082 1889 machen
1102 1854 1138 1881 60
1157 1853 1282 1889 Prozent
1302 1854 1351 1882 der
1370 1851 1601 1889 Diensttuenden
1621 1856 1688 1884 aus.
1717 1852 1775 1883 Die

965 1890 1136 1920 Studenten
1156 1890 1256 1926 sollten
1274 1889 1321 1920 bis
1339 1898 1404 1927 zum
1422 1890 1552 1926 nächsten
1571 1890 1775 1928 Studienjahr

966 1927 1107 1965 entlassen
1132 1927 1201 1965 sein;
1236 1929 1274 1957 da
1297 1927 1332 1962 sie
1353 1928 1426 1957 aber
1450 1927 1531 1964 nieist
1553 1928 1775 1965 Unteroffiziere

966 1966 1036 2002 sind,
1058 1964 1137 1995 wird
1159 1965 1206 2003 sich
1230 1965 1274 1994 die
1296 1965 1457 2003 schwierige
1479 1965 1575 2002 Frage
1598 1966 1646 1995 der
1669 1967 1775 1996 Unter-

965 2002 1184 2047 offizierskader
1211 2002 1315 2039 stellen.
1351 2003 1408 2033 Die
1434 2003 1684 2033 Staatsbeamten
1712 2005 1775 2033 und

966 2041 1089 2078 übrigen
1113 2041 1259 2071 Beamten
1283 2041 1344 2077 sind
1368 2040 1476 2070 bereits
1500 2041 1647 2078 entlassen,
1672 2042 1775 2078 ebenso

964 2078 1010 2108 die
1029 2077 1201 2108 Landwirte
1223 2077 1277 2108 mit
1300 2078 1429 2115 eigenem
1450 2078 1577 2110 Betrieb.
1610 2079 1775 2114 Familien¬

964 2117 1049 2146 väter
1073 2117 1198 2146 wurden
1225 2116 1298 2153 nicht
1325 2116 1504 2152 cinbernfen.
1540 2117 1583 2147 Ab
1609 2117 1777 2147 November

964 2154 1053 2192 sollen
1086 2155 1132 2184 die
1164 2153 1415 2193 Reserveoffiziere
1447 2154 1590 2191 sukzessive
1623 2155 1774 2191 entlassen,

964 2193 990 2221 d.
1004 2192 1030 2230 h.
1046 2192 1132 2229 durch
1145 2192 1397 2229 Berufsoffiziere,
1412 2191 1456 2221 die
1471 2195 1529 2223 aus
1544 2193 1592 2222 der
1606 2193 1774 2230 Gefangen¬

965 2229 1050 2268 schaft
1070 2230 1262 2271 heimgekchrt
1282 2229 1352 2267 sind,
1373 2230 1463 2267 ersetzt
1482 2231 1607 2260 werden.

1020 2276 1119 2312 Pläne
1148 2276 1198 2313 für
1226 2284 1300 2306 neue
1330 2276 1697 2313 Verteidigungsanlagen
1727 2277 1774 2307 be¬

965 2314 1057 2352 stehen
1079 2314 1147 2351 noch
1168 2313 1252 2351 nicht.
1280 2314 1358 2344 Mau
1380 2315 1487 2344 wartet
1507 2316 1554 2347 ab,
1573 2315 1673 2352 welche
1693 2314 1774 2345 mili¬

964 2352 1104 2388 tärischen
1128 2352 1282 2389 Aufgaben
1305 2352 1429 2389 Belgien
1452 2352 1484 2382 in
1505 2352 1599 2382 einem
1623 2352 1773 2389 künftigen

962 2390 1128 2421 kollektiven
1147 2389 1547 2427 Sicherheitssystem
1564 2390 1700 2427 znfalle»,
1712 2392 1774 2420 und

964 2427 1025 2465 gibt
1051 2427 1100 2465 sich
1127 2428 1332 2464 Rechenschaft,
1358 2428 1416 2464 daß
1442 2433 1495 2458 vor
1522 2429 1609 2458 allem
1634 2428 1680 2459 die
1705 2428 1775 2465 sieg¬

963 2465 1072 2503 reichen
1110 2466 1309 2502 Großstaaten
1346 2467 1402 2496 das
1439 2466 1648 2504 entscheidende
1684 2467 1774 2497 Wort

964 2504 1093 2541 sprechen
1115 2505 1241 2534 werden.

1355 2544 1377 2566 *

1010 2590 1122 2622 Brüssel,
1147 2590 1185 2616 16.
1195 2590 1270 2622 Sept.
1295 2589 1461 2622 (Privattel.)
1486 2590 1597 2623 Belgien
1621 2590 1699 2624 besitzt
1724 2590 1778 2623 jetzt

960 2627 1023 2660 sechs
1039 2628 1221 2660 hochmoderne
1236 2628 1392 2661 Flngplätze.
1406 2628 1457 2656 Die
1471 2628 1517 2655 Dl:
1528 2636 1545 2654 u
1556 2630 1564 2655 t
1576 2628 1583 2661 s
1594 2628 1618 2661 ch
1628 2636 1639 2655 c
1650 2636 1666 2654 n
1691 2629 1775 2661 haben

959 2666 1084 2698 während
1106 2667 1149 2693 des
1170 2666 1277 2699 Krieges
1299 2667 1394 2699 daraus
1414 2667 1555 2700 verzichtet,
1576 2667 1615 2694 die
1635 2668 1775 2701 belgischen

960 2704 1209 2738 Militärflugplätze
1227 2713 1259 2738 zu
1277 2705 1394 2738 benutzen
1414 2706 1466 2731 und
1486 2706 1567 2739 haben
1588 2706 1631 2738 sür
1652 2706 1707 2739 ihre
1726 2707 1776 2734 Be¬

960 2743 1084 2775 dürfnisse
1104 2743 1166 2776 sechs
1186 2744 1322 2776 gewaltige
1340 2744 1487 2777 Flugplätze
1506 2744 1606 2775 erbaut,
1625 2749 1676 2771 von
1695 2746 1775 2772 denen

960 2780 1029 2813 jeder
1059 2782 1108 2807 600
1131 2782 1256 2814 Hektaren
1276 2785 1339 2810 und
1363 2784 1418 2810 drei
1449 2782 1590 2810 betonierte
1613 2783 1701 2817 Pisten
1723 2788 1775 2811 von

960 2820 1060 2853 fünfzig
1079 2820 1168 2848 Meter
1186 2821 1276 2848 Breite
1295 2823 1348 2848 und
1371 2822 1434 2847 1800
1453 2821 1540 2848 Meter
1559 2822 1644 2854 Länge
1664 2822 1774 2855 umfaßt.

959 2858 1008 2885 Um
1030 2859 1099 2891 Platz
1124 2860 1166 2891 sür
1189 2860 1244 2892 ihre
1266 2859 1483 2893 Konstruktionen
1505 2868 1537 2893 zu
1559 2860 1669 2894 machen,
1691 2861 1774 2894 haben

959 2897 1000 2924 die
1021 2897 1161 2931 Deutschen
1192 2899 1228 2930 oft
1253 2905 1331 2931 ganze
1354 2899 1453 2931 Dörfer
1476 2900 1692 2932 „iveggeräumt".
1723 2900 1774 2927 Die

959 2936 1061 2963 Namen
1077 2937 1122 2963 der
1138 2936 1284 2970 Flugplätze
1300 2938 1400 2964 lauten:
1417 2937 1590 2968 „Melsbroeck
1607 2938 1645 2966 bei
1661 2938 1774 2971 Brüssel,

958 2974 1106 3007 Florennes
1131 2974 1170 3002 bei
1193 2975 1306 3006 Dinant,
1330 2975 1456 3008 Ehiivres
1480 2977 1518 3003 bei
1543 2976 1635 3007 Mvus,
1658 2977 1775 3004 Beauve-

959 3013 1031 3045 chain
1049 3013 1087 3040 bei
1099 3013 1226 3044 Louvain,
1236 3014 1375 3047 Brusthem
1393 3015 1432 3042 bei
1449 3014 1491 3042 St.
1501 3014 1593 3043 Trond
1611 3016 1664 3041 und
1675 3015 1775 3047 Coxhde

958 3059 993 3078 an
1009 3053 1053 3078 der
1067 3052 1151 3085 Küste.
1175 3052 1399 3082 Melsbroeck
1421 3053 1489 3080 wird
1504 3055 1548 3080 der
1564 3054 1772 3081 internationale

958 3090 1105 3124 Flughafen
1128 3091 1253 3124 Belgiens
1276 3091 1338 3125 sein;
1362 3092 1432 3124 schon
1453 3092 1525 3124 heute
1547 3093 1604 3125 geht
1627 3093 1671 3120 dor
1694 3093 1774 3120 inter¬

958 3128 1094 3156 nationale
1117 3129 1290 3163 Flugverkehr
1323 3131 1349 3157 in
1373 3130 1483 3164 Belgien
1514 3131 1577 3159 über
1608 3131 1773 3159 Melsbroeck.

958 3167 1009 3194 Die
1034 3167 1175 3195 Alliierten
1201 3168 1330 3201 beginnen
1356 3169 1397 3196 die
1422 3169 1569 3202 Flugplätze
1594 3177 1626 3203 zu
1652 3172 1772 3199 räumen,

956 3206 1045 3239 welche
1071 3214 1129 3234 nun
1153 3211 1204 3235 von
1230 3208 1275 3235 der
1299 3207 1437 3242 belgischen
1462 3208 1556 3239 Armee
1583 3209 1771 3236 übernommen

958 3245 1070 3272 werden.

959 3308 1215 3345 Anweisungen
1243 3318 1286 3339 an
1312 3309 1362 3339 die
1388 3310 1573 3346 belgischen
1597 3311 1771 3340 Soldaten

1221 3349 1258 3377 in
1279 3349 1507 3383 Deutschland

1009 3402 1121 3434 Brüssel,
1148 3403 1185 3429 17.
1195 3403 1270 3435 Sept.
1295 3403 1461 3435 (Privattel.)
1488 3404 1538 3431 Die
1562 3404 1700 3436 belgischen
1724 3405 1773 3431 Be¬

958 3436 1056 3467 hörden
1076 3437 1131 3469 sind
1146 3437 1232 3464 damit
1252 3438 1406 3471 beschäftigt.
1425 3438 1521 3470 Regeln
1541 3439 1620 3468 dafür
1638 3439 1774 3470 aufzustel¬

959 3471 1010 3502 len,
1032 3471 1082 3498 wie
1106 3472 1150 3504 sich
1173 3472 1212 3499 die
1235 3471 1372 3504 belgischen
1396 3473 1526 3499 Soldaten
1551 3473 1578 3499 in
1602 3472 1775 3504 Deutschland

959 3506 1012 3531 und
1037 3506 1077 3532 die
1102 3505 1230 3538 deutsche»
1256 3506 1422 3538 Gefangenen
1450 3507 1476 3533 in
1501 3507 1612 3539 Belgien
1637 3507 1774 3537 verhalten

958 3538 1044 3569 sollen.
1074 3540 1131 3566 Der
1152 3540 1478 3572 Verteidigungsminister
1499 3541 1545 3572 hat
1567 3542 1615 3567 den
1635 3541 1773 3572 Truppen-

959 3573 1177 3601 kommandanten
1205 3574 1230 3601 in
1256 3574 1428 3606 Deutschland
1452 3574 1650 3607 Instruktionen
1678 3576 1774 3605 erteilt,

959 3605 987 3633 in
1005 3608 1084 3634 denen
1103 3610 1130 3634 es
1147 3607 1225 3640 heißt:
1244 3608 1311 3638 „Die
1327 3612 1380 3636 von
1397 3609 1443 3636 den
1461 3609 1598 3640 Deutschen
1618 3610 1643 3635 in
1662 3609 1773 3640 Belgien

957 3640 1083 3668 verübten
1111 3641 1323 3673 Grausamkeiten
1352 3644 1405 3669 und
1434 3642 1472 3669 die
1500 3643 1700 3675 Mißhandlung
1729 3645 1774 3670 der

957 3674 1107 3707 Politischen
1130 3676 1296 3708 Gefangenen
1328 3676 1425 3703 können
1448 3676 1610 3709 Verachtung
1641 3680 1695 3705 und
1716 3677 1774 3708 Haß

957 3702 1141 3740 Hervorrufen,
1163 3710 1224 3737 aber
1249 3710 1279 3741 sie
1311 3710 1577 3742 rechtfertigen
1611 3711 1701 3741 nicht
1733 3712 1774 3738 die

956 3742 1111 3774 Vornahme
1132 3743 1181 3770 von
1211 3743 1429 3776 Racheakten
1460 3745 1487 3771 in
1507 3746 1552 3772 der
1573 3745 1654 3776 Form
1677 3745 1773 3772 indivi¬

957 3776 1055 3803 dueller
1087 3778 1148 3804 oder
1172 3778 1312 3804 kollektiver
1335 3778 1551 3811 Plünderungen.
1582 3779 1640 3806 Das
1664 3779 1773 3809 Privat¬

958 3809 1090 3842 eigentum
1112 3811 1174 3842 muß
1195 3811 1339 3842 respektiert
1361 3813 1487 3838 werden."

1008 3845 1059 3871 Ein
1076 3848 1155 3872 neues
1172 3845 1251 3877 Gesetz
1269 3846 1329 3877 sieht
1346 3846 1450 3878 schwere
1467 3846 1577 3876 Strafen
1595 3851 1643 3873 vor
1661 3847 1704 3877 sür
1721 3846 1773 3873 bel¬

957 3878 1034 3911 gische
1043 3879 1249 3911 Staatsbürger,
1259 3879 1297 3906 die
1308 3879 1398 3911 Briese
1421 3882 1435 3907 d
1446 3887 1457 3907 c
1467 3886 1484 3906 u
1495 3881 1503 3907 t
1515 3880 1523 3912 s
1533 3880 1557 3912 ch
1568 3888 1579 3906 e
1590 3881 1603 3908 r
1626 3880 1774 3912 Kriegs-

1816 972 1831 996 g
1841 966 1896 997 «Va
1908 974 1925 992 n
1936 974 1951 998 g
1962 974 1973 992 e
1983 974 1999 992 n
2010 974 2021 992 e
2033 973 2046 991 r
2077 965 2254 993 weiterleiten.
2284 966 2325 997 In
2346 967 2392 993 den
2416 966 2626 998 Kohlengruben,

1816 1004 1857 1025 Ivo
1881 999 2000 1031 belgische
2024 1000 2146 1027 Arbeiter
2171 1002 2224 1026 und
2248 1000 2393 1031 Gefangene
2418 1000 2625 1027 nebeneinander

1816 1033 1942 1064 arbeiten,
1973 1034 2130 1065 verhindern
2164 1034 2425 1066 Spczialreglemente
2458 1035 2503 1061 den
2537 1041 2626 1066 gegen¬

1817 1067 1923 1098 seitigen
1940 1068 2057 1094 Kontakt.
2082 1068 2139 1094 Das
2156 1069 2231 1095 Blatt
2247 1061 2387 1099 „Dräpeau
2403 1067 2507 1099 Rouge"
2525 1069 2626 1098 meldet,

1816 1101 1866 1131 daß
1883 1101 2071 1133 Bergarbeiter
2091 1102 2117 1129 i»
2136 1103 2181 1128 der
2199 1102 2315 1134 Provinz
2332 1102 2472 1133 Hennegau
2491 1109 2568 1133 gegen
2588 1102 2626 1128 die

1817 1134 1927 1166 schlechte
1946 1136 2120 1167 Behandlung
2141 1137 2185 1162 der
2205 1135 2368 1168 Gefangenen
2389 1135 2567 1167 protestierten
2589 1136 2627 1162 in¬

1817 1170 1871 1195 dem
1894 1169 1926 1199 sie
1947 1170 2083 1200 erklärten,
2104 1169 2155 1200 daß
2183 1169 2250 1201 wohl
2280 1170 2320 1196 die
2347 1169 2485 1201 Deutschen
2506 1171 2555 1196 das
2576 1173 2625 1196 von

1818 1202 1894 1231 ihnen
1914 1204 2020 1230 verübte
2038 1203 2145 1235 Unrecht
2164 1203 2257 1231 wieder
2275 1203 2422 1235 gutmnchen
2442 1203 2558 1233 müßten,
2577 1203 2627 1233 daß

1817 1243 1877 1261 man
1911 1237 1941 1267 sic
1971 1238 2033 1264 aber
2062 1237 2127 1269 nicht
2159 1237 2247 1264 brutal
2277 1238 2418 1268 behandeln
2449 1237 2530 1267 dürfe.
2561 1237 2626 1264 Dies

1818 1271 1916 1300 hemme
1938 1271 2049 1302 nämlich
2070 1271 2109 1298 die
2130 1271 2298 1302 Produktion.

1815 1346 1898 1386 Die
1918 1346 2165 1395 Konferenz
2185 1346 2259 1385 der
2277 1345 2626 1395 Außenminister

2099 1401 2144 1440 in
2166 1401 2342 1441 London

1836 1469 2089 1504 Schleppender
2106 1469 2209 1504 Gang
2227 1470 2284 1497 der
2305 1468 2605 1503 Berhandlungcn

1875 1523 2008 1554 London,
2045 1524 2086 1552 17.
2111 1522 2197 1559 Sept.
2231 1522 2306 1558 (Tel.
2332 1522 2450 1556 unseres
2476 1523 2626 1559 ex-Korr.)

1818 1561 2032 1599 Enttäuschend
2055 1563 2193 1599 langsam
2217 1562 2277 1597 sind
2301 1561 2345 1592 die
2368 1562 2626 1600 Verhandlungen

1819 1603 1869 1631 des
1904 1603 1999 1633 Rates
2035 1603 2086 1632 der
2111 1602 2350 1638 Außenminister
2386 1602 2416 1631 in
2443 1602 2567 1632 London
2594 1602 2626 1631 in

1818 1642 1907 1679 Gang
1928 1643 2104 1680 gekommen.
2133 1642 2191 1672 Die
2210 1641 2449 1678 Außenminister
2469 1642 2570 1679 sollten
2590 1659 2627 1663 —

1818 1681 1847 1718 so
1865 1688 1931 1712 war
1950 1681 2162 1719 ursprünglich,
2172 1682 2291 1719 geplant
2308 1699 2345 1702 —
2361 1682 2459 1718 wenig
2477 1682 2560 1718 mehr
2578 1682 2626 1711 als

1818 1721 1952 1759 vierzehn
1980 1722 2062 1759 Tage
2091 1722 2155 1760 hier
2183 1721 2294 1751 bleiben
2324 1723 2383 1750 und
2413 1722 2458 1751 die
2487 1722 2625 1751 weiteren

1817 1762 2074 1799 Verhandlungen
2120 1762 2206 1798 ihren
2252 1761 2494 1791 Stellvertretern
2542 1762 2627 1790 über¬

1817 1802 1917 1838 lassen.
1953 1801 2026 1832 Eine
2051 1807 2109 1831 von
2136 1803 2190 1832 den
2215 1803 2282 1838 zwei
2309 1801 2431 1837 Wochen
2457 1801 2492 1838 ist
2516 1801 2626 1831 bereits

1806 1841 1997 1879 Werstrichen,
2016 1842 2091 1879 ohne
2109 1842 2177 1878 daß.
2196 1841 2282 1877 soviel
2301 1850 2371 1870 man
2391 1841 2476 1878 weiß,
2494 1840 2542 1871 ein
2561 1840 2627 1870 kön-

1802 1902 1807 1921 ,
1817 1882 1908 1912 kretes
1931 1882 2076 1919 Ergebnis
2099 1881 2197 1918 erzielt
2217 1882 2337 1911 worden
2357 1882 2447 1910 wäre.
2470 1881 2555 1910 Wird
2579 1881 2627 1917 sich

1801 1923 1806 1966 j
1817 1922 1872 1951 das
1891 1922 2005 1957 Tempo
2026 1923 2075 1951 der
2094 1922 2348 1958 Verhandlungen
2368 1920 2440 1957 diese
2460 1920 2562 1956 Woche
2582 1921 2626 1950 be-

1801 1952 1806 1992 !
1817 1960 2017 1999 schleunigen?
2054 1961 2224 1998 Jedenfalls
2262 1960 2336 1997 nicht
2373 1962 2536 1997 genügend,
2576 1969 2626 1990 um

1816 2002 1871 2039 den
1906 2001 2306 2039 Friedensvertrag
2350 2000 2405 2030 mit
2448 2000 2626 2036 Italien

1817 2042 1905 2071 unter
1929 2041 2008 2079 Dach
2040 2050 2073 2078 zu
2107 2041 2244 2077 bringen;
2278 2041 2352 2069 denn
2386 2040 2431 2069 die
2454 2040 2552 2077 Frage
2578 2041 2628 2069 der

1817 2081 1966 2112 Kolonien
1999 2081 2032 2117 ist
2063 2082 2117 2111 den
2139 2081 2381 2111 Stellvertretern
2414 2088 2467 2116 zur
2487 2080 2626 2117 Behand¬

1817 2122 1890 2159 lung
1910 2123 1973 2151 und
1992 2130 2045 2158 zur
2062 2121 2291 2157 Ausarbeitung
2310 2125 2367 2150 von
2389 2120 2626 2157 Empfehlungen

1815 2161 1866 2198 für
1893 2162 1941 2199 die
1976 2161 2122 2199 zweite
2161 2161 2185 2197 Z
2197 2170 2215 2190 u
2228 2160 2237 2197 s
2250 2169 2267 2190 a
2280 2170 2307 2190 in
2321 2169 2348 2190 ni
2360 2168 2373 2189 e
2385 2168 2404 2189 n
2417 2161 2428 2189 k
2440 2168 2459 2189 u
2473 2168 2491 2190 n
2504 2160 2513 2196 f
2526 2160 2536 2189 t
2576 2160 2626 2189 des

1816 2201 1910 2231 Rates
1942 2203 1992 2231 der
2013 2200 2255 2238 Außenminister
2284 2200 2464 2230 anvertraut
2495 2201 2626 2229 worden.

1815 2241 1882 2271 Das
1903 2242 2020 2272 Datum
2042 2241 2133 2279 dieser
2153 2240 2271 2277 zweiten
2292 2240 2454 2276 Konferenz
2475 2239 2551 2269 wird
2573 2239 2627 2275 erst

1815 2281 1914 2319 später
1939 2281 2092 2318 festgesetzt,
2117 2279 2187 2318 doch
2211 2280 2277 2317 darf
2301 2280 2380 2316 wohl
2407 2288 2625 2316 angenommen

1816 2322 1943 2353 werden,
1971 2321 2028 2358 daß
2057 2321 2092 2358 sie
2117 2321 2198 2358 schon
2225 2321 2257 2351 in
2283 2320 2399 2357 einigen
2426 2319 2550 2356 Wock-en
2578 2328 2625 2354 zu-

1815 2361 2026 2399 sammentritt.
2080 2361 2205 2397 Manche
2259 2360 2436 2397 Beobachter
2490 2360 2625 2389 erblicken

1816 2402 1904 2431 darin
1926 2402 1972 2431 ein
1992 2400 2112 2439 Zeichen
2133 2401 2231 2437 dafür,
2252 2400 2308 2436 daß
2329 2400 2372 2431 die
2391 2400 2555 2436 Konferenz
2576 2401 2626 2428 der

1815 2440 2057 2479 Außenminister
2080 2450 2113 2479 zu
2140 2441 2220 2470 einer
2244 2442 2413 2470 dauernden
2437 2439 2624 2477 Institution

1816 2483 1971 2519 geworden
1993 2482 2036 2518 ist.

1871 2528 1953 2559 Man
1982 2529 2047 2566 hält
2077 2531 2107 2558 es
2139 2528 2190 2564 für
2218 2526 2458 2564 wahrscheinlich,
2489 2526 2548 2563 daß
2579 2525 2625 2555 die

1816 2566 1883 2603 erste
1909 2567 2072 2604 Konferenz
2106 2566 2180 2603 diese
2204 2566 2304 2602 Woche
2340 2565 2409 2602 »och
2431 2558 2497 2601 Zeit
2521 2565 2624 2599 finden

1815 2606 1919 2637 werde,
1948 2606 2055 2635 andere
2083 2604 2243 2641 dringende
2270 2603 2426 2639 Probleme
2454 2611 2487 2639 zu
2514 2596 2625 2640 behan¬

1814 2643 1891 2672 deln.
1924 2643 1971 2672 An
1992 2643 2080 2679 erster
2100 2642 2195 2672 Stelle
2215 2642 2290 2671 wird
2314 2641 2357 2671 die
2379 2641 2477 2679 Frage
2498 2642 2549 2670 der
2570 2642 2625 2671 Re¬

1815 2680 1978 2719 gierungen
2031 2680 2302 2718 Bulgariens
2357 2681 2418 2709 und
2473 2679 2498 2710 R
2511 2676 2626 2709 umä-

1815 2728 1833 2748 n
1848 2719 1855 2748 i
1869 2728 1881 2749 c
1894 2728 1912 2749 n
1926 2722 1941 2749 s
1969 2720 2111 2756 genannt,
2129 2718 2174 2748 die
2191 2718 2367 2755 bekanntlich
2385 2723 2444 2747 von
2464 2718 2516 2747 den
2535 2717 2624 2753 Wcst-

1815 2757 1945 2794 mächteu
1968 2756 2043 2794 nicht
2066 2758 2114 2787 als
2137 2756 2351 2793 repräsentativ
2373 2755 2530 2792 betrachtet
2551 2761 2624 2785 wer¬

1815 2796 1869 2825 den
1896 2797 1958 2825 und
1985 2796 2087 2832 bisher
2112 2796 2188 2832 nicht
2214 2795 2377 2825 anerkannt
2404 2795 2525 2824 worden
2553 2794 2623 2830 sind.

1814 2834 1871 2865 Die
1899 2834 2079 2872 bulgarische
2107 2833 2276 2870 Regierung
2303 2832 2338 2869 ist
2364 2833 2423 2870 jetzt
2452 2834 2502 2862 der
2529 2832 2624 2862 Kritik

1815 2873 1865 2902 der
1885 2872 2074 2910 Westmächte
2096 2873 2182 2910 durch
2204 2871 2265 2902 eine
2287 2871 2397 2908 gewisse
2418 2871 2624 2907 Abänderung

1814 2911 1865 2940 des
1882 2911 2089 2947 Wahlgesetzes
2107 2911 2202 2939 etwas
2220 2910 2538 2946 entgegengekommen,
2557 2910 2625 2944 doch

1814 2948 1890 2978 wird
1912 2949 1963 2986 sich
1982 2949 2077 2980 damit
2098 2958 2137 2978 an
2161 2948 2239 2986 ihrer
2258 2948 2399 2984 Stellung
2420 2948 2506 2977 kaum
2528 2948 2623 2977 etwas

1815 2988 1929 3017 ändern
1949 2989 2009 3017 und
2028 2990 2059 3017 es
2077 2987 2168 3017 bleibt
2187 2986 2385 3023 abzuwarten,
2404 2986 2440 3016 ob
2459 2986 2503 3015 die
2522 2987 2624 3023 angel¬

1814 3025 1976 3063 sächsischen
2004 3025 2211 3062 Regierungen
2241 3025 2285 3054 die
2313 3025 2472 3061 Drohung,
2501 3025 2560 3060 daß
2590 3024 2624 3060 sie

1814 3063 1859 3094 die
1878 3067 1939 3094 aus
1958 3065 2010 3093 den
2030 3064 2158 3098 Wahlen
2178 3063 2411 3100 hervorgehende
2428 3070 2502 3093 neue
2520 3063 2624 3099 Regie¬

1814 3106 1892 3140 rung
1923 3102 1996 3139 nicht
2026 3104 2209 3132 anerkennen
2239 3102 2372 3134 könnten,
2401 3101 2457 3132 mit
2486 3101 2624 3138 Rücksicht

1813 3141 1866 3177 aus
1902 3140 1993 3177 dieses
2021 3139 2240 3177 Zugeständnis
2275 3140 2471 3177 zurückziehen
2496 3141 2624 3170 werden.

1814 3178 2041 3216 Augenblicklich
2073 3179 2199 3208 könnten
2229 3177 2307 3214 wohl
2338 3178 2382 3208 die
2412 3177 2625 3215 Friedensver¬

1813 3218 1897 3254 träge
1925 3217 1979 3247 niit
2005 3217 2186 3254 Bulgarien,
2212 3216 2382 3246 Rumänien
2409 3217 2472 3246 und
2498 3217 2624 3253 Ungarn

1814 3264 1853 3285 an
1879 3257 1929 3285 der
1954 3255 2116 3292 Konferenz
2141 3255 2173 3285 in
2197 3255 2318 3285 London
2343 3264 2403 3284 nur
2425 3255 2624 3292 unabhängig

1812 3298 1872 3323 von
1899 3295 1952 3323 der
1976 3293 2073 3331 Frage
2100 3295 2151 3323 der
2177 3293 2392 3331 Anerkennung
2410 3294 2460 3323 der
2477 3293 2508 3323 in
2526 3293 2625 3331 Frage

1814 3332 1966 3369 stehenden
1991 3332 2200 3369 Regierungen
2225 3332 2381 3367 behandelt
2407 3332 2533 3362 werden.
2568 3332 2625 3362 Die

1812 3370 1910 3407 Frage
1934 3372 1984 3400 der
2005 3370 2229 3400 kontinentalen
2262 3370 2541 3407 Wasserwege
2572 3370 2625 3406 soll

1813 3408 1958 3444 ebenfalls
1983 3409 2142 3446 behandelt
2168 3409 2293 3441 werden,
2319 3409 2409 3438 bevor
2435 3409 2480 3438 die
2505 3409 2625 3444 Außen¬

1813 3446 1948 3483 minister
1981 3447 2287 3484 auseinandergehen.
2321 3447 2431 3484 Welche
2454 3447 2510 3477 Art
2544 3448 2626 3477 einer

1811 3484 2182 3522 Jnternationalisierung
2224 3487 2273 3515 der
2304 3485 2528 3522 Flußkontrolle
2570 3487 2624 3515 den

1813 3523 2029 3555 Amerikanern
2059 3524 2243 3560 vorschwebt,
2273 3523 2307 3559 ist
2329 3524 2399 3560 noch
2420 3524 2528 3554 immer
2550 3524 2625 3561 nicht

1813 3562 1948 3592 bekannt.
1977 3562 2049 3593 Eine
2067 3562 2162 3598 rasche
2179 3562 2387 3598 Entsck>eidiing
2407 3562 2509 3597 scheint
2528 3563 2625 3599 jeden¬

1812 3600 1883 3635 falls
1907 3601 1949 3631 ini
1970 3600 2114 3637 Interesse
2136 3602 2189 3630 der
2208 3600 2553 3638 Wiederingangsehung
2575 3602 2626 3631 der

1812 3638 1979 3676 Schiffahrt
1997 3640 2129 3676 geboten.

1869 3685 1940 3721 Daß
1958 3685 2053 3721 Polen
2072 3686 2133 3715 und
2153 3685 2198 3714 die
2214 3684 2314 3714 beiden
2333 3684 2624 3722 Sowjetrepubliken

1811 3722 1940 3752 Ukraine
1985 3724 2046 3753 und
2084 3723 2301 3759 Weißrußland
2348 3731 2400 3759 zur
2436 3723 2624 3760 schriftlickien

1811 3761 2047 3799 Unterbreitung
2074 3761 2155 3798 ihrer
2181 3761 2328 3797 Ansichten
2355 3761 2427 3791 über
2453 3761 2498 3791 die
2526 3761 2624 3791 italie¬

1812 3798 2120 3836 nisch-jugoslawische
2149 3799 2259 3835 Grenze
2287 3799 2459 3836 eingeladen
2489 3801 2623 3832 wurden,

1812 3837 1887 3867 wird
1916 3838 1980 3873 hier
2007 3838 2164 3875 allgemein
2193 3839 2255 3867 denk
2281 3837 2426 3875 Drängen
2452 3837 2622 3868 Molotows

1811 3876 2036 3914 zugeschrieben.

2752 1000 2864 1047 Das
2888 999 3384 1056 Besetzungsregime

2943 1063 2995 1109 in
3016 1063 3194 1118 Japan

2802 1144 2864 1174 Die
2890 1143 3185 1178 voraussichtliche
3211 1142 3337 1173 Stärke

2833 1189 2890 1216 der
2911 1186 3305 1221 Okkupationstruppcn

2719 1245 2823 1277 Tokio,
2841 1247 2882 1275 17.
2898 1245 2984 1281 Sept.
3001 1255 3038 1282 ag
3055 1244 3188 1279 (Reuter)
3207 1244 3336 1275 General
3364 1244 3474 1275 Mac-

2665 1283 2717 1314 Ar
2729 1284 2740 1314 t
2752 1283 2769 1320 h
2780 1291 2830 1314 irr
2860 1284 2916 1321 gab
2943 1292 2991 1313 am
3015 1282 3147 1321 Montag
3170 1282 3214 1312 die
3238 1282 3407 1321 Erklärung
3430 1283 3475 1315 ab,

2664 1322 2720 1356 daß
2756 1322 2801 1351 die
2834 1320 3075 1357 amerikanischen
3109 1320 3410 1358 Besehungstruppen
3444 1321 3474 1351 in

2662 1359 2771 1396 Japan
2802 1360 2832 1389 in
2860 1359 2931 1395 sechs
2960 1360 3109 1389 Monaten
3137 1359 3373 1396 voraussichtlich
3401 1358 3475 1397 nicht

2664 1398 2746 1434 niehr
2765 1399 2814 1427 als
2833 1400 2886 1426 200
2898 1400 2952 1426 000
2971 1398 3071 1427 Mann
3093 1397 3230 1434 betragen
3248 1398 3380 1427 würden.
3399 1398 3473 1434 Nach

2665 1436 2713 1466 der
2764 1436 2969 1473 erfolgreichen
3018 1435 3302 1472 „Durchdringung"
3350 1437 3474 1473 Japans

2664 1475 2760 1503 werde
2781 1478 2812 1503 cs
2833 1474 2954 1510 möglich
2976 1473 3044 1508 sein,
3064 1473 3207 1510 Truppen
3229 1473 3474 1511 heimzuschafscn,

2665 1511 2767 1548 sobald
2798 1512 2887 1548 dafür
2915 1511 3025 1549 Schiffe
3056 1519 3109 1548 zur
3138 1512 3313 1549 Verfügung
3345 1512 3474 1547 stünden.

2665 1550 2855 1587 MacArthur
2878 1550 2965 1586 sagte,
2989 1549 3080 1586 zuerst
3103 1549 3139 1585 sei
3163 1542 3236 1586 nicht
3259 1550 3410 1586 abgeklärt
3431 1558 3475 1589 ge¬

2666 1588 2768 1624 wesen,
2792 1588 2828 1617 ob
2853 1587 2883 1617 in
2905 1588 3012 1624 Japan
3040 1588 3102 1618 eine
3127 1587 3410 1625 Militärregierung
3434 1598 3474 1619 er¬

2665 1626 2766 1662 richtet
2786 1627 2902 1656 werden
2924 1626 3021 1663 müsse.
3042 1626 3110 1656 Das
3131 1626 3212 1662 hätte
3232 1626 3325 1663 jedoch
3348 1628 3474 1663 mehrere

2665 1664 2829 1695 Millionen
2867 1665 2968 1694 Mann
3004 1664 3156 1699 erfordert.
3191 1664 3245 1694 Bei
3283 1664 3364 1695 einer
3401 1666 3474 1703 „Zu¬

2664 1702 2912 1738 sammenarbeit"
2935 1702 2991 1732 mit
3013 1702 3062 1731 der
3084 1702 3267 1738 bestehenden
3289 1702 3473 1740 japanischen

2666 1741 2836 1777 Regierung
2857 1740 2889 1770 in
2912 1741 2961 1769 der
2982 1740 3142 1777 Erfüllung
3163 1741 3212 1770 der
3231 1741 3474 1777 Kapitulations¬

2665 1778 2872 1816 bedingungen
2905 1778 2942 1814 fei
2975 1781 3004 1807 cs
3037 1778 3168 1815 möglich,
3202 1778 3257 1809 mit
3291 1787 3351 1809 nur
3382 1780 3474 1810 einem

2666 1816 2762 1847 Teil
2793 1818 2842 1846 der
2862 1816 2958 1850 Leute,
2981 1817 3029 1846 der
3050 1816 3116 1853 Zeit
3137 1817 3197 1846 und
3219 1817 3268 1847 der
3289 1817 3474 1855 finanziellen

2665 1854 2913 1891 Aufwendungen
2939 1855 3178 1892 auszukommen,
3203 1855 3247 1884 die
3273 1855 3475 1893 ursprünglich

2664 1892 2838 1930 vorgesehen
2856 1898 2967 1923 waren.
2985 1892 3160 1929 Anfänglich
3181 1892 3252 1929 habe
3271 1893 3343 1929 diese
3361 1894 3474 1931 Lösung

2665 1931 2783 1975 schwere
2815 1930 2984 1967 Risiken
3016 1931 3047 1960 in
3073 1931 3121 1966 sich
3144 1932 3291 1968 getragen,
3314 1931 3359 1961 die
3381 1932 3473 1969 jedoch

2667 1969 2722 1999 mit
2751 1970 2801 1998 der
2831 1968 3034 2006 erfolgreichen
3064 1969 3314 2007 Durchdringung
3341 1970 3475 2007 Japans,

2664 2007 2718 2036 wie
2741 2007 2777 2044 sie
2798 2007 2846 2044 sich
2868 2007 2926 2043 jetzt
2947 2007 3102 2043 abzeichne,
3123 2007 3326 2044 geschwunden
3348 2008 3394 2044 sei.
3416 2009 3473 2040 So¬

2666 2045 2736 2074 bald
2760 2045 2805 2075 die
2827 2044 3011 2082 japanischen
3035 2045 3176 2080 Truppen
3200 2046 3372 2082 entwaffnet
3393 2047 3475 2084 seien,

2666 2084 2759 2114 könne
2804 2083 2866 2113 eine
2912 2083 3133 2120 amerikanische
3179 2083 3374 2121 Streitmacht
3418 2089 3475 2116 von

2666 2123 2720 2150 200
2732 2123 2788 2151 000
2802 2121 2902 2153 Mann
2917 2122 2964 2150 als
2980 2122 3130 2158 genügend
3144 2121 3216 2158 stark
3232 2123 3391 2159 angesehen
3404 2129 3475 2153 wer¬

2667 2160 2729 2192 den,
2744 2168 2796 2189 um
2811 2159 2855 2189 die
2869 2159 3102 2197 Durchführung
3117 2160 3166 2190 der
3179 2160 3325 2191 alliierten
3338 2161 3475 2198 Wünsche

2662 2205 2696 2235 zu
2718 2197 2833 2235 sichern.

2814 2253 2877 2282 Die
2898 2253 3136 2289 (Entwicklung
3158 2254 3194 2283 in
3209 2254 3319 2284 Tokio

2723 2310 2826 2343 Tokio,
2857 2314 2899 2341 17.
2911 2312 2997 2348 Sept.
3030 2312 3147 2347 (United
3177 2311 3267 2350 Preß)
3297 2313 3361 2343 Der
3390 2313 3474 2351 japa¬

2666 2349 2756 2386 nische
2813 2349 3053 2386 Außenminister
3108 2350 3254 2382 Mamvru
3320 2352 3474 2391 Shige¬

2666 2397 2694 2418 rn
2706 2387 2795 2425 itsu
2827 2388 2862 2425 ist
2887 2397 2935 2419 am
2960 2389 3091 2426 Montag
3125 2397 3137 2426 z
3149 2398 3167 2419 u
3182 2390 3225 2418 rü
3238 2390 3258 2418 ck
3271 2398 3312 2427 ge
3324 2391 3336 2420 t
3348 2399 3388 2420 re
3400 2392 3410 2421 t
3423 2399 3435 2421 e
3447 2400 3474 2421 n.

2664 2426 2710 2461 Zu
2745 2426 2851 2462 seinem
2883 2427 3057 2465 Nachfolger
3088 2428 3190 2457 wurde
3222 2428 3356 2464 Shigcru
3399 2430 3424 2466 P
3437 2439 3452 2459 o
3465 2444 3475 2454 -

2665 2464 2675 2500 s
2687 2465 2703 2501 h
2717 2464 2725 2494 i
2739 2466 2756 2494 d
2770 2474 2787 2494 a
2824 2466 2964 2500 ernannt;
2991 2465 3121 2504 Poshida
3146 2472 3212 2495 war
3236 2467 3419 2504 Botschafter
3443 2468 3474 2498 in

2664 2502 2799 2536 London,
2839 2504 2927 2533 bevor
2967 2504 3154 2541 Shigemitsu
3194 2504 3342 2542 seinerzeit
3382 2506 3474 2544 diesen

2665 2540 2773 2577 Posten
2796 2542 2973 2579 übernahm.

2723 2580 2765 2609 Es
2791 2581 2893 2610 wurde
2919 2580 2984 2619 hier
3009 2580 3129 2618 amtlich
3154 2581 3319 2618 mitgeteilt,
3347 2582 3406 2620 daß
3432 2583 3477 2613 die

2666 2616 2768 2647 beiden
2808 2617 2903 2655 letzten
2944 2619 3052 2654 „Pearl
3090 2619 3385 2656 Harbor"-Minister
3423 2623 3477 2651 den

2666 2655 2881 2686 Amerikanern
2921 2657 3114 2693 ausgcliefert
3152 2659 3273 2687 worden
3312 2659 3399 2695 seien.
3438 2660 3477 2690 Es

2666 2693 2789 2729 handelt
2811 2694 2860 2728 sich
2880 2703 2930 2725 um
2952 2695 3098 2732 Shinsuke
3129 2697 3153 2725 K
3165 2695 3197 2736 i.s
3208 2696 3225 2733 h
3237 2696 3255 2728 i,
3287 2697 3341 2727 den
3365 2699 3477 2733 ehema¬

2666 2731 2744 2768 ligen
2772 2732 2912 2769 Minister
2937 2733 2988 2769 für
3011 2733 3129 2770 Handel
3155 2735 3216 2764 und
3240 2735 3409 2771 Industrie,
3436 2736 3477 2772 so¬

2665 2771 2719 2799 wie
2748 2771 2997 2802 Konteradmiral
3023 2771 3085 2803 Ken
3122 2771 3385 2810 Terashima,
3423 2776 3475 2804 den

2664 2807 2805 2846 früheren
2830 2810 3140 2847 Eisenbahnministcr.
3164 2811 3254 2842 Beide
3278 2813 3403 2843 wurden
3427 2815 3476 2843 der

2665 2848 2908 2885 amerikanischen
2932 2851 2957 2877 8.
2971 2849 3075 2879 Armee
3100 2849 3301 2886 ausgeliefert.

2721 2886 2785 2917 Alle
2824 2886 3008 2924 japanischen
3046 2887 3214 2925 Zeitungen
3250 2888 3387 2923 brachten
3426 2899 3474 2920 am

2664 2923 2797 2961 Montag
2823 2925 2906 2955 einen
2932 2920 3158 2962 summarischen
3183 2926 3298 2963 Bericht
3323 2928 3397 2957 über
3422 2930 3474 2959 den

2665 2962 2690 2992 T
2702 2971 2718 2992 o
2732 2964 2748 2992 d
2762 2971 2774 2992 e
2786 2966 2801 2992 s
2815 2972 2842 2993 in
2856 2972 2872 2993 a
2886 2972 2901 2993 r
2912 2963 2922 3000 s
2934 2964 2962 3000 ch
2992 2965 3042 2994 der
3063 2964 3306 3002 amerikanischen
3328 2967 3390 2996 und
3411 2967 3475 3004 phi¬

2664 3000 2855 3038 lippinischen
2885 3002 3076 3039 Gefangenen
3108 3003 3160 3039 auf
3198 3002 3225 3033 B
3238 3013 3254 3033 a
3268 3004 3278 3033 t
3291 3013 3308 3033 a
3321 3013 3339 3034 a
3353 3014 3391 3037 m.
3431 3006 3474 3035 die

2665 3038 2902 3077 Plünderungen
2925 3045 2984 3070 von
3007 3041 3131 3071 Manila
3155 3042 3217 3071 und
3241 3041 3286 3071 die
3308 3042 3474 3081 Folterung

2665 3081 2723 3107 von
2746 3078 2936 3115 Gefangenen
2958 3079 2991 3109 in
3011 3080 3065 3109 den
3086 3079 3330 3117 philippinischen
3350 3082 3474 3119 Lagern.

2665 3116 2727 3146 Der
2768 3116 2972 3154 einflußreiche
3014 3117 3121 3155 „Asahi
3151 3118 3324 3155 Shimbun"
3368 3120 3474 3151 nimmt

2664 3154 2750 3189 heute
2777 3163 2812 3192 zu
2839 3155 2892 3185 den
2919 3155 3132 3192 verschiedenen
3161 3156 3348 3195 japanischen
3376 3159 3474 3189 Grau¬

2665 3192 2822 3230 samkeiten
2843 3194 2986 3232 Stellung
3006 3196 3068 3225 und
3089 3196 3209 3225 erklärt:

2715 3239 2807 3269 „Diese
2837 3240 3050 3270 Grausanikeiten
3082 3240 3169 3267 bilden
3200 3241 3274 3268 einen
3306 3244 3470 3276 »nauslösch-

2663 3273 2742 3306 lichen
2768 3273 2929 3306 Schandfleck
2954 3274 2983 3301 in
3007 3275 3051 3301 der
3077 3274 3215 3308 Geschichte
3239 3276 3283 3302 der
3310 3276 3472 3310 japanischen

2663 3307 2744 3339 Rasse.
2772 3307 2855 3335 Wenn
2881 3308 2920 3335 die
2946 3309 3012 3342 Lage
3038 3308 3092 3341 auf'
3110 3309 3156 3336 den
3182 3309 3358 3343 Philippinen
3384 3312 3472 3339 derart

2663 3346 2728 3371 war,
2749 3342 2820 3368 dann
2840 3342 2936 3374 müssen
2955 3342 2996 3369 die
3014 3343 3199 3377 Handlungen,
3220 3344 3258 3371 die
3278 3345 3403 3377 während
3423 3347 3472 3373 vie¬

2664 3376 2705 3402 len
2723 3375 2830 3409 Jahren
2851 3376 2879 3403 in
2897 3376 2984 3408 China
3002 3377 3080 3403 unter
3100 3376 3171 3404 einer
3191 3379 3330 3410 korrupten
3351 3379 3472 3407 Militär-

2663 3410 2802 3442 Herrschaft
2830 3417 2874 3437 um
2901 3410 2945 3444 sich
2972 3411 3077 3444 griffen,
3105 3411 3170 3438 alles
3196 3412 3372 3444 Vorstellbare
3400 3414 3472 3440 über¬

2664 3443 2781 3477 steigen."

2853 3480 2930 3510 Das
2951 3481 3283 3516 Nachrichtenwesen

2713 3533 2801 3566 Tokio,
2825 3535 2862 3562 15.
2884 3534 2959 3566 Sept.
2992 3534 3099 3565 (United
3121 3534 3202 3567 Preß)
3236 3535 3291 3562 Der
3313 3535 3475 3570 japanischen

2662 3566 3068 3601 Nachrichtenagentur
3103 3568 3128 3595 D
3139 3576 3153 3595 o
3164 3576 3189 3595 m
3200 3576 3212 3595 e
3223 3569 3239 3601 i,
3272 3570 3312 3597 die
3335 3578 3379 3596 am
3403 3571 3475 3604 Frei-

2663 3602 2707 3635 tag
2732 3601 2778 3634 auf
2803 3602 2893 3633 Befehl
2918 3602 3033 3629 General
3059 3603 3241 3634 MacArthurs
3267 3603 3323 3635 ihre
3348 3604 3475 3638 Tätigkeit

2663 3635 2793 3667 einstellen
2815 3636 2910 3669 mußte,
2929 3636 2959 3668 ist
2979 3636 3005 3663 in
3025 3636 3207 3669 beschränktem
3226 3637 3307 3669 Maße
3327 3640 3381 3665 und
3399 3639 3475 3665 unter

2664 3669 2779 3702 strenger
2792 3670 2921 3697 alliierter
2936 3670 3072 3698 Kontrolle
3086 3671 3126 3698 die
3140 3671 3316 3703 Verbreitung
3331 3675 3382 3699 von
3399 3673 3475 3703 Nach¬

2664 3703 2760 3735 richten
2785 3703 2881 3731 wieder
2906 3704 3021 3736 gestattet
3046 3706 3161 3732 worden.
3195 3704 3252 3731 Das
3278 3705 3475 3738 Tätigkeitsfeld

2664 3738 2707 3764 der
2723 3738 2844 3770 Agentur
2861 3738 3002 3771 beschränkt
3022 3738 3066 3772 sich
3081 3739 3128 3772 aus
3144 3738 3184 3766 die
3198 3730 3294 3772 Inseln
3311 3740 3356 3766 des
3374 3739 3475 3772 japani-

2662 3771 2727 3805 scheu
2749 3772 2956 3799 Mutterlandes.

2714 3814 2881 3848 Gleichzeitig
2901 3813 3009 3847 beginnt
3029 3814 3070 3841 ein
3103 3813 3309 3841 alliiertes
3338 3814 3475 3848 Infor¬

2664 3848 2781 3874 mativ
2793 3856 2808 3874 »
2821 3851 2833 3874 s
2844 3856 2858 3874 a
2871 3856 2895 3874 m
2907 3849 2923 3879 t,
2959 3849 3014 3875 dem
3041 3847 3154 3875 alliierte
3181 3840 3306 3882 Offiziere
3335 3849 3475 3881 vorstchen,

2663 3881 2730 3914 seine
2759 3881 2888 3915 Tätigkeit
2913 3883 2959 3915 auf
2985 3883 3041 3909 dem
3067 3886 3119 3908 von
3144 3883 3191 3909 den
3218 3882 3351 3910 alliierten
3376 3883 3474 3911 Streit-

252 3993 371 4038 „Der
393 3992 529 4041 grüne
550 3990 766 4040 Delphin"

294 4058 345 4085 Ein
364 4058 501 4091 englischer
521 4058 725 4091 Frauenroman

154 4118 184 4144 C.
195 4116 219 4143 8.
253 4114 307 4141 Der
333 4114 404 4146 schon
429 4114 561 4147 äußerlich
587 4113 707 4146 mächtige
734 4113 838 4140 Roman
863 4117 915 4139 von

102 4152 302 4187 Elisabeth
332 4153 480 4186 Gondge
509 4152 582 4185 neigt
603 4152 645 4185 sich
665 4151 727 4184 nach
746 4152 793 4177 646
814 4151 915 4180 Seiten,

103 4193 144 4221 die
161 4199 224 4218 man
241 4190 291 4217 mit
308 4190 446 4224 steigender
462 4191 613 4223 Bewegung
629 4192 682 4217 und
699 4190 837 4222 Erregung
853 4192 915 4216 aus¬

103 4230 208 4265 gekostet
242 4230 295 4261 hat.
327 4229 422 4261 seinem
446 4229 517 4256 Ende
549 4236 591 4262 z»,
622 4229 664 4255 als
689 4235 752 4254 man
776 4228 839 4260 zwei
863 4229 916 4255 alte

102 4270 207 4297 Damen
243 4268 430 4300 frühmorgens
463 4268 509 4301 aus
543 4267 628 4294 einem
652 4266 742 4300 Felsen
768 4267 836 4299 sitzen
861 4267 915 4292 und

102 4307 177 4342 hitzig
202 4305 380 4334 miteinander
406 4306 468 4332 über
492 4306 569 4333 einen
595 4306 683 4338 ebenso
708 4305 787 4335 alten,
813 4305 915 4337 behäbi¬

102 4354 150 4379 gen
170 4346 257 4378 Herrn
276 4344 435 4371 debattieren
454 4344 522 4377 sieht.
549 4344 608 4370 Das
627 4344 680 4376 sind
698 4343 738 4370 die
756 4343 915 4375 Schwestern

100 4386 133 4412 Le
153 4383 293 4416 Patonrel,
313 4381 353 4408 die
373 4387 421 4408 vor
441 4382 525 4409 einem
546 4382 640 4415 halben
660 4381 846 4414 Jahrhundert
867 4382 915 4407 den

102 4421 214 4455 gleichen
235 4420 364 4454 Arztsohn
385 4421 478 4453 geliebt
498 4421 591 4454 haben.
619 4420 659 4453 In
680 4419 772 4452 diesem
793 4419 915 4446 Moment

103 4462 158 4494 sagt
181 4459 358 4491 Margncrite,
380 4458 420 4486 die
442 4459 504 4491 einst
527 4459 695 4491 Präsidentin
717 4460 762 4484 des
785 4458 915 4487 „Damen-

101 4497 208 4525 vcrcins
229 4505 278 4530 zur
299 4497 484 4530 gegenseitige»
505 4497 685 4529 Veredelung"
707 4501 765 4522 war
785 4497 839 4521 und
859 4502 914 4522 nun

101 4537 163 4569 auch
199 4537 242 4563 als
278 4535 450 4562 konvertierte
474 4535 568 4562 Nonne
605 4535 659 4567 ihre
684 4534 823 4568 Heiterkeit
848 4533 915 4566 nicht

101 4573 242 4608 preisgibt,
261 4580 293 4606 zu
313 4574 383 4605 ihrer
402 4573 542 4606 Schwester
562 4573 718 4600 Marianne:
741 4573 839 4602 „Wenn
858 4572 915 4598 eine

102 4611 233 4645 demütige
253 4611 329 4639 Seele
351 4611 394 4644 sich
413 4612 549 4644 demütigt,
570 4611 628 4644 füllt
648 4611 679 4644 sie
699 4610 765 4643 nicht
785 4610 841 4643 sehr
860 4610 915 4641 tief,

101 4652 165 4679 aber
188 4656 265 4677 wenn
288 4649 345 4676 eine
367 4650 442 4683 stolze
464 4650 541 4677 Seele
566 4649 609 4682 sich
631 4649 766 4681 demütigt,
790 4649 860 4675 dann
885 4638 915 4681 ist

102 4694 138 4719 es,
158 4691 201 4716 als
223 4689 332 4721 spränge
352 4695 414 4715 man
433 4693 493 4714 vom
511 4687 662 4721 Kirchturm
681 4687 829 4720 herunter."
850 4686 914 4713 Eine

101 4728 180 4761 solche
201 4727 278 4753 Seele
299 4726 376 4758 besitzt
398 4726 553 4756 Marianne,
576 4727 650 4752 deren
672 4725 842 4757 Leidenschaft
863 4725 915 4751 die-

103 4767 144 4799 sen
169 4766 274 4792 Roman
299 4765 323 4796 so
347 4764 405 4797 heiß
427 4766 480 4791 und
504 4752 643 4797 krisenhaft
666 4763 755 4795 macht.
777 4762 819 4795 In
841 4762 914 4789 Liebe

103 4806 156 4831 und
176 4803 234 4835 Haß
256 4802 285 4834 ist
305 4802 335 4833 sic
356 4802 412 4828 eine
430 4802 643 4831 Vollblutnatnr,
663 4801 737 4828 dabei
757 4802 823 4833 klng,
843 4808 914 4827 ener¬

102 4842 165 4876 gisch
193 4842 246 4868 und
275 4840 351 4872 listig.
378 4840 429 4867 Ein
456 4839 578 4873 Kruzifix
604 4840 648 4873 für
674 4840 721 4866 den
749 4839 914 4872 gutmütigen

102 4882 155 4908 und
185 4880 269 4906 etwas
297 4878 510 4912 phlegmatischen
539 4877 661 4905 William
689 4877 805 4911 Ozanne,
834 4877 914 4909 dessen

102 4917 266 4952 friedfertige
288 4916 420 4949 Loyalität
443 4918 490 4943 den
512 4916 705 4949 ungeduldigen
729 4914 914 4949 Ehemännern

102 4958 145 4985 als
167 4955 323 4989 Wegweiser
346 4962 377 4988 zu
399 4954 483 4982 einem
506 4954 676 4986 erträglichen
700 4953 914 4986 Gemeinschafts¬

104 4995 176 5022 leben
194 4993 287 5021 dienen
303 4993 377 5021 kann.
402 4993 459 5019 Das
476 4992 590 5023 Drama,
607 4993 653 5019 da?
670 4991 713 5025 sich
729 4991 849 5025 zwischen
866 4993 913 5018 den

103 5033 194 5060 beiden
233 5031 381 5065 ungleichen
410 5031 530 5058 Naturen
570 5030 687 5064 nbspiclt,
723 5037 758 5063 zu
785 5031 914 5063 erzählen,

103 5072 200 5098 brennt
222 5074 273 5097 »ns
295 5070 339 5103 auf
361 5070 405 5097 der
426 5070 522 5102 Zunge.
543 5069 613 5096 Aber
634 5072 660 5097 es
682 5068 754 5100 hieße
774 5068 814 5095 die
834 5069 914 5101 Leser,

103 5110 143 5137 die
162 5110 207 5136 der
226 5114 275 5136 vor
294 5108 412 5142 wenigen
431 5108 561 5135 Monaten
581 5107 754 5141 erschienenen
774 5107 914 5141 englischen

956 3961 1205 3994 Originalausgabe
1231 3963 1335 3993 „6eecn
1363 3964 1482 3997 Oolpbin
1508 3964 1645 3996 Oountry"
1673 3965 1772 3990 bereits

956 4007 989 4032 zu
1017 4001 1278 4033 Hunderttansenden
1308 4001 1520 4034 nachgaloppiert
1550 4002 1613 4035 sind,
1640 4009 1688 4030 um
1714 4003 1772 4029 eine

957 4037 1091 4069 brillante,
1112 4044 1188 4065 wenn
1209 4038 1270 4072 auch
1290 4040 1374 4065 etwas
1396 4039 1652 4073 unwahrscheinliche
1675 4041 1771 4073 Pointe

957 4076 1065 4109 prellen,
1100 4082 1176 4103 wenn
1211 4077 1264 4104 wir
1290 4078 1343 4110 sein
1371 4078 1526 4110 Geheimnis
1554 4079 1681 4112 vorzeitig
1708 4081 1771 4105 aus¬

958 4104 1087 4147 schwatzen
1114 4116 1230 4142 würden.
1265 4115 1332 4148 Auch
1359 4115 1388 4143 in
1414 4117 1458 4142 der
1484 4116 1614 4149 deutschen
1639 4117 1771 4150 Ausgabe,

958 4153 999 4179 die
1023 4153 1068 4179 der
1093 4153 1252 4180 routinierte
1277 4153 1308 4180 N.
1335 4154 1366 4182 O.
1393 4154 1491 4187 Scarpi
1518 4155 1562 4188 für
1587 4156 1635 4182 den
1669 4156 1770 4182 Mor¬

958 4191 1263 4223 garten-Verlag
1304 4191 1420 4225 (Zürich)
1452 4192 1553 4226 besorgt
1584 4194 1637 4226 hat,
1667 4196 1770 4220 warten

957 4228 1023 4256 viele
1048 4229 1218 4262 buntfarbige
1244 4229 1348 4262 Kapitel
1376 4232 1422 4263 auf
1450 4230 1489 4263 sie.
1523 4232 1694 4264 Erstaunlich,
1720 4232 1770 4264 daß

957 4266 990 4298 sie
1012 4272 1063 4294 vvn
1087 4267 1159 4294 einer
1182 4268 1337 4301 44jährigen
1361 4268 1495 4301 Dichterin
1519 4270 1676 4303 geschrieben
1699 4276 1770 4297 w»r-

957 4306 1014 4334 den,
1031 4306 1071 4332 die
1089 4306 1140 4333 mit
1158 4306 1229 4338 ihrer
1248 4306 1382 4333 leidenden
1400 4307 1505 4334 Mutter
1522 4309 1721 4342 zurückgezogen
1742 4309 1770 4335 in

956 4344 1001 4369 der
1022 4343 1163 4376 englischen
1174 4344 1320 4377 Grafschaft
1330 4345 1492 4378 Devvnshirc
1515 4346 1576 4373 lebt!
1598 4347 1676 4373 Denn
1687 4346 1770 4379 Elisa-

956 4381 998 4408 bet
1021 4382 1138 4414 Gondge,
1170 4382 1210 4409 die
1233 4382 1340 4415 Tochter
1372 4382 1444 4410 eines
1476 4384 1771 4418 Theologieprofessors,

957 4419 1054 4447 nimmt
1072 4423 1099 4446 es
1118 4427 1152 4446 an
1170 4420 1300 4454 Toleranz
1318 4421 1371 4447 und
1389 4421 1547 4455 LiebcSglnt,
1565 4431 1599 4449 an
1618 4423 1698 4450 Welt-
1716 4424 1770 4449 und

956 4458 1215 4490 Menschenkenntnis
1252 4459 1301 4485 mit
1337 4459 1385 4486 de»
1413 4460 1494 4492 besten
1522 4461 1668 4494 Erzählern
1698 4463 1770 4494 ihres

956 4494 1058 4522 Landes
1075 4496 1129 4528 n»f.
1154 4496 1202 4525 Sie
1219 4497 1310 4523 könnte
1327 4500 1377 4524 ans
1395 4498 1451 4524 dem
1467 4499 1590 4526 Stamme
1608 4500 1651 4526 der
1668 4500 1769 4531 Schwe¬

958 4533 1024 4566 stern
1043 4534 1149 4561 Bronte
1169 4534 1230 4568 sein,
1250 4536 1303 4562 und
1323 4538 1350 4562 es
1372 4536 1401 4568 ist
1421 4538 1489 4568 wohl
1511 4537 1628 4571 möglich,
1647 4538 1697 4569 daß
1718 4538 1769 4564 die-

957 4562 996 4604 ser
1022 4572 1148 4604 ebenfalls
1174 4572 1203 4600 in
1230 4574 1274 4599 der
1299 4573 1408 4606 zweiten
1434 4575 1522 4608 Hälfte
1549 4577 1592 4602 des
1625 4578 1658 4603 >0.
1686 4577 1769 4608 Iahr-

956 4610 1073 4641 hnndcrs
1096 4610 1223 4643 spielende
1244 4610 1479 4640 Mammutroman
1502 4613 1529 4640 in
1553 4614 1600 4641 den
1623 4614 1768 4641 Literatur¬

956 4647 1104 4681 geschichten
1134 4648 1203 4681 einst,
1225 4649 1383 4682 mindestens
1413 4651 1438 4683 so
1467 4652 1613 4685 respektvoll
1642 4653 1769 4679 vermerkt

956 4686 1024 4712 wird
1044 4686 1094 4713 wie
1114 4687 1238 4719 Margret
1259 4688 1390 4720 Mitchells
1412 4690 1495 4718 „Vom
1516 4690 1611 4717 Winde
1630 4690 1769 4722 verweht".

1006 4724 1087 4753 Wind
1107 4725 1242 4758 umbraust
1261 4726 1322 4759 auch
1341 4726 1425 4759 diesen
1445 4727 1559 4759 Roman,
1578 4729 1658 4761 dessen
1679 4728 1769 4755 Breite

956 4769 1019 4788 man
1037 4762 1141 4795 freudig
1159 4762 1312 4797 hinnimmt,
1329 4765 1390 4791 iveil
1409 4772 1436 4792 er
1453 4765 1611 4800 gleichzeitig
1629 4768 1668 4794 die
1686 4767 1768 4793 Weite

956 4801 1002 4826 der
1020 4800 1089 4828 Welt
1109 4801 1197 4828 atmet.
1226 4802 1262 4828 Er
1281 4802 1389 4835 beginnt
1410 4804 1437 4831 in
1458 4805 1501 4830 der
1520 4805 1677 4837 Hauptstadt
1697 4805 1769 4832 einer

955 4838 1097 4872 einsamen,
1122 4840 1334 4873 zweisprachige»
1358 4841 1437 4874 Insel
1461 4842 1499 4870 im
1523 4843 1714 4873 Aermelkanal,
1740 4843 1769 4869 in

956 4877 997 4903 die
1015 4877 1086 4904 eines
1104 4877 1191 4910 Tages
1209 4878 1257 4904 das
1275 4879 1415 4913 Postschisf,
1434 4880 1482 4907 das
1501 4881 1542 4907 die
1560 4881 1704 4914 Sensation
1723 4882 1769 4908 der

955 4914 1045 4948 Woche
1066 4915 1155 4946 bildet,
1177 4921 1228 4943 von
1251 4916 1374 4949 England
1396 4917 1471 4946 einen
1493 4919 1558 4952 Arzt
1579 4920 1768 4954 zurückbringt,

956 4952 1002 4979 der
1028 4966 1060 4970 —
1086 4953 1151 4985 einst
1177 4954 1233 4981 eine
1259 4954 1456 4993 umschlpärmte
1482 4959 1581 4986 Beaute:
1609 4971 1640 4974 —
1669 4959 1696 4985 in
1724 4959 1768 4983 der

955 4991 1067 5024 Fremde
1082 4999 1143 5025 zum
1160 4991 1298 5026 schäbigen,
1315 4994 1389 5022 alten
1405 4995 1498 5022 Löwen
1516 4997 1653 5028 geworden
1672 4997 1708 5028 ist.
1725 4996 1768 5022 An

957 5029 1039 5062 seiner
1060 5031 1137 5061 Hand
1158 5031 1230 5064 führt
1251 5038 1278 5058 er
1298 5032 1346 5059 den
1369 5032 1553 5067 lebensfrohen
1573 5031 1702 5066 William,
1723 5035 1768 5060 der

954 5075 1004 5101 zur
1027 5068 1229 5102 Kriegsmarine
1253 5071 1318 5103 geht,
1342 5072 1386 5098 als
1409 5072 1591 5107 Schiffsjunge
1615 5074 1660 5105 auf
1683 5073 1768 5101 einem

955 5106 1170 5141 Frachtdampfer
1192 5109 1325 5141 nochmals
1348 5115 1400 5138 von
1422 5116 1489 5138 vorn
1512 5112 1626 5146 anfängt
1647 5113 1701 5139 und
1723 5111 1768 5145 für

1788 3980 1793 3995 ,
1811 3964 1874 3996 zehn
1894 3964 1980 3995 Jahre
2000 3966 2042 3991 als
2062 3965 2206 3998 Holzfäller
2225 3964 2252 3991 in
2272 3965 2319 3990 den
2339 3964 2465 3992 Wäldern
2485 3969 2536 3992 von
2556 3965 2625 3992 Neu¬

1812 4003 1913 4035 seeland
1938 4002 2127 4035 verschwindet,
2153 4010 2198 4029 um
2223 4003 2271 4030 mit
2295 4003 2462 4036 tatkräftigen
2487 4003 2623 4037 britischen

1811 4040 1939 4067 Siedlern
1960 4042 2013 4068 und
2034 4041 2167 4074 Eidechsen
2188 4041 2320 4073 röstenden
2340 4041 2449 4068 Maoris
2471 4042 2512 4068 ein
2534 4043 2624 4074 gesun¬

1812 4079 1856 4105 des
1879 4080 2165 4112 Naturbnrschenleben
2189 4087 2219 4112 zu
2243 4079 2343 4112 führen.
2365 4079 2423 4106 Wie
2447 4080 2474 4106 in
2498 4080 2551 4113 sein
2577 4087 2624 4106 un¬

1812 4117 1998 4150 gewöhnliches
2020 4117 2143 4151 Schicksal
2165 4118 2205 4144 die
2225 4118 2286 4149 zwei
2308 4118 2431 4150 Mädchen
2454 4118 2498 4144 des
2520 4118 2624 4150 Rechts¬

1811 4156 1930 4182 anwalts
1953 4156 1984 4183 Le
2007 4156 2135 4188 Patonrel
2160 4156 2334 4189 wechselweise
2355 4155 2545 4189 hineinspielen
2571 4158 2625 4183 »nd

1811 4196 1839 4221 es
1871 4194 1997 4227 energisch
2023 4194 2169 4227 schmieden,
2202 4195 2248 4221 das
2274 4194 2302 4226 ist
2327 4195 2374 4221 mit
2398 4194 2471 4222 einer
2494 4194 2624 4222 Vitalität

1812 4233 1864 4259 »nd
1888 4232 2053 4265 malerischen
2077 4232 2233 4266 Leuchtkraft
2256 4232 2410 4266 geschildert,
2432 4232 2482 4259 wie
2504 4240 2568 4259 man
2593 4233 2624 4265 sie

1813 4270 1891 4302 selten
1924 4270 1952 4297 in
1982 4271 2220 4303 Franenromanen
2251 4271 2339 4303 findet.
2368 4270 2435 4304 Nach
2467 4272 2511 4297 der
2542 4272 2623 4304 rassig

1810 4308 1944 4340 erzählten
1965 4308 2100 4337 insulare»
2119 4307 2286 4342 Jugendzeit,
2305 4308 2346 4335 die
2364 4309 2473 4341 beweist,
2493 4309 2542 4341 daß
2563 4310 2624 4343 auch

1811 4345 1908 4380 eiserne
1928 4346 2046 4380 Korsette
2064 4348 2118 4374 »nd
2137 4347 2294 4380 Fron-Fron
2315 4348 2360 4373 den
2380 4347 2476 4373 Brand
2496 4348 2540 4373 des
2559 4349 2623 4380 Her¬

1810 4388 1871 4417 zens
1894 4384 1962 4418 nicht
1984 4385 2088 4418 löschen,
2109 4386 2209 4412 wendet
2230 4385 2273 4418 sich
2295 4385 2424 4417 Elisabeth
2447 4386 2556 4418 Gondge
2579 4387 2623 4419 für

1812 4424 1887 4456 lange
1907 4423 1967 4455 Zeit
1986 4425 2069 4450 etwas
2090 4424 2193 4451 treulos
2213 4429 2263 4450 von
2284 4424 2328 4450 der
2349 4424 2459 4450 blonden
2481 4423 2623 4456 Schönheit

1810 4461 1980 4493 Margncrite
2013 4462 2054 4492 ab,
2089 4462 2128 4489 die
2163 4462 2209 4495 anf
2234 4462 2273 4488 die
2297 4462 2366 4488 Welt
2391 4461 2535 4495 verzichtet,
2562 4462 2622 4489 weil

1811 4499 1853 4525 ein
1874 4499 1964 4526 Mann
1986 4500 2154 4532 anscheinend
2176 4500 2221 4532 nns
2243 4499 2274 4532 sie
2294 4499 2426 4532 verzichtet
2449 4500 2501 4532 hat.
2532 4501 2622 4533 Dafür

1810 4536 1920 4564 blättert
1947 4538 1979 4571 sie
2005 4539 2054 4565 mit
2081 4538 2236 4571 weiblichem
2263 4537 2465 4570 Seeleninstinkt
2492 4538 2533 4565 die
2559 4540 2622 4571 Ehe¬

1810 4575 1890 4607 krisen
1907 4576 2027 4609 zwischen
2044 4576 2174 4607 William,
2190 4578 2233 4602 der
2250 4576 2334 4609 später
2350 4576 2529 4609 Schafzüchter
2544 4578 2623 4608 wird,

1811 4614 1864 4640 »nd
1883 4615 1929 4640 der
1949 4615 2154 4647 verschlossenen,
2175 4614 2318 4647 frühreifen
2339 4614 2486 4641 Marianne
2505 4615 2560 4648 anf.
2581 4616 2622 4642 So

1810 4652 1878 4678 wird
1895 4653 1968 4682 „Der
1984 4654 2068 4685 grüne
2084 4653 2226 4685 Delphin",
2243 4653 2286 4679 der
2302 4651 2459 4686 gleichzeitig
2477 4653 2521 4679 der
2538 4653 2622 4681 Name

1811 4690 1854 4721 sür
1873 4689 1931 4717 eine
1949 4691 2049 4723 Straße
2068 4692 2112 4717 der
2131 4691 2274 4724 Inselstadt
2293 4691 2346 4717 und
2365 4691 2409 4723 sür
2428 4691 2470 4717 ein
2491 4692 2622 4718 romanti-

1811 4726 1873 4760 sches
1898 4729 2051 4762 Segelschiff
2077 4729 2114 4762 ist,
2139 4736 2172 4762 z»
2198 4728 2280 4756 einem
2304 4728 2476 4762 großartigen
2502 4730 2622 4761 Franen-

1809 4767 1923 4798 porträt,
1962 4767 1988 4793 in
2026 4768 2081 4794 dem
2117 4767 2174 4793 eine
2203 4767 2419 4800 lebenshnngrige
2445 4767 2621 4800 Hhstcrikerin

1810 4804 1885 4837 durch
1903 4805 1953 4831 das
1972 4811 2051 4839 ganze
2068 4805 2194 4838 Fegfener
2212 4806 2255 4832 der
2273 4805 2410 4838 Eifersucht
2429 4806 2484 4832 und
2501 4807 2546 4832 des
2565 4812 2622 4836 ver¬

1809 4841 1892 4874 letzten
1916 4843 2024 4876 Stolzes
2048 4844 2181 4877 gepeitscht
2203 4844 2278 4874 wird,
2300 4843 2342 4870 bis
2365 4843 2396 4876 sie
2419 4844 2458 4870 die
2482 4843 2622 4877 Wahrheit

1809 4880 1854 4906 der
1873 4880 1966 4908 Worte
1986 4882 2100 4909 erkennt:
2122 4882 2175 4912 „Es
2196 4882 2298 4915 braucht
2318 4882 2376 4912 viel,
2398 4889 2443 4908 um
2464 4886 2515 4910 ans
2536 4883 2623 4910 einem

1809 4918 1896 4945 Mann
1916 4920 1977 4946 oder
1993 4923 2044 4947 aus
2061 4920 2132 4947 einer
2149 4920 2223 4953 Frau
2239 4921 2320 4947 etwas
2337 4919 2452 4952 Besseres
2469 4928 2500 4953 zu
2518 4922 2621 4954 machen

1809 4957 1852 4983 als
1885 4957 1928 4984 ein
1954 4959 2031 4991 rohes
2056 4958 2130 4991 Vieh,
2164 4958 2225 4985 aber
2258 4963 2305 4985 vor
2330 4958 2406 4985 allem
2431 4958 2486 4991 sind
2511 4962 2539 4986 es
2565 4961 2621 4988 drei

1808 4994 1902 5028 Dinge,
1928 4998 1981 5023 und
2005 4996 2070 5030 diese
2094 4997 2149 5024 drei
2174 4997 2228 5030 sind
2251 4997 2293 5023 der
2317 4996 2376 5027 Ort,
2400 5002 2441 5023 wo
2466 4998 2514 5024 das
2539 4997 2621 5025 Leben

1810 5036 1861 5060 uns
1882 5035 1966 5067 zuerst
1987 5035 2131 5068 hingestellt
2153 5036 2207 5069 hat,
2228 5036 2280 5062 und
2301 5035 2341 5062 die
2360 5035 2445 5066 Leute,
2468 5036 2516 5063 mit
2540 5037 2621 5064 denen

1809 5071 1857 5098 das
1884 5073 1967 5100 Lebe»
1995 5077 2047 5101 uns
2075 5073 2316 5107 zusammcnbringt
2344 5074 2396 5100 und
2425 5086 2456 5090 —
2486 5074 2552 5108 nicht
2582 5076 2622 5102 die

1808 5109 1903 5145 Dinge,
1926 5111 1968 5139 die
1989 5120 2052 5140 man
2074 5112 2163 5146 kriegt,
2186 5113 2294 5146 sondern
2316 5112 2355 5139 die
2376 5112 2472 5146 Dinge,
2494 5113 2535 5140 die
2557 5121 2621 5140 man

2664 3964 2757 3998 nicht
2785 3965 2888 3999 kriegt."
2917 3965 3085 4000 Unheimlich,
3105 3966 3155 3995 wie
3174 3966 3216 3993 «in
3236 3967 3332 3994 kleiner
3353 3967 3472 4000 gefieder¬

2666 4005 2704 4031 ter
2721 4003 2823 4035 Teufel,
2840 4004 2938 4037 kreischt
2956 4005 3032 4037 durch
3050 4005 3100 4031 alle
3118 4006 3166 4031 650
3183 4005 3275 4032 Seiten
3294 4005 3338 4031 der
3357 4006 3472 4039 Papagei

2666 4042 2737 4072 „Old
2764 4042 2835 4069 Nick"
2866 4042 2950 4075 seinen
2982 4044 3190 4076 unverschämten
3220 4044 3400 4074 Kommentar,
3429 4046 3473 4071 der

2666 4080 2709 4113 sich
2736 4081 2822 4107 weder
2848 4085 2899 4107 von
2927 4080 3090 4108 Mariannes
3119 4081 3328 4115 beängstigender
3356 4082 3473 4116 Tüchtig¬

2665 4119 2711 4145 keit
2736 4119 2796 4152 noch
2820 4122 2870 4145 von
2894 4119 2938 4146 der
2961 4119 3137 4153 Erhabenheit
3161 4120 3205 4146 der
3227 4120 3402 4148 Naturbilder
3426 4122 3472 4147 im¬

2664 4157 2791 4190 ponieren
2809 4158 2871 4188 läßt.

2714 4195 2799 4222 Wenn
2822 4195 2952 4228 Elisabeth
2975 4196 3091 4230 Gvndgc,
3113 4196 3153 4224 die
3175 4196 3254 4229 selber
3276 4196 3318 4224 nie
3341 4197 3387 4230 auf
3407 4197 3473 4225 Neu¬

2665 4233 2767 4266 seeland
2785 4239 2851 4262 war,
2869 4234 2931 4261 aber
2949 4237 2977 4261 cs
2996 4235 3021 4267 so
3040 4235 3139 4262 konkret
3159 4234 3282 4268 schildert,
3299 4236 3342 4262 als
3362 4236 3425 4269 habe
3443 4236 3473 4269 sie

2665 4272 2724 4298 dort
2754 4271 2793 4298 die
2823 4272 2931 4299 Maoris
2960 4273 3008 4298 den
3036 4272 3194 4305 Tomahawk
3224 4273 3364 4307 schwingen
3394 4275 3473 4307 sehen,

2665 4309 2771 4342 schreibt
2808 4310 2916 4336 einmal:
2956 4311 3040 4340 „Man
3069 4311 3175 4344 braucht
3212 4312 3378 4345 anscheinend
3408 4314 3474 4340 keine

2664 4348 2806 4381 Tugenden
2827 4356 2857 4381 zu
2879 4349 2986 4381 besitzen,
3005 4357 3049 4376 um
3070 4350 3112 4376 ein
3132 4349 3253 4382 Künstler
3272 4358 3303 4384 zu
3325 4351 3404 4383 sein!"
3433 4351 3474 4384 Ist

2665 4386 2695 4417 sic
2723 4386 2789 4417 nicht
2817 4387 2887 4418 selbst
2913 4387 2954 4414 ein
2983 4388 3143 4421 strahlender
3169 4388 3370 4421 Gegenbeweis?
3397 4389 3473 4416 Denn

2664 4424 2695 4456 sie
2714 4424 2792 4458 besitzt
2811 4425 2850 4452 die
2867 4425 2976 4458 Tugend
2995 4427 3039 4453 der
3058 4427 3205 4459 profunden
3216 4426 3473 4460 Menschenkenntnis

2664 4463 2717 4489 und
2739 4463 2780 4489 die
2799 4463 2915 4497 Tugend,
2937 4466 2985 4490 das
3006 4464 3086 4491 Leben
3108 4464 3139 4491 in
3157 4465 3239 4498 seiner
3259 4465 3346 4492 vollen
3367 4466 3473 4499 Proble¬

2664 4500 2744 4528 matik
2760 4508 2791 4534 zu
2809 4500 2923 4534 bejahen.
2941 4502 2996 4529 Mit
3013 4503 3070 4529 dem
3088 4503 3183 4530 immer
3200 4504 3243 4536 sich
3259 4504 3356 4531 wieder
3373 4511 3473 4538 regcne-

2665 4539 2802 4566 rierendcn
2832 4539 2938 4572 Abpetit
2968 4541 3012 4567 des
3042 4541 3124 4573 echten
3153 4541 3294 4574 Erzählers
3324 4542 3414 4575 spinnt
3444 4544 3474 4576 sie

2664 4577 2704 4604 die
2724 4577 2844 4609 Freuden
2865 4578 2909 4605 des
2930 4579 3018 4611 Essens
3039 4580 3093 4605 und
3114 4580 3158 4606 des
3178 4579 3316 4610 Trinkens,
3337 4582 3383 4608 der
3402 4587 3473 4609 wan-

2664 4616 2773 4642 delnden
2794 4616 2873 4643 Mode
2894 4618 2946 4643 »nd
2967 4618 3010 4643 des
3031 4617 3177 4650 Einbruchs
3197 4618 3241 4644 der
3259 4618 3366 4651 Technik
3387 4619 3415 4646 in
3436 4621 3474 4647 die

2663 4653 2858 4687 viktorianische
2879 4654 2935 4687 Zeit
2956 4658 3014 4682 ans.
3037 4656 3087 4682 Ein
3110 4656 3393 4690 Gcbnrtstagspicknick
3414 4659 3474 4686 oder

2663 4691 2720 4718 eine
2741 4692 2847 4725 Parade
2867 4693 2910 4719 der
2932 4693 3012 4726 Niiliz
3034 4693 3170 4727 beschreibt
3192 4694 3223 4727 sie
3244 4695 3333 4728 ebenso
3355 4697 3474 4729 anschau¬

2665 4729 2710 4762 lich
2730 4731 2781 4757 wie
2801 4730 2842 4757 ein
2863 4731 2996 4764 exotisches
3017 4732 3151 4758 Erdbeben
3172 4733 3232 4759 oder
3252 4733 3309 4761 eine
3329 4734 3473 4767 Kapitäns¬

2664 4768 2756 4800 kajüte,
2785 4769 2811 4795 in
2840 4769 2884 4795 der
2910 4769 2949 4796 die
2977 4769 3217 4804 Kannibalcnköpfe
3243 4772 3292 4798 wie
3319 4772 3474 4806 Kokosnüsse

2663 4811 2714 4833 von
2742 4808 2789 4833 den
2818 4807 2934 4834 Wänden
2962 4808 3075 4841 grinsen.
3103 4808 3153 4835 Sie
3179 4808 3305 4842 übersieht
3332 4812 3407 4837 dabei
3435 4813 3474 4840 die

2663 4844 2801 4878 Plattfüße
2823 4846 2866 4872 der
2888 4846 3051 4879 Klosterfrau
3074 4847 3099 4880 so
3121 4847 3206 4880 wenig
3228 4848 3277 4874 wie
3298 4848 3347 4876 den
3370 4850 3474 4883 unsicht-

2663 4883 2774 4910 bareren
2802 4883 2887 4910 Gram
2914 4885 2958 4911 der
2988 4884 3241 4919 liebesenttänschtcn
3268 4886 3378 4921 Herzen.
3414 4889 3473 4921 Daß

2663 4921 2727 4955 diese
2754 4922 2995 4956 entdeckerfrendigc
3021 4923 3152 4956 Elisabeth
3179 4925 3287 4957 Gondge
3322 4934 3379 4953 nun
3413 4929 3474 4962 auch

2663 4960 2707 4992 für
2727 4961 2769 4987 die
2789 4960 3014 4994 deutschsprachige
3035 4962 3150 4996 Schweiz
3172 4963 3276 4990 entdeckt
3298 4966 3397 4996 wurde,
3418 4970 3473 4994 ver¬

2663 4999 2738 5031 söhnt
2766 5001 2818 5025 nns
2844 4998 2939 5026 wieder
2967 5000 3015 5026 mit
3042 5000 3128 5027 vielen
3155 5002 3378 5036 angelsächsischen
3405 5005 3470 5032 Dick,

2663 5036 2772 5066 lcibcrn,
2792 5037 2833 5064 die
2852 5039 2925 5071 mehr
2944 5038 3043 5071 Papier
3064 5040 3184 5073 gefressen
3206 5041 3297 5073 l-abcn.
3317 5043 3362 5070 als
3382 5045 3409 5070 es
3431 5044 3473 5077 sich

2663 5076 2740 5109 unser
2763 5076 2961 5110 holzsparendcs
2984 5077 3055 5106 Land
3077 5079 3165 5111 leisten
3188 5080 3260 5106 kan».
