3807 5551
527 639 791 675 Ktonncwtttt.

749 681 860 711 Jährlich.
875 683 891 705 6
901 681 1007 706 Monate.
1022 683 1038 707 8
1048 682 1156 708 Monate,

169 703 272 734 »»rhch
284 706 364 734 l»«n«
373 706 410 732 die
419 707 522 739 Zeit««,
535 710 640 743 »igehoN
651 711 722 740 »irb)
740 711 782 742 Fr.
794 712 828 735 I«.
838 723 868 728 —
893 711 932 741 Kr.
954 714 977 735 8.
989 725 1014 730 -
1041 713 1083 742 Fr.
1096 714 1157 737 4.50

169 733 294 766 Sch»«t,
309 736 353 763 (bet
368 737 426 761 allen
440 738 608 769 PoNbureanr)
752 759 764 770 ,
792 743 870 766 II.-
906 758 916 770 ,
942 742 1020 767 10.50
1056 744 1157 770 .5.50

230 780 242 793 .
305 765 350 794 (bei
357 766 379 791 d.
387 766 520 796 «rpedMon
528 768 568 798 für
575 768 721 800 Privatatir.)
752 789 763 800 .
791 772 827 795 ,1.
840 782 868 788 -
905 788 915 799 .
942 773 1019 795 18.—
1050 788 1062 800 .
1096 773 1155 797 S.50

168 792 303 823 Stalte«.
325 794 495 826 Frankreich
514 799 564 823 und
583 799 616 823 die
633 801 730 830 übrigen

215 823 317 849 Staat««
326 825 367 849 de»
376 826 573 856 «elipostnerein»
583 828 723 860 (Bestellung

214 853 251 880 »et
264 854 305 880 btt
316 846 823 888 «rpeditions.58.
834 872 862 877 -
901 877 913 890 .
939 861 976 885 19.
987 872 1016 879 -
1053 877 1064 890 ,
1083 861 1119 885 10.
1128 873 1158 880 —

451 885 515 915 Für
540 893 621 917 gan,
648 889 867 919 Deutschland

169 917 201 944 »»
215 914 344 939 abonniren
359 915 395 940 Lei
409 916 450 940 de»
466 917 571 946 dortigen
581 917 733 947 Postbureaur
749 920 788 947 sür
803 920 816 943 S
825 919 924 943 Monate
944 918 1079 948 SteichSmrk.
1096 921 1118 944 5.
1129 921 1159 945 75

531 947 595 975 Für
616 947 788 976 Oesterreich

170 979 201 1004 I»
215 975 344 1000 abonniren
358 975 393 1001 Lei
406 975 448 1000 den
462 976 567 1010 dortigen
582 976 736 1007 Postbureaux
753 978 791 1006 sür
806 979 820 1001 3
833 978 932 1003 Monate
978 979 1003 1008 fl.
1014 980 1082 1004 5.W.
1097 980 1158 1005 «.57

505 1005 566 1034 Für
590 1008 696 1031 andere
715 1006 825 1031 Länder

278 1035 328 1065 sind
344 1035 501 1064 Bestellungen
517 1041 548 1059 an
564 1036 599 1059 die
613 1034 749 1065 Expedition
765 1036 791 1060 In
806 1036 887 1065 Zürich
903 1039 1058 1066 einzusenden.

1388 766 2017 847 HiebemmdsiinMster
2054 766 2379 847 Jahrgang.'

1585 944 1850 1047 Erstes
1903 950 2175 1037 Blatt.

3006 671 3190 711 Inserate

2595 713 2651 743 Pnd
2671 719 2703 739 an
2723 715 2911 747 Haasenstein
2933 719 2955 743 »
2974 719 3082 751 Vogler
3102 723 3128 747 in
3148 723 3240 753 Zürich.
3264 725 3345 755 Basel,
3367 727 3441 758 Senf,
3458 728 3589 760 Stuttgart.

2777 746 2910 777 Franlsurt,
2926 747 3017 777 Berlrn,
3032 750 3155 783 Hamburg
3170 760 3197 779 ,r.
3213 761 3244 779 k.
3259 756 3414 785 einzusenden.

2601 782 2866 816 Insertion,prei,
2882 787 2919 815 sür
2934 787 2969 813 die
2985 790 3082 820 Schweiz
3097 793 3126 816 20
3137 792 3182 821 Rp.
3192 793 3226 818 die
3242 794 3392 827 sünsspaltige
3406 797 3477 827 Zeile,
3492 798 3533 829 für
3547 799 3589 826 da,

2882 816 2993 843 Ausland
3007 820 3038 843 25
3052 820 3105 845 SIS.
3121 822 3173 846 »der
3186 823 3217 848 20
3230 823 3352 856 Psenntge.

2833 886 2931 911 Bureau
2945 887 2982 912 der
2998 887 3135 914 Aedaktion:
3156 890 3314 923 Brunngasse.
3328 894 3351 919 2.

2641 950 2688 976 Die
2703 952 2806 982 Zeitung
2818 953 2884 982 wird,
2900 956 3079 986 ausgenommen
3102 963 3134 981 an
3154 958 3231 982 Sonn-
3252 960 3303 984 und
3321 960 3445 993 Festtagen,
3466 962 3548 994 täglich
3579 961 3593 994 }'•

2963 986 3067 1014 zweimal
3083 987 3229 1018 auSgegeben.

2599 1054 2706 1083 Einzelne
2725 1055 2853 1081 Nummern
2873 1056 2955 1084 kosten:
2974 1056 3069 1086 einfache
3086 1060 3120 1086 10,
3144 1059 3186 1083 mit
3201 1060 3296 1093 Bellas
3316 1064 3352 1092 15,
3375 1065 3476 1095 dappelt«
3490 1068 3523 1092 80
3538 1068 3546 1093 >

160 1113 514 1195 Zürich,

1346 1126 1714 1211 Donnerstag,
1760 1133 1852 1200 13.
1898 1130 2236 1215 September
2278 1136 2456 1207 1877.

3360 1158 3456 1220 M
3492 1149 3610 1217 429

474 1315 965 1389 Tagesbericht

537 1402 609 1432 Vom
636 1402 685 1433 12.
711 1397 905 1442 September.

235 1462 308 1509 Der
333 1462 452 1510 Fall
490 1472 582 1504 von
618 1467 652 1514 P
665 1467 681 1506 l
693 1478 707 1505 e
719 1474 751 1505 w
765 1480 787 1507 n
803 1480 844 1513 a,
885 1470 938 1508 der
975 1470 1053 1509 laut
1092 1470 1273 1521 Depeschen

159 1516 226 1551 aus
253 1513 405 1559 Sistowa
431 1514 501 1554 und
525 1515 687 1562 Bukarest
713 1516 805 1566 schon
830 1529 888 1558 am
914 1520 1078 1569 Sonntag
1104 1521 1141 1559 in
1171 1522 1273 1570 Folge

161 1562 250 1600 eines
278 1564 497 1611 allgemeinen
521 1565 690 1605 Sturmes
715 1567 856 1607 Seitens
882 1569 937 1607 der
962 1570 1271 1619 russisch-rumäni¬

159 1610 247 1658 schen
274 1612 433 1662 Truppen
472 1614 593 1663 erfolgt
630 1616 701 1663 sein
738 1616 842 1664 sollte,
882 1618 1034 1669 bestätigt
1074 1620 1131 1669 sich
1173 1621 1270 1669 nicht,

160 1659 264 1707 findet
290 1662 349 1711 sich
373 1663 531 1713 vielmehr
571 1665 664 1713 heute
690 1665 824 1715 offiziell
849 1667 1036 1714 dementirt,
1077 1671 1143 1709 und
1185 1678 1272 1720 zwar

158 1717 226 1750 von
269 1712 332 1750 den
373 1712 497 1761 Rüsten
537 1714 644 1763 selbst.
697 1716 787 1765 Auch
827 1718 883 1756 ein
907 1719 1166 1769 Sturmangriff
1208 1722 1271 1770 auf

159 1760 304 1807 Plewna
331 1761 389 1809 hat
413 1763 468 1801 der
506 1764 642 1812 (bereits
669 1766 923 1817 mitgetheilten)
963 1767 1139 1818 offiziellen
1166 1771 1269 1819 russi¬

159 1809 245 1857 schen
273 1811 427 1861 Depesche
465 1814 595 1863 zufolge
624 1816 704 1863 noch
741 1817 826 1864 nicht
853 1818 1118 1868 stattgcfunden;
1157 1819 1204 1868 ja,
1232 1826 1269 1861 es

159 1859 234 1908 geht
259 1865 326 1900 aus
352 1861 451 1910 dieser
476 1862 603 1912 hervor,
629 1865 697 1912 daß
722 1865 778 1905 der
803 1867 935 1916 Argriff
962 1868 1019 1916 sich
1044 1868 1101 1908 bis
1117 1868 1268 1920 Montag

159 1910 276 1949 Abend
315 1912 377 1959 auf
412 1913 599 1962 vorläufige
629 1915 1129 1964 Annäherungs-Operationen
1169 1932 1267 1969 gegen

158 1959 304 2006 Plewna
327 1960 523 2010 beschränkte
562 1963 630 2003 und
657 1965 734 2013 noch
758 1966 843 2005 keine
878 1968 1002 2015 großen
1027 1969 1165 2018 Erfolge
1191 1971 1268 2017 auf¬

158 2011 318 2057 zuweisen
343 2010 412 2060 hat,
456 2020 553 2052 wenn
579 2014 711 2060 anders,
737 2020 811 2054 was
836 2016 934 2056 kaum
960 2018 1188 2067 anzunehmen
1211 2020 1266 2065 ist,

157 2059 208 2097 die
233 2060 359 2109 Rüsten
384 2061 486 2108 selber
510 2063 553 2111 sie
579 2064 665 2113 nicht
690 2066 839 2114 geringer
865 2067 1048 2113 darstellen,
1076 2069 1131 2107 als
1159 2069 1201 2116 sie
1225 2070 1266 2109 in

153 2108 210 2146 der
234 2110 451 2159 Wirklichkeit
477 2111 560 2159 find.
585 2114 790 2164 Inzwischen
815 2116 932 2155 dauert
957 2117 1007 2157 die
1033 2117 1261 2168 Beschießung

156 2158 322 2205 Plewnas
360 2162 640 2211 ununterbrochen
680 2164 749 2212 fort
787 2165 854 2204 und
894 2166 1000 2213 haben
1038 2168 1089 2206 die
1128 2168 1264 2217 Ruffen,

157 2208 245 2247 einer
263 2209 554 2260 Havas-Depesche
567 2213 706 2262 zufolge,
732 2215 855 2262 gestern
870 2216 1015 2263 Morgen
1031 2218 1125 2255 einen
1139 2219 1266 2266 großen

156 2257 302 2306 Ausfall
326 2260 381 2297 der
398 2260 528 2299 Türken
547 2262 839 2312 zurückgeschlagen
866 2266 935 2304 und
961 2265 1102 2315 scheinen
1119 2268 1264 2307 Terrain

156 2318 197 2355 zu
223 2309 406 2355 gewinnen.
432 2309 522 2359 Doch
540 2310 724 2361 behaupten
750 2314 800 2352 die
813 2315 954 2358 Türken,
981 2317 1042 2355 wie
1055 2317 1262 2357 moderirend

151 2357 373 2407 hinzugefügt
412 2359 509 2405 wird,
554 2361 631 2409 noch
672 2363 794 2402 immer
833 2363 905 2412 ihre
946 2364 1261 2415 Hauptpositionen.

162 2427 206 2432 —
233 2407 378 2457 Wichtig
403 2409 472 2447 und
497 2410 700 2459 bezeichnend
742 2413 800 2460 für
837 2413 889 2453 die
913 2415 1114 2463 europäische
1139 2417 1265 2464 Diplo¬

157 2458 263 2496 matie
301 2458 353 2503 ist,
395 2466 491 2498 wenn
533 2461 577 2509 sie
612 2461 672 2510 sich
708 2460 873 2510 bestätigt,
914 2464 966 2502 die
1003 2465 1174 2513 Nachricht
1209 2467 1266 2506 der

161 2506 323 2549 „Times"
353 2513 417 2547 aus
431 2509 728 2557 Turnu-Severin,
755 2512 887 2559 wonach
899 2513 949 2552 die
961 2514 1109 2563 russische
1122 2515 1263 2565 Kriegs¬

156 2556 289 2604 leitung
313 2556 599 2608 Vorbereitungen
625 2561 725 2608 trifft,
765 2563 816 2601 ein
850 2562 1018 2610 russisches
1046 2564 1264 2613 Armeekorps

155 2612 222 2644 von
248 2607 386 2652 50,000
410 2607 529 2648 Mann
554 2609 633 2648 über
658 2611 708 2649 die
733 2610 862 2650 Donau
887 2623 927 2660 zu
953 2612 1057 2662 setzen,
1096 2625 1157 2654 um
1183 2615 1265 2654 über

155 2655 330 2704 serbischen
356 2657 474 2697 Boden
499 2670 596 2708 gegen
621 2660 764 2699 Widdin
789 2662 858 2700 und
885 2661 989 2710 Sofia
1031 2674 1074 2712 zu
1098 2665 1261 2713 operiren,

156 2704 313 2752 während
340 2706 486 2747 Serbien
522 2711 576 2748 ein
601 2710 945 2760 Observationskorps
988 2724 1033 2752 an
1072 2713 1121 2752 die
1147 2714 1264 2754 Drina

154 2754 267 2795 stellen
292 2756 388 2794 wird.
439 2758 566 2797 Damit
587 2760 700 2798 würde
725 2761 781 2799 der
803 2761 885 2807 Fall
905 2773 980 2799 nun
1005 2763 1176 2808 eintreten,
1200 2765 1262 2803 den

155 2802 510 2854 Oesterreich-Ungarn
549 2810 683 2848 vordem
721 2811 778 2848 als
814 2810 885 2849 eine
909 2810 1115 2860 Bedrohung
1158 2813 1262 2860 seiner

155 2852 315 2899 eigensten
341 2854 526 2906 Jntereffen
557 2857 744 2907 betrachtete
781 2860 849 2898 und
889 2860 944 2899 als
983 2860 1172 2911 denjenigen
1208 2862 1262 2901 be-

155 2901 316 2950 zeichnete,
358 2905 412 2944 der
455 2907 524 2946 eine
550 2908 761 2957 militärische
786 2909 905 2948 Aktion
932 2910 1114 2958 seinerseits
1142 2919 1261 2950 unver¬

155 2952 304 3000 meidlich
330 2955 459 3002 machen
486 2957 607 2995 würde.
636 2958 727 2997 Man
753 2959 849 3003 weiß,
877 2960 942 3006 daß
955 2959 1004 2999 die
1017 2961 1259 3009 österreichisch-

153 3002 344 3050 ungarische
369 3004 560 3055 Regierung
597 3007 779 3056 gegenüber
801 3008 969 3055 Rußland
1004 3010 1057 3048 die
1088 3014 1260 3059 vertrags¬

154 3051 290 3100 mäßige
314 3052 568 3103 Verpflichtung
592 3057 830 3097 übernommen
870 3058 939 3108 hat,
977 3058 1050 3098 dem
1077 3060 1149 3106 Zar
1181 3061 1261 3109 freie

154 3100 254 3148 Hand
280 3113 321 3150 zu
346 3102 445 3152 lasten
472 3103 523 3144 bei
549 3105 724 3155 Besetzung
750 3108 977 3152 Rumäniens,
1002 3109 1103 3158 besten
1129 3110 1259 3149 Unver¬

151 3150 329 3198 letzlichkeit
353 3154 428 3201 noch
454 3154 552 3203 durch
568 3155 731 3204 Verträge
756 3161 855 3196 unter
881 3159 941 3197 den
958 3159 1075 3206 Schutz
1088 3159 1259 3208 Europa's

154 3201 278 3247 gestellt
302 3209 384 3247 war,
422 3211 575 3253 wogegen
612 3206 671 3254 sich
707 3206 799 3245 dann
825 3206 903 3246 aber
928 3208 983 3246 der
1007 3208 1082 3255 Zar
1106 3210 1260 3248 anderer¬

152 3250 232 3297 seits
259 3251 467 3302 verpflichten
490 3255 617 3302 mußte,
645 3255 791 3295 Serbien
814 3256 902 3304 nicht
926 3258 965 3296 in
989 3257 1051 3296 den
1065 3258 1169 3307 Krieg
1191 3259 1261 3298 mit

151 3299 428 3350 hineinzuziehen.
480 3304 569 3343 Was
604 3305 690 3345 wird
715 3306 909 3354 Oesterreich
936 3306 1033 3354 thun,
1069 3314 1165 3345 wenn
1190 3309 1259 3356 letz¬

152 3352 238 3388 teres
265 3352 342 3399 trotz
382 3353 465 3391 aller
501 3353 658 3403 früheren
684 3355 938 3404 Abmachungen
976 3367 1050 3395 nun
1090 3356 1165 3405 doch
1202 3368 1256 3405 ge¬

150 3398 300 3448 schieht?
350 3402 446 3441 Aller
471 3402 801 3454 Wahrscheinlichkeit
837 3405 916 3454 nach
940 3405 1071 3455 nichts;
1108 3407 1195 3445 denn
1220 3410 1257 3446 es

150 3448 192 3492 ist
217 3450 305 3497 nicht
331 3452 569 3502 anzunehmen,
594 3454 661 3500 daß
676 3455 725 3494 die
738 3454 872 3503 Ruffen,
897 3454 980 3503 ohne
992 3456 1048 3494 der
1062 3455 1258 3505 Konnivenz

152 3497 370 3548 Oesterreichs
395 3501 455 3551 sich
480 3503 645 3551 versichert
670 3516 710 3552 zu
735 3505 852 3551 haben,
880 3505 940 3543 den
952 3505 1125 3554 serbischen
1138 3506 1258 3545 Boden

149 3546 305 3585 betreten.
373 3550 439 3588 Die
466 3552 704 3602 Andraffy'sche
731 3554 858 3602 Politik
894 3562 960 3593 von
984 3555 1064 3602 Fall
1100 3566 1141 3603 zu
1179 3556 1258 3602 Fall

150 3595 268 3643 scheint
293 3597 332 3636 in
357 3598 410 3637 der
436 3600 529 3648 That
555 3604 605 3640 ein
632 3604 762 3651 wahres
788 3604 995 3652 Chamäleon
1023 3616 1064 3653 zu
1089 3604 1157 3651 sein
1187 3605 1257 3645 und

150 3645 202 3684 die
225 3645 485 3696 Vertragstreue
522 3650 591 3688 und
630 3653 820 3701 Ehrlichkeit
857 3654 911 3692 der
950 3654 1258 3703 allerchristlichsten

151 3696 377 3744 europäischen
414 3698 638 3746 Diplomatie,
677 3702 732 3739 als
770 3702 970 3749 leuchtendes
1011 3703 1160 3744 Vorbild
1200 3706 1258 3743 der

151 3743 283 3790 Völker,
309 3747 378 3785 eine
401 3748 485 3786 Läes
510 3751 649 3797 punica.

224 3796 282 3840 Zn
324 3795 473 3846 Belgrad
513 3799 631 3847 scheint
672 3800 735 3840 das
779 3800 1003 3849 wochenlange
1055 3801 1257 3849 Schwanken

150 3844 301 3893 zwischen
326 3846 436 3895 heißer
464 3847 547 3888 Gier
583 3850 652 3889 und
688 3850 787 3890 kalter
825 3850 1052 3898 Ueberlegung
1090 3851 1257 3898 nunmehr

149 3893 374 3935 überwunden
398 3908 441 3944 zu
466 3897 547 3945 sein.
595 3899 666 3939 Am
690 3900 855 3948 Sonntag
894 3900 938 3947 ist
962 3901 1064 3946 Fürst
1088 3900 1256 3949 Zeretleff,

148 3944 279 3993 welcher
304 3945 355 3985 die
378 3946 665 3998 Verhandlungen
696 3952 762 3990 mit
786 3950 841 3989 der
867 3949 1038 3999 serbischen
1065 3949 1256 3999 Regierung

548 4131 737 4183 irailletou
768 4130 874 4179 1877.

329 4247 428 4281 Da-
460 4249 750 4288 «ehetmnitz
781 4250 863 4284 der
891 4250 1080 4290 Dächer.
1211 4251 1255 4284 12

446 4307 569 4342 Novelle
585 4318 646 4343 von
666 4308 804 4349 Gustav
824 4309 960 4350 Höcker-

206 4364 316 4398 Doktor
337 4364 433 4399 Beuer
463 4366 560 4401 konnte
590 4378 677 4408 ganze
698 4368 814 4402 Abende
835 4368 904 4409 lang
937 4369 990 4402 mit
1011 4369 1260 4410 angespanntester

147 4407 390 4448 Aufmerksamkeit
419 4410 553 4451 zuhören,
580 4423 664 4447 wenn
693 4413 743 4447 der
769 4413 917 4454 Professor
949 4412 999 4453 auf
1021 4414 1077 4453 sein
1096 4413 1260 4454 Lieblings¬

144 4452 249 4491 thema,
280 4452 325 4485 die
345 4453 438 4494 Edda,
471 4464 504 4496 zu
527 4456 652 4497 sprechen
681 4456 742 4491 kam
772 4458 830 4490 und
862 4459 891 4492 in
923 4458 999 4492 einer
1030 4458 1258 4498 liebenswürdig

144 4497 341 4536 plaudernden
371 4498 473 4541 Weise,
505 4502 552 4536 die
580 4511 639 4536 von
671 4503 732 4537 dem
763 4503 843 4543 mehr
864 4503 1044 4537 doktrinären
1064 4503 1145 4537 Tone
1166 4503 1257 4543 seines

144 4542 264 4582 Kollegs
285 4543 405 4584 gänzlich
428 4545 546 4587 abwich,
564 4547 666 4586 seinem
685 4548 826 4587 gelehrten
839 4547 938 4588 Stoffe
958 4547 1080 4588 spielend
1100 4548 1148 4582 die
1163 4557 1258 4588 popu.

144 4587 247 4628 lärsten
268 4590 371 4624 Seiten
400 4590 624 4631 abzugewinnen
658 4593 716 4626 und
745 4594 805 4626 dem
837 4592 1048 4633 Verständnisse
1077 4593 1128 4627 des
1157 4593 1257 4633 Laien,

143 4632 271 4673 welchem
301 4633 346 4667 die
375 4634 522 4676 Kenntniß
552 4637 600 4670 der
633 4637 707 4671 alten
729 4636 954 4677 Sprachsormen
986 4637 1081 4677 fehlte,
1111 4638 1181 4672 über
1211 4639 1258 4674 die

145 4676 263 4717 größten
286 4678 534 4718 Schwierigkeiten
563 4680 802 4721 hinwegzuhelsen
829 4682 933 4720 wußte-
974 4680 1034 4715 Die
1053 4681 1188 4716 Vorliebe
1208 4684 1257 4722 für

143 4721 195 4753 den
232 4721 353 4762 gleichen
382 4722 565 4765 Gegenstand
598 4735 664 4759 war
696 4726 748 4760 der
780 4726 937 4767 eigentliche
973 4725 1258 4770 Berührungspunkt

143 4764 270 4805 zwischen
290 4766 400 4801 Beiden
432 4769 489 4802 und
522 4769 566 4802 die
586 4769 814 4810 Genugthuung,
844 4771 887 4805 die
914 4770 1026 4810 Julian
1057 4770 1144 4805 darin
1174 4772 1257 4816 fand,

142 4809 195 4842 den
209 4810 434 4852 WiffenSdrang
454 4813 505 4846 des
516 4813 603 4848 Laien
627 4824 684 4848 von
704 4815 804 4854 seinem
814 4815 978 4855 Reichthum
983 4824 997 4848 e
1017 4824 1053 4854 zu
1071 4814 1257 4857 befriedigen,

141 4852 198 4893 ließ
233 4855 285 4895 ihn
317 4856 442 4890 darüber
476 4857 680 4899 hinwegsehen,
713 4860 770 4899 daß
799 4860 861 4899 ihm
890 4860 937 4893 die
967 4858 1104 4899 häufigen
1135 4860 1257 4900 Besuche

142 4896 267 4932 Beuer's
297 4899 431 4940 vielleicht
461 4901 544 4942 lästig
576 4904 727 4942 geworden
754 4908 863 4944 wären,
892 4913 975 4937 wenn
996 4904 1046 4937 der
1067 4903 1257 4944 Brennpunkt

140 4941 284 4981 derselben
314 4944 364 4985 sich
392 4945 549 4987 innerhalb
578 4948 630 4981 der
648 4948 855 4988 gewöhnlichen
874 4948 1021 4988 geselligen
1041 4948 1256 4989 Unterhaltung

141 4985 251 5027 bewegt
270 4988 357 5027 hätte.
396 4990 455 5030 Im
473 4991 616 5031 Verlaufe
636 4992 723 5032 dieser
742 4993 1007 5035 Zusammenkünste
1030 4991 1128 5032 erfuhr
1143 4992 1256 5032 Julian

140 5038 198 5063 von
219 5031 323 5070 seinem
332 5033 471 5075 Besucher
490 5040 549 5070 aus
568 5037 659 5078 dessen
679 5037 889 5078 gelegentlichen
905 5038 1124 5077 Andeutungen,
1146 5037 1202 5077 daß
1224 5047 1256 5073 er

140 5073 240 5114 früher
273 5077 323 5110 als
343 5078 559 5119 Rechtsanwalt
587 5081 622 5115 in
651 5081 770 5122 hiesiger
788 5081 882 5115 Stadt
900 5081 1055 5122 wohnhaft
1073 5082 1194 5121 gewesen
1215 5081 1255 5121 fei

139 5117 198 5150 und
218 5119 299 5154 dann
320 5120 392 5160 seine
404 5123 520 5164 Praxis
540 5125 569 5158 in
590 5126 653 5160 eine
672 5126 775 5160 andere
787 5125 880 5159 Stadt
899 5126 1009 5166 verlegt
1030 5126 1116 5165 hatte-
1139 5127 1254 5166 Später

142 5171 204 5195 war
226 5173 257 5197 er
277 5164 361 5206 durch
381 5167 444 5201 eine
454 5168 598 5209 Erbschaft
617 5181 651 5211 zu
663 5170 825 5210 Vermögen
847 5170 1013 5211 gekommen,
1034 5175 1098 5204 was
1119 5171 1170 5210 ihn
1189 5180 1255 5204 ver-

140 5206 267 5249 anlaßte,
295 5209 342 5244 die
360 5211 581 5254 Jurisprudenz
602 5215 726 5255 gänzlich
746 5215 966 5255 niederzulegen.
1007 5214 1106 5248 Leider
1126 5216 1204 5255 hatte
1223 5225 1255 5250 er

139 5251 223 5291 durch
245 5253 427 5294 unglückliche
449 5256 676 5296 Spekulationen
706 5259 764 5300 fein
783 5260 945 5299 Vermögen
964 5259 1070 5293 wieder
1090 5259 1254 5299 eingebüßt,

140 5304 205 5328 war
226 5297 260 5329 in
280 5297 468 5339 kümmerliche
488 5301 682 5344 Verhältnisse
703 5304 838 5344 gerathen
867 5305 925 5337 und
957 5303 1035 5343 hatte
1065 5303 1154 5344 daher
1182 5313 1254 5343 gern

137 5338 193 5372 den
213 5339 331 5380 Antrag
361 5342 410 5376 der
431 5343 516 5383 Frau
536 5345 707 5387 Trommlin,
738 5349 783 5381 die
812 5347 903 5382 einem
933 5346 1065 5388 juristisch
1095 5347 1254 5387 gebildeten

1336 1276 1418 1316 über
1443 1277 1495 1317 die
1521 1278 1664 1327 ersehnte
1678 1280 1894 1321 Konvention
1920 1282 2042 1331 führte,
2069 1285 2140 1324 in's
2154 1285 2303 1333 russische
2318 1287 2448 1335 Haupt¬

1335 1328 1488 1374 quartier
1512 1327 1759 1379 zurückgekehrt.
1810 1332 1906 1371 Man
1929 1333 2004 1372 will
2027 1334 2158 1373 daraus
2183 1336 2352 1385 schließen,
2379 1337 2446 1384 daß

1335 1378 1404 1416 eine
1429 1377 1600 1425 definitive
1624 1378 1882 1430 Vereinbarung
1921 1384 1987 1421 mit
2022 1382 2095 1423 dem
2122 1384 2195 1430 Zar
2232 1397 2273 1434 zu
2313 1387 2446 1426 Stande

1335 1426 1522 1473 gekommen
1547 1429 1602 1475 ist.
1652 1428 1795 1479 Gestützt
1819 1432 1906 1471 wird
1931 1431 2011 1477 diese
2025 1433 2226 1484 Auffassung
2253 1436 2332 1484 noch
2350 1437 2445 1486 durch

1332 1475 1384 1515 die
1409 1476 1545 1524 Abreise
1572 1470 1762 1526 Fadejeff's,
1789 1481 1842 1519 der
1867 1481 1949 1529 nach
1975 1481 2123 1529 Belgrad
2149 1486 2335 1532 gekommen
2360 1493 2443 1532 war,

1333 1536 1394 1565 um
1420 1526 1481 1573 für
1507 1526 1568 1565 den
1595 1528 1683 1574 Fall,
1724 1529 1790 1577 daß
1815 1530 1984 1571 Serbiens
2020 1531 2180 1582 Wünsche
2217 1536 2269 1574 im
2309 1535 2440 1583 Haupt¬

1333 1576 1484 1623 quartier
1509 1576 1597 1624 nicht
1628 1577 1786 1627 diejenige
1821 1579 2129 1631 Berücksichtigung
2164 1583 2299 1631 fänden,
2332 1586 2444 1634 welche

1332 1625 1388 1663 der
1430 1626 1701 1673 Friedenspartei
1743 1629 1934 1678 Schweigen
1978 1631 2178 1681 auferlegte,
2229 1634 2280 1672 die
2319 1635 2440 1674 Unter¬

1332 1675 1480 1723 stützung
1505 1675 1842 1718 derSlavenkomites
1870 1679 2075 1729 anzubieten.
2128 1682 2270 1731 Fadejeff
2296 1684 2338 1732 ist
2362 1685 2441 1734 nach

1331 1723 1483 1763 Moskau
1508 1724 1754 1774 zuruckgekehrt,
1782 1729 1852 1774 also
1879 1728 2014 1778 braucht
2031 1730 2178 1771 Serbien
2204 1733 2268 1771 das
2293 1734 2438 1782 offiziöse

1330 1774 1496 1820 Rußland
1523 1776 1609 1823 nicht
1633 1777 1737 1826 mehr,
1764 1778 1918 1826 nachdem
1944 1784 1978 1818 es
2005 1780 2063 1829 sich
2089 1782 2155 1820 mit
2172 1783 2245 1822 dem
2263 1782 2439 1833 offiziellen

1328 1823 1532 1872 verständigt
1556 1825 1625 1873 hat.

1404 1874 1472 1918 Im
1498 1875 1911 1925 österreichischen
1936 1877 2284 1930 Abgeordnetenhause
2302 1886 2372 1922 trat
2397 1884 2435 1922 in

1327 1922 1383 1960 der
1421 1923 1696 1964 Generaldebatte
1734 1925 1815 1965 über
1851 1927 1904 1966 die
1941 1928 2192 1978 Steuerreform
2231 1932 2301 1971 eine
2340 1932 2437 1980 solche

1327 1972 1599 2022 Zersplitterung
1633 1975 1691 2014 der
1716 1975 1980 2026 Anschauungen
2008 1977 2091 2017 über
2128 1980 2178 2019 die
2202 1981 2342 2021 Details
2382 1983 2438 2022 der

1328 2022 1469 2070 Reform
1495 2034 1535 2071 zu
1561 2025 1661 2072 Tage,
1702 2025 1767 2071 daß
1799 2027 1861 2065 das
1890 2025 1989 2075 Haus
2027 2028 2284 2079 wahrscheinlich
2324 2033 2361 2071 in
2388 2033 2438 2071 die

1328 2072 1596 2121 Spezialdebatte
1633 2085 1695 2122 gar
1732 2074 1818 2124 nicht
1855 2076 2014 2116 eintreten
2052 2079 2122 2117 und
2147 2078 2346 2130 Vertagung
2383 2082 2438 2122 der

1328 2121 1468 2170 Reform
1494 2122 1686 2171 beschließen
1712 2125 1807 2164 wird.

1401 2172 1467 2211 Die
1493 2173 1816 2221 ungarischen
1843 2174 1983 2215 Blätter
2007 2177 2108 2224 geben
2134 2177 2223 2226 ihrer
2250 2179 2435 2230 Entrüstug

1326 2220 1508 2265 Ausdruck,
1532 2223 1602 2268 daß
1626 2222 1683 2261 der
1709 2223 2142 2275 österreichisch-ungarische
2165 2228 2374 2277 Botschafter
2398 2231 2437 2270 in

1326 2270 1434 2317 Paris
1462 2271 1521 2319 sich
1549 2272 1720 2320 geweigert
1751 2272 1843 2321 habe,
1883 2275 1934 2313 im
1960 2275 2091 2315 Namen
2130 2278 2186 2316 des
2211 2278 2435 2326 Parlaments

1325 2321 1418 2358 einen
1445 2321 1562 2369 Kranz
1600 2322 1661 2369 auf
1693 2322 1753 2360 den
1780 2324 1877 2372 Sarg
1903 2324 2025 2371 Thiers
2063 2327 2320 2375 niederzulegen,
2360 2330 2437 2370 weil

1324 2380 1359 2407 er
1384 2369 1443 2418 sich
1482 2382 1528 2409 an
1566 2370 1671 2409 keiner
1708 2372 1897 2421 politischen
1923 2374 2199 2422 Demonstration
2238 2377 2433 2427 betheiligen

1324 2419 1435 2457 könne.
1474 2419 1546 2458 Der
1571 2419 1814 2471 Lorbeerkranz,
1840 2423 1972 2471 welcher
1996 2425 2058 2472 auf
2083 2426 2267 2475 Anregung
2293 2428 2349 2466 des
2364 2428 2434 2467 Ab¬

1324 2469 1518 2515 geordneten
1536 2469 1602 2508 Dr.
1620 2470 1788 2510 Kuranda
1813 2473 1882 2511 und
1908 2476 2005 2512 unter
2031 2474 2087 2513 der
2114 2475 2340 2525 Mitwirkung
2366 2479 2434 2518 und

1323 2517 1391 2556 mit
1426 2518 1488 2557 den
1525 2519 1784 2568 Unterschriften
1824 2522 1882 2561 der
1906 2522 2167 2571 -Abgeordneten
2204 2526 2273 2565 Dr.
2301 2526 2431 2575 Herbst,

1324 2567 1435 2615 Kopp,
1463 2568 1595 2607 Sturm
1620 2580 1655 2608 u.
1683 2570 1726 2608 A.
1764 2572 1840 2620 nach
1868 2572 1978 2619 Paris
2015 2573 2156 2622 geschickt
2190 2576 2315 2621 wurde,
2354 2580 2433 2626 trug

1324 2616 1387 2665 auf
1411 2618 1500 2656 einer
1523 2619 1651 2665 weißen
1677 2620 1821 2668 Schleife
1845 2622 1918 2661 eine
1942 2622 2152 2672 französische
2176 2625 2344 2673 Inschrift
2368 2628 2434 2666 mit

1323 2667 1396 2705 dem
1421 2666 1593 2707 Ausdruck
1630 2669 1686 2708 der
1712 2669 1911 2720 Huldigung
1949 2672 2007 2719 für
2044 2674 2106 2712 den
2143 2675 2266 2721 großen
2293 2677 2432 2716 Todten.

1324 2716 1396 2755 Der
1420 2717 1601 2764 Präsident
1637 2718 1697 2757 des
1722 2719 2105 2770 Abgeordnetenhauses,
2142 2724 2208 2763 Dr.
2235 2725 2431 2774 Rechbauer,

1321 2765 1449 2814 richtete
1476 2767 1529 2805 ein
1555 2767 1905 2817 Beileidstelegramm
1932 2782 1976 2808 an
2000 2771 2053 2810 die
2077 2771 2216 2811 Wittwe
2240 2774 2376 2822 Thiers.

1397 2814 1468 2853 Der
1519 2816 1698 2863 Präsident
1739 2817 1795 2866 der
1836 2819 2213 2869 französischen
2257 2824 2431 2872 Republik,

1321 2863 1507 2913 Marschall
1545 2865 1629 2904 Mac
1653 2866 1790 2915 Mahon
1827 2868 1898 2916 setzt
1933 2870 2051 2909 wieder
2075 2871 2161 2917 seine
2184 2872 2431 2918 Wahltournöe

1320 2913 1390 2960 fort
1426 2915 1497 2952 und
1536 2923 1625 2963 zwar
1656 2917 1802 2956 diesmal
1827 2918 1865 2957 in
1892 2918 1946 2957 der
1972 2918 2133 2959 Gironde.
2185 2922 2254 2961 Am
2280 2922 2431 2973 Montag

1319 2962 1392 3011 traf
1416 2975 1450 3001 er
1477 2964 1513 3001 in
1539 2965 1720 3012 Bordeaux
1746 2967 1821 3010 ein,
1862 2975 1913 3005 wo
1945 2979 1979 3006 er
2003 2968 2227 3018 bekanntlich,
2267 2973 2344 3022 nach
2371 2974 2430 3012 den

1318 3012 1595 3062 Versicherungen
1632 3014 1798 3063 offiziöser
1821 3016 1972 3062 Blätter,
2015 3020 2082 3058 mit
2109 3020 2268 3069 Rücksicht
2295 3023 2357 3070 auf
2381 3023 2432 3062 die

1320 3061 1589 3109 bevorstehenden
1625 3064 1772 3112 Wahlen
1822 3066 1893 3104 eine
1931 3067 2031 3115 große
2070 3068 2354 3118 Programmrede
2391 3084 2430 3120 zu

1321 3111 1436 3158 halten
1462 3111 1699 3162 beabsichtigte.
1750 3114 1833 3154 Eine
1871 3115 1959 3155 Rede
1983 3117 2042 3164 hat
2067 3129 2103 3155 er
2127 3130 2198 3158 nun
2225 3121 2368 3169 wirklich
2393 3123 2430 3160 in

1322 3161 1502 3209 Bordeaux
1541 3162 1715 3210 gehalten,
1755 3166 1822 3203 und
1854 3170 1929 3204 was
1956 3166 2012 3212 für
2039 3168 2130 3206 eine!
2182 3169 2255 3216 Auf
2280 3170 2332 3210 die
2356 3172 2429 3210 An¬

1319 3210 1468 3257 sprache,
1507 3213 1573 3251 mit
1610 3213 1740 3260 welcher
1766 3214 1819 3252 der
1845 3214 1985 3258 Maire.
2024 3216 2102 3256 Mr.
2127 3218 2328 3265 Fourcand,
2368 3221 2428 3260 den

1318 3260 1504 3307 Marschall
1541 3261 1702 3309 begrüßte
1743 3283 1781 3290 —
1816 3265 1888 3302 eine
1913 3265 2108 3314 Ansprache,
2137 3268 2187 3305 die
2211 3269 2262 3307 im
2289 3268 2428 3318 Ganzen

1318 3309 1467 3357 politisch
1493 3311 1637 3359 ziemlich
1664 3312 1820 3360 nüchtern
1837 3314 1907 3352 und
1925 3314 2070 3361 farblos,
2098 3316 2154 3364 für
2168 3317 2217 3356 die
2231 3318 2424 3369 Erhaltung

1316 3358 1374 3396 des
1388 3359 1548 3405 Friedens
1575 3362 1642 3399 und
1669 3362 1725 3399 der
1737 3362 1908 3412 Ordnung
1922 3364 2066 3411 plädirte
2082 3386 2126 3392 —
2156 3370 2349 3407 antwortete
2374 3370 2428 3408 der

1316 3405 1525 3455 Marschäll:

1395 3458 1502 3505 „Herr
1516 3457 1655 3498 Maire!
1686 3460 1751 3499 Als
1777 3461 1822 3508 ich
1848 3468 1909 3500 vor
1935 3463 2012 3510 zwei
2025 3464 2161 3513 Jahren
2187 3467 2284 3514 durch
2309 3468 2427 3507 bieder

1316 3506 1466 3555 Ihrigen
1503 3506 1739 3556 benachbarten
1767 3508 1941 3558 Gegenden
1966 3513 2049 3558 kam,
2083 3521 2156 3553 war
2179 3517 2226 3563 ich
2252 3516 2345 3565 schon
2369 3518 2428 3556 da¬

1319 3556 1412 3596 mals
1453 3556 1637 3605 überrascht
1675 3567 1741 3597 von
1783 3560 1856 3598 dem
1883 3559 1975 3607 Geist
1998 3562 2056 3600 der
2081 3564 2253 3614 Ordnung
2279 3567 2348 3605 und
2375 3567 2429 3606 der

1320 3604 1464 3651 Arbeit,
1502 3607 1630 3655 welcher
1665 3608 1755 3657 Ihre
1778 3608 2046 3659 Bevölkerungen
2073 3612 2200 3659 beseelt.
2251 3615 2316 3663 Ich
2341 3616 2429 3663 finde

1318 3655 1358 3694 in
1383 3656 1485 3702 dieser
1510 3657 1637 3705 großen
1675 3659 1744 3696 und
1778 3658 1910 3705 schönen
1935 3660 2044 3699 Stadt
2069 3662 2122 3701 die
2146 3664 2262 3712 gleiche
2288 3666 2429 3714 Thätig-

1314 3705 1376 3743 keit
1401 3706 1471 3744 und
1497 3707 1549 3746 die
1575 3707 1688 3755 gleiche
1713 3707 1972 3757 Verständigkeit
1996 3711 2168 3759 (saAssss)
2194 3714 2325 3753 wieder.
2364 3716 2427 3765 Ich

1319 3754 1417 3802 theile
1442 3756 1493 3794 die
1519 3756 1623 3804 hohen
1638 3757 1795 3806 Gefühle,
1821 3758 1873 3796 die
1890 3759 1954 3797 Sie
1978 3758 2092 3806 soeben
2117 3761 2155 3799 in
2172 3762 2281 3810 ihrem
2296 3765 2426 3804 Namen

1318 3804 1534 3852 ausgedrückt
1559 3805 1677 3854 haben.
1703 3807 1808 3846 Seien
1822 3807 1888 3846 Sie
1912 3808 2011 3856 besten
2029 3810 2203 3859 versichert,
2231 3812 2289 3852 der
2302 3814 2424 3860 Friede,

1317 3853 1448 3901 welcher
1486 3855 1549 3894 das
1576 3856 1653 3903 erste
1680 3857 1787 3904 Ihrer
1811 3857 2020 3905 Bedürfniffe
2046 3860 2112 3906 ist,
2150 3862 2236 3900 wird
2262 3864 2349 3910 nicht
2375 3875 2426 3911 ge-

1315 3902 1449 3951 fährdet
1485 3904 1567 3951 sein.
1616 3906 1685 3945 Die
1722 3907 1894 3954 Ordnung
1917 3908 2002 3946 wird
2027 3909 2115 3956 nicht
2139 3911 2259 3957 gestört
2285 3913 2424 3958 werden,

1315 3953 1385 3991 und
1422 3961 1520 3992 wenn
1559 3955 1620 3993 das
1658 3956 1751 3994 Land
1789 3957 1850 4004 auf
1887 3957 2015 3996 meinen
2049 3959 2171 4007 Appell
2209 3964 2425 4008 geantwortet

1319 4059 1434 4094 Manne
1465 4060 1510 4095 die
1530 4061 1723 4103 Verwaltung
1755 4063 1835 4104 ihres
1856 4063 2035 4104 Vermögens
2054 4075 2089 4106 zu
2108 4067 2267 4107 übergeben
2288 4069 2432 4109 wünschte,

1320 4113 1536 4143 angenommen.
1581 4107 1674 4141 Seine
1705 4107 1918 4148 Bekanntschaft
1948 4109 1999 4142 mit
2029 4110 2114 4150 Frau
2134 4111 2300 4147 Trommlin
2329 4114 2434 4148 datirte

1319 4148 1386 4188 noch
1417 4154 1475 4183 aus
1506 4150 1557 4184 der
1577 4151 1643 4192 Zeit
1674 4152 1764 4192 seiner
1783 4153 1905 4193 hiesigen
1927 4152 2179 4195 AnwaltspraxiS,
2212 4166 2258 4190 wo
2280 4167 2309 4191 er
2329 4158 2360 4191 in
2381 4159 2434 4192 den

1320 4191 1406 4232 ersten
1428 4194 1557 4228 Stadien
1587 4197 1638 4229 des
1670 4206 1727 4230 von
1761 4196 1850 4237 ihrem
1872 4196 1977 4232 Galten
1998 4199 2214 4240 angestrengten
2236 4201 2432 4242 Scheidungs¬

1320 4237 1459 4277 prozesses
1479 4238 1526 4278 ihr
1548 4239 1776 4281 Rechtsbeistand
1798 4241 1922 4282 gewesen
1942 4242 1998 4275 und
2021 4247 2052 4276 es
2074 4244 2134 4283 ihm
2155 4246 2274 4285 geglückt
2295 4257 2367 4286 war,
2388 4248 2432 4281 die

1321 4282 1458 4322 gänzliche
1469 4283 1627 4323 Trennung
1648 4285 1699 4318 der
1711 4285 1781 4326 Ehe,
1802 4287 1848 4320 die
1862 4286 2024 4320 Trommlin
2045 4288 2139 4327 später
2161 4290 2225 4330 doch
2246 4292 2312 4331 noch
2334 4292 2431 4331 durch¬

1320 4325 1411 4365 gesetzt
1430 4327 1518 4366 hatte,
1539 4338 1572 4367 zu
1592 4330 1775 4369 verhindern.
1806 4331 1850 4365 ES
1872 4340 1934 4364 war
1955 4332 2104 4372 natürlich,
2124 4334 2181 4374 daß
2203 4344 2233 4367 er
2254 4336 2306 4373 auf
2327 4336 2431 4370 Seiten

1320 4370 1407 4408 seiner
1427 4371 1559 4406 Klientin
1579 4373 1669 4415 stand,
1690 4376 1748 4408 und
1769 4377 1806 4409 da
1827 4386 1858 4410 er
1878 4375 1984 4415 merkte,
2005 4377 2065 4417 daß
2080 4378 2200 4417 Julian,
2221 4379 2336 4419 welcher
2347 4381 2430 4420 Frau

1319 4414 1484 4449 Trommlin
1514 4418 1582 4457 nach
1612 4418 1663 4452 der
1691 4419 1778 4459 rohen
1806 4420 1998 4460 Behandlung
2030 4422 2108 4461 ihrer
2130 4422 2225 4463 Nichte
2254 4424 2430 4463 beurtheilte,

1319 4459 1439 4493 anderer
1461 4461 1607 4502 Meinung
1628 4473 1703 4503 war,
1735 4464 1764 4503 so
1793 4465 1891 4498 wurde
1920 4464 2009 4504 dieses
2029 4465 2146 4506 Thema
2171 4467 2299 4508 zwischen
2319 4469 2428 4502 Beiden

1317 4504 1457 4544 möglichst
1477 4507 1645 4541 vermieden.

1379 4548 1425 4587 In
1445 4549 1535 4587 seiner
1555 4560 1645 4585 neuen
1668 4552 1833 4592 Anstellung
1856 4552 1904 4586 als
1914 4552 2078 4588 Verwalter
2099 4554 2183 4594 schien
2204 4556 2253 4589 der
2275 4556 2428 4596 ehemalige

1318 4590 1447 4627 Advokat
1466 4595 1635 4634 mancherlei
1657 4596 1866 4637 Anfechtungen
1886 4606 1942 4631 von
1963 4597 2067 4632 Seiten
2088 4599 2136 4632 der
2158 4599 2304 4639 Personen
2324 4604 2428 4640 ausge¬

1316 4636 1374 4676 setzt
1393 4648 1426 4678 zu
1449 4638 1516 4679 sein,
1548 4639 1592 4673 die
1613 4640 1692 4680 schon
1721 4640 1770 4679 seit
1789 4642 1907 4681 Jahren
1927 4641 1958 4674 in
1977 4641 2063 4681 Frau
2083 4643 2273 4678 Trommlin's
2293 4644 2428 4684 Diensten

1315 4681 1431 4720 standen
1462 4685 1521 4718 und
1555 4684 1604 4723 sich
1625 4685 1704 4723 wohl
1723 4695 1781 4719 nur
1801 4686 1900 4726 schwer
1919 4686 2021 4719 darein
2039 4687 2127 4727 fügen
2146 4688 2279 4727 mochten,
2297 4689 2351 4722 den
2370 4689 2428 4723 Be¬

1316 4726 1408 4766 fehlen
1439 4728 1520 4762 eines
1541 4729 1683 4769 Fremden
1713 4740 1746 4770 zu
1777 4730 1935 4771 gehorchen.
1975 4730 2039 4770 Für
2060 4731 2171 4771 Julian
2198 4733 2267 4772 ging
2288 4734 2349 4767 dies
2371 4738 2428 4767 aus

1315 4772 1369 4805 den
1389 4773 1603 4813 gelegentliche»
1624 4774 1833 4815 Aeußerungen
1866 4774 1941 4808 einer
1962 4774 2046 4814 Frau
2067 4777 2179 4816 hervor,
2210 4776 2308 4818 welche
2330 4788 2360 4811 er
2381 4778 2428 4818 für

1315 4817 1361 4850 die
1381 4818 1526 4858 Führung
1557 4818 1647 4857 seiner
1676 4819 1934 4861 wirthschastlichen
1952 4819 2208 4860 Angelegenheiten
2240 4821 2291 4860 seit
2320 4823 2429 4863 einiger

1315 4861 1382 4903 Zeit
1414 4862 1447 4895 in
1477 4862 1579 4902 Dienst
1613 4873 1779 4903 genommen
1811 4865 1897 4905 hatte.
1941 4863 1996 4897 Sie
2028 4875 2093 4898 war
2120 4865 2165 4899 die
2198 4866 2318 4900 Wittwe
2349 4868 2428 4902 eines

1315 4906 1500 4945 Schneiders,
1534 4909 1583 4941 der
1613 4909 1740 4942 weiland
1770 4909 1814 4943 die
1846 4908 1953 4942 Würde
1982 4908 2062 4942 eines
2092 4909 2271 4951 StadtrathS
2300 4912 2430 4947 bekleidet

1314 4950 1400 4991 hatte,
1420 4951 1482 4984 und
1502 4951 1573 4991 fand
1593 4952 1669 4988 keine
1688 4953 1805 4993 Ironie,
1837 4953 1955 4992 sondern
1973 4962 2032 4987 nur
2053 4953 2135 4987 einen
2155 4955 2238 4995 ihren
2258 4955 2429 4992 Anteceden-

1314 4996 1372 5028 tien
1393 4995 1591 5035 gebührenden
1611 4996 1721 5031 Tribut
1742 4998 1838 5037 darin,
1870 5006 1951 5031 wenn
1970 5006 2039 5031 man
2061 4997 2099 5038 sie
2119 4998 2170 5033 mit
2192 4999 2297 5040 „Frau
2319 5002 2428 5036 Stadt-

1314 5039 1433 5078 räthin"
1457 5041 1597 5079 anredete,
1627 5046 1694 5075 was
1724 5043 1756 5075 in
1775 5043 1824 5076 der
1845 5041 1922 5081 That
1942 5041 2008 5080 auch
2030 5042 2180 5083 allgemein
2202 5044 2324 5085 geschah.
2365 5046 2428 5086 Ihr

1312 5084 1509 5124 verstorbener
1529 5085 1630 5119 Mann
1650 5096 1716 5119 war
1734 5087 1784 5120 der
1803 5086 1921 5120 Bruder
1940 5094 2003 5119 von
2017 5085 2104 5126 Frau
2122 5087 2317 5123 Trommlin's
2327 5090 2428 5131 Haus¬

1312 5127 1449 5169 hälterin,
1469 5129 1633 5169 derjenigen
1654 5130 1774 5170 Person,
1803 5129 1902 5169 welche
1922 5129 1973 5163 mit
1993 5130 2056 5164 dem
2080 5131 2202 5166 Eintritt
2221 5133 2275 5166 deS
2295 5133 2427 5168 Verwal¬

1312 5176 1374 5205 ters
1403 5182 1452 5206 am
1483 5173 1596 5213 meisten
1625 5183 1685 5208 von
1715 5174 1791 5212 ihrer
1812 5174 1960 5207 Autorität
1991 5174 2144 5216 eingebüßt
2169 5177 2256 5215 hatte.
2299 5178 2343 5212 ES
2363 5187 2427 5212 war

1312 5216 1401 5254 daher
1431 5216 1584 5256 erklärlich,
1613 5217 1676 5257 daß
1701 5218 1749 5251 die
1770 5217 1997 5258 „Stadträthin"
2018 5219 2066 5252 die
2085 5219 2188 5260 Partei
2207 5220 2287 5260 ihrer
2308 5221 2427 5261 Schwä¬

1314 5259 1395 5298 gerin
1416 5259 1518 5300 ergriff
1540 5261 1599 5295 und
1620 5261 1674 5301 auf
1692 5262 1746 5296 den
1756 5260 1920 5296 Advokaten
1941 5262 2005 5296 Übel
2026 5273 2061 5303 zu
2075 5264 2201 5304 sprechen
2220 5274 2297 5305 war,
2317 5265 2347 5304 so
2368 5269 2427 5300 ent¬

1312 5303 1434 5344 schieden
1454 5304 1504 5344 sich
1527 5305 1593 5344 auch
1614 5305 1729 5345 Julian
1758 5306 1819 5347 ihre
1842 5306 2056 5347 gelegentlichen
2078 5308 2195 5349 giftigen
2216 5309 2427 5349 Aeußerungen

1311 5349 1384 5382 über
1403 5349 1499 5388 seinen
1520 5348 1594 5389 Gast
1612 5350 1746 5384 verbeten
1765 5350 1852 5391 hatte,
1881 5351 1997 5392 welcher
2022 5353 2092 5393 nach
2111 5352 2161 5387 der
2180 5353 2222 5387 im
2240 5353 2427 5388 Trommlin'-

2507 1288 2611 1335 haben
2648 1290 2745 1335 wird,
2784 1292 2867 1331 wird
2905 1292 2956 1332 die
2980 1293 3194 1344 Verfassung,
3232 1296 3286 1335 der
3312 1296 3378 1336 Sie
3402 1297 3466 1346 Hr.
3492 1297 3610 1339 Maire

2505 1339 2541 1386 so
2564 1339 2699 1388 ergeben
2724 1341 2806 1386 find,
2833 1342 2903 1381 und
2927 1343 3022 1382 deren
3046 1346 3156 1383 treuer
3180 1344 3330 1394 Wächter
3356 1346 3402 1394 ich
3425 1346 3496 1393 bin,
3525 1348 3608 1395 ohne

2504 1388 2688 1438 Hemmniß
2727 1391 2965 1438 funktioniren,
3004 1404 3065 1432 um
3101 1394 3152 1434 die
3186 1395 3270 1434 volle
3297 1395 3526 1446 Entwicklung
3551 1398 3606 1438 der

2503 1440 2702 1479 nationalen
2732 1440 2930 1489 Wohlfahrt
2964 1453 3005 1490 zu
3028 1442 3179 1492 sichern."
3233 1445 3344 1485 Wenn
3371 1447 3433 1485 das
3459 1447 3510 1486 die
3535 1454 3607 1487 ver¬

2502 1487 2667 1536 sprochene
2705 1490 2870 1539 politische
2907 1491 3187 1541 Programmrede
3224 1495 3281 1533 des
3308 1495 3527 1544 Präsidenten
3553 1498 3605 1543 ist,

2502 1537 2536 1585 so
2562 1539 2646 1586 muß
2672 1549 2753 1579 man
2781 1540 2933 1589 gestehen,
2961 1542 3025 1588 daß
3053 1542 3095 1590 sie
3121 1544 3189 1582 eine
3205 1544 3308 1593 höchst
3325 1545 3534 1595 unschuldige
3550 1547 3603 1594 ist.

2817 1659 3291 1717 Eidgenofferrfchaft.

2576 1736 2616 1772 —
2647 1736 2972 1783 Bundesstadt.
3023 1740 3108 1785 Nach
3147 1741 3227 1779 einer
3260 1742 3509 1789 Korrespondenz
3547 1745 3601 1783 des

2505 1785 2720 1828 „Landboten"
2762 1787 2799 1830 ist
2838 1798 2890 1824 am
2928 1792 2977 1825 11.
3003 1789 3187 1834 September
3224 1792 3288 1828 eine
3320 1793 3514 1839 Abordnung
3551 1795 3603 1832 der

2498 1836 2633 1881 Tesfiner
2657 1836 2834 1883 Regierung
2858 1838 2894 1874 in
2917 1838 3008 1875 Bem
3032 1841 3209 1886 angelangt,
3234 1852 3291 1878 um
3314 1842 3373 1879 den
3394 1843 3600 1890 Bundesrath

2498 1885 2572 1921 über
2597 1886 2653 1922 den
2678 1885 2818 1930 Konflikt
2857 1888 2891 1924 in
2917 1886 3016 1932 ihrem
3043 1889 3171 1926 Kanton
3195 1901 3233 1936 zu
3257 1892 3474 1937 unterrichten.
3528 1894 3598 1931 Mit

2498 1935 2590 1979 Recht
2614 1935 2693 1971 wird
2717 1935 2889 1983 beigefügt:
2918 1937 3000 1975 Dem
3024 1938 3244 1984 benachbarten
3255 1940 3383 1984 Italien
3407 1942 3518 1979 immer
3542 1944 3601 1981 das

2498 1984 2684 2030 Schauspiel
2708 1986 2800 2029 dieser
2823 1986 2988 2033 traurigen
3011 1988 3229 2035 Verhältnisse,
3259 1991 3318 2027 wie
3342 1992 3448 2036 Tessin
3469 1992 3510 2036 sie
3533 1993 3598 2038 hat.

2497 2044 2536 2078 zu
2561 2034 2729 2079 gewähren,
2770 2035 2806 2079 ist
2843 2037 2939 2072 weder
2976 2038 3028 2081 für
3054 2038 3150 2084 diesen
3174 2040 3312 2083 Kanton,
3352 2041 3423 2086 noch
3462 2042 3517 2086 für
3554 2042 3602 2079 die

2497 2083 2635 2129 Schweiz
2660 2084 2834 2130 überhaupt
2860 2093 2920 2123 von
2933 2086 3046 2133 Nutzen
3072 2089 3136 2125 und
3160 2090 3286 2134 gereicht
3310 2091 3436 2136 unseren
3460 2091 3601 2137 republi»

2498 2133 2647 2181 konischen
2674 2133 2904 2178 Institutionen
2928 2136 3075 2183 wahrlich
3102 2138 3184 2183 nicht
3207 2150 3264 2184 zur
3289 2139 3379 2186 Ehre.

2573 2204 2613 2209 —
2644 2183 2732 2220 Die
2758 2183 3069 2232 Einführung
3107 2188 3182 2224 der
3208 2190 3597 2236 Erfindungspa-

2494 2235 2623 2269 tente
2647 2233 2696 2270 in
2732 2233 2809 2268 der
2833 2234 3043 2280 Schweiz.
3096 2237 3177 2281 Herr
3199 2238 3405 2285 Bundesrath
3432 2240 3519 2285 Droz
3542 2241 3599 2286 hat

2494 2282 2634 2326 hierüber
2659 2282 2747 2319 einen
2772 2282 3034 2330 Gesetzesentwurs
3072 2288 3312 2332 ausgearbeitet,
3353 2290 3419 2325 dem
3444 2289 3510 2327 eine
3535 2290 3594 2327 all¬

2495 2332 2595 2377 seitige
2619 2332 2830 2378 Beleuchtung
2867 2334 2960 2379 dieser
2985 2335 3039 2379 für
3076 2337 3181 2381 unsere
3205 2337 3369 2382 Industrie
3391 2340 3456 2375 und
3480 2340 3594 2385 unfern

2495 2381 2644 2417 Ackerbau
2680 2381 2911 2428 hochwichtigen
2949 2384 3051 2430 Frage
3089 2387 3287 2433 vorausgeht.
3339 2389 3410 2424 Aus
3447 2388 3596 2435 derselben

2494 2431 2642 2475 resultirt,
2668 2431 2729 2474 daß
2755 2431 2802 2467 die
2827 2432 2964 2477 Schweiz
2990 2434 3167 2479 Angesichts
3191 2436 3242 2473 der
3258 2437 3425 2483 Vorgänge
3450 2438 3496 2474 im
3509 2440 3595 2476 Aus¬

2493 2480 2567 2517 land
2593 2480 2673 2525 nicht
2698 2482 2805 2526 länger
2830 2483 2896 2518 dem
2912 2483 3064 2528 Prinzipe
3088 2485 3141 2521 des
3160 2486 3375 2532 gewerblichen
3390 2487 3596 2533 Eigenthums

2493 2530 2556 2566 und
2583 2531 2638 2567 den
2667 2536 2728 2567 aus
2767 2531 2931 2576 demselben
2967 2533 3185 2578 resultirenden
3209 2536 3393 2581 Vortheilen
3417 2538 3464 2574 die
3489 2538 3590 2575 Aner¬

2493 2580 2631 2625 kennung
2656 2580 2797 2626 versagen
2822 2581 2902 2626 darf,
2931 2582 3007 2628 ohne
3031 2583 3121 2628 ihren
3150 2585 3332 2630 Wohlstand
3359 2597 3396 2631 zu
3421 2587 3594 2633 gefährden.

2492 2630 2574 2673 Herr
2598 2630 2685 2674 Droz
2713 2630 2873 2675 behandelt
2895 2631 3062 2678 sorgfältig
3096 2634 3146 2670 die
3180 2635 3396 2680 prinzipiellen
3422 2636 3594 2682 Einwürfe,

2492 2678 2596 2723 welche
2633 2689 2724 2724 gegen
2749 2680 2804 2716 den
2829 2680 2938 2726 Schutz
2968 2682 3018 2718 der
3045 2683 3256 2730 Erfindungen
3294 2686 3427 2730 gemacht
3464 2688 3593 2731 werden,

2493 2739 2524 2764 er
2548 2728 2643 2773 findet
2667 2729 2812 2774 dieselben
2842 2730 2924 2775 nicht
2952 2731 3118 2776 begründet
3148 2733 3211 2770 und
3236 2734 3361 2780 gelangt
3385 2735 3533 2782 vielmehr
3558 2747 3597 2781 zu

2490 2777 2648 2823 folgenden
2674 2776 2858 2823 Schlüffen:
2887 2780 2919 2823 1)
2945 2781 3018 2817 Das
3044 2781 3233 2827 Eigenthum
3258 2784 3341 2820 einer
3367 2785 3543 2831 Erfindung
3558 2786 3596 2831 ist

2492 2827 2541 2863 ein
2566 2827 2667 2872 ebenso
2693 2828 2846 2873 legitimes
2871 2829 2931 2865 wie
2970 2830 3125 2877 dasjenige
3149 2832 3232 2869 eines
3264 2834 3454 2871 materiellen
3479 2835 3596 2880 Gegen¬

2490 2877 2611 2920 standes
2624 2889 2634 2922 ;
2660 2877 2756 2921 seiner
2780 2879 2886 2915 Natur
2911 2880 2986 2923 nach
3011 2879 3086 2916 aber
3108 2882 3188 2917 kann
3204 2887 3237 2919 es
3252 2893 3316 2919 nur
3342 2884 3397 2928 auf
3421 2884 3509 2921 einen
3524 2891 3594 2921 vor¬

2491 2926 2713 2972 übergehenden
2738 2926 2848 2974 Schutz
2872 2929 3031 2974 Anspruch
3059 2931 3192 2975 machen,
3219 2932 3343 2976 welcher
3367 2934 3431 2969 dem
3450 2933 3594 2978 Erfinder

2491 2976 2637 3021 gestattet,
2662 2976 2710 3012 die
2734 2977 2925 3014 materiellen
2949 2978 3079 3023 Früchte
3105 2980 3198 3025 seiner
3215 2981 3325 3018 Arbeit
3341 2993 3378 3026 zu
3404 2986 3519 3026 ernten,
3545 2984 3597 3021 der

2490 3026 2675 3070 gesammten
2700 3025 2892 3072 Gesellschaft
2906 3027 3012 3084 Awch
3037 3029 3094 3066 den
3110 3030 3263 3076 Heimfall
3279 3031 3364 3068 eines
3388 3032 3596 3078 Eigenthums

2491 3074 2601 3119 sichert,
2641 3075 2768 3120 welches
2805 3077 2925 3113 Andete
2963 3078 3064 3121 später
3100 3079 3206 3124 hätten
3243 3081 3388 3118 entdecken
3413 3083 3476 3119 und
3503 3083 3593 3119 bean¬

2489 3124 2637 3168 spruchen
2661 3125 2786 3161 können.
2838 3128 2870 3170 2)
2896 3127 2970 3163 Das
3006 3128 3227 3174 Patentsystem
3256 3130 3296 3174 ist
3321 3131 3372 3167 der
3397 3131 3596 3177 allgemeinen

2494 3174 2702 3220 Entwicklung
2726 3175 2778 3210 der
2793 3174 2958 3219 Industrie
2979 3177 3151 3222 förderlich,
3176 3179 3248 3215 weil
3264 3185 3296 3216 es
3313 3180 3370 3217 den
3387 3181 3594 3227 Erfindungs¬

2490 3223 2562 3268 geist
2586 3224 2734 3267 anfeuert.
2762 3225 2834 3261 Das
2852 3225 2993 3269 Beispiel
3016 3227 3069 3264 der
3086 3228 3213 3271 Länder,
3239 3229 3287 3265 die
3303 3234 3336 3267 es
3361 3241 3592 3275 angenommen,

2489 3273 2527 3314 ist
2552 3273 2835 3320 empfehlenswerth
2859 3275 2926 3310 und
2950 3276 2999 3312 die
3021 3276 3181 3320 Kritiken,
3219 3279 3307 3314 deren
3332 3278 3521 3325 Gegenstand
3544 3281 3594 3318 die

2490 3322 2702 3369 Patenigefetze
2739 3323 2815 3368 sind,
2855 3324 2965 3368 weisen
2989 3326 3048 3370 auf
3070 3327 3118 3362 die
3143 3327 3400 3374 Nothwendigkeit
3426 3336 3488 3367 von
3513 3331 3593 3367 Ver-

2487 3371 2681 3417 befferungen
2704 3372 2773 3417 hin,
2811 3374 3017 3419 rechtfertigen
3057 3376 3128 3412 aber
3152 3375 3232 3422 nicht
3255 3378 3303 3413 die
3328 3379 3518 3426 Aufhebung
3540 3381 3594 3418 des

2488 3420 2640 3466 Systems.
2694 3424 2727 3466 3)
2754 3422 2798 3458 Es
2836 3423 2912 3468 liegt
2935 3423 2970 3460 in
2994 3425 3051 3460 den
3080 3425 3202 3470 meisten
3227 3427 3343 3469 Fällen
3372 3429 3419 3465 im
3443 3429 3595 3477 Jntereffe

2487 3471 2538 3506 des
2566 3471 2738 3516 Erfinders,
2766 3472 2814 3508 ein
2839 3473 2953 3517 Patent
2977 3484 3015 3518 zu
3040 3475 3168 3520 nehmen
3193 3477 3257 3513 und
3275 3477 3384 3524 Schutz
3400 3489 3438 3523 zu
3454 3479 3590 3524 fordern.

2566 3521 2606 3557 —
2636 3521 3231 3571 Mobiliarverficherung.
3267 3527 3322 3563 An
3346 3528 3398 3564 der
3422 3529 3517 3572 Hand
3540 3531 3593 3567 der

2489 3569 2645 3606 Statuten
2677 3570 2728 3607 der
2770 3570 3056 3617 „Schweizerischen
3081 3573 3271 3620 Gesellschaft
3310 3587 3349 3620 zu
3386 3579 3595 3625 gegenseitiger

2489 3619 2706 3664 Versicherung
2731 3621 2783 3656 des
2809 3620 2991 3658 Mobiliars
3016 3632 3109 3669 gegen
3122 3624 3373 3670 Brandschaden"
3403 3629 3520 3665 können
3534 3630 3595 3667 wir

2488 3668 2578 3713 heute
2601 3669 2782 3715 mittheilen,
2809 3670 2871 3715 daß
2895 3671 2949 3707 der
2973 3672 3065 3717 durch
3090 3673 3214 3719 Löschen
3239 3676 3426 3722 verursachte
3450 3677 3594 3722 Schaden

2488 3717 2657 3763 allerdings
2683 3720 2818 3763 vergütet
2843 3720 2934 3756 wird.
2969 3722 3053 3766 Nach
3078 3726 3097 3766 8
3122 3728 3141 3758 4
3165 3724 3216 3760 der
3241 3728 3413 3770 genannten
3439 3727 3594 3767 Statuten

2487 3767 2566 3803 wird
2603 3768 2737 3812 nämlich
2777 3771 2936 3815 vergütet:
2976 3772 3027 3807 der
3053 3771 3208 3817 Schaden,
3248 3775 3371 3819 welcher
3408 3776 3456 3813 bei
3495 3778 3593 3816 einem

2485 3817 2613 3852 Brande
2649 3817 2741 3862 durch
2779 3818 2837 3855 das
2861 3819 2983 3865 Waffer
3012 3821 3083 3857 oder
3120 3822 3175 3858 den
3200 3824 3315 3869 Drang
3352 3825 3402 3861 der
3428 3827 3592 3871 Umstände

2485 3865 2606 3902 eintritt
2634 3886 2675 3891 —
2706 3867 2780 3912 auch
2806 3869 2857 3904 der
2882 3869 3033 3914 Schaden,
3073 3871 3200 3915 welchen
3225 3873 3275 3909 ein
3299 3873 3487 3920 Blitzstrahl,
3515 3877 3589 3923 auch

2484 3914 2563 3959 ohne
2589 3917 2770 3960 Anzünden,
2797 3919 2914 3963 zufügt.
2942 3920 2988 3955 Es
2999 3920 3080 3955 wird
3091 3925 3156 3957 uns
3180 3922 3285 3958 weiter
3309 3924 3504 3970 mitgetheilt,
3530 3927 3594 3973 daß

2484 3964 2535 4000 der
2565 3965 2733 4007 „Verband
2750 3967 2799 4002 der
2813 3967 2965 4012 deutschen
2977 3969 3361 4017 Privatverficherungen"
3393 3975 3597 4022 ausdrücklich

2493 4071 2567 4111 schen
2588 4073 2684 4114 Hause
2709 4073 2852 4113 geltenden
2873 4073 3046 4114 Auffassung
3078 4076 3128 4116 sich
3159 4077 3241 4118 durch
3264 4079 3473 4121 Heuchelkünste
3498 4082 3530 4116 in
3549 4083 3595 4117 die

2495 4115 2586 4156 Gunst
2615 4118 2664 4150 der
2684 4118 2791 4158 Herrin
2812 4117 3018 4159 eingeschlichen
3048 4121 3108 4154 und
3139 4121 3254 4161 dieselbe
3274 4123 3441 4164 vollständig
3462 4126 3596 4166 umstrickt

2494 4160 2585 4201 haben
2605 4161 2691 4201 sollte.

2548 4205 2674 4243 Obwohl
2693 4205 2805 4244 Julian
2834 4215 2893 4240 von
2925 4206 3026 4247 seinem
3048 4208 3163 4250 Fenster
3194 4215 3251 4244 aus
3284 4211 3363 4245 einen
3384 4212 3492 4255 großen
3512 4214 3598 4255 Theil

2491 4249 2541 4281 des
2561 4259 2617 4282 von
2638 4249 2720 4288 Frau
2742 4250 2906 4284 Trommlin
2926 4252 3093 4293 bewohnten
3114 4254 3227 4294 Hauses
3248 4255 3397 4296 übersehen
3418 4256 3515 4292 konnte
3535 4261 3597 4295 und

2491 4292 2550 4325 eine
2570 4293 2899 4333 Hauptannehmlichkeit
2924 4295 3080 4338 desselben,
3115 4298 3157 4331 die
3187 4307 3255 4332 man
3285 4299 3357 4338 nicht
3389 4300 3536 4342 unbenutzt
3563 4314 3598 4344 zu

2489 4335 2576 4375 lassen
2596 4336 2693 4377 pflegt,
2715 4338 2834 4378 nämlich
2854 4340 2916 4378 jene
2936 4341 3071 4381 herrliche
3085 4342 3231 4382 Veranda,
3251 4343 3319 4383 nach
3340 4345 3388 4379 der
3410 4346 3597 4389 Parkanlage

2489 4379 2677 4420 hinausging,
2697 4381 2727 4421 so
2748 4385 2845 4417 wurde
2866 4384 2911 4417 die
2926 4384 3122 4425 Bewohnerin
3141 4386 3217 4427 selbst
3238 4387 3302 4426 doch
3324 4390 3370 4423 nie
3390 4390 3493 4429 seinem
3506 4392 3598 4427 Blicke

2489 4423 2615 4463 sichtbar,
2635 4426 2693 4459 und
2714 4427 2771 4460 das
2781 4426 2916 4468 Gerücht,
2936 4429 2994 4468 daß
3012 4430 3050 4467 sie
3071 4431 3101 4464 in
3121 4430 3243 4471 strenger
3254 4431 3520 4475 Abgeschlossenhett
3537 4446 3597 4472 von

2486 4468 2535 4501 der
2557 4467 2635 4502 Welt
2655 4468 2725 4509 lebe,
2747 4469 2833 4510 schien
2853 4471 2903 4511 sich
2924 4482 2957 4513 zu
2976 4473 3140 4514 bestätigen«
3172 4474 3238 4509 Nur
3259 4485 3298 4509 an
3319 4477 3430 4517 schönen
3451 4479 3596 4523 Abenden,

2488 4521 2571 4546 wenn
2600 4512 2646 4546 die
2677 4514 2847 4555 Dunkelheit
2877 4517 3130 4558 hereingebrochen
3159 4528 3232 4558 war,
3266 4520 3399 4556 bemerkte
3419 4522 3531 4561 Julian
3549 4535 3596 4564 zu¬

2487 4556 2589 4590 weilen
2606 4557 2668 4591 eine
2686 4559 2828 4600 weibliche
2848 4560 2970 4602 Gestalt,
2988 4562 3035 4595 die
3054 4562 3087 4596 in
3107 4564 3160 4597 den
3170 4563 3374 4605 Parkanlagen
3393 4566 3597 4610 lustwandelte,

2486 4601 2555 4635 bald
2587 4602 2771 4643 austauchend
2801 4604 2841 4639 im
2871 4605 3092 4647 Mondenlichte,
3122 4608 3189 4640 bald
3220 4609 3252 4642 in
3282 4609 3336 4644 den
3366 4610 3504 4651 Schatten
3533 4623 3597 4648 ver¬

2488 4645 2669 4686 schwindend.
2708 4648 2820 4688 Julian
2840 4650 3012 4690 vermuthele
3040 4651 3114 4691 nicht
3132 4653 3184 4685 mit
3204 4653 3332 4694 Unrecht,
3361 4655 3420 4695 daß
3439 4656 3484 4690 die
3504 4657 3597 4698 nächt¬

2487 4690 2554 4730 liche
2575 4692 2845 4733 Spaziergängerin
2864 4695 2950 4735 Frau
2968 4696 3136 4731 Trommlin
3154 4697 3201 4737 sei,
3221 4698 3322 4737 welche
3340 4699 3390 4739 für
3408 4700 3452 4734 die
3472 4701 3523 4741 sich
3547 4713 3598 4738 am

2488 4736 2569 4776 Tage
2602 4737 2756 4776 auserlegte
2777 4738 2968 4780 Zimmerhast
2997 4741 3030 4774 in
3056 4741 3105 4775 der
3126 4741 3238 4782 frischen
3259 4743 3414 4784 Abendlust
3433 4744 3597 4786 Entschädi¬

2489 4790 2567 4820 gung
2586 4780 2683 4820 suchte.
2725 4782 2853 4823 Plötzlich
2874 4784 2964 4824 jedoch
2984 4785 3060 4818 blieb
3082 4785 3119 4825 sie
3139 4790 3194 4820 aus
3224 4787 3283 4820 und
3305 4787 3405 4827 Woche
3425 4790 3477 4830 auf
3497 4790 3598 4832 Woche

2487 4825 2619 4864 verging,
2651 4825 2723 4865 ohne
2742 4826 2800 4866 daß
2819 4827 2856 4867 sie
2876 4828 2927 4867 sich
2947 4829 3053 4862 wieder
3074 4830 3178 4870 gezeigt
3197 4831 3286 4871 hätte.
3327 4832 3414 4872 Frau
3431 4832 3598 4870 Trommlin

2488 4868 2548 4908 lag,
2578 4869 2632 4902 wie
2664 4868 2774 4909 Julian
2806 4881 2862 4905 von
2893 4872 3002 4906 Doktor
3022 4873 3120 4907 Beuer
3151 4873 3257 4915 erfuhr,
3287 4885 3327 4909 an
3357 4876 3433 4911 einer
3463 4878 3597 4918 schweren

2488 4912 2641 4953 Krankheit
2660 4914 2820 4949 darnieder.
2840 4916 2900 4949 Die
2917 4917 3156 4957 „Stadträthin",
3177 4919 3291 4958 obwohl
3302 4919 3414 4960 Julian
3433 4921 3469 4961 sie
3484 4924 3592 4961 grund¬

2487 4956 2589 4997 sätzlich
2618 4958 2666 4991 nie
2693 4958 2764 4991 über
2792 4959 2838 4993 die
2858 4959 3118 5001 Angelegenheiten
3146 4962 3234 5002 seiner
3262 4963 3410 5004 seltsamen
3429 4965 3595 5005 Nachbarin

2486 5001 2622 5041 befragte,
2653 5001 2796 5041 berichtete
2829 5004 2882 5037 mit
2911 5005 3053 5046 besorgter
3074 5007 3175 5040 Miene
3206 5018 3264 5041 von
3292 5008 3368 5043 einer
3388 5010 3595 5049 zunehmenden

2488 5044 2759 5085 Verschlimmerung
2788 5048 2837 5080 der
2857 5048 3013 5089 Krankheit
3044 5052 3103 5084 und
3133 5050 3235 5091 endlich
3256 5051 3339 5091 sogar
3371 5062 3428 5085 von
3449 5054 3526 5088 einer
3545 5054 3595 5090 be¬

2486 5088 2684 5129 vorstehenden
2703 5090 2878 5132 Operation,
2900 5093 2952 5133 auf
2971 5094 3071 5134 welche
3090 5095 3136 5129 die
3155 5095 3253 5136 Aerzte
3272 5095 3334 5134 ihre
3352 5096 3425 5135 letzte
3437 5096 3594 5140 Hoffnung

2488 5132 2577 5173 gesetzt
2597 5133 2702 5172 hätten.
2744 5134 2849 5176 Einige
2868 5136 2952 5177 Tage
2971 5138 3079 5178 darauf
3100 5138 3217 5178 erzählte
3237 5139 3283 5172 die
3305 5139 3505 5182 Stadträthin,
3535 5143 3595 5185 daß

2486 5177 2531 5211 die
2550 5177 2714 5217 Operation
2735 5178 2787 5213 mit
2807 5181 2975 5220 glücklichem
2995 5181 3114 5222 Erfolge
3132 5181 3275 5222 vollzogen
3296 5184 3412 5217 worden
3430 5184 3479 5224 sei.
3509 5186 3588 5222 Aber

2485 5221 2586 5255 denken
2606 5221 2666 5256 Sie
2694 5233 2762 5263 nur,
2792 5224 2870 5265 Herr
2899 5225 3057 5266 Professor,
3087 5231 3154 5259 was
3181 5226 3231 5267 sich
3262 5226 3347 5261 dabei
3376 5229 3502 5271 ereignet
3530 5229 3600 5271 hat!

2486 5265 2561 5305 fügte
2582 5266 2618 5306 sie
2638 5267 2670 5300 in
2691 5267 2795 5308 großer
2816 5269 2984 5310 Aufregung
3016 5270 3074 5304 und
3104 5270 3148 5304 ein
3167 5270 3238 5306 über
3257 5272 3315 5305 das
3336 5273 3439 5308 andere
3458 5275 3530 5309 Mal
3551 5276 3599 5311 die

2486 5310 2589 5351 Hände
2608 5310 2913 5353 zusammenschlagend
2933 5315 3027 5355 hinzu.
3055 5315 3116 5356 Ehe
3135 5315 3179 5349 die
3188 5315 3352 5357 Operation
3372 5328 3425 5352 vor
3445 5318 3496 5360 sich
3517 5321 3600 5367 ging,

2484 5354 2578 5395 haben
2596 5356 2643 5390 die
2663 5357 2761 5397 Aerzte
2780 5357 2828 5398 ihr
2847 5358 3035 5399 Chloroform
3056 5360 3199 5402 gegeben;
3225 5361 3294 5395 aber
3316 5366 3348 5396 eS
3368 5373 3430 5397 war
3450 5364 3528 5404 nicht
3547 5375 3595 5405 ge-
