3202 4606
516 543 736 578 Vtoantmcxt.
851 539 855 542 '
853 544 860 556 J

662 579 675 596 1
678 579 682 596 !
705 578 797 601 aiWxt.
814 578 921 599 SIRonote.
934 578 1041 599 33S»nth.

213 600 675 629 aor»(»cn»MiSühnte«bg,h°l>vir»,
694 604 768 630 Sfri».
777 613 802 618 -
821 602 922 629 #».».-
944 603 1008 628 Sr.4.
1016 604 1042 624 SO

211 648 237 701 §
212 626 323 653 *-»««>>
335 627 372 660 <S*
384 633 386 646 1
386 627 433 660 5«
445 626 584 653 Postbunnm,
704 644 714 654 .
737 630 768 649 11.
778 639 802 643 -
831 642 840 652 .
863 629 926 649 10.60
957 642 966 652 .
988 629 1042 649 8.50

238 652 322 674 toliin
332 651 452 685 (MjOujio
464 652 493 673 W
505 654 538 674 der
550 655 671 681 trt*Wtt»n)
704 665 713 680 *
738 654 769 674 »1.
780 664 802 669 -
832 667 842 677 .
864 654 927 674 15.60
958 667 967 677 .
988 654 1043 674 8.50

240 672 684 704 t«nltci4ßk»<muteteitetBtö<feitten)
706 694 715 704 .
740 679 771 699 S8.
780 689 805 693 —
833 681 843 702 .
866 679 891 700 18
891 693 896 698 .
906 689 927 693 -
957 692 966 702 .
976 678 1001 700 10
1002 688 1042 699 .—

388 710 455 731 Deal
459 710 701 737 sch-Ist,rrelchtzcher
711 711 877 738 Plstvertand

426 734 456 770 *?
473 761 491 770 «
489 741 503 756 B
515 737 566 758 terti
567 742 602 764 8«n
615 738 780 762 Ptewnre-nlia
793 737 891 763 MjntSta
904 737 992 763 Preisen:

213 759 308 788 3W
353 762 366 781 7
374 760 430 786 Lhlr.
439 762 465 781 10
473 761 521 787 6gr.
546 765 570 783 14
578 762 598 787 st.
608 765 633 783 M
642 755 671 784 fiT
676 756 769 789 Md/«.
795 763 819 782 1*
826 763 847 787 fl.
856 764 881 783 28
889 763 913 784 h.
922 762 967 783 Mt.
975 763 1044 788 währ.

213 787 230 805 •
245 787 329 808 WoMtt
353 788 399 810 8,
439 788 499 810 SO.
559 790 593 811 7.
609 789 655 812 13,
692 803 701 812 .
806 788 840 811 8,
856 789 903 811 14.
938 802 947 811 .
1008 802 1017 811 .

213 811 230 831 3
244 812 329 834 Smott
354 813 399 836 1,
439 812 500 835 15.
557 814 592 836 8.
607 814 633 833 46
646 826 748 838 ...
806 815 839 837 4,
853 814 878 834 57
892 828 901 837 ,
936 827 946 836 .
1008 828 1017 837 ,

499 845 550 871 Für
566 846 655 867 «nkcrc
672 846 767 868 Sin,»

308 872 349 895 fln,
362 870 494 895 ListrOunzin
507 876 535 891 «n
547 872 576 892 die
589 871 618 895 El
620 872 704 894 Petition
716 873 738 893 in
749 872 819 898 Zürich
832 872 963 897 einznsenten.

1361 798 1649 881 Zweites
1693 798 1915 870 Blatte

2569 554 2726 587 Jiftrift

2233 593 2275 617 In,
2290 599 2317 616 »n
2329 594 2486 620 H»«!,nft,in
2504 596 2522 615 &
2538 596 2629 622 Bögler
2645 597 2668 617 in
2685 596 2762 622 Zürich.
2785 595 2853 621 Bosel,
2870 595 2934 621 Genf,
2948 594 3057 620 Stuttgert,

2377 619 2489 646 Sronlsurt,
2503 621 2578 644 Berlin.
2592 622 2696 647 Hanrbnrg
2708 627 2731 642 x.
2743 626 2770 647 ic,
2783 621 2912 646 ttniuftnbn.
2982 634 2992 649 ..
3005 634 3012 649 r
3014 638 3016 641 .
3021 633 3040 651 i0
3045 642 3048 644 .

2233 651 2454 676 Snserttonlprei«
2466 653 2500 677 für
2512 654 2539 675 bi«
2553 654 2635 679 Schwei,
2647 655 2757 680 20»p.«U
2770 654 2893 680 fUnffbaUigc
2906 653 2966 679 Zeile,
2978 651 3011 677 str
3022 653 3058 674 Ml

2418 678 2512 701 Salten,
2524 680 2548 700 25
2561 681 2610 702 St!.,
2625 680 2636 701 7
2649 681 2730 705 Kttaytt
2742 681 2786 700 ober
2798 680 2811 699 2
2824 679 2873 705 Sgr.

2429 737 2510 758 Bnrean
2521 737 2553 759 ter
2565 737 2680 759 Itedaltion:
2698 737 2831 764 Brnnngnsse,
2843 738 2863 757 2.

2235 794 2267 814 ,n
2281 794 2348 816 Sonn,
2358 797 2398 815 nn»
2410 795 2510 821 gesitagen
2522 797 2570 817 wir,
2581 792 2612 818 ,ie
2624 797 2709 822 Zeitung
2722 797 2799 818 einmal,
2814 800 2842 816 »n
2852 792 2889 816 teil
2901 794 2979 820 übrigen
2992 793 3058 820 Zogt*

2540 821 2625 846 zweimal
2639 822 2762 848 aulgegeben.
2929 825 2933 829 '

2465 878 2555 904 Einzelne
2565 879 2676 900 Hummern
2688 880 2744 904 losten
2759 880 2783 901 10
2795 879 2836 904 8ip.

235 942 492 1014 Zürich,

1275 947 1574 1013 Donnerstag,
1611 948 1684 1002 18.
1719 948 1860 1016 März
1897 950 2024 1003 1875.

2845 951 2924 1001 M
2956 950 3045 1004 140

301 1098 576 1141 Schweizerische
597 1100 1036 1141 Bundesversammlung.

315 1184 595 1225 Ständerath.
628 1184 747 1225 Sitzung
761 1191 825 1216 vom
848 1185 898 1215 17.
911 1182 1010 1224 März.

258 1247 309 1279 Aus
323 1247 366 1274 der
381 1242 490 1276 heutigen
502 1242 697 1275 Tagesordnung
715 1242 802 1275 stehen:

258 1286 285 1316 1.
301 1280 366 1313 Di«
382 1279 709 1312 Büdgetpostulate.
730 1278 792 1312 Noch
802 1278 904 1311 bestehen
913 1278 965 1306 vier
974 1278 1131 1312 Differenzen.

194 1322 267 1358 Bgl.
286 1317 566 1350 RationalrathSverhdl.
591 1325 647 1345 vom
674 1317 712 1345 13.
730 1318 767 1345 ds.
792 1316 833 1344 der
859 1316 891 1344 N.
909 1315 939 1350 Z.
960 1315 988 1350 Z.
1015 1316 1058 1344 Nr.
1077 1316 1132 1344 131.

194 1360 322 1396 Postulat
338 1358 385 1387 Nr.
399 1354 419 1382 4
434 1354 492 1381 betr.
504 1354 654 1388 Uebergriffe
671 1355 698 1382 in
714 1354 750 1382 die
769 1352 864 1382 Kredite
881 1353 965 1381 milder
982 1353 1133 1386 Stiftungen.

196 1391 552 1428 Di«Kommiffionsmehrheit
564 1391 775 1424 (Berichterstatter
785 1390 830 1425 Hr.
849 1389 986 1423 Vigier)
1005 1392 1134 1424 beantragt

197 1436 376 1472 Zustimmung
399 1437 453 1463 zum
473 1428 657 1462 Nationalrath,
683 1429 730 1464 Hr.
748 1428 773 1456 S
785 1436 802 1456 u
809 1428 818 1455 l
825 1436 835 1461 z
844 1437 856 1455 e
866 1437 878 1456 r
896 1427 978 1460 jedoch,
1004 1427 1134 1460 unterstützt

191 1481 256 1503 von
282 1469 344 1507 Hrn-
365 1466 500 1499 Keller,
526 1465 673 1501 Festhalten;
699 1470 725 1494 es
754 1465 829 1499 stehe»
845 1465 886 1499 sich
911 1465 948 1493 bei
973 1466 1013 1492 der
1032 1464 1133 1497 Abstim¬

198 1519 287 1543 mung
304 1508 336 1536 14
353 1512 425 1540 gegen
442 1504 475 1531 14
492 1504 616 1532 Stimmen
634 1503 774 1537 gegenüber,
799 1503 846 1530 und
869 1504 910 1530 der
925 1502 1061 1534 Präsident,
1087 1503 1134 1536 Hr.

198 1542 318 1582 Köchlin,
335 1541 466 1576 entscheidet
483 1541 521 1572 sür
534 1540 678 1574 Festhalten.
698 1555 727 1560 —
744 1540 854 1573 Postulat
872 1540 916 1568 Nr.
925 1540 942 1566 6
959 1540 1018 1567 betr.
1028 1539 1133 1572 Büdget-

198 1588 300 1620 ansätze
316 1582 356 1617 sür
372 1581 408 1608 die
425 1578 673 1611 Kontrolingenieurs
701 1578 760 1606 wird
779 1577 821 1606 mit
837 1578 887 1605 dem
906 1576 1079 1609 Nationalrath
1098 1586 1135 1610 ge>

197 1623 314 1657 Erichen.
331 1633 363 1638 —
380 1616 426 1645 Nr.
435 1615 453 1642 8
469 1615 528 1643 betr.
546 1616 582 1643 die
600 1614 737 1647 Baupfiicht
755 1623 802 1642 von
820 1614 904 1649 Zürich
922 1615 971 1641 und
987 1614 1061 1642 Bern.
1086 1614 1135 1642 Die

201 1657 371 1691 Kommission
386 1655 516 1686 beantragt
532 1652 666 1686 Festhalten
692 1653 740 1680 und
757 1653 818 1680 wird
835 1660 882 1679 von
898 1652 962 1685 Hrn.
977 1652 1135 1684 Bundesrath

202 1695 344 1728 Knüsel
361 1691 525 1726 nachdrücklich
542 1690 680 1724 unterstützt,
702 1690 757 1718 weil
774 1690 811 1718 die
827 1698 882 1717 vom
899 1689 1075 1721 Nationalrath
1093 1697 1136 1716 an¬

203 1740 365 1770 genommene
392 1728 537 1762 Streichung
563 1736 611 1756 von
636 1730 678 1756 der
706 1727 801 1760 Preffe,
826 1726 963 1758 namentlich
989 1734 1037 1754 von
1060 1726 1136 1754 einem

202 1772 333 1809 «sfiziösen
349 1769 438 1801 Organ
456 1766 497 1793 des
515 1759 628 1793 Kantons
646 1764 721 1798 Bern,
738 1765 780 1792 als
798 1764 833 1791 ein
850 1764 955 1796 Verzicht
972 1763 1013 1791 der
1025 1764 1136 1792 Bnndes-

202 1812 332 1846 behörden
357 1805 399 1838 auf
424 1804 462 1831 die
478 1802 564 1835 Pflicht
592 1803 633 1830 der
659 1806 792 1837 genannten
816 1802 876 1829 Orte
901 1801 1026 1834 ausgelegt
1051 1801 1135 1828 werde.

205 1847 263 1884 Hr.
282 1841 537 1875 Bodenheimer
561 1839 652 1872 (Bern)
679 1840 804 1872 beantragt
828 1837 960 1872 umgekehrt
985 1837 1138 1871 Streichung,

204 1886 271 1915 weil
297 1884 333 1911 die
352 1877 542 1914 gegenwärtigen
559 1876 762 1909 Verhandlungen
787 1876 843 1903 über
869 1875 906 1903 die
924 1874 1002 1906 Sache
1028 1874 1087 1906 nicht
1111 1875 1138 1902 in

203 1922 299 1957 irgend
325 1919 389 1947 einer
406 1914 523 1947 Richtung
550 1913 681 1946 beeinflußt
707 1914 799 1941 werden
823 1912 903 1943 sollen.
939 1911 991 1939 Mit
1008 1912 1041 1939 26
1065 1919 1138 1944 gegen

204 1962 225 1988 1
247 1959 356 1989 Stimme
380 1952 443 1981 wird
468 1952 515 1979 das
540 1950 652 1983 Postulat
678 1950 834 1984 sestgehalten.
850 1963 883 1968 —
901 1949 947 1976 Nr.
965 1948 998 1974 10
1022 1951 1082 1976 betr.
1100 1948 1139 1975 die

205 1996 365 2032 konsequente
389 1989 567 2021 Beibehaltung
593 1989 636 2015 der
661 1988 776 2020 einzelnen
801 1985 987 2019 Büdgetansätze
1012 1985 1139 2017 innerhalb

206 2037 283 2064 einer
307 2032 355 2060 und
378 2026 497 2058 derselben
514 2025 682 2058 Verwaltung.
717 2025 780 2057 Nach
806 2024 901 2057 Antrag
925 2023 966 2050 der
983 2022 1140 2055 Kommission

206 2073 280 2103 wird
297 2067 402 2101 dasselbe
421 2063 524 2095 ausrecht
542 2062 656 2096 erhalten,
674 2064 760 2090 indem
775 2062 863 2093 Sinne,
880 2059 926 2093 daß
945 2064 971 2087 es
989 2062 1052 2093 auch,
1070 2068 1139 2087 wenn

207 2115 257 2140 der
277 2101 452 2137 Nationalrath
480 2100 522 2133 aus
547 2101 588 2127 der
606 2100 749 2132 Streichung
774 2100 890 2131 beharren
907 2097 980 2130 sollte,
1005 2098 1045 2125 als
1070 2096 1141 2128 bloße

210 2146 361 2177 Einladung
377 2142 420 2168 des
439 2136 620 2170 Ständerathes
638 2145 670 2164 an
688 2137 732 2163 den
749 2135 905 2167 Bundesrath
923 2134 999 2167 gelten
1016 2132 1065 2166 soll.

270 2183 287 2211 2
288 2200 295 2207 .
311 2181 333 2214 F
342 2188 355 2206 r
365 2186 379 2206 a
389 2177 410 2210 ch
421 2178 430 2202 t
440 2183 455 2207 g
465 2183 475 2202 e
487 2174 495 2206 s
506 2183 517 2201 e
527 2178 549 2207 tz.
584 2173 627 2201 Da
653 2173 701 2208 Hr.
718 2172 738 2200 K
747 2175 761 2199 ö
772 2172 792 2205 ch
802 2172 810 2197 l
819 2172 827 2199 i
836 2180 851 2198 n
878 2171 917 2199 als
943 2169 1142 2202 Berichterstatter

209 2225 260 2251 der
279 2215 438 2248 Kommission
461 2211 554 2245 sungirt
578 2211 628 2238 und
653 2211 699 2246 Hr-
716 2208 893 2242 Vizepräsident
916 2207 983 2240 Rin
993 2208 1067 2240 gier
1093 2207 1143 2234 ab¬

211 2257 283 2289 wes
292 2265 303 2284 e
312 2264 327 2282 n
336 2255 351 2282 d
368 2252 402 2286 ist,
431 2249 454 2281 so
481 2248 544 2276 wird
569 2256 619 2275 von
638 2247 753 2280 Ersterem
782 2245 827 2280 Hr.
843 2245 956 2277 Kopp,
983 2246 1144 2278 abgetretener

210 2292 349 2328 Präsident
364 2290 407 2316 des
416 2286 512 2319 Rathes
530 2285 625 2318 ersucht,
641 2286 687 2313 den
696 2282 785 2316 Bdrfitz
801 2290 828 2315 zu
844 2282 939 2315 führen.
949 2296 978 2300 —
988 2282 1038 2309 Die
1054 2280 1144 2312 stände-

209 2330 331 2365 räthliche
348 2323 504 2356 Kommission
522 2324 657 2355 beantragt,
683 2322 709 2348 in
735 2322 800 2350 einer
819 2319 947 2353 Mehrzahl
972 2327 1020 2346 von
1037 2317 1145 2351 Punkten

211 2372 265 2398 den
284 2363 428 2398 Beschlüffen
445 2362 488 2387 des
505 2359 709 2392 Nationalrathes
726 2357 892 2391 zuzustimmen,
915 2356 1022 2388 dagegen
1046 2355 1098 2389 hält
1115 2355 1146 2387 sie

210 2408 243 2435 in
264 2404 369 2432 anderen
384 2398 433 2426 und
452 2397 476 2424 in
493 2396 615 2429 wichtigen
625 2395 782 2428 wesentlichen
791 2394 887 2427 Fragen
904 2393 941 2420 die
952 2392 1145 2425 ursprünglichen

213 2432 507 2473 Ständerathsbeschlüffe
524 2439 578 2460 vom
597 2431 637 2459 21.
655 2431 757 2459 Oktober
774 2439 795 2458 v.
813 2430 841 2462 I.
861 2429 971 2460 ausrecht.

272 2478 312 2512 In
327 2477 368 2504 der
385 2471 462 2507 Folge
478 2472 521 2497 der
537 2468 629 2498 Artikel
645 2468 748 2496 kommen
765 2476 792 2494 in
807 2466 981 2499 Behandlung:

273 2516 327 2545 Art.
345 2513 368 2539 1.
401 2508 459 2538 Wir
475 2506 559 2540 treffen
577 2506 629 2538 hier
647 2505 717 2538 gleich
735 2504 778 2536 auf
795 2504 843 2531 eine
860 2505 901 2531 der
918 2502 1056 2535 wichtigste»
1067 2502 1146 2535 Diffc-

214 2561 315 2589 renzen.
348 2550 400 2577 Der
412 2543 586 2576 Nationalrath
606 2542 716 2575 beschloß,
734 2545 760 2569 es
778 2540 847 2573 sollen
864 2541 900 2567 die
913 2539 1079 2572 Eisenbahnen
1096 2539 1146 2566 ein¬

212 2593 272 2627 fach
289 2597 329 2623 zur
341 2584 507 2618 Besörderung
525 2579 667 2613 verpflichtet
689 2580 735 2611 sein
752 2578 791 2610 für
809 2577 910 2610 Verkehr
928 2576 972 2607 auf
988 2575 1145 2607 inländischen

215 2631 273 2659 und
300 2620 478 2654 ausländischen
493 2618 607 2651 Bahnen,
634 2618 675 2643 der
697 2614 850 2647 Ständerath
875 2615 981 2646 dagegen
1004 2612 1147 2645 beschränkte

214 2667 284 2701 diese
301 2659 479 2694 Verpflichtung
497 2656 540 2683 mit
557 2656 607 2682 dem
626 2653 720 2688 Zusatz:
743 2652 836 2685 „soweit
854 2653 882 2682 sie
900 2651 942 2678 mit
959 2651 1003 2677 den
1019 2650 1147 2677 ausländi¬

215 2707 288 2738 schen
305 2699 408 2732 Bahnen
426 2695 452 2721 in
469 2692 571 2725 Verkehr
589 2691 688 2724 stehen."
722 2690 819 2718 Bereits
844 2689 878 2715 im
896 2686 1069 2718 Nationalrath
1095 2686 1146 2718 find

214 2742 286 2776 diese
301 2738 367 2767 beide
377 2732 515 2768 Faffungen
532 2730 559 2758 in
567 2728 711 2761 Diskussion
727 2727 857 2760 gekommen
874 2726 932 2758 (vgl.
944 2724 1146 2756 Nationalraths¬

218 2774 424 2812 verhandlungen
441 2770 483 2797 der
500 2769 533 2796 N.
542 2766 613 2801 Z.Z.
630 2766 676 2794 Nr.
685 2765 752 2798 127).
786 2763 833 2792 Die
849 2761 1004 2793 Kommission
1021 2762 1148 2793 beantragt

219 2813 345 2847 nunmehr
363 2807 499 2844 Festhalten
516 2813 556 2836 am
572 2803 684 2837 früheren
695 2799 971 2834 Ständerathsbeschluß,
988 2800 1019 2826 da
1037 2797 1079 2826 mit
1096 2798 1147 2825 dem

219 2843 525 2885 Nationalrathsbeschluß
551 2840 689 2872 namentlich
715 2838 751 2867 die
777 2837 961 2871 schweizerischen
986 2836 1089 2870 Bahnen
1114 2835 1147 2862 im

219 2886 373 2924 Verhältniß
388 2891 417 2918 zu
433 2883 478 2909 den
496 2878 676 2910 ausländischen
694 2886 720 2910 zu
732 2876 784 2909 sehr
799 2875 893 2907 belastet
904 2874 1009 2901 würden.
1042 2873 1079 2902 Es
1096 2880 1149 2899 ver-

219 2926 346 2964 theidigen
362 2921 421 2954 diese
434 2918 527 2951 Ansicht
545 2917 582 2944 die
594 2915 651 2950 HH.
669 2915 692 2944 K
701 2918 714 2942 ö
723 2914 745 2947 ch
755 2915 764 2940 l
772 2914 782 2941 i
791 2921 807 2941 n
823 2913 872 2940 und
888 2911 1150 2943 Bodenheimer.

218 2970 274 3004 Hr.
293 2960 421 2993 Sulzer
447 2956 530 2988 bringt
556 2954 625 2981 einen
650 2951 827 2980 vermittelnden
844 2950 1015 2985 Zusatzantrag
1039 2948 1085 2979 ein,
1109 2955 1151 2974 um

218 3007 264 3034 die
282 2998 392 3032 Aufgabe
419 2996 461 3023 der
478 2990 646 3025 Eisenbahnen
671 2990 712 3018 als
733 2988 882 3021 Spediteurs
905 2994 971 3019 zwar
995 2994 1023 3019 zu
1046 2985 1152 3018 fordern,

221 3044 287 3071 aber
317 3033 416 3071 zugleich
446 3032 485 3059 als
514 3030 563 3057 und
591 3036 625 3055 an
648 3026 725 3055 Stelle
754 3033 801 3053 vo»
819 3024 972 3058 Spediteurs,
1006 3032 1045 3050 um
1079 3021 1153 3054 dieses

222 3069 446 3112 Schmarotzervolk
462 3067 572 3099 allmälig
589 3073 618 3097 zu
632 3064 765 3097 beseitigen,
782 3063 807 3091 in
824 3060 1012 3094 beschränkender
1031 3059 1107 3091 Weise
1124 3067 1152 3092 zu

221 3114 357 3150 reguliren.
391 3109 428 3137 Er
446 3108 534 3134 lautet:
561 3103 626 3137 „Die
643 3102 772 3133 Annahme
789 3108 835 3128 von
853 3098 1030 3133 Frachtbriefen
1054 3097 1093 3128 sür
1118 3097 1154 3124 di¬

221 3154 304 3183 rekten
321 3147 424 3180 Verkehr
443 3144 486 3171 mit
502 3144 554 3170 dem
571 3139 686 3169 Ausland
710 3138 772 3166 kann
789 3145 835 3165 von
852 3138 896 3164 den
913 3134 1154 3167 Eisenbahnverwal-

221 3196 318 3224 tungen
344 3184 386 3217 aus
411 3181 463 3211 «ine
479 3181 532 3208 dem
549 3177 701 3210 diessälligcn
718 3174 853 3207 Bedürsniß
870 3172 1041 3206 entsprechende
1059 3169 1155 3203 Anzahl

220 3237 278 3258 von
296 3222 429 3253 Stationen
447 3215 575 3250 beschränkt
593 3214 686 3242 werden
705 3209 939 3246 (Exporlstationen).
973 3209 1067 3242 Finden
1085 3207 1155 3239 solche

222 3262 418 3296 Versendungen
436 3255 479 3288 aus
495 3256 601 3282 anderen
619 3251 751 3280 Stationen
768 3249 830 3282 statt,
854 3248 880 3280 so
895 3246 922 3279 ist
947 3246 973 3273 in
990 3247 1041 3273 dem
1057 3244 1155 3277 Fracht¬

222 3300 292 3333 brief
318 3297 391 3326 neben
417 3293 470 3322 dem
495 3290 636 3326 definitiven
652 3287 870 3321 Bestimmungsort
895 3284 944 3311 ein«
964 3283 1036 3315 dieser
1054 3281 1156 3313 Export-

222 3340 347 3374 stationen
364 3341 391 3366 zu
409 3329 548 3363 bezeichnen,
565 3335 615 3355 von
632 3328 702 3354 deren
718 3324 837 3357 Vorstand
855 3322 961 3350 alsdann
977 3321 1019 3347 der
1035 3317 1157 3351 definitive

1184 1073 1265 1101 direkte
1283 1074 1428 1107 Frachtbrief
1446 1074 1609 1107 auzufertigen
1634 1074 1683 1102 und
1709 1074 1747 1102 ein
1765 1074 1880 1106 Duplikat
1907 1074 2027 1107 desselben
2051 1076 2102 1102 dem

1183 1110 1302 1142 Absender
1326 1120 1353 1144 zu
1376 1112 1528 1140 übermitteln
1544 1111 1595 1144 ist."
1616 1125 1647 1130 —
1666 1110 1717 1149 Für
1735 1111 1773 1139 die
1790 1111 1898 1146 Faffung
1915 1113 1957 1140 des
1975 1112 2102 1140 National-

1183 1148 1385 1182 rathsbeschluffes
1402 1149 1459 1182 steht
1475 1149 1580 1182 dagegen
1599 1148 1638 1176 ein
1655 1148 1699 1183 Hr.
1717 1148 1877 1181 Bundesrath
1900 1148 2037 1181 Schenk,
2060 1150 2102 1177 der

1182 1185 1344 1218 nachdrücklich
1361 1185 1511 1220 hervorhebt,
1527 1184 1576 1218 daß
1593 1185 1631 1213 die
1647 1184 1752 1216 Bahnen
1768 1193 1817 1214 nur
1832 1185 1898 1217 ihrer
1915 1189 1965 1213 aus
1980 1186 2033 1213 dem
2043 1186 2104 1213 Ver¬

1182 1222 1361 1255 kehrsmonopol
1378 1222 1573 1255 entspringenden
1591 1221 1771 1255 Verpflichtung
1793 1222 1961 1256 Nachkommen,
1988 1231 2056 1251 wenn
2072 1222 2104 1255 sie

1182 1259 1207 1286 in
1223 1259 1374 1292 allgemeiner
1392 1259 1470 1291 Weise
1487 1260 1527 1287 als
1541 1258 1691 1291 Spediteurs
1706 1258 1872 1293 sunktioniren,
1890 1259 1920 1287 ob
1937 1260 1981 1287 mit
1997 1259 2104 1287 direktem

1183 1297 1236 1324 oder
1254 1297 1415 1329 gebrochenem
1432 1296 1543 1329 Verkehr,
1559 1296 1604 1323 mit
1622 1295 1696 1325 einem
1713 1296 1768 1324 oder
1786 1297 1855 1329 mehr
1872 1296 2048 1330 Frachtbriefen
2065 1305 2105 1329 rc-,

1182 1335 1227 1361 das
1244 1333 1276 1365 sei
1294 1334 1358 1361 dann
1375 1333 1426 1360 eine
1443 1333 1567 1365 sekundäre
1584 1333 1680 1366 Frage;
1702 1333 1753 1366 hier
1770 1333 1857 1366 handle
1873 1337 1901 1361 e?
1918 1334 1960 1366 sich
1985 1342 2027 1361 um
2044 1333 2104 1366 Auf¬

1182 1370 1279 1403 stellung
1308 1371 1351 1398 des
1380 1370 1534 1403 allgemeinen
1551 1369 1719 1402 Grundsatzes.
1754 1370 1892 1403 Umgekehrt
1920 1371 2027 1404 replizirt
2054 1371 2102 1405 Hr.

1182 1407 1336 1440 Köchlin,
1352 1407 1401 1440 daß
1418 1407 1491 1440 dieser
1509 1407 1648 1439 allgemeine
1655 1406 1791 1439 Grundsatz
1808 1408 1864 1436 eben
1880 1408 1935 1440 doch
1953 1407 2104 1440 nothwendig

1183 1445 1225 1473 mit
1250 1446 1294 1472 den
1315 1444 1541 1479 Hastpflichtssätzen
1559 1453 1584 1471 u.
1603 1444 1620 1477 s.
1637 1452 1667 1472 w.
1693 1444 1717 1471 in
1735 1444 1893 1477 Verbindung
1918 1444 1985 1477 stehe.
2019 1445 2104 1472 Weder

1183 1482 1237 1514 nach
1255 1482 1378 1514 deutschem
1396 1481 1450 1514 noch
1469 1480 1524 1514 nach
1541 1480 1711 1513 sranzösischem
1723 1481 1791 1513 Recht
1809 1482 1884 1509 werde
1902 1481 1928 1509 in
1945 1481 2029 1515 solcher
2040 1482 2104 1514 theo¬

1184 1519 1285 1550 retischer
1303 1518 1380 1550 Weise
1397 1521 1474 1546 etwas
1491 1517 1600 1551 praktisch
1619 1525 1678 1551 ganz
1694 1517 1860 1551 Unmögliches
1878 1518 1998 1552 verlangt,
2016 1519 2059 1546 wie
2077 1522 2104 1546 es

1184 1557 1223 1584 der
1233 1555 1408 1588 Nationalrath
1418 1555 1529 1588 ausstelle,
1545 1563 1594 1582 von
1603 1555 1644 1582 der
1652 1555 1708 1587 Post
1718 1563 1786 1587 woge
1795 1563 1851 1583 man
1861 1555 1921 1588 nicht
1929 1564 1958 1588 zu
1966 1555 2104 1588 verlangen,

1185 1599 1238 1623 was
1256 1603 1313 1622 man
1331 1595 1380 1627 hier
1398 1602 1446 1621 von
1463 1594 1505 1621 den
1517 1593 1621 1625 Bahnen
1638 1592 1757 1626 verlange,
1774 1596 1822 1621 und
1839 1593 1892 1626 doch
1910 1593 1986 1626 besitze
2002 1594 2039 1621 die
2047 1594 2104 1626 Post

1184 1632 1210 1660 in
1228 1640 1287 1665 ganz
1305 1634 1404 1660 anderer
1421 1630 1498 1663 Weise
1509 1630 1546 1658 ein
1556 1630 1679 1663 Monopol
1696 1630 1735 1657 als
1753 1631 1790 1658 die
1799 1630 1910 1663 Bahnen.
1922 1645 1954 1649 —
1963 1630 2054 1658 Weiter
2065 1631 2103 1658 be¬

1185 1669 1260 1702 stehen
1276 1669 1302 1696 in
1319 1669 1372 1696 Art.
1382 1669 1397 1695 1
1415 1676 1462 1695 nur
1479 1667 1533 1700 noch
1550 1666 1713 1695 redaktionelle
1723 1667 1884 1700 Differenzen,
1902 1676 1939 1695 wo
1956 1667 2050 1695 überall
2066 1668 2105 1695 die

1185 1705 1340 1738 Kommission
1348 1707 1400 1733 dem
1407 1704 1579 1736 Nationalrath
1594 1704 1753 1737 zuzustimmen
1769 1704 1896 1737 Vorschlag!
1903 1704 1947 1731 mit
1955 1704 2105 1737 Ausnahme,

1186 1743 1233 1776 daß
1251 1751 1283 1770 an
1300 1744 1351 1770 dem
1368 1742 1445 1774 letzten
1462 1742 1555 1770 Lemma
1572 1742 1615 1768 des
1633 1740 1745 1773 Artikels,
1764 1741 1882 1774 handelnd
1900 1749 1947 1769 von
1964 1742 2004 1769 der
2017 1741 2102 1773 Besör-

1186 1780 1371 1813 derungspflicht
1387 1780 1428 1807 der
1445 1779 1556 1812 Bahnen,
1583 1778 1621 1806 die
1648 1778 1674 1806 in
1691 1778 1912 1812 ausnahmsweise«
1929 1778 2104 1812 Verhältniffen

1186 1818 1269 1851 stehen,
1296 1817 1427 1851 gegenüber
1453 1817 1494 1844 der
1512 1816 1658 1849 Stteichung
1675 1815 1742 1845 durch
1760 1816 1805 1843 den
1822 1815 2005 1849 Nationalrath,
2027 1815 2105 1849 festge¬

1187 1855 1268 1889 halten
1296 1856 1389 1882 werden
1418 1853 1469 1885 soll.
1511 1852 1637 1886 Bezüglich
1663 1852 1760 1884 letzterer
1786 1852 1947 1885 Bestimmung
1975 1853 2038 1886 hatte
2065 1854 2106 1880 der

1188 1893 1363 1926 Nationalrath
1387 1891 1424 1919 die
1451 1892 1476 1918 in
1499 1891 1542 1918 den
1559 1889 1728 1924 Konzessionen
1754 1890 1794 1916 der
1820 1889 1936 1922 einzelnen
1953 1890 2056 1923 Bahnen
2073 1890 2105 1923 je¬

1189 1930 1271 1957 weilen
1289 1929 1437 1962 enthaltenen
1447 1927 1655 1961 Beschränkungen
1672 1926 1710 1960 sür
1727 1927 1848 1959 genügend
1866 1926 1971 1959 erachtet,
1990 1926 2026 1954 die
2034 1927 2106 1955 Kom¬

1188 1967 1281 1999 mission
1298 1967 1356 1994 aber
1371 1965 1446 1998 findet
1463 1965 1530 1993 einen
1548 1964 1693 1997 bezüglichen
1710 1963 1823 1998 Hinweis
1849 1963 1876 1990 in
1892 1963 1944 1991 dem
1961 1963 2038 1995 Gesetz
2052 1964 2106 1996 doch

1189 2005 1227 2036 sür
1244 2004 1404 2036 nothwendig.

1239 2050 1336 2081 Endlich
1353 2048 1479 2080 beantragt
1497 2048 1543 2081 Hr.
1560 2047 1585 2081 H
1598 2055 1609 2074 e
1618 2055 1630 2074 r
1641 2055 1651 2079 z
1663 2054 1676 2073 o
1688 2054 1717 2078 g,
1735 2046 1760 2072 in
1784 2046 1834 2073 dem
1853 2046 1949 2079 Antrag
1967 2046 2053 2079 Sulzer
2070 2047 2108 2073 die

1191 2086 1273 2115 Worte
1292 2085 1434 2119 „Annahme
1452 2086 1494 2112 des
1512 2082 1701 2117 Frachtbriefes"
1724 2083 1750 2109 in
1769 2083 1910 2115 „Annahme
1925 2084 1966 2110 der
1984 2082 2106 2110 Maaren"

1190 2132 1217 2157 zu
1234 2124 1371 2151 amendiren
1387 2122 1438 2149 und
1455 2123 1499 2149 den
1508 2121 1604 2154 zweiten
1617 2120 1676 2152 Satz
1692 2128 1718 2152 zu
1735 2119 1850 2152 streichen,
1865 2119 1936 2152 sowie
1953 2120 1997 2147 den
2014 2120 2109 2152 Antrag

1193 2161 1232 2189 als
1250 2161 1303 2188 Art.
1320 2161 1376 2187 2bi°
1395 2159 1572 2191 aufzunehmen,
1598 2159 1682 2185 womit
1697 2157 1742 2191 Hr.
1761 2157 1849 2189 Sulzer
1874 2156 1916 2188 sich
1934 2156 2110 2189 einverstanden

1193 2198 1285 2226 erklärt.
1301 2211 1333 2216 —
1351 2196 1389 2229 In
1406 2195 1448 2223 der
1466 2194 1697 2227 Abstimmung
1713 2194 1775 2221 wird
1798 2193 1901 2226 zunächst
1918 2194 1973 2225 nach
1991 2194 2042 2220 dem
2058 2193 2109 2221 An¬

1193 2239 1247 2267 trag
1272 2235 1313 2261 der
1336 2231 1624 2265 Kommissionsmehrheit
1648 2231 1703 2262 nach
1728 2232 1780 2258 dem
1806 2230 1917 2262 früheren
1934 2229 2048 2262 Beschluß
2071 2231 2111 2257 der

1194 2270 1284 2304 PaffuS
1301 2270 1398 2303 „soweit
1414 2269 1445 2302 sie
1454 2270 1496 2296 mit
1505 2270 1548 2297 den
1557 2267 1734 2299 ausländischen
1741 2267 1849 2298 Bahnen
1866 2267 1893 2293 in
1902 2266 2005 2298 Verkehr
2022 2266 2112 2299 stehen"

1195 2307 1238 2336 mit
1254 2307 1286 2335 21
1305 2314 1376 2339 gegen
1394 2306 1411 2332 4
1429 2306 1550 2333 Stimmen
1567 2304 1734 2337 festgehalten;
1760 2303 1850 2335 sodann
1870 2303 1918 2330 das
1934 2303 1995 2335 letzte
2012 2303 2114 2335 Lemma,

1196 2345 1253 2372 betr.
1273 2344 1309 2371 die
1321 2343 1478 2378 Hinweisung
1496 2341 1538 2374 aus
1555 2340 1761 2373 ausnahmsweise
1779 2339 1876 2373 gestellte
1885 2340 1989 2372 Bahnen
1999 2339 2115 2372 ebenfalls

1195 2382 1237 2410 mit
1253 2382 1286 2408 20
1304 2381 1425 2409 Stimmen
1444 2378 1600 2412 festgehalten,
1617 2379 1650 2405 im
1668 2378 1787 2410 Uebrigen
1805 2379 1855 2405 dem
1873 2377 2048 2410 Nationalrath
2066 2378 2114 2404 bei-

1195 2418 1315 2452 geftimmt.
1348 2417 1401 2445 Der
1421 2418 1515 2449 Antrag
1535 2416 1726 2449 Sulzer-Herzog
1752 2417 1857 2447 dagegen
1875 2414 1937 2441 wird
1955 2414 2010 2446 nach
2029 2414 2115 2446 diesem

1195 2454 1472 2487 Abstimmungsresultat
1489 2461 1542 2481 vom
1559 2452 1730 2485 Antragsteller
1746 2452 1932 2484 zurückgezogen.

1245 2500 1297 2527 Art.
1315 2500 1331 2526 4
1348 2500 1396 2526 und
1414 2499 1438 2525 5.
1473 2498 1529 2526 Wir
1545 2497 1625 2530 finden
1651 2497 1702 2530 hier
1718 2497 1805 2524 wieder
1823 2495 1925 2529 zunächst
1942 2496 2019 2528 einige
2036 2496 2116 2524 redak¬

1195 2537 1288 2565 tionelle
1309 2536 1469 2569 Differenzen,
1495 2543 1532 2562 wo
1557 2535 1596 2562 die
1614 2533 1770 2565 Kommission
1787 2534 1838 2561 dem
1857 2533 2032 2566 Nationalrath
2049 2542 2117 2566 zuzu¬

1195 2575 1298 2607 stimmen
1315 2574 1451 2605 beantragt.
1490 2572 1546 2599 Von
1573 2571 1684 2604 größerer
1709 2570 1852 2601 Bedeutung
1877 2569 1905 2601 ist
1929 2569 2007 2603 Ziffer
2032 2570 2048 2596 6
2073 2572 2116 2598 des

1196 2611 1251 2640 Art.
1267 2611 1296 2641 4,
1324 2618 1360 2637 wo
1385 2609 1442 2641 nach
1469 2608 1587 2642 srüherem
1614 2606 1887 2640 Ständerathsbeschluß
1912 2607 1951 2633 ein
1974 2606 2117 2639 verspäteter

1196 2648 1321 2680 Reisender
1347 2655 1394 2674 nur
1419 2654 1447 2678 zu
1472 2646 1536 2673 einer
1553 2645 1762 2677 Ersatzforderung
1790 2644 1844 2676 „sür
1869 2644 2035 2676 nothwendig«
2051 2644 2118 2671 Aus¬

1195 2686 1280 2718 lagen"
1308 2683 1430 2716 berechtigt
1456 2683 1526 2715 wird,
1550 2683 1655 2714 dagegen
1681 2681 1736 2713 nach
1755 2680 2051 2713 Nationalrathsbeschluß
2076 2682 2119 2709 der

1197 2719 1508 2755 Schadensersatzanspruch
1527 2718 1567 2751 sich
1585 2721 1665 2751 zudem
1682 2719 1736 2750 noch
1755 2717 1798 2750 aus
1825 2718 1907 2751 „einen
1925 2717 2118 2749 nachweisbaren

1196 2760 1305 2787 weiteren
1322 2757 1446 2789 Schaden"
1466 2756 1584 2789 erstrecken
1601 2755 1651 2788 soll.
1684 2755 1730 2787 Im
1756 2755 1854 2787 elfteren
1871 2754 1942 2788 Falle
1959 2754 2011 2786 gibt
2028 2754 2088 2782 Art.
2102 2755 2120 2781 5

1197 2796 1246 2824 eine
1264 2796 1431 2827 Ausdehnung
1458 2795 1499 2821 des
1517 2793 1666 2826 Anspruches
1692 2800 1739 2819 nur
1766 2792 1805 2825 sür
1830 2792 1874 2819 den
1892 2791 1950 2824 Fall
1971 2793 2012 2819 der
2030 2792 2120 2825 Arglist

1197 2834 1244 2861 und
1263 2832 1351 2865 groben
1367 2830 1557 2864 Fahrlässigkeit,
1575 2834 1631 2857 was
1647 2829 1763 2861 natürlich
1781 2830 1837 2861 nach
1854 2829 1906 2855 dem
1918 2828 2120 2862 Nationalraths-

1197 2870 1301 2903 beschluß
1327 2869 1434 2897 alsdann
1460 2867 1595 2902 dahinsällt.
1630 2867 1679 2895 Die
1695 2866 1990 2899 Kommissionsmehrheit,
2015 2866 2120 2898 Bericht¬

1198 2907 1303 2940 erstatter
1320 2905 1364 2940 Hr.
1381 2905 1538 2938 Köchlin,
1553 2903 1684 2937 unterstützt
1701 2911 1749 2931 von
1767 2904 1812 2937 Hr.
1831 2902 1852 2931 K
1862 2911 1878 2930 a
1887 2911 1905 2935 p
1914 2911 1932 2934 p
1940 2911 1951 2930 e
1960 2903 1969 2929 l
1979 2912 1991 2930 e
2001 2911 2032 2935 r,
2047 2903 2120 2930 bean¬

1199 2948 1262 2977 tragt
1272 2943 1405 2977 Festhallen
1423 2950 1463 2969 am
1474 2940 1755 2974 Ständerathsbeschluß,
1772 2941 1851 2968 indem
1868 2941 1909 2967 der
1920 2939 2122 2972 Nationalraths¬

1200 2980 1303 3014 beschluß
1321 2979 1433 3013 allzusehr
1460 2986 1507 3007 von
1526 2978 1590 3006 einer
1606 2977 1743 3011 juridischen
1763 2977 1971 3005 Sentimentalität
1989 2977 2122 3010 gegenüber

1200 3020 1251 3047 dem
1268 3017 1431 3051 Individuum
1449 3016 1527 3044 diklirt
1543 3016 1640 3048 worden
1658 3014 1705 3048 sei;
1721 3015 1759 3042 die
1777 3014 1935 3047 Minderheit,
1955 3014 1999 3048 Hr.
2018 3013 2044 3041 D
2053 3021 2066 3041 r
2075 3021 2090 3040 o
2097 3021 2121 3046 z,

1201 3057 1304 3088 dagegen
1323 3054 1486 3089 Zustimmung
1513 3061 1564 3086 zum
1583 3052 1767 3085 Nationalrath.
1785 3066 1815 3071 —
1834 3051 1873 3085 In
1898 3053 1939 3079 der
1957 3050 2122 3083 Abstimmung

1202 3094 1263 3122 wird
1281 3093 1306 3120 in
1323 3094 1366 3120 den
1382 3090 1581 3123 nebensächlichen
1598 3090 1695 3123 Fragen
1721 3088 1825 3122 zunächst
1849 3089 1910 3121 ohne
1926 3087 2045 3116 Weiteres
2069 3088 2123 3115 dem

1203 3128 1374 3162 Nationalrath
1392 3127 1542 3160 zugestimmt,
1560 3127 1688 3160 betreffend
1697 3126 1775 3160 Ziffer
1784 3126 1800 3153 6
1817 3125 1924 3153 alsdann
1942 3125 2004 3152 wird
2020 3124 2124 3157 zunächst

1203 3167 1245 3200 aus
1262 3167 1356 3199 Antrag
1364 3165 1486 3198 Kappeler
1503 3172 1538 3192 ev.
1546 3164 1573 3191 in
1581 3164 1619 3192 die
1628 3163 1849 3196 nationalräthliche
1865 3162 1974 3196 Faffung
1998 3162 2039 3189 der
2055 3162 2123 3190 Aus¬

1203 3205 1267 3233 druck
1286 3202 1395 3238 „direkter
1413 3201 1537 3233 Schaden"
1557 3201 1644 3233 anstatt
1662 3199 1748 3232 einfach
1769 3200 1909 3233 „Schaden"
1936 3198 2124 3231 ausgenommen,

1205 3243 1252 3270 und
1271 3240 1356 3273 endlich
1380 3239 1456 3272 jedoch
1480 3237 1590 3271 definitiv
1615 3238 1660 3265 mit
1675 3237 1707 3264 21
1726 3237 1850 3265 Stimmen
1878 3244 1911 3263 an
1937 3237 1989 3263 dem
2013 3234 2124 3268 früheren

1205 3278 1318 3310 Beschluß
1334 3276 1490 3310 sestgehalten.

1255 3315 1308 3343 Art.
1325 3314 1349 3342 6.
1389 3313 1460 3346 Ohne
1477 3311 1619 3344 Diskussion
1644 3312 1704 3339 wird
1731 3310 1774 3343 aus
1790 3309 2062 3342 Kommissionalantrag
2087 3307 2125 3335 die

2151 1075 2260 1109 Faffung
2279 1077 2322 1104 des
2339 1075 2542 1109 Nationalrathes
2561 1076 2670 1108 adoptirt
2687 1076 2748 1109 (vgl.
2767 1074 3076 1108 Nationalrathsverhand-

2151 1113 2240 1146 lungen
2256 1114 2283 1141 in
2300 1113 2341 1141 der
2361 1113 2407 1146 „N.
2426 1113 2455 1148 Z.
2474 1113 2521 1148 Z."
2540 1113 2587 1141 No.
2605 1112 2676 1146 129).

2201 1150 2255 1178 Art.
2272 1150 2296 1177 9.
2331 1150 2405 1180 lieber
2432 1151 2476 1178 den
2494 1143 2589 1183 Inhalt
2613 1150 2657 1178 deS
2683 1148 2867 1182 Frachtbriefes.
2900 1147 2954 1179 Auf
2978 1147 3076 1181 Antrag

2152 1187 2194 1214 der
2209 1186 2366 1219 Kommission
2383 1188 2480 1216 werden
2497 1186 2575 1221 Ziffer
2590 1187 2609 1215 9
2624 1187 2669 1214 deS
2686 1184 2982 1219 Nationalrathsbeschluß
2998 1187 3027 1212 eS
3037 1192 3077 1218 ge¬

2152 1223 2245 1257 strichen
2271 1224 2460 1257 (Werthangabe
2486 1224 2523 1252 bei
2551 1224 2697 1256 Transport
2723 1223 2750 1251 in
2780 1222 2977 1256 Gegenständen,
3005 1222 3077 1250 deren

2154 1261 2309 1294 Frachtpreis
2331 1261 2387 1294 nach
2412 1262 2464 1289 dem
2481 1261 2567 1294 Werth
2590 1261 2709 1293 berechnet
2724 1260 2807 1292 wird),
2829 1259 2935 1293 dagegen
2953 1258 3032 1294 Ziffer
3048 1258 3081 1286 10

2154 1297 2302 1331 (Aufnahme
2319 1306 2367 1326 von
2383 1297 2524 1329 besonderen
2542 1297 2654 1326 Abreden
2670 1298 2712 1325 der
2726 1296 3000 1330 vertragsschließenden
3015 1295 3079 1327 Par¬

2153 1334 2225 1367 teien)
2240 1343 2287 1363 neu
2305 1334 2493 1368 ausgenommen.
2526 1334 2604 1362 Neber
2621 1333 2699 1369 Ziffer
2714 1334 2732 1361 4
2749 1333 2794 1366 soll
2813 1333 2847 1361 im
2863 1332 3076 1367 Zusammenhang

2154 1372 2198 1399 mit
2214 1372 2268 1400 Art.
2286 1372 2318 1399 IS
2335 1371 2459 1404 gehandelt
2478 1372 2580 1399 werden.

2204 1409 2257 1436 Art.
2275 1409 2292 1436 9
2302 1409 2351 1436 dis.
2384 1409 2448 1437 Vom
2458 1408 2633 1441 Nationalrath
2650 1416 2697 1435 neu
2704 1407 2885 1440 ausgenommen
2897 1405 3020 1441 (Haftung
3038 1406 3080 1433 deS

2156 1446 2290 1478 Absenders
2315 1445 2354 1477 für
2380 1445 2417 1473 die
2443 1445 2579 1479 Richtigkeit
2603 1445 2645 1473 der
2672 1444 2790 1478 Angaben
2814 1444 2858 1471 des
2883 1442 3082 1477 Frachtbriefes).

2155 1482 2219 1515 Nach
2236 1481 2513 1514 Kommissionalantrag
2528 1482 2591 1509 wird
2607 1482 2649 1509 der
2667 1481 2721 1512 erste
2738 1480 2808 1514 Theil
2825 1480 2899 1513 dieses
2909 1479 3016 1508 ArttkelS
3033 1479 3081 1507 bei¬

2155 1520 2274 1553 behalten,
2299 1520 2404 1553 dagegen
2430 1520 2470 1547 der
2489 1519 2571 1554 Zusatz
2594 1518 2723 1553 gestrichen,
2749 1518 2844 1550 wonach
2870 1518 2907 1546 bei
2933 1517 3080 1551 unrichtigen

2156 1557 2281 1590 Angaben,
2306 1556 2381 1589 außer
2406 1557 2447 1584 der
2473 1555 2669 1588 Nachsorderung
2694 1563 2740 1583 von
2758 1555 2924 1588 Frachtsätzen,
2950 1554 3004 1587 noch
3031 1554 3082 1582 eine

2155 1594 2229 1627 näher
2246 1602 2274 1627 zu
2291 1592 2442 1626 regulirende
2459 1591 2709 1624 Conventionalstrafe
2734 1591 2852 1624 gefordert
2877 1591 2972 1619 werden
2998 1590 3081 1619 könne.

2205 1638 2258 1666 Art.
2277 1638 2315 1665 10.
2351 1638 2422 1666 Wird
2441 1637 2538 1671 gleicher
2547 1636 2625 1668 Weise
2643 1637 2703 1670 ohne
2713 1636 2854 1668 Diskussion
2872 1636 2926 1668 nach
2945 1636 2995 1663 dem
3005 1634 3081 1664 Kom¬

2155 1675 2367 1708 missionalantrag
2383 1675 2491 1708 erledigt,
2517 1675 2538 1702 d.
2565 1674 2588 1707 h.
2605 1675 2655 1707 bez.
2672 1674 2766 1702 Lemma
2789 1674 2802 1700 1
2829 1673 2896 1705 durch
2915 1672 3082 1707 Zustimmung

2155 1721 2207 1746 zum
2225 1712 2408 1746 Nationalrath,
2425 1713 2473 1745 bez.
2490 1711 2587 1740 Lemma
2605 1712 2622 1739 2
2646 1712 2753 1744 dagegen
2778 1710 2847 1743 durch
2865 1710 2990 1742 Annahme
3019 1708 3083 1737 einer

2156 1758 2246 1782 neuen,
2273 1752 2322 1777 aus
2347 1750 2397 1776 dem
2424 1748 2526 1783 frühern
2553 1747 2731 1781 Ständeraths-
2763 1747 2812 1775 und
2840 1748 2891 1774 dem
2915 1745 3084 1779 vorliegenden

2156 1785 2454 1819 Nationalrathsbeschluß
2479 1784 2635 1813 kombinirten
2664 1784 2804 1816 Redaktion,
2828 1783 2923 1816 wonach
2949 1783 2986 1810 die
3003 1782 3085 1815 Eisen-

2155 1823 2376 1856 bahnverwaltung
2391 1822 2536 1856 verpflichtet
2552 1822 2601 1855 sein
2618 1821 2670 1855 soll,
2695 1822 2748 1849 dem
2765 1819 2884 1853 Absender
2907 1819 2949 1852 für
2964 1820 3014 1847 daS
3031 1818 3085 1851 aus-

2157 1861 2271 1893 gegebene
2297 1859 2427 1894 Frachtgut
2452 1858 2521 1888 einen
2546 1858 2743 1893 Empsangschein
2770 1857 2841 1891 (resp.
2869 1857 2906 1885 ein
2924 1855 3082 1893 Frachtbries-

2156 1897 2263 1930 duplikat
2280 1897 2323 1925 mit
2339 1897 2385 1930 bez.
2400 1896 2561 1929 Bemerkung)
2579 1896 2786 1929 auSzuhändigen.

2207 1943 2261 1970 Art.
2281 1943 2320 1969 11.
2353 1941 2413 1976 Hier
2431 1941 2474 1974 hat
2499 1942 2540 1969 der
2559 1940 2736 1973 Nationalrath
2763 1939 2801 1968 die
2817 1938 3011 1972 Bestimmungen
3026 1938 3085 1966 über

2157 1981 2202 2007 den
2225 1979 2362 2012 Ladeschein
2385 1979 2513 2007 bedeutend
2530 1977 2653 2011 abgekürzt
2679 1978 2726 2004 und
2752 1977 2796 2005 der
2823 1975 2974 2008 Ständeralh
2999 1974 3087 2008 stimmt

2159 2018 2218 2050 ohne
2235 2016 2376 2048 Diskussion
2391 2015 2438 2043 bei.
2457 2027 2472 2031 -

2208 2054 2261 2081 Art.
2280 2053 2319 2081 13.
2361 2052 2413 2080 Der
2440 2051 2615 2084 Nationalrath
2641 2050 2706 2083 hatte
2730 2050 2768 2077 bei
2795 2049 2887 2082 Folgen
2912 2047 3087 2082 mangelhafter

2159 2091 2320 2124 Verpackung,
2345 2091 2381 2117 die
2398 2089 2463 2122 schon
2481 2097 2525 2116 vor
2542 2089 2584 2116 der
2603 2087 2746 2120 Absendung
2775 2086 2857 2120 hätten
2877 2086 2975 2113 bemerkt
2992 2086 3087 2113 werden

2159 2129 2257 2161 können,
2273 2128 2327 2155 dem
2342 2126 2518 2155 Reklamanten
2534 2124 2650 2153 eventuell
2666 2125 2711 2152 den
2724 2123 2827 2153 Beweis
2842 2122 2967 2155 auserlegt,
2981 2122 3032 2155 daß
3046 2123 3090 2149 der

2162 2166 2272 2198 Schaden
2290 2172 2334 2192 vor
2351 2165 2391 2191 der
2409 2163 2521 2196 Aufgabe
2538 2164 2580 2190 des
2590 2162 2672 2191 Gutes
2690 2161 2826 2194 entstanden
2843 2160 2884 2192 fei.
2917 2159 2971 2188 Der
2980 2159 3087 2188 Stände¬

2162 2203 2216 2235 rath
2233 2203 2339 2234 dagegen
2347 2201 2433 2233 streicht
2450 2200 2527 2231 diesen
2536 2200 2618 2234 Zusatz
2634 2200 2684 2226 und
2701 2198 2753 2231 hält
2761 2197 2838 2225 damit
2849 2205 2882 2225 an
2897 2197 2940 2225 der
2956 2196 3089 2231 ursprüng¬

2162 2239 2234 2271 lichen
2250 2237 2360 2272 Faffung
2376 2237 2424 2269 fest.

2214 2276 2270 2302 Art.
2286 2274 2327 2301 14.
2361 2274 2454 2306 (Rechte
2478 2274 2521 2300 des
2543 2271 2700 2305 Absenders.)
2731 2271 2805 2299 Wird
2832 2269 2889 2302 nach
2914 2270 2956 2297 der
2979 2266 3090 2303 Faffung

2165 2312 2207 2338 des
2225 2310 2427 2342 Nationalrathes
2456 2316 2635 2342 angenommen.
2671 2308 2737 2341 (Vgl.
2757 2307 2805 2340 „N.
2831 2307 2861 2340 Z.
2889 2306 2937 2340 Z."
2955 2306 3005 2333 No.
3023 2306 3090 2339 129.)

2215 2349 2268 2376 Art.
2286 2347 2325 2374 15.
2360 2347 2412 2375 Der
2430 2346 2595 2378 Ständerath,
2614 2345 2680 2379 hatte
2695 2345 2734 2373 die
2749 2342 3027 2377 DiSpositionskollifion
3046 2343 3089 2370 des

2166 2385 2301 2419 Absenders
2329 2385 2376 2412 und
2397 2383 2537 2418 Adreffaten
2562 2383 2619 2415 nach
2647 2381 2765 2415 deutschen
2794 2381 2956 2412 Grundsätzen
2984 2379 3089 2413 geregelt

2166 2422 2344 2455 (Ausdehnung
2369 2422 2409 2448 der
2427 2420 2581 2453 Disposition
2607 2421 2649 2447 des
2668 2418 2829 2450 Absenders),
2855 2418 2895 2445 der
2914 2416 3090 2449 Nationalrath

2168 2460 2224 2487 aber
2251 2460 2323 2492 suchte
2336 2458 2404 2490 ldiese
2421 2457 2514 2491 Ansicht
2538 2457 2582 2484 mit
2607 2457 2660 2484 dem
2685 2454 2851 2488 französischen
2867 2454 2951 2486 Rechte
2966 2453 3045 2481 damtt
3061 2461 3090 2486 zu

2168 2497 2318 2527 vermitteln,
2342 2495 2389 2528 daß
2414 2496 2441 2522 in
2457 2495 2503 2522 den
2520 2492 2670 2527 Frachtbrief
2686 2492 2722 2519 die
2739 2491 2888 2523 Bemerkung
2905 2490 3090 2523 ausgenommen

2167 2535 2261 2561 werden
2285 2533 2355 2566 solle,
2378 2534 2425 2560 das
2444 2531 2498 2561 Gut
2513 2530 2569 2563 reise
2586 2529 2629 2561 aus
2645 2529 2772 2561 Rechnung
2789 2528 2838 2555 und
2856 2527 2948 2560 Gefahr
2965 2528 3009 2555 deS
3026 2527 3087 2555 Ver¬

2168 2570 2271 2603 senders,
2280 2570 2356 2598 wobei
2364 2570 2424 2597 denn
2433 2570 2485 2602 hier
2495 2569 2535 2596 der
2543 2566 2651 2599 deutsche,
2660 2566 2695 2593 bei
2704 2565 2809 2598 Mangel
2818 2565 2882 2592 einer
2889 2564 2977 2597 solchen
2986 2564 3087 2596 Bestim¬

2168 2616 2242 2640 mung
2253 2607 2312 2635 aber
2324 2607 2371 2633 das
2380 2605 2527 2639 französische
2535 2604 2606 2637 Recht
2614 2603 2718 2631 eintrete.
2727 2616 2762 2622 —
2773 2602 2824 2630 Die
2830 2600 2987 2633 Kommission
3005 2599 3092 2634 schlägt

2169 2644 2286 2677 nunmehr
2302 2643 2435 2677 Festhalten
2452 2650 2484 2670 an
2501 2642 2551 2669 dem
2568 2640 2681 2674 früheren
2697 2637 2826 2672 Beschluffe
2843 2646 2899 2670 vor,
2926 2638 2957 2665 da
2973 2637 3028 2665 dies
3044 2638 3090 2665 den

2169 2681 2315 2713 natürlichen
2341 2679 2603 2712 Rechtsanschauungen
2628 2677 2678 2704 und
2706 2676 2797 2709 speziell
2825 2676 2872 2702 den
2900 2673 3090 2708 schweizerischen

2170 2718 2306 2751 Jntereffen
2323 2717 2385 2750 mehr
2411 2716 2553 2749 entspreche,
2578 2715 2658 2742 indem
2674 2713 2750 2741 damit
2766 2714 2806 2740 der
2823 2712 2919 2746 Handel
2945 2710 2988 2743 auf
3006 2709 3091 2739 Kredit

2169 2755 2302 2788 begünstigt
2317 2754 2400 2781 werde.
2418 2752 2603 2788 Zweckmäßiger
2619 2750 2651 2784 sei
2669 2753 2696 2777 es
2711 2749 2801 2782 zudem,
2818 2749 2935 2776 entweder
2951 2748 3004 2775 dem
3021 2748 3090 2776 einen

2172 2792 2226 2819 oder
2242 2792 2294 2819 dem
2312 2791 2400 2818 andem
2419 2789 2515 2824 System
2536 2788 2577 2820 sich
2603 2786 2793 2819 anzuschließen,
2822 2785 2908 2818 anstatt
2935 2784 2975 2817 sich
3002 2784 3094 2818 sowohl

2172 2829 2301 2862 gegenüber
2326 2827 2496 2860 sranzösischem
2512 2826 2552 2853 als
2569 2824 2695 2857 deutschem
2712 2823 2796 2856 Rechte
2813 2822 2857 2854 aus
2874 2822 2944 2849 einen
2960 2822 3094 2855 unsicheren

2172 2866 2256 2894 Boden
2272 2874 2300 2898 zu
2316 2864 2398 2896 stellen.
2420 2864 2511 2898 Zudem
2528 2862 2589 2895 habe
2606 2862 2647 2889 der
2665 2859 2841 2892 Nationalrath
2860 2858 2916 2892 auch
2935 2858 2983 2892 sein
2994 2858 3092 2892 System

2171 2903 2229 2930 bett.
2246 2901 2331 2935 Kosten
2347 2902 2394 2929 und
2412 2899 2561 2934 Haftbarkeit
2586 2898 2654 2931 (Art.
2672 2897 2703 2924 12
2719 2905 2745 2925 u.
2763 2896 2780 2929 s.
2798 2897 2840 2928 w.)
2866 2904 2910 2929 gar
2938 2895 2999 2928 nicht
3015 2895 3090 2927 konse¬

2173 2942 2244 2973 quent
2268 2937 2437 2970 durchgesührt.
2453 2950 2485 2956 —
2504 2936 2620 2968 Dagegen
2636 2933 2780 2966 vertheidigt
2797 2933 2830 2959 im
2848 2932 2943 2959 Namen
2959 2932 3002 2959 der
3019 2931 3092 2960 Kom¬

2173 2974 2421 3008 missionsminderheit
2437 2974 2483 3008 Hr.
2501 2973 2526 3000 D
2535 2981 2548 2999 r
2557 2980 2591 3005 o»
2607 2972 2651 2999 den
2668 2967 2965 3002 Nationalrathsbeschluß
2982 2968 3025 2996 als
3042 2969 3093 2997 eine

2173 3013 2288 3045 glückliche
2311 3010 2523 3043 Berücksichttgung
2547 3009 2590 3036 des
2616 3006 2782 3041 französischen
2800 3004 2896 3038 Rechtes
2914 3005 2963 3033 und
2980 3005 3024 3032 deS
3040 3012 3093 3038 zum

2173 3049 2255 3082 Theile
2280 3049 2328 3082 jetzt
2352 3048 2416 3080 schon
2433 3046 2581 3079 bestehenden
2598 3042 2862 3079 HandelsgebraucheS.
2897 3041 2951 3075 Für
2967 3041 3007 3068 die
3023 3040 3096 3069 Kom-

2174 3085 2396 3120 misfionsmehrheit
2413 3083 2517 3117 sprechen
2533 3082 2574 3115 sich
2592 3081 2675 3109 weiter
2693 3083 2741 3108 auS
2757 3079 2797 3107 die
2820 3078 2879 3113 HH.
2904 3078 3097 3111 Kappeler,

2174 3124 2197 3158 H
2207 3131 2218 3151 e
2227 3132 2239 3150 r
2249 3131 2259 3156 z
2269 3131 2282 3150 o
2293 3131 2307 3155 g
2325 3122 2371 3149 und
2389 3121 2413 3149 R
2422 3129 2438 3148 u
2447 3120 2455 3153 s
2464 3120 2473 3152 s
2482 3128 2493 3147 e
2503 3128 2518 3147 n
2526 3119 2540 3146 b
2551 3127 2562 3146 e
2571 3127 2584 3146 r
2593 3127 2608 3151 g
2619 3125 2631 3145 e
2641 3125 2674 3150 r,
2699 3116 2739 3148 sür
2765 3115 2802 3144 die
2819 3113 3097 3148 KommissionSminder-

2174 3161 2221 3193 heit
2236 3159 2282 3193 Hr.
2302 3158 2441 3191 Sulzer.
2453 3170 2485 3177 —
2498 3156 2536 3189 In
2552 3156 2594 3183 der
2612 3153 2779 3186 Abstimmung
2796 3153 2858 3180 wird
2875 3152 2918 3179 mit
2936 3150 2966 3179 17
2985 3159 3058 3184 gegen
3065 3152 3098 3179 10

2176 3197 2296 3225 Stimmen
2313 3204 2346 3223 an
2362 3196 2412 3222 dem
2429 3193 2539 3227 früheren
2555 3190 2688 3225 Beschluffe
2703 3188 2862 3223 sestgehalten.
2894 3188 2936 3221 In
2953 3187 3029 3221 Folge
3053 3189 3098 3217 da¬

2174 3241 2221 3260 von
2238 3232 2291 3265 fällt
2307 3231 2383 3267 Ziffer
2399 3231 2419 3257 4
2434 3231 2461 3258 in
2477 3229 2530 3257 Art.
2546 3228 2564 3255 9
2578 3235 2628 3256 von
2644 3226 2710 3259 selbst
2727 3234 2799 3258 weg,
2826 3226 2859 3252 da
2882 3225 2925 3252 der
2942 3223 3092 3257 Frachtbrief

2175 3278 2224 3297 nun
2241 3269 2279 3297 die
2287 3268 2435 3300 Bemerkung
2451 3266 2510 3295 über
2519 3264 2587 3297 Reis«
2605 3262 2648 3296 auf
2660 3262 2755 3296 Gesahr
2771 3263 2814 3290 deS
2823 3261 2988 3295 EmpsängerS
3005 3268 3030 3288 u.
3038 3260 3055 3294 s.
3065 3269 3099 3289 w.

2175 3306 2309 3339 überhaupt
2326 3305 2384 3337 nicht
2399 3303 2519 3336 enthalten
2535 3301 2606 3329 wird.

3138 3076 3202 3130 m

562 3470 721 3520 Jfnilttw
746 3469 823 3510 1875
824 3499 832 3509 .

595 3584 799 3614 Theater.

432 3636 575 3671 „Grausame
591 3632 663 3660 Lieb'!
679 3632 719 3665 In
734 3630 829 3666 gleicher
845 3629 913 3664 Fülle
929 3627 1047 3660 schmerze»

430 3673 492 3703 Dein
509 3670 635 3703 Wermuth
652 3671 701 3697 und
718 3668 781 3696 Dein
797 3667 878 3701 Honig
894 3665 969 3696 uns're
986 3662 1067 3694 Brust,

431 3710 484 3739 Und
501 3710 574 3739 Deine
591 3706 689 3740 Arzenei
705 3705 750 3733 wie
766 3704 838 3732 Deine
853 3702 971 3733 Wunden,

432 3748 479 3777 Sie
494 3747 585 3775 werden
602 3744 672 3777 gleich
690 3740 812 3776 gefährlich
828 3742 882 3774 stets
898 3736 1038 3771 erfunden!"

1012 3773 1089 3806 Taff«.

279 3819 537 3861 Opernbericht.
570 3817 627 3846 Wie
643 3817 680 3845 ein
697 3815 759 3850 Licht
775 3817 849 3842 vor'«
865 3812 964 3846 völligen
974 3807 1155 3843 Erlösche»noch

225 3866 323 3901 ci«Bol
337 3864 366 3892 in
379 3861 448 3897 jäher
462 3858 524 3892 Hast
539 3855 686 3889 aufflammt,
702 3854 727 3887 so
741 3851 836 3886 glaubt«
855 3851 911 3884 auch
927 3849 963 3876 die
982 3846 1156 3881 gegmwärttge,

227 3903 349 3936 nunmehr
374 3900 407 3928 i»
425 3892 636 3929 Geschwindschritt
653 3892 702 3919 dem
719 3890 785 3918 Ende
799 3888 913 3923 zueilend«
931 3885 1022 3917 Saison
1038 3883 1079 3916 sich
1095 3890 1157 3911 ener¬

228 3941 291 3980 gisch
307 3937 427 3979 aufraffeu
443 3934 492 3962 und
508 3937 552 3960 vor
567 3928 711 3962 Thorschluß
729 3927 784 3960 noch
801 3927 856 3959 eine,
873 3929 937 3959 zwar
945 3922 1005 3956 nicht
1021 3928 1085 3953 neue,
1102 3919 1158 3946 aber

226 3982 286 4015 doch
302 3979 372 4010 lange
386 3973 450 4007 nicht
465 3971 564 4005 gehörte,
581 3966 680 3995 beliebt«
695 3967 761 3999 Oper
776 3965 850 3993 bieten
865 3971 895 3997 z«
911 3962 1003 3994 müffen.
1038 3957 1158 3990 Vielleicht

228 4019 287 4057 galt
302 4019 328 4044 «I
344 4013 409 4046 auch.
425 4024 457 4029 —
474 4009 519 4036 wir
535 4005 677 4038 Böswillige
705 4002 832 4037 behaupten
857 4000 941 4029 wollen
958 4012 988 4017 —
1006 3998 1047 4024 den
1064 3995 1159 4022 Beweis

226 4065 264 4093 gu
280 4053 372 4086 liefern,
387 4047 437 4081 daß
454 4053 510 4074 «an
526 4042 588 4078 nicht
603 4042 686 4070 immer
705 4041 745 4073 „in
755 4039 830 4073 Nacht
846 4036 961 4067 wandle."

287 4089 349 4125 „Die
364 4087 463 4114 Soma
473 4081 520 4109 mb
529 4079 599 4108 ule"
617 4078 685 4113 zeigt,
702 4075 748 4111 daß
764 4076 854 4104 Bellini
883 4075 915 4102 im
932 4067 1160 4106 elegisch-rührenden

230 4125 355 4159 Luidruck
371 4122 450 4153 ebenso
466 4117 526 4153 groß
542 4122 603 4148 war,
621 4115 661 4143 als
678 4115 710 4142 im
727 4113 883 4147 pathetischen.
915 4110 964 4138 Der
972 4104 1159 4141 Instrumental¬

228 4164 295 4201 theil
309 4163 341 4196 ist
356 4155 555 4194 außerordentlich
571 4151 679 4188 geschickt,
695 4150 740 4184 fast
755 4150 800 4184 auf
814 4150 855 4177 der
864 4148 930 4183 Höh«
946 4147 985 4173 der
1000 4142 1161 4178 französische.

229 4202 334 4236 Meist«
348 4196 479 4232 behandelt.
496 4193 545 4221 Als
560 4190 637 4224 Sujet
653 4189 753 4223 stgurirt
767 4192 832 4222 zwar
847 4196 894 4215 nur
909 4185 959 4214 eine
973 4181 1074 4218 ziemlich
1082 4179 1162 4207 mond»

231 4239 345 4277 fcheiuige
358 4230 568 4267 Liebesgeschichte;
586 4228 616 4260 sie
632 4226 709 4261 «hält
725 4225 799 4260 jedoch
814 4225 883 4259 durch
909 4223 947 4251 die
973 4221 1054 4254 schöne,
1084 4217 1163 4250 weiche

231 4278 286 4308 «ud
301 4273 390 4309 duftig«
406 4268 489 4301 Musik
497 4268 536 4295 ein
551 4263 691 4300 glänzende»
706 4262 786 4295 Relief
810 4267 858 4290 vou
874 4259 1011 4293 Sinnigkeit
1025 4256 1075 4285 und
1095 4254 1163 4287 süßer

232 4309 415 4348 Schwärmerei.
450 4305 496 4333 Die
511 4301 635 4336 Geschichte
652 4300 695 4331 soll
711 4300 736 4327 in
754 4299 793 4326 der
808 4298 912 4333 Schweiz
930 4296 1029 4330 spielen;
1056 4296 1082 4320 e»
1104 4291 1163 4325 fehlt

232 4349 311 4387 jedoch
326 4349 368 4376 d«
381 4344 504 4374 Lokalton,
521 4342 565 4367 da»
581 4336 799 4370 Charakteristische,
815 4338 865 4364 und
881 4337 905 4368 so
912 4334 971 4368 habe
988 4333 1021 4366 ich
1036 4328 1162 4364 dieHand»

232 4391 297 4421 lung
311 4395 332 4421 z.
349 4385 382 4414 B.
399 4383 428 4411 in
443 4379 548 4410 London,
564 4376 624 4410 »hue
638 4374 747 4408 Schade,
763 4373 818 4405 nach
833 4374 876 4401 de»
892 4370 1033 4405 schotttscheu
1047 4366 1164 4402 Hochlan¬

231 4428 279 4455 de»
295 4424 398 4456 verlegen
415 4419 489 4452 sehe».
525 4412 655 4448 „Amtua",
673 4413 721 4440 eine
736 4410 843 4445 poetisch«
853 4409 953 4441 Gestalt,
968 4408 1006 4436 die
1020 4406 1084 4441 schon
1100 4404 1164 4437 ihr«

232 4459 389 4495 Kindlichkeit
405 4456 455 4486 «ad
471 4451 585 4487 Unschuld
602 4455 679 4484 weg«,
706 4447 854 4483 sympathisch
880 4445 987 4479 berührt,
1007 4449 1059 4472 war
1079 4447 1127 4470 vo,
1142 4440 1164 4475 je

230 4501 287 4530 ei«
299 4493 483 4530 LieblbLirolle
497 4492 541 4525 für
553 4486 843 4521 Koloratursängerin«»
868 4484 919 4513 «ch
944 4482 1006 4512 »Kd
1021 4487 1070 4510 km
1091 4479 1165 4513 diese.

1201 3397 1366 3432 vorzugsweise
1382 3409 1414 3414 —
1430 3395 1475 3423 wie
1495 3394 1615 3428 „Agathe"
1634 3396 1668 3422 im
1682 3393 1841 3428 „Freischütz",
1857 3399 1905 3420 von
1921 3391 2064 3425 angehenden
2072 3391 2126 3417 dra¬

1203 3437 1323 3468 matischen
1339 3433 1506 3466 Sängerinnen
1524 3446 1554 3451 —
1572 3440 1626 3466 zum
1647 3433 1731 3466 „ersten
1748 3431 1859 3464 Versuch"
1880 3430 1924 3461 auf
1940 3430 1979 3456 der
1990 3428 2075 3461 Bühne
2092 3436 2127 3460 ge¬

1202 3467 1284 3506 wählt.
1318 3470 1373 3504 Daß
1390 3470 1432 3503 Fr.
1450 3468 1765 3503 Kempter-LeoUoff
1782 3469 1808 3495 in
1825 3468 1893 3498 dieser
1904 3465 2057 3499 Glanzpartie
2068 3472 2127 3497 ganz

1202 3510 1322 3542 besonders
1337 3508 1453 3540 exeellire»
1478 3508 1571 3539 würde,
1599 3511 1652 3534 war
1679 3506 1867 3538 vorauszusehen.
1902 3504 1949 3530 Sie
1976 3502 2058 3535 befand
2086 3501 2126 3534 sich

1202 3546 1298 3580 sichtlich
1315 3547 1341 3573 in
1358 3546 1430 3577 ihrem
1446 3544 1571 3572 Elemente.
1605 3543 1757 3578 Begeistigt«
1768 3542 1919 3575 Wohlklang,
1935 3538 2128 3573 geschmackvollste

1203 3583 1391 3617 GesaugStechnik
1407 3582 1456 3609 und
1473 3582 1631 3616 durchdachte»
1640 3580 1711 3615 Spiel
1728 3582 1850 3613 ergänzten
1867 3579 1908 3611 sich
1924 3576 2065 3610 gegenseitig.
2082 3575 2128 3602 Die

1202 3621 1350 3654 hinreißende
1366 3620 1474 3652 Leistung
1495 3620 1631 3647 kulminirte
1660 3619 1686 3646 in
1702 3618 1742 3644 der
1770 3617 1845 3650 letzten
1862 3616 1955 3648 Szene;
1983 3613 2027 3640 mit
2054 3612 2127 3644 eigen,

1203 3657 1314 3692 ihümlich
1330 3657 1482 3690 ergreifender
1490 3655 1687 3688 Naturwahrheit
1703 3652 1770 3681 ward
1781 3654 1824 3681 düs
1833 3651 1989 3680 Traumleben
1998 3650 2035 3676 der
2043 3648 2127 3680 Nacht¬

1203 3695 1343 3726 wandlerin,
1359 3694 1395 3721 die
1411 3694 1502 3726 nervöse
1519 3693 1660 3725 Aufregung
1686 3692 1735 3718 und
1764 3691 1809 3717 das
1835 3688 1936 3722 freudige
1953 3685 2074 3719 Erwachen
2091 3693 2126 3717 ge¬

1204 3733 1314 3767 schildert.
1348 3731 1410 3765 Herr
1427 3731 1520 3765 Horn
1537 3730 1656 3762 (Elwino)
1688 3729 1759 3761 schien
1784 3727 1839 3759 noch
1859 3725 1945 3759 hörbar
1972 3722 2128 3757 angegriffm;

1204 3778 1251 3799 nur
1268 3769 1303 3797 bei
1321 3768 1471 3801 Wiedergabe
1488 3769 1533 3799 d«,
1550 3776 1570 3801 ,.
1589 3767 1621 3795 B.
1640 3775 1679 3793 am
1696 3764 1791 3799 Schluß
1819 3765 1857 3790 des
1885 3763 1956 3793 ersten
1973 3762 2041 3788 Aktes
2069 3767 2128 3792 ganz

1204 3807 1321 3840 nnnöthig
1337 3805 1523 3838 verschwendeten
1550 3804 1625 3838 hohe»
1634 3820 1637 3824 .
1642 3804 1720 3831 Noten
1747 3803 1828 3828 konnte
1855 3806 1910 3827 man
1933 3799 1991 3825 keine
2008 3796 2128 3830 Schwäche

1204 3846 1333 3877 bemerken;
1362 3843 1418 3874 diese
1447 3844 1542 3870 wurden
1559 3843 1605 3870 wie
1621 3839 1761 3875 gewöhnlich
1789 3837 1923 3872 gewaltsam
1951 3833 2128 3867 herauigepreßt

1206 3883 1254 3911 und
1272 3880 1473 3913 beeinträchtigten
1489 3881 1531 3907 de»
1548 3879 1608 3911 sonst
1625 3878 1683 3910 recht
1699 3877 1776 3904 netten
1787 3876 1902 3906 Bortrag.
1934 3871 2053 3904 Weßhalb
2068 3871 2130 3898 denn

1206 3921 1261 3953 stet»
1278 3919 1311 3946 im
1328 3918 1450 3949 Schweiße
1467 3917 1537 3948 seines
1554 3915 1687 3950 Angesicht»
1704 3913 1816 3944 arbeiten,
1844 3916 1911 3938 wenn
1928 3918 1983 3936 man
1999 3912 2024 3935 e»
2040 3908 2131 3940 leicht«

1206 3957 1281 3989 haben
1297 3955 1377 3983 kann?
1409 3953 1472 3987 Herr
1486 3952 1509 3980 v.
1527 3952 1672 3979 Willem
1687 3949 1801 3977 verdiente
1828 3948 1872 3975 mit
1893 3947 1976 3974 vollem
1992 3946 2061 3978 Recht
2079 3945 2130 3977 da»,

1206 3994 1256 4028 hi«
1273 3994 1327 4021 eben
1355 3991 1416 4024 nicht
1443 3990 1589 4023 landläufige
1605 3988 1732 4021 Prädikat:
1762 3985 1933 4019 ansgezeichnet.
1968 3983 2031 4010 Sein
2053 3981 2131 4015 „Graf

1207 4029 1335 4064 Rudolph"
1354 4029 1424 4062 zeigte
1440 4027 1547 4062 Nobleffe
1575 4027 1603 4054 in
1618 4026 1673 4053 Ton
1698 4024 1748 4051 und
1760 4023 1883 4057 Haltung.
1914 4020 1970 4048 Mit
1994 4021 2045 4047 dem
2069 4020 2134 4052 allzu

1208 4069 1331 4097 modernen
1348 4067 1508 4099 Salonanzug
1524 4064 1585 4096 ließe
1601 4063 1642 4096 sich
1659 4060 1768 4094 vielleicht
1778 4060 1878 4093 rechte»..
1904 4058 1950 4085 Die
1967 4058 2015 4085 drei
2031 4064 2133 4091 genann¬

1208 4108 1247 4134 ten
1264 4104 1457 4139 Hauptpnsonen
1473 4102 1569 4130 wurden
1586 4099 1718 4133 wiederholt
1746 4098 1782 4126 bei
1810 4096 1895 4130 offen«
1910 4095 1987 4129 Szene
2002 4097 2051 4122 und
2079 4094 2135 4128 nach

1209 4141 1302 4175 Schluß
1319 4141 1435 4173 ehrenvoll
1452 4138 1627 4173 ausgezeichnet.
1645 4136 1697 4164 Mit
1713 4137 1755 4163 de»
1772 4135 1908 4162 Vertretern
1924 4133 1964 4160 der
1980 4132 2134 4160 Nebenrollen

1209 4180 1270 4207 kann
1286 4176 1531 4212 ichssglücklicherweise
1545 4174 1691 4208 summarisch
1716 4172 1846 4204 verfahre».
1878 4170 1964 4199 Weder
1990 4170 2028 4198 di»
2041 4170 2137 4198 Damen

1210 4215 1368 4249 Reiffert
1384 4213 1458 4248 (Lisa)
1474 4212 1522 4242 und
1538 4211 1713 4245 Goßman»
1730 4207 1852 4242 (Theres«),
1869 4207 1925 4241 noch
1935 4207 1999 4240 Herr
2015 4205 2136 4238 Geifen»

1210 4253 1308 4287 Hofer
1323 4251 1428 4284 (Alexis)
1455 4249 1590 4281 verstände,
1617 4251 1650 4281 e».
1678 4245 1759 4280 irgend
1785 4245 1824 4272 ein
1840 4244 1957 4278 Interesse
1984 4242 2135 4276 einzustößrn.

1213 4290 1285 4324 „Biel
1301 4289 1361 4317 Soll
1377 4289 1427 4315 und
1443 4287 1519 4321 wenig
1533 4285 1634 4320 Hab«"
1653 4284 1731 4312 würde
1758 4283 1798 4310 der
1813 4282 1956 4315 Kaufmann
1983 4282 2056 4314 sagen.
2089 4280 2136 4307 Die

1211 4328 1288 4361 Chöre
1303 4326 1396 4359 agirte»
1411 4325 1462 4358 sehr
1477 4324 1552 4357 brav;
1567 4330 1617 4351 nur
1631 4320 1718 4350 einmal
1734 4321 1786 4348 trat
1801 4319 1839 4347 ei»
1853 4318 1941 4346 klein«
1955 4316 2086 4351 Zwiespalt
2092 4315 2137 4342 mit

1211 4365 1261 4392 dem
1278 4362 1395 4396 Orchester
1410 4362 1456 4390 ein.
1489 4362 1543 4389 Da»
1559 4362 1644 4393 letztere
1660 4357 1742 4392 scheint
1768 4356 1826 4390 «ch
1842 4356 1869 4383 in
1897 4356 1938 4382 d«
1955 4353 2086 4387 Auflösung
2100 4352 2137 4379 be¬

1212 4401 1313 4435 griffe»;
1329 4400 1370 4432 seit
1387 4399 1474 4433 einig«
1490 4398 1545 4431 Zeit
1560 4396 1665 4429 kermiff»
1679 4394 1712 4428 ich
1728 4392 1865 4427 schmerzlich
1886 4391 1931 4420 da»
1956 4389 2034 4424 ,wette
2049 4388 2135 4421 Fagot-

1211 4440 1257 4468 Di«
1273 4436 1405 4473 Harmonie
1431 4436 1501 4464 leidet
1528 4435 1609 4468 schwer
1635 4435 1704 4462 unt»
1731 4431 1812 4464 diese»
1828 4429 1938 4463 Mangel.
1972 4427 2035 4460 Auch
2051 4426 2080 4459 ist
2095 4426 2138 4459 für

1213 4477 1316 4509 Paule»,
1332 4474 1396 4503 beide
1411 4474 1471 4502 Trm
1469 4481 1486 4500 u
1486 4480 1511 4500 m
1509 4481 1522 4500 e
1520 4472 1549 4500 lu
1566 4471 1616 4500 «ch
1632 4470 1747 4503 Triangel
1763 4468 1810 4496 mb
1824 4467 1863 4495 da
1888 4465 1986 4499 einziger
2000 4462 2139 4491 Bearbeiter

2176 3389 2316 3421 vorhanden.
2349 3387 2402 3414 Und
2436 3387 2475 3414 d«
2507 3384 2589 3417 scheint
2621 3383 2670 3410 mir
2702 3382 2757 3415 doch
2789 3380 2839 3409 kein
2870 3379 3022 3413 vielarmig»
3052 3379 3101 3412 Po¬

2177 3426 2218 3458 lyp
2226 3428 2286 3453 I—

2225 3462 2282 3489 Bo»
2299 3462 2337 3487 der
2353 3460 2461 3493 ohnedem
2478 3459 2559 3492 kurze»
2575 3457 2642 3490 Op«
2659 3461 2709 3484 war
2725 3454 2851 3483 bedeutend
2867 3452 2986 3488 gestrichen
3003 3453 3103 3481 worden.

2178 3500 2223 3526 Am
2240 3498 2366 3531 schwersten
2381 3497 2449 3525 ward
2465 3495 2513 3525 mir
2529 3496 2568 3522 der
2585 3493 2691 3526 Verzicht
2708 3492 2752 3525 auf
2769 3494 2812 3520 den
2828 3490 2954 3525 herrlich«
2969 3490 3103 3524 Eingang»«

2176 3536 2227 3568 chor
2241 3543 2296 3569 zum
2312 3535 2399 3562 dritten
2416 3534 2469 3561 All.

2226 3573 2279 3606 Für
2295 3572 2399 3604 Montag
2428 3572 2470 3598 den
2489 3570 2527 3596 15.
2545 3569 2619 3601 Mär,
2648 3572 2699 3594 war
2715 3566 2834 3601 Lortzings
2861 3563 3022 3598 „Wildschütz"
3050 3570 3105 3597 zu»

2177 3610 2272 3643 Benefiz
2289 3610 2328 3637 de»
2343 3607 2423 3642 Herrn
2439 3604 2618 3638 Musikdirektor
2635 3604 2767 3637 Klahre
2795 3603 2907 3636 angesetzt.
2942 3601 2993 3629 Und
3021 3600 3105 3628 wird«

2177 3647 2257 3679 mußte
2273 3647 2312 3674 ein
2327 3644 2504 3678 unglückseliger
2510 3641 2675 3676 Zwischafall
2690 3640 2726 3668 die
2737 3640 2816 3673 Szene
2830 3639 2964 3667 vrränder».
2980 3637 3016 3669 Ie
3023 3635 3107 3671 größ»

2177 3684 2213 3711 die
2229 3683 2376 3715 Spannung,
2405 3682 2465 3714 desto
2493 3678 2665 3712 empfindlich«
2693 3677 2728 3705 die
2746 3676 2926 3709 Enttäuschung.
2960 3674 3043 3707 Sogar
3069 3673 3106 3701 die

2179 3721 2286 3747 Reklame
2302 3719 2344 3751 fiel
2360 3716 2485 3752 gründlich
2501 3716 2568 3744 'rein.
2584 3716 2633 3743 Ein
2651 3714 2752 3749 plötzlich
2767 3713 2801 3747 (?)
2817 3713 2977 3745 eingetrctem»
2994 3710 3107 3743 Unwohl¬

2178 3757 2226 3787 sein
2241 3757 2282 3784 de»
2297 3755 2378 3789 Herrn
2392 3755 2416 3783 v.
2433 3753 2573 3782 Wille»
2589 3751 2676 3785 machte
2691 3751 2727 3778 die
2734 3749 2946 3784 wohlvorbereitet«
2953 3745 3107 3780 Aufführung

2179 3794 2310 3827 «»möglich
2326 3793 2374 3821 und
2391 3793 2432 3820 de»
2440 3791 2619 3824 Benefizianten
2635 3788 2730 3822 gerecht«
2739 3786 2911 3821 Anwartschaft
2928 3784 2970 3817 auf
2984 3784 3024 3811 rin
3031 3783 3107 3816 wohl¬

2179 3832 2307 3859 verdiente»
2324 3844 2355 3849 —
2364 3830 2414 3857 und
2430 3830 2493 3863 fetze»
2511 3828 2557 3855 wir
2575 3827 2655 3860 hinzu,
2673 3824 2785 3858 dringend
2801 3822 2942 3855 bedürftiges
2950 3834 2980 3838 —
2990 3815 3107 3853 größere»,

2179 3868 2318 3901 pekuniäre»
2331 3866 2466 3900 Crträguiß
2491 3872 2522 3897 zu
2547 3864 2649 3896 Waffer.
2682 3862 2731 3889 D«
2762 3858 2922 3893 „Wildschütz"
2953 3856 3109 3885 verwandelte

2181 3906 2221 3939 sich
2250 3905 2308 3933 üb«
2324 3904 2399 3938 Nacht
2424 3904 2451 3932 in
2479 3902 2544 3934 einen
2564 3897 2781 3934 „Freischütz".
2815 3895 2867 3926 Die,
2894 3896 2930 3921 im
2945 3892 3109 3921 Eskamoürr»

2181 3942 2320 3977 erstaunlich
2336 3941 2454 3975 gewandte
2465 3939 2557 3971 Saison
2574 3938 2655 3965 konnte
2671 3934 2735 3968 selbst
2751 3934 2785 3961 im
2792 3931 2938 3964 Berscheid«
2954 3930 3004 3962 ihre
3012 3929 3109 3957 Mucke»

2181 3981 2244 4014 nicht
2261 3980 2335 4014 laffe»
2350 3979 2400 4006 «ad
2415 3977 2497 4010 mußt«
2512 3978 2560 4002 un»
2575 3973 2631 4006 »och
2648 3971 2737 3999 einmal
2762 3977 2818 4004 zum
2832 3966 2967 3999 lleberdruß
2991 3967 3042 4000 „die
3056 3965 3109 3995 Ko¬

2183 4019 2258 4046 mödie
2273 4018 2314 4045 der
2328 4015 2469 4049 Irrungen"
2489 4012 2622 4045 vorführen.
2656 4008 2706 4041 Auf
2721 4007 2772 4034 eine
2787 4004 3029 4039 geraubteHofsnimg
3044 4004 3110 4036 mehr

2183 4056 2239 4082 oder
2254 4053 2356 4086 wenig«
2371 4052 2425 4083 darf
2441 4054 2466 4079 e»
2482 4051 2529 4077 un»
2544 4047 2569 4081 ja
2585 4045 2647 4079 nicht
2662 4046 2812 4075 antommen;
2842 4042 2933 4076 .Legt'»
2946 4048 2977 4074 zu
2994 4040 3037 4069 de,
3051 4038 3111 4068 Urb-

2183 4091 2280 4126 rigen."

2234 4125 2360 4159 Natürlich
2376 4124 2418 4154 bin
2435 4124 2467 4157 ich
2476 4121 2530 4150 wett
2537 4121 2616 4148 davon
2623 4118 2733 4151 entfernt,
2750 4115 2850 4145 Webers
2858 4114 3016 4148 Mdsterwerk
3024 4113 3105 4149 irgend

2184 4167 2230 4195 wie
2243 4173 2274 4200 zu
2289 4164 2348 4196 nahe
2363 4164 2437 4191 trete»
2451 4167 2483 4195 ,«
2498 4160 2598 4191 wolle»;
2614 4155 2672 4184 ab«
2687 4155 2744 4188 auch
2760 4156 2800 4182 de»
2811 4152 2891 4183 Gute»
2909 4154 2970 4180 kan,
2984 4155 3010 4179 «i
3025 4151 3112 4186 znvick

2185 4204 2283 4231 werde».
2314 4200 2363 4232 Ich
2377 4199 2444 4232 halte
2458 4195 2516 4229 mich
2530 4203 2565 4223 an
2579 4194 2690 4229 Heinrich
2701 4192 2748 4219 IV.
2764 4191 2887 4220 bekonate»
2906 4188 3040 4223 „topjour,
3045 4187 3112 4215 kor-

2186 4239 2270 4266 drix".
2304 4237 2383 4269 Schon
2400 4235 2470 4268 dies«
2486 4234 2538 4266 gut«
2553 4231 2635 4265 König
2651 4230 2732 4263 scheint
2748 4226 2843 4262 gewußt
2858 4234 2887 4260 zu
2904 4225 2992 4261 haben,
3008 4224 3055 4258 daß
3070 4225 3114 4254 da

2185 4277 2263 4308 wahr»
2278 4273 2364 4306 Gauß
2390 4280 2438 4300 nur
2455 4273 2481 4299 in
2509 4270 2547 4296 der
2564 4267 2743 4300 Abtmchsel«,,
2766 4265 2833 4298 Ifagt.
2866 4264 2945 4295 Dieser
2960 4261 3114 4296 Phildophie

2184 4313 2243 4345 muß
2257 4310 2315 4344 «ch
2329 4309 2439 4343 Zürich'»
2453 4305 2677 4340 Theaterpablikn»
2691 4302 2811 4336 paeiga,
2835 4301 2895 4328 da»
2910 4301 2956 4328 da»
2970 4298 3044 4333 Hau»
3059 4302 3115 4327 war

2185 4358 2234 4378 »»,
2248 4337 2341 4382 dürfii,
2355 4346 2448 4380 vftUlt.
2479 4341 2560 4378 Herr»
2574 4340 2709 4374 Klahr«
2723 4338 2824 4367 wurd»
2838 4337 2876 4366 di«
2885 4335 3036 4370 lebhaftest«
3044 4335 3115 4364 Oka-

2186 4387 2283 4414 linn:
2309 4380 2494 4417 Orchestertusch,
2521 4377 2657 4413 rauschad«
2672 4373 2869 4409 Empfaugssalve
2883 4374 2934 4401 »Ud
2949 4371 3116 4406 Lorberrkran,

2185 4422 2291 4457 geweiht,
2318 4421 2374 4454 rnch
2401 4419 2439 4447 die
2465 4416 2545 4452 gaial
2569 4414 2743 4447 »urchgefthrt«
2756 4411 2893 4440 Ornat««
2909 4409 3036 4442 beklatschst,
3068 4407 3117 4438 »ft

2186 4461 2253 4494 Opa
2269 4460 2327 4493 ging
2341 4456 2443 4492 ziemlich
2459 4454 2531 4490 glatt.
2548 4453 2603 4482 Re,
2618 4451 2692 4485 besetzt
2707 4453 2789 4478 wara
2799 4445 2888 4481 „Mag"
2899 4445 2949 4475 nnd
2967 4446 3021 4478 „da
3027 4445 3114 4480 Fürst.
