3900 5551
198 80 259 122 M
298 83 389 124 568
445 87 586 134 Erstes
614 86 901 135 Mittagblatt.
1588 86 1644 133 Per
1662 85 1785 135 Zürcher
1811 86 1941 136 Zeitmrg
1966 86 2042 128 139.
2059 86 2230 137 Iahrsmz.

440 562 779 598 Abonnemcntspreife
974 582 1050 609 Mm»,
1076 582 1164 608 Mmrk
1190 581 1277 608 »«ie
1303 580 1390 606 saonotc

274 613 362 642 Zürich
371 613 408 635 bei
417 612 653 638 btrlitainRh-oHcm
663 613 718 636 ober
726 615 816 642 Msagr
826 617 934 643 abqeholl
950 618 990 644 Fr.
998 619 1045 639 Z30
1096 618 1143 639 0JX>
1195 617 1254 638 11.50
1305 616 1365 637 23.—

373 643 437 668 durch
447 642 485 665 die
492 644 503 654 r
500 643 625 670 4wäftöocr
636 644 678 666 ir>Z
688 645 755 670 gauL
767 647 980 675 gebracht_„
998 650 1044 670 3.—
1095 649 1143 670 8_
1196 648 1254 669 15.—
1305 647 1365 668 29.—

274 679 383 706 Schweiz
396 677 524 705 Bestellung
538 678 597 701 fielt:
611 679 1044 710 Postfiurcen_»8.—
1094 683 1142 704 8.—
1195 683 1254 704 15.—
1304 682 1364 703 29.—

371 708 413 730 mit
426 708 506 735 Bezug
519 709 586 731 unter
599 709 766 737 Privatadresse
780 712 938 739 (Streifband)
968 729 979 740 „
998 715 1045 734 3.70
1084 714 1143 735 10.30
1194 714 1254 734 20.—
1304 712 1364 734 39.—

275 743 403 768 Ausland,
416 742 458 763 mit
470 742 549 770 Bezug
563 744 630 766 unter
643 744 811 771 Privatadresse
820 747 938 772 (Streifb.)
968 763 979 774 ,
998 749 1044 770 5.70
1084 748 1143 768 10.—
1194 748 1253 768 3L—
1304 746 1364 768 OL—

1655 651 1809 695 Täglich
1832 653 1861 686 2
1883 651 2094 697 Ausgaben

1723 705 1855 731 Telephon
1863 711 1871 726 r
1884 706 2020 733 gotttnge«

1459 730 1598 751 «edaktio»
1606 731 1738 755 7100.7102,
1748 731 1836 756 (nachts
1847 732 1912 755 7l0;t>,
1921 733 2047 754 Druckerei
2057 734 2115 757 5088,
2124 732 2242 757 Falken!».
2252 733 2284 753 11.

1458 755 1671 780 Aduiiniftratto»
1681 757 1740 780 0090,
1751 758 1966 783 Expedition0109,
1979 759 2284 785 Olunoucen-Afitig.0930.

2940 88 3154 135 Dienstag,
3183 87 3258 130 36.
3290 88 3413 139 April
3439 88 3566 132 1918.

2433 559 2480 581 «et
2494 560 2536 581 den
2550 561 2712 586 PostSurteru
2726 560 2782 581 kan»
2796 560 2916 583 ab-nntcrt
2929 561 3032 582 «erden-,
3055 562 3080 582 in
3094 561 3248 587 Deutschland,
3266 562 3396 588 Frankreich

2371 590 2471 618 Italien,
2491 591 2628 617 Oesterreich,
2648 592 2751 616 Ungar»,
2772 591 2878 616 Holland,
2897 591 3032 616 DSncurark,
3054 591 3183 618 Schweden,
3205 594 3334 621 Norwegen
3352 596 3397 620 uf«

2371 622 2416 643 Die
2435 621 2600 648 postamtNchc»
2621 622 2865 646 AfionnementSpreifc
2885 622 2974 643 werden
2995 625 3041 644 von
3061 623 3105 643 den
3125 623 3348 652 Pofwersaltnngcn
3369 628 3408 649 der

2371 652 2543 678 vorgenannten
2558 652 2647 674 Länder
2663 651 2783 678 festgesetzt.
2810 653 2856 674 Die
2874 652 2960 677 Preise,
2981 651 3018 674 die
3039 653 3080 677 auf
3097 653 3139 674 den
3160 655 3405 681 llmrcchnnngskurscn

2589 683 2696 707 baficreu,
2707 682 2757 706 sind
2770 683 2808 704 bei
2821 683 2866 704 den
2877 682 3022 707 Postämtern
3034 689 3064 709 zu
3076 684 3186 709 erfragen.

2371 726 2668 748 <1„r-r»!o»Lnr-->r-'
2694 717 2745 743 Für
2764 717 2802 740 die
2824 717 2956 743 einspaltige
2979 717 3120 744 Srnndzcile
3149 720 3204 741 oder
3227 721 3295 742 deren
3317 723 3393 743 Baum
3418 723 3444 744 50
3464 724 3515 748 Rn,

2695 747 3201 774 fii»A»ze,ge»«»gländ.Ursprungs00Np.,
3212 751 3515 779 NellamcnperZeile2Fr.

210 858 282 904 Aie
306 860 435 900 innere
452 861 605 908 UolitiK
631 861 709 902 und
737 862 794 902 die
812 861 1009 912 Offensive.

606 938 640 973 4
666 938 804 972 Paris,
829 939 871 967 23.
896 938 991 973 April.

252 988 317 1020 Wie
343 991 413 1027 noch
438 991 597 1028 jedesmal,
622 994 711 1022 wenn
738 992 831 1029 große
857 991 1024 1030 Ereignisse

195 1034 234 1057 an
255 1029 306 1060 der
325 1029 423 1066 Front
441 1030 492 1068 sich
512 1031 687 1068 adspieltcn,
707 1033 770 1062 trat
788 1031 824 1061 in
843 1031 894 1061 der
913 1030 1027 1062 innen:

194 1066 309 1102 Politik
328 1069 421 1100 Stille
442 1070 509 1107 ein;
531 1070 579 1107 die
599 1073 724 1107 „Union
742 1070 864 1101 sacree"
886 1070 941 1101 übt
960 1070 1027 1108 ihre

193 1106 294 1144 Macht
316 1110 370 1147 auf
390 1108 438 1139 die
460 1109 573 1147 Geister
596 1111 665 1144 aus,
688 1109 759 1140 weil
780 1109 956 1146 Frankreich
977 1109 1026 1139 in¬

193 1145 307 1182 stinktiv
336 1148 426 1186 fühlt,
454 1148 513 1185 daß
542 1151 577 1179 cs
605 1147 714 1186 diesem
743 1147 1024 1186 Znsanimenschluß

193 1185 265 1216 aller
301 1187 397 1225 seiner
423 1186 547 1218 Glieder
584 1187 662 1232 seine
688 1187 881 1226 militärische
907 1187 1024 1221 Wider¬

193 1224 372 1263 standskraft
394 1227 543 1257 verdankt.
585 1226 750 1264 Auflösend
773 1227 826 1264 auf
846 1226 924 1264 feine
946 1226 1024 1265 poli¬

194 1263 277 1301 tische
316 1264 440 1302 Einheit
480 1265 604 1296 wirkten
642 1264 721 1303 nicht
761 1266 1024 1304 vorübergehende

192 1302 376 1341 Rückschläge
396 1311 434 1333 an
453 1305 504 1335 der
522 1304 629 1342 Front,
646 1305 769 1343 erhöhte
786 1305 941 1343 Gefahren
958 1306 1022 1336 und

191 1340 455 1380 Schwierigkeiten
479 1343 530 1381 für
553 1343 632 1381 seine
656 1344 843 1381 Hauptstadt,
868 1343 926 1375 wie
949 1351 1022 1375 man

193 1379 235 1410 im
257 1380 400 1412 Ausland
424 1389 512 1419 gerne
534 1383 726 1420 vorausfetzt,
748 1383 878 1421 sondern
900 1382 942 1414 im
965 1384 1024 1415 Ge¬

192 1418 304 1456 genteil
322 1420 370 1451 die
389 1420 500 1459 langen
518 1421 750 1459 Nuhcperiodcn
769 1423 824 1453 des
844 1422 1022 1459 Stellungs¬

192 1458 316 1496 krieges,
344 1460 392 1490 die
421 1461 599 1499 mangelnde
629 1461 802 1500 Initiative
830 1460 927 1498 feiner
956 1461 1021 1491 bis¬

191 1496 315 1535 herigen
333 1498 548 1537 militärischen
566 1500 629 1530 und
648 1499 896 1538 diplomatischen
913 1499 1022 1531 Leiter.

191 1536 252 1567 Ein
271 1537 430 1576 Skeptiker,
448 1539 542 1576 dessen
561 1538 660 1570 Urteil
680 1539 738 1570 wir
755 1539 835 1575 nicht
854 1538 931 1576 ohne
950 1538 1021 1570 wei¬

191 1577 270 1606 teres
293 1585 330 1615 zu
351 1578 417 1608 dem
437 1578 583 1616 unsrigen
604 1577 723 1613 machen
745 1571 888 1613 möchten,
909 1578 1021 1609 meinte

192 1614 286 1653 dieser
315 1617 410 1655 Tage:
444 1616 520 1655 „Die
551 1617 725 1654 Franzosen
754 1617 860 1655 fühlen
889 1616 939 1654 stch
969 1617 1019 1647 nie

190 1655 272 1693 mehr
294 1655 328 1686 in
349 1656 446 1694 ihrem
469 1656 616 1691 Element,
641 1654 741 1692 leisten
763 1655 814 1685 nie
836 1655 1021 1694 Gotzartige-

191 1696 251 1730 reS,
274 1696 325 1726 als
350 1699 440 1726 wenn
463 1698 498 1725 es
523 1694 589 1726 eine
615 1694 765 1731 drohende
791 1694 906 1732 Gefahr
932 1696 1021 1733 abzu¬

189 1734 315 1765 wenden
341 1734 409 1771 gilt.
455 1734 504 1764 Da
532 1732 699 1770 vollbringt
725 1734 776 1764 der
802 1733 895 1771 ihnen
921 1734 1020 1772 einge¬

188 1772 298 1804 borene
342 1772 548 1811 konservative
572 1772 755 1817 Wesenszug
780 1773 914 1804 Wunder
959 1778 1020 1804 von

189 1811 400 1850 Aufopferung
427 1811 490 1841 und
517 1811 763 1848 Ingeniosität!"
812 1811 923 1844 Soviel
950 1814 1020 1851 steht

189 1850 246 1888 fest,
267 1851 326 1888 daß
346 1850 491 1888 während
511 1851 561 1881 der
580 1850 864 1889 Schickfalsschlacht
884 1851 937 1883 des
959 1853 1019 1890 letz¬

190 1891 239 1919 ten
257 1889 391 1921 Monats
411 1893 444 1919 es
465 1888 579 1919 einmal
599 1890 682 1927 mehr
702 1889 754 1920 der
773 1890 925 1929 Franzose
945 1895 1019 1927 war,

188 1929 240 1958 der
267 1929 356 1966 durch
401 1928 481 1966 seine
509 1928 651 1966 geschickte
679 1928 929 1967 Improvisation
956 1931 1018 1962 und

188 1966 392 2005 entschlossene
418 1966 555 2005 Haltung
582 1967 616 1997 in
644 1967 694 1998 der
720 1968 943 2008 Verteidigung
971 1970 1018 2001 die

187 2005 355 2038 Situation
377 2007 428 2037 der
450 2006 666 2038 Verbündeten
688 2009 803 2039 rettete.

246 2044 305 2083 Die
333 2044 506 2083 Politik
533 2046 850 2077 ClemenceauS
878 2048 948 2086 steht
976 2048 1017 2079 im

187 2083 279 2121 Zenit
299 2084 384 2123 ihres
405 2084 548 2123 Presttge,
568 2086 620 2123 hat
641 2084 697 2116 mit
719 2085 802 2117 einer
823 2086 924 2124 Macht
944 2088 1018 2118 über

189 2122 237 2153 die
266 2123 389 2162 Gegner
417 2123 621 2162 triumphiert,
651 2124 711 2162 daß
741 2125 828 2161 viele,
857 2125 916 2157 wie
964 2128 1016 2157 der

186 2161 282 2200 Weise
309 2164 363 2194 des
391 2163 572 2199 Altertums,
597 2170 650 2194 um
678 2165 732 2195 den
760 2165 889 2202 Bestand
918 2166 1017 2203 seines

186 2201 292 2232 Glücks
315 2202 443 2237 bangen.
484 2202 542 2234 Die
582 2202 857 2240 Sozialisten
897 2205 1017 2243 pflegen

185 2239 240 2277 ihn
264 2248 354 2276 gerne
377 2241 410 2272 in
434 2242 592 2280 Gegensatz
618 2249 653 2279 zu
676 2242 794 2281 Wilson
818 2250 855 2280 zu
878 2243 1017 2282 bringen,

187 2278 237 2310 als
267 2279 323 2311 den
351 2280 585 2318 unbesonnenen
613 2280 925 2320 Jusqu'auboutisten
954 2284 1016 2314 und

185 2318 370 2357 Verlästerer
390 2320 441 2351 der
460 2323 567 2351 Union
586 2324 637 2351 des
657 2324 791 2352 Nation«
812 2321 1017 2359 anzukreidcn.

184 2357 252 2388 Wir
274 2358 373 2396 haben
394 2358 429 2389 in
453 2358 549 2390 einem
573 2362 888 2398 vorausgegangcncn
912 2362 1016 2400 Briefe

185 2396 333 2434 erwähnt,
358 2397 416 2429 wie
440 2398 492 2429 der
517 2397 739 2436 diplomatische
764 2399 940 2438 Scharfsinn
965 2402 1016 2432 der

185 2434 411 2475 sozialistischen
426 2436 579 2475 Ratgeber
593 2437 789 2475 Frankreichs
806 2442 864 2469 aus
882 2440 937 2471 den
953 2441 1015 2479 rus¬

185 2474 288 2514 sischen
332 2476 461 2514 Affären
518 2476 811 2516 (Bolschewistisches
858 2477 1015 2517 Rtttzland,

185 2513 322 2551 Ukraine,
365 2515 640 2553 Fricdensvertrag
684 2520 745 2547 von
768 2517 1012 2556 Brest-Litowsk)

184 2553 350 2591 bedenklich
367 2554 536 2592 gemindert
551 2555 754 2594 hervorging;
771 2563 836 2587 nun
853 2557 906 2594 hat
921 2557 1014 2595 ihnen

184 2592 343 2630 Präsident
363 2593 482 2632 Wilson
502 2594 559 2625 mit
579 2594 675 2633 seiner
696 2594 797 2632 letzten
818 2595 912 2630 Rede:
939 2597 1014 2634 „Die

183 2631 307 2663 Gewalt
328 2632 430 2668 allein,
451 2632 499 2664 die
519 2633 643 2665 Gewalt
664 2633 715 2664 bis
738 2642 805 2672 zrnn
826 2635 1014 2673 Aeußersten,

184 2670 260 2709 ohne
284 2670 535 2711 Einschränkimg,
558 2673 634 2710 ohne
657 2672 784 2711 Grenze,
806 2673 841 2711 ist
861 2673 1014 2713 imstande,

185 2709 242 2739 das
263 2709 353 2748 Recht
375 2717 442 2747 zum
462 2711 560 2748 Gesetz
581 2712 632 2741 der
653 2711 733 2742 Welt
755 2719 791 2747 zu
812 2712 932 2749 machen
952 2714 1014 2744 und

184 2747 233 2778 die
249 2748 412 2787 egoistische
429 2749 598 2786 Herrschaft
615 2749 650 2779 in
668 2751 724 2781 den
742 2750 847 2781 Staub
866 2758 904 2788 zu
921 2751 1016 2789 zwin¬

183 2778 283 2824 gen!^
303 2786 352 2818 die
394 2787 474 2825 letzte
497 2787 669 2826 Plattform
692 2791 782 2820 rmter
826 2790 882 2820 den
907 2790 1015 2828 Füßen

184 2828 390 2865 weggezogen.
431 2825 539 2866 Diese»
561 2826 701 2865 Zeugnis
723 2829 795 2865 muß
817 2828 910 2867 ihnen
931 2829 1015 2861 übri¬

184 2867 260 2901 gens
279 2866 450 2903 ausgestellt
467 2867 597 2902 werden,
616 2867 675 2903 daß
693 2866 727 2898 in
747 2869 811 2898 dem
829 2868 1014 2906 Augenblick,

184 2906 231 2934 wo
256 2903 304 2935 die
328 2904 481 2943 Offensive
505 2905 712 2944 Ludendorffs
739 2906 804 2938 eine
829 2907 880 2945 für
904 2908 1015 2946 Frank¬

185 2942 258 2980 reich
287 2943 474 2977 bedrohliche
502 2944 662 2983 Wendung
691 2952 728 2983 zu
755 2947 883 2985 nehmen
911 2948 1015 2986 schien,

183 2980 230 3012 die
251 2982 478 3021 sozialistischen
500 2984 708 3021 Deputierten,
732 2985 779 3017 die
802 2987 853 3017 der
876 2986 1014 3019 Minder¬

183 3020 245 3058 heit
271 3021 351 3060 nicht
378 3021 511 3059 weniger
540 3023 590 3053 als
619 3023 667 3054 die
695 3024 747 3056 der
774 3025 937 3064 Mehrheit,
967 3034 1014 3064 ge¬

183 3059 319 3100 schloffen
335 3061 385 3100 für
404 3061 451 3093 die
468 3061 692 3100 Verteidigung
711 3063 863 3095 eintraten
881 3066 943 3097 und
963 3067 1014 3097 der

183 3098 358 3138 Regierung
379 3100 427 3131 die
446 3101 625 3139 verlangten
645 3102 767 3134 Kredite
788 3103 844 3135 niit
863 3105 1014 3136 Akklama¬

184 3138 251 3169 tion
271 3139 466 3177 bewilligten.
507 3140 573 3171 Vor
594 3141 646 3171 der
668 3142 854 3180 energischen
876 3143 1014 3182 Haltung

183 3178 345 3216 Gomper»,
370 3180 424 3210 des
448 3179 587 3218 Führers
610 3180 661 3211 der
685 3181 933 3220 amerikanischen
957 3184 1013 3215 Ar¬

182 3216 377 3257 beiterschaft,
398 3217 591 3257 verzichteten
613 3219 649 3256 sie
669 3219 770 3257 ferner
791 3221 845 3259 auf
866 3222 913 3253 die
934 3223 1013 3260 Pro¬

182 3257 400 3296 pagandareise
424 3257 495 3295 nach
541 3259 591 3289 der
616 3265 713 3290 neuen
738 3260 827 3296 Welt,
853 3260 901 3291 die
946 3262 1013 3293 eine

182 3295 514 3336 französisch-englische
531 3298 719 3337 Mordnung
737 3299 778 3330 im
795 3299 944 3339 Jntercffc
962 3301 1012 3332 der

181 3335 446 3368 internationalen
469 3337 638 3380 Konferenz
661 3339 878 3377 unternehmen
920 3341 1013 3378 sollte.

183 3373 242 3420 Die
271 3368 640 3421 syndikalistische
669 3376 932 3417 Bewegung,
962 3379 1011 3410 die

182 3414 236 3453 auf
273 3422 339 3446 oem
358 3415 501 3454 Kongreß
540 3419 600 3447 von
620 3415 929 3455 Clennont-Ferrand
968 3418 1011 3449 im

182 3453 282 3491 letzten
303 3454 465 3492 Dezember
487 3455 558 3493 noch
582 3455 817 3494 weitergehende
839 3457 1011 3494 Forderun¬

181 3499 238 3530 gen
261 3494 393 3532 erhoben
416 3494 499 3532 hatte
523 3496 573 3526 als
598 3494 645 3525 die
669 3495 820 3534 polittsche
844 3495 1011 3536 Organisa¬

182 3531 249 3562 tion
275 3534 329 3571 auf
356 3534 421 3564 dem
448 3533 569 3572 ihrigen
594 3534 629 3564 in
656 3534 763 3572 Paris,
791 3536 1011 3574 veröffentlicht

182 3571 248 3602 eine
269 3572 483 3610 Kundgebtmg
503 3575 557 3611 auf
598 3574 655 3604 den
678 3574 705 3606 1.
725 3574 805 3610 Mai,
827 3574 861 3605 in
903 3576 954 3606 der
977 3579 1011 3607 es

181 3610 276 3648 heißt:
303 3611 378 3649 „Die
400 3611 576 3651 Ereignisse,
599 3613 646 3644 die
668 3612 717 3651 sich
742 3621 794 3651 zur
816 3614 937 3646 Stunde
960 3615 1010 3646 ab¬

181 3649 302 3688 spielen,
328 3650 420 3689 lassen
447 3655 508 3682 uns
536 3652 650 3683 einmal
676 3653 759 3691 mehr
786 3653 832 3685 die
859 3654 1011 3692 Schrecken

181 3688 264 3720 einer
286 3690 453 3722 Situation
476 3691 658 3729 empfinden,
681 3691 715 3724 in
740 3693 790 3724 der
814 3696 847 3724 cs
870 3701 921 3725 um
944 3693 1010 3725 die

180 3727 371 3769 Zukunft
394 3730 464 3761 der
487 3730 797 3763 Demokratien
822 3732 899 3770 geht.
942 3734 1011 3764 Das

181 3767 373 3804 Proletariat
397 3768 508 3807 ermißt
532 3769 580 3801 die
603 3777 696 3808 ganze
720 3771 894 3810 Tragweite
919 3772 1011 3811 dieser

181 3807 430 3847 beängstigenden
454 3809 532 3847 Lage
557 3810 647 3847 besser
672 3809 724 3841 als
748 3810 855 3848 irgend
879 3811 1010 3849 jemand.

180 3845 238 3879 Die
270 3849 514 3881 Conföderntion
535 3852 687 3881 Gänörale
710 3854 750 3882 du
774 3854 900 3883 TrnvaiL
932 3852 1009 3883 wird

181 3884 393 3933 infolgedessen
414 3887 492 3924 nicht
513 3896 565 3926 zur
586 3888 811 3928 Mederlegung
835 3891 885 3922 der
905 3891 1011 3923 Arbeit

182 3931 231 3955 am
248 3925 273 3955 1.
289 3926 359 3958 Mai
377 3926 577 3959 einladen...
614 3928 833 3968 Gegenwärtig
851 3929 946 3963 lautet
964 3930 1011 3962 die

1064 836 1134 873 erste
1158 835 1343 874 Bedingung
1369 836 1419 874 für
1444 835 1493 866 ein
1518 836 1642 875 besseres
1668 838 1730 869 Los
1757 839 1810 869 des
1836 837 1892 867 Ar¬

1063 874 1188 911 beiters,
1216 875 1277 912 daß
1304 875 1356 906 der
1383 874 1491 913 Friede
1518 876 1678 915 hergestellt
1705 878 1813 913 werde,
1841 876 1891 906 ein

1063 913 1181 951 Friede,
1199 915 1249 944 der
1266 914 1449 952 ermöglicht,
1466 914 1525 951 daß
1544 916 1578 946 in
1594 916 1724 954 Zukunft
1742 917 1798 947 alle
1816 915 1891 953 glei¬

1065 953 1132 990 chen
1161 954 1222 984 und
1253 952 1350 991 freien
1379 953 1487 984 Völker
1516 954 1566 992 sich
1596 956 1646 986 der
1675 954 1889 987 Kulturarbeit

1063 992 1194 1024 widmen
1214 992 1356 1023 können."

1121 1031 1213 1070 Sieht
1239 1039 1312 1063 man
1337 1032 1424 1070 heute
1450 1032 1532 1070 selbst
1560 1033 1592 1063 in
1619 1033 1890 1070 anti-clemencisti-

1061 1070 1142 1108 schen
1166 1071 1290 1109 Kreisen
1335 1072 1400 1107 (um
1422 1075 1484 1101 uns
1509 1071 1594 1103 eines
1637 1073 1788 1104 beliebten
1812 1073 1890 1104 Neo¬

1062 1109 1219 1147 logismus
1240 1118 1277 1147 zu
1297 1110 1456 1147 bedienen)
1479 1110 1537 1146 ein.
1560 1112 1618 1148 daß
1639 1111 1814 1149 Frankreich
1835 1111 1890 1149 seit

1061 1149 1128 1180 dein
1145 1150 1277 1187 Umsturz
1316 1149 1367 1180 der
1385 1149 1567 1188 Kriegslage
1604 1153 1665 1182 und
1704 1152 1770 1183 dem
1789 1150 1889 1183 Stim¬

1062 1187 1297 1226 mungswechsel
1327 1187 1360 1218 in
1389 1188 1778 1227 Deutschland-Oesterreich
1808 1190 1887 1220 keine

1061 1227 1170 1258 andere
1191 1226 1282 1265 Wahl
1303 1227 1364 1264 hat,
1386 1227 1436 1258 als
1459 1228 1515 1258 den
1536 1227 1599 1266 ihm
1621 1230 1889 1268 aufgedrungcnen

1061 1266 1172 1304 Karnpf
1190 1265 1409 1303 auszufcchten,
1428 1267 1491 1297 will
1511 1270 1544 1297 es
1563 1268 1639 1305 nicht
1658 1269 1737 1306 seine
1755 1269 1888 1306 Zukunft

1060 1305 1345 1343 kompromittieren,
1370 1306 1400 1344 so
1426 1306 1544 1338 wendet
1567 1307 1617 1344 sich
1642 1308 1688 1338 die
1714 1308 1812 1339 Stritif
1836 1315 1888 1338 um

1059 1344 1090 1381 so
1109 1344 1309 1381 hartnäckiger
1328 1345 1385 1382 den
1405 1346 1663 1383 „verpaßten
1682 1347 1887 1384 Gelegen¬

1058 1382 1225 1420 heiten"
1250 1383 1283 1413 in
1326 1383 1383 1415 den
1425 1387 1737 1424 vorausgegangcncn
1760 1386 1886 1424 Kriegs¬

1059 1422 1167 1460 jahren
1192 1430 1237 1460 zu.
1281 1422 1338 1454 Die
1364 1422 1552 1462 Enthüllung
1578 1425 1795 1456 Elcmenceaus
1822 1429 1887 1455 war

1059 1468 1119 1491 nur
1142 1465 1203 1492 von
1225 1461 1322 1493 einem
1344 1462 1458 1493 kleinen
1480 1462 1550 1494 Teil
1572 1465 1621 1494 der
1644 1464 1742 1502 Presse
1766 1464 1818 1495 als
1841 1464 1887 1494 in¬

1059 1503 1212 1537 opportun
1252 1501 1446 1540 angefochtcn
1485 1503 1625 1540 worden;
1656 1504 1708 1534 der
1739 1503 1887 1541 Sozialist

1058 1539 1227 1571 Marcel
1249 1540 1446 1576 Sembat,
1467 1541 1561 1579 dessen
1582 1542 1729 1580 Affinität
1750 1543 1807 1574 mit
1829 1543 1885 1573 den

1059 1578 1278 1617 Monarchisten
1318 1579 1366 1611 bei
1406 1579 1499 1617 dieser
1538 1580 1733 1620 Gelegenheit
1772 1582 1886 1613 einmal

1058 1618 1141 1656 mehr
1163 1626 1232 1656 zum
1254 1618 1403 1650 Ausdruck
1425 1619 1497 1655 kam,
1520 1621 1628 1651 tadelte
1653 1621 1708 1652 mit
1732 1621 1884 1653 Maurraö

1059 1656 1093 1687 in
1111 1657 1162 1688 der
1181 1657 1310 1695 „Action
1327 1657 1510 1696 Fran?aisc"
1529 1661 1591 1690 und
1611 1660 1725 1696 Bailby
1744 1660 1787 1691 im
1806 1659 1885 1697 „Jn-

1058 1697 1260 1734 transigeant"
1284 1696 1331 1728 die
1354 1697 1560 1736 Bloßstcllring
1602 1699 1656 1729 des
1698 1698 1886 1738 kaiserlichen

1057 1734 1319 1774 Briefschrcibers,
1347 1737 1458 1774 „dessen
1482 1737 1683 1777 Wohlwollen
1708 1738 1884 1776 Frankreich

1058 1774 1200 1813 vielleicht
1219 1775 1304 1806 eines
1322 1775 1425 1814 Tages
1442 1776 1523 1814 hätte
1541 1777 1722 1815 gebrauchen
1739 1778 1884 1809 können".

1057 1814 1125 1845 Das
1164 1815 1264 1853 offene
1283 1814 1444 1853 Vorgehen
1483 1816 1537 1846 des
1557 1816 1884 1855 Ministerpräsidenten

1058 1854 1206 1892 entsprach
1227 1853 1299 1884 aber
1318 1855 1372 1893 auf
1391 1855 1441 1886 der
1460 1855 1575 1886 andern
1593 1855 1680 1887 Seite
1700 1857 1808 1894 gerade
1828 1857 1884 1887 den

1057 1895 1118 1922 von
1139 1894 1195 1924 den
1217 1892 1402 1931 Sozialisten
1424 1893 1615 1933 gepredigten
1637 1895 1815 1933 Tendenzen
1836 1902 1884 1933 ge¬

1056 1938 1112 1968 gen
1158 1931 1205 1962 die
1232 1931 1547 1970 Geheimdiplomatie,
1574 1937 1642 1964 was
1669 1934 1801 1966 Sembat
1847 1941 1883 1971 zu

1055 1970 1217 2009 übersehen
1233 1970 1337 2008 schien.
1373 1972 1420 2003 So
1438 1974 1546 2009 tnrgen
1563 1973 1628 2010 jene
1645 1973 1692 2004 die
1708 1973 1883 2012 Diskussion

1055 2010 1109 2048 auf
1132 2010 1182 2041 ein
1206 2011 1335 2041 anderes
1360 2010 1500 2043 Terrain.
1543 2012 1601 2043 Sie
1624 2012 1799 2044 erinnerten
1822 2012 1882 2051 sich,

1056 2048 1115 2086 daß
1137 2057 1173 2087 zu
1193 2048 1276 2080 einer
1295 2048 1373 2087 Zeit,
1394 2053 1442 2080 wo
1463 2050 1509 2081 die
1531 2050 1752 2090 österreichische
1774 2051 1883 2089 Diplo¬

1056 2088 1148 2119 matie
1171 2088 1259 2119 einen
1282 2090 1394 2127 ernsten
1416 2089 1683 2128 Friedensversuch
1707 2094 1884 2123 unternom¬

1053 2133 1122 2158 men
1143 2128 1205 2158 und
1227 2129 1286 2158 das
1309 2128 1497 2166 französische
1519 2129 1664 2161 Kabinett
1687 2129 1734 2160 die
1756 2130 1883 2168 Zusam-

1055 2166 1206 2205 meickunft
1249 2167 1564 2199 Armand-itievertera
1608 2169 1747 2207 geduldet
1790 2169 1883 2207 hatte,

1055 2204 1148 2242 ihnen
1169 2205 1217 2237 die
1237 2206 1323 2246 Pässe
1345 2207 1395 2246 für
1415 2207 1584 2244 Stockholm
1605 2208 1782 2245 verweigert
1803 2212 1883 2239 wor-

1054 2244 1111 2274 den
1129 2248 1242 2276 waren.
1280 2245 1358 2283 Auch
1377 2245 1427 2277 ein
1445 2245 1523 2283 nicht
1543 2250 1602 2278 von
1621 2247 1883 2285 Parteivorurtei¬

1055 2282 1104 2314 len
1128 2284 1367 2322 angekränkelter
1391 2285 1539 2323 Politiker
1564 2286 1621 2317 wie
1646 2287 1775 2324 Gustave
1800 2287 1881 2324 Tory

1054 2322 1140 2361 wirft
1161 2325 1248 2362 heute
1271 2323 1367 2355 Ribot
1388 2324 1468 2362 seine
1491 2325 1710 2363 Aengstlichkeit
1732 2327 1795 2358 rmd
1817 2326 1883 2364 sein

1053 2362 1279 2401 systematisches
1304 2363 1486 2401 Mißtrauen
1511 2368 1583 2403 vor;
1609 2365 1666 2395 wie
1691 2364 1813 2397 Bricmd
1838 2365 1882 2396 im

1053 2400 1260 2440 Zwischenfall
1281 2402 1406 2434 Lancken
1428 2403 1522 2434 meint
1546 2411 1585 2440 er,
1608 2404 1666 2441 daß
1690 2404 1737 2435 die
1761 2405 1883 2443 franzö¬

1052 2440 1131 2478 sische
1155 2441 1344 2478 Diplomatte
1386 2442 1436 2480 sich
1481 2442 1528 2473 die
1573 2442 1777 2482 gegnerischen
1800 2444 1881 2475 Vor¬

1053 2479 1164 2517 schläge
1193 2480 1275 2518 Hütte
1303 2482 1397 2519 näher
1426 2481 1549 2519 besehen
1578 2483 1695 2521 dürfen,
1724 2484 1801 2521 ohne
1830 2483 1881 2520 sich

1052 2520 1150 2550 etwas
1175 2527 1212 2557 zu
1236 2520 1390 2557 vergeben.
1434 2521 1582 2558 Handelte
1606 2525 1640 2552 es
1665 2522 1715 2559 sich
1738 2529 1791 2554 um
1815 2523 1881 2553 eine

1051 2557 1144 2595 Falle,
1164 2560 1195 2596 so
1215 2558 1353 2596 brauchte
1371 2567 1443 2591 man
1462 2559 1542 2597 nicht
1560 2560 1594 2591 in
1614 2560 1741 2600 dieselbe
1761 2561 1881 2600 hinein¬

1051 2597 1205 2636 zulaufen:
1229 2604 1245 2629 ä
1265 2602 1422 2630 Nonnand
1442 2603 1600 2632 Normand
1619 2608 1650 2632 et
1668 2604 1747 2632 demi
1759 2602 1767 2632 !
1807 2601 1880 2633 NUN

1051 2637 1103 2672 hat
1122 2636 1237 2674 freilich
1258 2636 1305 2668 die
1323 2636 1388 2675 jede
1406 2637 1654 2677 Zweideutigkeit
1673 2640 1880 2671 vermeidende

1051 2675 1188 2713 Haltung
1229 2676 1282 2706 des
1304 2675 1468 2707 Kabinetts
1489 2676 1585 2709 Ribot
1605 2677 1780 2716 Frankreich
1821 2680 1878 2710 das

1051 2712 1225 2744 Vertrauen
1250 2713 1395 2751 Italiens
1421 2715 1567 2753 erhalten,
1594 2717 1688 2754 dessen
1714 2717 1879 2756 2lnspriiche

1052 2750 1101 2782 bei
1125 2753 1226 2790 diesen
1248 2753 1541 2792 Unterhandlungen
1563 2755 1620 2787 mit
1643 2755 1820 2795 Oesterreich
1843 2764 1880 2795 zu

1053 2791 1117 2829 kurz
1139 2792 1307 2829 gekommen
1327 2793 1439 2824 wären.

1111 2830 1190 2862 Man
1218 2831 1345 2867 erkennt,
1373 2832 1431 2869 daß
1460 2832 1508 2863 die
1535 2833 1633 2871 Frage
1662 2834 1709 2865 bei
1737 2836 1878 2873 näherem

1052 2868 1188 2908 Zusehen
1206 2870 1391 2909 kompliziert
1408 2871 1442 2910 ist
1459 2873 1520 2903 und
1539 2874 1615 2911 ohne
1634 2873 1761 2911 Einsicht
1778 2875 1810 2905 in
1829 2875 1877 2905 die

1053 2908 1298 2948 diplomatischen
1315 2909 1405 2942 Mten
1422 2910 1498 2948 nicht
1517 2911 1571 2943 mit
1588 2911 1756 2950 Sicherheit
1774 2914 1877 2945 beant¬

1053 2950 1162 2980 wortet
1180 2950 1301 2980 werden
1319 2949 1404 2981 kann.
1442 2950 1500 2981 Die
1518 2950 1658 2982 Kammer
1676 2953 1728 2990 hat
1746 2956 1807 2984 von
1824 2954 1876 2984 der

1052 2986 1227 3026 Regierung
1250 2988 1437 3027 Aufklärung
1460 2990 1608 3028 verlangt,
1630 2991 1667 3021 ob
1690 2991 1733 3023 im
1754 2992 1876 3023 Som-

1051 3032 1133 3057 nrcr
1159 3028 1262 3059 1917
1287 3027 1357 3059 ein
1381 3028 1695 3066 annehmbarer
1719 3030 1876 3069 Friede

1051 3066 1225 3104 möglich
1249 3068 1439 3106 gewesen
1461 3068 1598 3100 wäre!
1641 3069 1876 3108 Treppenphilo¬

1051 3105 1152 3144 sophie
1171 3107 1222 3137 der
1240 3106 1473 3146 Weltgeschichte
1491 3107 1569 3139 wird
1587 3115 1658 3139 man
1678 3109 1776 3146 sagen.
1797 3110 1876 3141 Aber

1051 3144 1107 3175 mit
1129 3145 1267 3183 Rücksicht
1289 3147 1342 3185 auf
1365 3146 1412 3177 die
1434 3147 1621 3179 kommenden
1642 3148 1877 3187 Gelegenheiten

1051 3183 1195 3222 vielleicht
1216 3184 1295 3221 nicht
1316 3185 1346 3225 so
1369 3186 1484 3224 müßig,
1507 3186 1564 3217 wie
1587 3191 1620 3218 es
1642 3187 1773 3225 scheinen
1795 3195 1875 3227 mag.

1050 3222 1108 3254 Die
1128 3223 1330 3262 „Humanitö"
1350 3225 1488 3264 schreibt:
1509 3225 1574 3264 „Ist
1592 3229 1625 3257 es
1645 3226 1795 3267 erwiesen,
1815 3228 1874 3265 daß

1050 3261 1098 3292 die
1121 3263 1242 3294 damals
1266 3263 1459 3302 regierenden
1482 3265 1628 3302 Polttiker
1650 3265 1736 3303 durch
1759 3267 1875 3306 Unwis¬

1050 3300 1172 3339 senheit,
1193 3302 1554 3342 Voreingenommenheit
1575 3305 1646 3336 oder
1667 3305 1875 3338 übertriebene

1049 3340 1216 3379 Ansprüche
1237 3342 1285 3373 die
1326 3343 1473 3381 feierliche
1493 3344 1613 3376 Sttmde
1633 3344 1790 3383 undenützt
1811 3349 1875 3376 ver¬

1048 3379 1185 3417 streichen
1202 3381 1312 3419 ließen,
1331 3383 1363 3422 so
1380 3383 1478 3421 haben
1495 3383 1532 3421 sie
1550 3384 1599 3422 sich
1617 3387 1673 3415 vor
1690 3384 1756 3416 dem
1772 3385 1874 3416 Lande

1049 3425 1085 3454 zu
1102 3422 1322 3452 verantwoten.
1338 3422 1400 3460 Ihr
1417 3422 1497 3459 Geist
1512 3424 1583 3461 mutz
1600 3426 1659 3454 aus
1676 3423 1740 3456 dem
1756 3424 1874 3462 Schoße

1048 3458 1100 3487 der
1125 3459 1301 3498 Negierung
1328 3461 1497 3493 vertrieben
1522 3463 1649 3498 werden,
1676 3463 1770 3495 damit
1795 3471 1875 3495 mor¬

1048 3503 1104 3534 gen
1124 3497 1272 3536 dieselben
1289 3499 1397 3538 Fehler
1417 3501 1467 3537 sich
1485 3500 1563 3539 nicht
1581 3502 1818 3538 wiederholen!"

1105 3535 1171 3568 Wie
1197 3537 1244 3569 die
1269 3538 1386 3570 breiten
1411 3540 1566 3578 Schichten
1591 3542 1644 3572 des
1670 3542 1874 3580 bürgerlichen

1046 3574 1222 3613 Frankreich
1242 3584 1296 3615 zur
1315 3577 1439 3610 Stttnde
1459 3580 1578 3618 denken,
1597 3581 1687 3619 dafür
1706 3580 1807 3620 liefert
1827 3581 1876 3613 die

1047 3615 1226 3654 Tagung
1267 3616 1339 3648 der
1378 3618 1665 3651 Generalräte
1705 3620 1754 3651 ein
1775 3620 1874 3652 Stim¬

1048 3655 1236 3692 mungsbild.
1282 3655 1349 3687 Ans
1375 3658 1452 3688 allen
1477 3658 1581 3690 Reden
1605 3658 1708 3698 spricht
1734 3660 1791 3691 das
1816 3661 1874 3692 Be¬

1048 3693 1197 3732 wußtsein
1217 3694 1268 3726 der
1289 3696 1402 3734 ernsten
1420 3697 1510 3735 Lage,
1531 3699 1602 3729 aber
1623 3699 1692 3736 auch
1713 3699 1762 3730 ein
1782 3700 1874 3731 unbe¬

1049 3732 1170 3771 dingtes
1186 3733 1359 3766 Vertrauen
1374 3735 1409 3766 in
1424 3736 1472 3767 die
1489 3737 1594 3769 Armee
1610 3739 1672 3769 und
1688 3738 1752 3775 ihre
1768 3739 1873 3777 Chefs.

1048 3771 1106 3803 Die
1124 3772 1308 3811 energischen
1324 3775 1535 3814 Maßnahmen
1554 3778 1607 3808 des
1626 3777 1788 3810 Kabinetts
1806 3778 1874 3810 Cle-

1047 3817 1188 3843 mencean
1205 3813 1258 3851 auf
1273 3813 1338 3844 dem
1352 3814 1477 3846 Gebiete
1493 3816 1545 3848 der
1560 3817 1873 3855 Kommandoeinheit,

1047 3851 1098 3881 der
1122 3851 1335 3890 Beziehimgen
1358 3861 1394 3891 zn
1419 3854 1475 3885 den
1499 3855 1668 3893 Alliierten,
1693 3857 1742 3888 der
1765 3857 1873 3896 Justiz,

1047 3890 1098 3921 der
1118 3891 1334 3929 Restriktionen
1353 3893 1407 3924 des
1425 3893 1683 3934 Wiederaufbau?
1702 3897 1799 3935 haben
1818 3897 1873 3928 den

1048 3930 1173 3962 denkbar
1201 3931 1294 3968 besten
1322 3931 1464 3964 Eindruck
1491 3935 1630 3973 gemacht,
1659 3936 1716 3967 das
1753 3937 1873 3975 ftanzö-

1928 839 2007 878 sifche
2025 839 2102 870 Volk
2119 839 2199 877 fühlt
2219 839 2268 876 sich
2288 838 2416 876 wirklich
2436 840 2555 878 regiert.
2594 841 2652 879 Im
2670 839 2755 878 Frie-

1928 879 2188 916 densprogramm,
2206 881 2264 909 das
2283 883 2343 909 von
2362 879 2417 909 den
2435 880 2590 916 einzelnen
2607 879 2755 910 Geneial-

1928 918 2012 949 räten
2031 917 2199 949 akklamiert
2217 918 2330 953 wurde,
2347 918 2418 953 stellt
2436 919 2482 949 die
2498 918 2680 956 Vergütung
2699 919 2753 949 des

1926 956 2100 993 Frankreich
2119 958 2299 995 zugesügten
2318 957 2576 995 wirtschaftlichen
2596 958 2754 995 Schadens

1928 998 1988 1027 und
2005 996 2052 1027 die
2069 996 2327 1034 Verwirklichung
2345 996 2396 1027 der
2414 996 2514 1034 Ideen
2531 996 2669 1035 Wilsons
2688 997 2754 1027 eine

1928 1035 2031 1071 bisher
2056 1036 2134 1071 nicht
2159 1035 2214 1066 mit
2259 1035 2353 1073 dieser
2379 1036 2537 1073 Präzision
2563 1036 2753 1072 formulierte

1927 1074 2194 1113 Hauptforderung
2216 1075 2281 1105 dar.

2082 1173 2212 1228 Der
2248 1172 2593 1242 Weltkrieg.

1977 1256 2080 1291 Paris,
2099 1258 2141 1285 30.
2160 1257 2255 1291 April.
2277 1257 2399 1291 (Havas.
2418 1257 2556 1291 Amtliche
2578 1257 2753 1292 Mitteilung

1925 1298 1993 1324 vom
2009 1297 2050 1324 29.
2066 1295 2162 1329 April,
2181 1298 2212 1324 11
2232 1296 2292 1330 Uhr
2311 1296 2445 1331 abends.)
2464 1296 2607 1330 Tätigkeit
2624 1299 2676 1326 der
2692 1296 2753 1325 bei¬

1924 1335 1980 1362 den
2003 1334 2170 1363 Artillerien
2213 1335 2338 1370 nördlich
2362 1337 2421 1364 und
2446 1335 2552 1370 südlich
2575 1336 2626 1365 der
2648 1336 2752 1364 Avre

1925 1375 1983 1402 und
2007 1373 2038 1402 in
2056 1377 2107 1402 der
2127 1373 2244 1407 Gegend
2265 1373 2323 1406 von
2341 1373 2542 1406 Piemont.
2565 1374 2639 1404 Eine
2662 1375 2753 1409 feind¬

1926 1411 1990 1442 liche
2035 1412 2202 1447 Abteilung,
2264 1412 2308 1441 die
2353 1413 2399 1442 die
2445 1413 2515 1448 Oise
2560 1413 2651 1448 östlich
2694 1417 2753 1441 von

1927 1451 2138 1480 Varesnes
2167 1459 2202 1486 zu
2229 1451 2431 1486 überschreiten
2459 1452 2607 1487 versuchte,
2652 1454 2752 1481 wurde

1925 1493 2008 1519 unter
2028 1491 2116 1525 unser
2137 1490 2230 1524 Feuer
2251 1497 2423 1524 genommen
2444 1492 2505 1520 und
2526 1491 2666 1526 zerstreut.
2705 1491 2753 1525 In

1923 1529 1977 1558 den
1999 1529 2179 1564 Vogesen
2200 1530 2303 1564 wiesen
2321 1529 2380 1559 wir
2400 1530 2485 1559 einen
2502 1530 2680 1565 Handstreich
2700 1532 2752 1564 auf

1923 1569 2022 1603 unsere
2040 1568 2149 1597 kleinen
2168 1569 2273 1602 Posten
2289 1569 2333 1597 im
2350 1568 2599 1604 Linge-Abschnitt
2620 1570 2663 1598 ab.
2684 1569 2752 1598 Don

1923 1607 1972 1636 der
1988 1607 2110 1641 übrigen
2127 1606 2220 1640 Front
2235 1608 2326 1642 nichts
2339 1614 2377 1642 zn
2393 1609 2513 1637 melden.
2530 1608 2612 1642 Zwei
2627 1608 2750 1644 deutsche

1926 1644 2156 1680 Flugzeuge
2182 1647 2301 1675 wurden
2325 1648 2408 1682 durch
2432 1648 2531 1682 unsere
2557 1647 2679 1681 Piloten
2702 1654 2752 1675 am

1923 1685 1964 1713 27.
1985 1685 2072 1719 2lpril
2094 1685 2291 1720 aügeschossen.
2313 1686 2371 1713 Am
2392 1686 2516 1720 gleichen
2538 1686 2617 1721 Tage
2639 1687 2752 1720 warfen

1922 1724 2022 1759 unsere
2040 1724 2419 1759 Donibardicrungsslivger
2436 1726 2504 1753 6000
2523 1725 2593 1754 Kilo
2612 1725 2749 1761 Geschosse

1923 1764 1973 1797 auf
1990 1763 2215 1797 Einrichtungen
2230 1763 2282 1791 der
2297 1763 2465 1797 feindlichen
2482 1763 2563 1797 Zone
2581 1765 2625 1793 ab.

1971 1802 2106 1836 Amtliche
2148 1802 2323 1835 Mitteilung
2369 1802 2421 1832 der
2461 1802 2748 1832 Orientarmee

1921 1838 1987 1864 vom
2004 1837 2046 1865 28.
2065 1836 2165 1871 April:
2187 1836 2329 1870 Tättgkeit
2347 1837 2399 1866 der
2417 1837 2564 1866 Artillerie
2586 1837 2674 1872 östlich
2694 1838 2748 1866 des

1923 1870 2045 1900 Wardar
2072 1874 2130 1899 und
2159 1871 2199 1900 im
2226 1871 2442 1906 Czernabogen.
2485 1871 2543 1905 Im
2569 1872 2748 1906 Dobropolje

1920 1905 2013 1939 drang
2036 1905 2097 1934 eine
2122 1906 2250 1939 serbische
2271 1905 2433 1940 Abteilung
2455 1906 2487 1934 in
2510 1906 2558 1934 ein
2583 1906 2749 1941 feindliches

1922 1939 2002 1969 Werk
2023 1940 2072 1968 ein
2094 1940 2156 1968 und
2182 1940 2308 1974 verjagte
2334 1941 2401 1975 nach
2426 1941 2750 1975 Landgranatenkampf

1919 1973 1964 2003 die
1995 1975 2159 2008 Besatzung.
2206 1975 2262 2004 Die
2292 1974 2444 2010 Bulgaren
2471 1975 2622 2009 ihrerseits
2651 1978 2748 2003 unter¬

1921 2009 2044 2043 nahmen
2065 2009 2135 2049 zwei
2157 2009 2350 2045 Handstreiche
2391 2010 2432 2038 im
2451 2010 2575 2044 gleichen
2595 2010 2748 2044 Abschnitt,

1921 2044 2040 2071 wurden
2067 2043 2158 2073 icdoch
2185 2044 2370 2078 abgewiescn.
2396 2044 2533 2078 Brittsche
2561 2043 2676 2078 Flieger
2701 2044 2748 2072 be¬

1920 2077 2034 2111 schossen
2057 2077 2205 2112 feindliche
2232 2079 2323 2112 Lager
2364 2078 2412 2107 bei
2454 2073 2643 2114 Dennrhissar
2686 2079 2746 2107 und

1919 2111 2022 2141 Seres.

1921 2160 2749 2211 Tentsch-französischerKriegsschanplatz

1973 2219 2085 2252 Berlin,
2108 2221 2148 2248 29.
2170 2220 2267 2256 April.
2300 2220 2412 2257 (Wolfs.
2435 2221 2578 2256 Amtlich.)
2612 2221 2745 2256 Nördlich

1922 2259 1977 2288 von
2014 2259 2186 2289 Kemmel
2221 2259 2312 2294 haben
2349 2259 2394 2294 sich
2431 2260 2534 2295 heftige
2572 2260 2745 2295 Nahkäurpfe

1923 2297 2080 2326 entwickelt.

1972 2336 2101 2369 London,
2122 2337 2163 2366 30.
2185 2337 2282 2371 April.
2324 2336 2460 2372 (Havas.)
2500 2337 2639 2372 Amtliche
2661 2338 2748 2366 bri¬

1919 2374 2031 2410 tisch«
2051 2375 2238 2410 Mitteilung:
2260 2378 2320 2407 Der
2340 2376 2486 2411 feindliche
2506 2377 2634 2412 Angriff,
2654 2377 2746 2412 dessen

1920 2413 2115 2449 Entwicklung
2154 2414 2187 2444 in
2227 2416 2277 2444 der
2303 2415 2385 2451 Nähe
2410 2415 2468 2445 von
2494 2415 2614 2445 Locrc
2641 2416 2745 2451 gestern

1919 2453 2090 2487 nachmittag
2129 2454 2268 2487 gemeldet
2310 2456 2418 2487 wurde,
2459 2455 2559 2483 wurde
2583 2455 2664 2489 durch
2689 2456 2746 2484 das

1920 2490 2012 2525 Feuer
2033 2493 2149 2526 unserer
2171 2492 2342 2527 Infanterie
2364 2495 2426 2522 und
2450 2493 2745 2529 Maschinengewehre

1921 2530 2104 2565 abgewtesciL
2120 2531 2182 2560 Der
2199 2531 2292 2566 Feind
2306 2531 2421 2566 begann
2439 2532 2521 2566 heute
2540 2533 2606 2568 ftüh
2622 2533 2670 2562 ein
2689 2533 2747 2568 hef¬

1919 2569 1994 2604 tiges
2038 2570 2286 2600 Bombardement
2330 2571 2385 2600 mit
2431 2572 2639 2606 Gasgranaten
2684 2572 2746 2600 und

1920 2608 2193 2643 Explostvgranaten
2229 2610 2319 2643 längs
2354 2610 2406 2639 der
2441 2617 2552 2645 ganzen
2575 2610 2667 2646 Front
2688 2614 2746 2639 von

1920 2647 2104 2676 Meteren
2127 2647 2178 2677 bis
2204 2648 2413 2683 Boormezeele.
2439 2650 2555 2683 Darauf
2581 2650 2746 2678 entwickelte

1921 2692 1950 2714 er
1973 2686 2280 2722 Jnfauterieangriffc.
2321 2687 2395 2722 Auch
2418 2688 2465 2716 die
2489 2687 2634 2723 feindliche
2656 2688 2749 2718 Artil¬

1923 2724 1991 2753 lerie
2021 2725 2108 2759 zeigte
2140 2726 2280 2760 tagsüber
2310 2726 2372 2755 eine
2404 2727 2488 2761 große
2520 2726 2663 2761 Tätigkeit
2692 2730 2749 2755 von

1915 2763 1967 2794 der
1984 2763 2143 2798 Scarpe
2161 2764 2213 2793 bis
2231 2765 2310 2794 Lens
2327 2765 2416 2799 sowie
2436 2766 2514 2795 beim
2530 2766 2671 2801 Eingang
2689 2770 2748 2795 von

1917 2801 2111 2837 Givenchy
2138 2804 2199 2832 und
2226 2803 2268 2832 im
2295 2803 2510 2839 Nieppewalde.
2539 2804 2602 2834 Wir
2631 2805 2747 2840 fiihrten

1916 2843 2095 2875 vergangene
2116 2841 2204 2877 Nacht
2225 2841 2286 2871 eine
2308 2843 2487 2878 erfolgreiche
2508 2844 2748 2879 Unternehmung

1915 2879 1999 2914 durch
2019 2881 2079 2909 irnd
2099 2879 2224 2915 nahmen
2244 2881 2328 2910 einen
2349 2881 2453 2916 Posten
2472 2882 2520 2910 bei
2538 2882 2588 2918 Fe
2601 2883 2747 2918 stubert

1916 2919 2019 2952 zurück,
2036 2920 2087 2947 der
2105 2922 2172 2948 vom
2192 2919 2302 2954 Feinde
2319 2920 2352 2949 in
2371 2922 2423 2950 der
2442 2921 2530 2955 Nacht
2549 2925 2616 2950 vom
2632 2923 2676 2950 26.
2697 2923 2747 2957 ans

1914 2957 1969 2985 den
1988 2958 2031 2986 27.
2049 2957 2139 2992 April
2156 2959 2271 2987 erobert
2288 2959 2409 2989 worden
2428 2964 2501 2989 war.
2537 2960 2624 2997 Diese
2643 2961 2748 2990 Unter¬

1914 2996 2063 3031 nehmung
2078 2997 2187 3030 brachte
2205 3000 2265 3026 uns
2281 2998 2354 3027 über
2370 3000 2405 3028 50
2422 2999 2589 3034 Gefangene
2605 3001 2666 3029 und
2682 3000 2747 3029 drei

1916 3034 2211 3071 Maschinengewehre
2232 3036 2287 3066 ein.
2306 3037 2364 3066 Bei
2380 3038 2437 3067 den
2454 3039 2655 3074 erfolgreichen
2675 3039 2747 3068 Ein¬

1915 3073 2037 3108 brüchen
2076 3074 2181 3110 südlich
2203 3076 2260 3105 von
2282 3076 2429 3106 Albert
2467 3077 2527 3106 und
2550 3077 2585 3107 in
2605 3079 2655 3108 der
2679 3079 2748 3107 Um¬

1916 3113 2030 3148 gebung
2046 3114 2105 3143 von
2122 3114 2318 3144 Neuville
2336 3117 2396 3145 und
2416 3116 2526 3151 Vicassc
2544 3116 2672 3152 brachten
2691 3117 2747 3146 wir

1915 3151 2058 3187 ebenfalls
2098 3152 2161 3182 eine
2201 3153 2317 3189 Anzahl
2357 3154 2541 3190 Gefangener
2582 3157 2642 3186 und
2686 3157 2748 3186 vier

1914 3190 2211 3227 Maschinengewehre
2233 3193 2287 3222 ein.

1966 3231 2095 3264 London,
2116 3232 2157 3260 30.
2179 3231 2274 3266 April.
2307 3232 2430 3267 (Havas.
2460 3233 2598 3270 Amtliche
2618 3235 2747 3264 briti¬

1915 3268 1985 3303 sche
2013 3269 2188 3305 Mitteilung
2214 3274 2281 3300 vom
2305 3272 2347 3300 29.
2373 3273 2460 3307 April
2486 3273 2618 3308 abends.)
2673 3275 2748 3309 Nach

1915 3307 2051 3343 heftigem
2077 3309 2324 3339 Bombardement
2368 3312 2418 3341 der
2445 3312 2643 3349 französischen
2688 3314 2748 3342 und

1916 3348 2071 3383 englischen
2098 3348 2273 3384 Stellungen
2301 3350 2332 3379 in
2359 3351 2409 3380 der
2437 3352 2554 3386 Gegend
2583 3356 2639 3381 von
2668 3353 2750 3382 Me¬

1913 3387 2029 3416 ieren
2053 3388 2115 3416 und
2142 3388 2194 3417 des
2222 3389 2301 3418 Sees
2328 3390 2387 3425 von
2414 3390 2648 3425 Zillebeeke
2678 3392 2748 3427 griff

1913 3426 1962 3455 der
1982 3426 2074 3460 Feind
2093 3426 2149 3455 mit
2166 3427 2377 3463 bettächtlichen
2397 3429 2517 3465 Kräften
2539 3437 2585 3460 an.
2613 3431 2669 3461 Die
2688 3431 2746 3460 bel¬

1916 3464 2021 3500 gischen
2043 3465 2219 3501 Stellungen
2240 3467 2368 3504 nördlich
2390 3469 2447 3503 von
2471 3469 2604 3504 Dpcrn
2627 3471 2747 3499 witrden

1915 3503 2055 3540 ebenfalls
2077 3506 2265 3541 angegriffen.
2295 3508 2381 3543 Rasch
2402 3509 2542 3543 entspann
2563 3509 2607 3544 sich
2629 3511 2679 3545 auf
2698 3511 2747 3539 der

1916 3545 2060 3578 gesantten
2083 3544 2277 3574 verbündeten
2302 3546 2396 3580 Front
2419 3547 2464 3576 ein
2489 3547 2608 3583 heftiger
2634 3549 2747 3584 Kampf.

1914 3582 1972 3612 Die
1989 3584 2032 3613 25.
2051 3584 2113 3612 rmd
2131 3585 2172 3613 -19.
2191 3585 2277 3620 sowie
2296 3586 2338 3614 21.
2358 3587 2491 3622 englische
2511 3587 2644 3623 Division
2663 3588 2747 3624 schlu¬

1916 3628 1968 3655 gen
1989 3623 2040 3651 alle
2060 3623 2196 3659 Versuche
2215 3624 2267 3653 deS
2286 3624 2424 3660 Feindes,
2443 3626 2475 3655 in
2493 3625 2553 3661 ihre
2574 3628 2747 3662 Stellungen

1914 3661 2130 3697 einzndringcn,
2153 3664 2293 3698 rundweg
2317 3664 2361 3693 ab.
2393 3665 2448 3695 Sie
2471 3665 2661 3702 behaupteten
2685 3667 2744 3701 ihre

1913 3700 2018 3730 Linien
2034 3702 2213 3737 vollständig,
2229 3703 2393 3737 ungeachtet
2410 3705 2459 3734 der
2476 3704 2600 3740 heftigen
2619 3706 2745 3736 Wieder-

1913 3739 2023 3775 holmig
2043 3741 2211 3777 energischer
2230 3742 2373 3778 Angriffe,
2393 3744 2438 3773 die
2457 3744 2513 3773 mit
2533 3745 2639 3779 großen
2660 3745 2746 3780 Kräf¬

1914 3780 1959 3807 ten
1985 3780 2158 3815 ansgeführt
2181 3782 2310 3810 wurden.
2343 3783 2399 3812 Die
2423 3783 2590 3817 fetndllchcn
2616 3784 2743 3819 Verluste

1911 3818 1972 3852 find
1997 3819 2056 3854 sehr
2082 3819 2153 3854 hoch.
2188 3820 2244 3850 Dir
2269 3821 2467 3857 französischen
2493 3823 2667 3858 Stcllnngcn
2693 3825 2744 3859 auf

1912 3858 1967 3886 den
1993 3858 2093 3893 Höhen
2120 3858 2152 3887 in
2177 3861 2227 3889 der
2252 3860 2424 3896 Umgcbrmg
2448 3862 2501 3891 des
2528 3862 2554 3891 S
2567 3863 2594 3898 ch
2603 3871 2614 3891 c
2626 3870 2640 3891 r
2651 3866 2667 3897 p
2680 3871 2692 3891 e
2702 3871 2721 3892 n
2732 3875 2743 3886 -

1910 3896 2056 3933 berges
2077 3898 2137 3927 und
2157 3900 2210 3928 des
2230 3900 2320 3928 Mont
2340 3900 2441 3935 Rmigc
2462 3901 2581 3930 wurden
2603 3902 2743 3937 ebenfalls

1913 3936 2002 3972 heftig
2025 3937 2212 3974 angegriffen,
2235 3939 2285 3968 der
2306 3939 2399 3973 Feind
2420 3939 2511 3975 jedoch
2534 3942 2744 3977 znrückgeschla-

2793 846 2854 874 gen.
2883 840 2939 869 Die
2959 839 3105 874 feindliche
3125 840 3305 875 Infanterie,
3324 842 3373 870 der
3393 844 3425 871 cs
3447 850 3485 871 an
3505 843 3621 877 einigen

2793 879 2906 908 Stellen
2930 879 3074 913 gelungen
3096 883 3168 911 war,
3192 880 3224 908 in
3247 881 3293 909 die
3318 881 3516 917 ftanzöstschen
3539 883 3621 911 Stel¬

2792 917 2900 952 lungen
2927 918 3143 952 einzudringen,
3187 921 3285 947 wurde
3311 920 3511 955 unverzüglich
3538 922 3619 952 durch

2793 956 2877 985 einen
2904 956 3116 991 Gegenangriff
3143 959 3193 991 auf
3220 959 3283 986 dem
3312 959 3429 992 größten
3459 960 3539 989 Teile
3567 961 3619 989 des

2792 995 2950 1026 Geländes,
2992 995 3083 1031 dessen
3125 996 3158 1030 sic
3201 997 3247 1031 sich
3272 998 3429 1027 wiederum
3454 999 3620 1033 bemächttgt

2792 1033 2877 1070 hatte,
2915 1033 3034 1069 verjagt.
3081 1034 3142 1069 Auf
3179 1035 3227 1064 der
3265 1036 3486 1072 belgischen
3527 1038 3619 1071 Front

2784 1074 2913 1103 .wurden
2940 1073 2991 1101 alle
3018 1074 3186 1108 feindlichen
3210 1074 3342 1110 Angriffe
3386 1077 3450 1108 nach
3495 1077 3620 1111 heftigen

2779 1103 2936 1146 'Kämpfen
2956 1112 3112 1147 gleichfalls
3134 1113 3338 1148 abgeschlagen.
3358 1115 3451 1145 Dabei
3473 1116 3550 1145 erlttt
3571 1118 3620 1145 der

2791 1150 2885 1186 Feind
2903 1151 3014 1185 blutige
3034 1152 3170 1186 Verluste.
3188 1152 3249 1186 Auf
3266 1154 3314 1181 der
3332 1153 3453 1187 übrigen
3472 1155 3620 1190 britischen

2792 1189 2885 1225 Front
2903 1190 2993 1224 nichts
3012 1192 3121 1220 Neues.
3147 1191 3345 1226 Gewöhnliche
3364 1194 3547 1229 gegenseitige
3565 1195 3620 1224 Ar-

2790 1229 3030 1263 ttllerietätigkeit.
3047 1230 3082 1264 —
3100 1230 3350 1265 Flugwesen:
3371 1233 3475 1267 Wegen
3493 1235 3543 1261 der
3559 1234 3620 1262 nie-

2790 1268 2861 1297 dern
2880 1269 3003 1302 Wolken,
3019 1269 3073 1297 des
3091 1269 3200 1298 Nebels
3218 1271 3277 1298 und
3294 1271 3347 1298 des
3364 1272 3482 1306 Regens
3497 1273 3618 1301 konnten

2791 1308 2892 1342 unsere
2935 1307 3107 1342 Flugzeuge,
3153 1310 3381 1342 ausgenommen
3424 1311 3508 1339 einen
3551 1313 3620 1340 oder

2791 1346 2861 1381 zwei
2897 1347 3181 1381 Erkundnngsflüge,
3217 1348 3248 1375 in
3274 1348 3418 1383 schwacher
3445 1350 3522 1384 Höhe
3558 1352 3617 1379 und

2793 1385 2907 1419 einigen
2934 1385 3222 1420 Bombenabwürfen
3268 1388 3317 1421 ans
3344 1387 3530 1423 verschiedene
3560 1390 3619 1419 Ob¬

2791 1423 2866 1459 jekte,
2889 1431 2936 1453 am
2957 1425 3000 1452 28.
3021 1425 3108 1459 April
3130 1425 3204 1453 keine
3228 1425 3320 1460 Flüge
3344 1426 3512 1462 anssührcn.

2841 1467 3041 1508 Washington,
3079 1469 3122 1497 29.
3144 1469 3238 1502 Slpril.
3280 1470 3418 1504 (Reuter.)
3460 1472 3507 1505 Lp.
3563 1473 3621 1501 Der

2789 1501 3098 1536 Wochenbericht
3137 1503 3191 1531 des
3213 1504 3532 1537 Kriegsdcpartements
3553 1506 3622 1540 sagt,

2786 1535 2844 1570 daß
2866 1537 2915 1564 der
2934 1536 3080 1570 Ausgang
3099 1538 3151 1565 der
3172 1538 3401 1571 gegenwärtigen
3423 1540 3620 1573 Operationen

2788 1577 2828 1598 an
2846 1571 2896 1598 der
2917 1571 3070 1606 Westfront
3086 1574 3146 1599 von
3165 1571 3214 1602 der
3233 1572 3326 1606 Frage
3346 1574 3395 1601 der
3413 1573 3555 1608 Reserven
3572 1575 3622 1602 ab¬

2790 1604 2887 1638 bängt.
2924 1604 2997 1634 Eine
3018 1606 3147 1640 Schlacht
3164 1609 3221 1634 von
3239 1607 3339 1644 solcher
3358 1607 3531 1642 Bedeutung
3547 1609 3621 1637 wird

2788 1639 2861 1673 nicht
2881 1639 2964 1673 durch
2986 1640 3069 1668 einen
3091 1639 3268 1680 einmaligen
3293 1636 3398 1674 Kampf
3420 1643 3622 1676 ansgerragcn.

2789 1673 2846 1702 Die
2864 1674 2975 1708 starkem
2994 1680 3082 1707 gegen
3097 1674 3145 1702 die
3162 1674 3309 1709 britischen
3328 1676 3501 1710 Stellungen
3520 1681 3623 1711 auSgc-

2788 1707 2904 1742 führten
2943 1707 3076 1743 Angriffe
3124 1708 3224 1743 hatten
3262 1710 3318 1737 den
3356 1710 3457 1743 Zweck,
3495 1712 3542 1739 die
3564 1713 3622 1741 Be¬

2787 1742 3046 1777 wegungsfreiheit
3082 1744 3134 1772 des
3169 1742 3317 1778 britischen
3354 1744 3622 1774 Oberkommarwos

2787 1782 2823 1810 zu
2843 1775 2967 1815 lähmen.
3005 1777 3079 1806 Dies
3101 1777 3135 1811 ist
3153 1777 3218 1806 dem
3239 1773 3346 1811 Feinde
3366 1778 3544 1814 mißlimgen,
3582 1781 3621 1808 da

2788 1810 2836 1839 die
2856 1810 2975 1845 Einheit
2993 1810 3047 1840 des
3065 1811 3190 1845 Befehls
3208 1813 3260 1841 der
3277 1812 3429 1841 Alliierten
3447 1814 3494 1842 die
3512 1815 3622 1848 Opera-

2788 1844 2887 1873 ttoncn
2905 1845 2954 1878 auf
2971 1844 3018 1873 ein
3033 1845 3172 1879 größeres
3190 1845 3352 1880 Kampffeld
3371 1848 3549 1882 ausgedehnt
3565 1849 3623 1881 hat.

2790 1880 2841 1914 auf
2865 1879 2996 1918 welchem
3021 1880 3165 1914 nunmehr
3190 1880 3244 1909 alle
3271 1880 3412 1909 alttnaten
3438 1882 3623 1917 Skrcitträfte

2790 1913 2856 1947 nach
2879 1912 3018 1942 Belieben
3042 1914 3206 1942 verwendet
3227 1915 3350 1943 werden.
3389 1916 3475 1945 Statt
3496 1917 3553 1949 daß
3576 1917 3623 1945 die

2786 1947 2913 1978 britische
2931 1948 3034 1976 Armee
3055 1948 3214 1982 geschlagen
3233 1949 3294 1977 und
3313 1949 3439 1978 alsdaim
3457 1951 3516 1978 das
3533 1958 3622 1985 ganze

2786 1981 2914 2015 Gewicht
2933 1982 3009 2015 ihrer
3027 1983 3266 2016 Anstrengungen
3287 1990 3372 2017 gegen
3392 1984 3437 2013 die
3458 1985 3621 2019 Franzosen

2790 2016 2918 2049 gcricisict
2940 2018 3056 2045 werden
3077 2018 3185 2050 konnte,
3209 2018 3300 2051 stehen
3320 2017 3367 2046 di«
3390 2019 3542 2053 Deutschen
3564 2020 3621 2055 jetzt

2787 2052 2839 2078 vor
2862 2051 2916 2078 den
2940 2050 3111 2085 vollständig
3134 2051 3330 2089 einheitlichen
3354 2052 3473 2087 Kräften
3496 2055 3547 2081 der
3569 2054 3621 2083 A1-

2788 2084 2912 2112 liierten.
2941 2085 3046 2120 Unsere
3066 2085 3257 2120 gebieterische
3276 2085 3382 2120 Pflicht
3401 2086 3444 2115 im
3463 2087 3623 2121 Bestreben»

2786 2118 2843 2147 den
2861 2118 2954 2152 Feind
2971 2125 3007 2152 zu
3022 2119 3155 2159 schlagen,
3170 2119 3207 2148 ist
3222 2120 3268 2149 die
3286 2120 3482 2154 Uebernahm«
3497 2121 3548 2152 der
3564 2122 3623 2151 Ab¬

2788 2153 2893 2186 lösung
2917 2156 2975 2181 von
3001 2154 3154 2188 Einheiten
3178 2153 3230 2182 der
3256 2154 3466 2188 Frontarmcen
3489 2157 3549 2187 und
3572 2157 3622 2185 der

2785 2187 2921 2222 sofortige
2939 2187 3050 2222 Einsatz
3070 2188 3283 2222 ausgebildeter
3301 2189 3387 2218 Leute
3405 2189 3437 2217 in
3453 2190 3499 2219 di«
3515 2190 3621 2224 Feuer¬

2789 2222 2869 2250 linie.
2897 2221 3063 2252 Außerdem
3081 2223 3189 2257 müssen
3210 2223 3272 2258 sehr
3290 2223 3466 2253 bedeutend«
3484 2225 3622 2258 Bestand«

2787 2262 2839 2290 zur
2859 2256 3042 2291 Ausfüllung
3064 2257 3114 2285 der
3137 2252 3236 2286 Lücken
3259 2259 3345 2286 unter
3365 2258 3412 2286 die
3435 2259 3555 2293 Fahnen
3578 2266 3621 2294 ge¬

2790 2291 2875 2331 rufen
2896 2290 3019 2319 werden.
3060 2292 3119 2320 Der
3141 2291 3223 2325 Plan
3242 2292 3293 2321 der
3314 2290 3483 2326 feindlichen
3505 2294 3622 2323 Heeres¬

2788 2319 2901 2359 leitung
2925 2324 2989 2359 geht
3012 2325 3112 2360 dahin,
3137 2325 3221 2357 durch
3247 2326 3308 2355 eine
3333 2326 3621 2361 UmfassungSopera-

2788 2359 2852 2387 tton
2876 2359 2921 2387 die
2943 2358 3069 2394 brittsche
3094 2360 3189 2394 Front
3210 2363 3270 2389 von
3291 2361 3388 2389 Arras
3412 2362 3621 2397 avzndrängen,

2785 2393 2915 2422 alsdann
2935 2393 3059 2422 Amiens
3082 2401 3115 2428 zu
3138 2394 3259 2424 neünien
3279 2395 3338 2423 nnd
3359 2395 3415 2424 den
3436 2397 3621 2430 Brückenkopf

2788 2431 2846 2456 von
2862 2428 2958 2461 BPcrn
2974 2434 3040 2461 zum
3055 2428 3273 2462 Verschwinden
3286 2436 3323 2469 zu
3335 2429 3467 2465 bringen.
3491 2431 3545 2460 Die
3559 2431 3622 2460 bis¬

2786 2461 2834 2496 her
2850 2462 2896 2490 bei
2912 2462 3120 2495 verschiedenen
3137 2463 3279 2498 Kämpfen
3295 2464 3327 2491 in
3341 2463 3445 2493 Mion
3462 2467 3620 2499 getretenen

2789 2496 3020 2531 amerikanischen
3038 2496 3194 2531 Einheiten
3211 2493 3304 2531 haben
3321 2498 3370 2532 stch
3395 2497 3474 2533 ihrer
3489 2500 3621 2534 Aufgabe

2786 2531 2941 2565 gewachsen
2968 2531 3083 2565 gezeigt,
3109 2532 3280 2567 namentlich
3304 2532 3336 2560 in
3362 2532 3519 2567 Flandern.

2935 2574 3464 2625 Battlmkriegsschau-latz.

2839 2629 2937 2664 Sofia,
2956 2631 2998 2658 30.
3018 2630 3113 2665 April.
3154 2630 3278 2665 (Agence
3297 2631 3450 2666 Bulgare.)
3479 2633 3615 2668 Amtliche

2793 2664 2967 2699 Mitteilung
3003 2668 3071 2694 vom
3106 2666 3147 2694 28.
3183 2665 3283 2700 April:
3322 2667 3620 2703 Maeedonische

2794 2699 2942 2733 Front:
2998 2700 3047 2728 An
3092 2700 3241 2733 mehreren
3278 2701 3393 2731 Stellen
3439 2702 3489 2731 der
3528 2700 3621 2735 Front

2794 2733 2920 2765 nördlich
2989 2737 3043 2763 von
3113 2735 3238 2769 Vitolia,
3306 2735 3348 2764 im
3416 2737 3621 2772 Czernabogen

2793 2769 2852 2797 und
2888 2768 2979 2802 östlich
3012 2772 3069 2797 von
3087 2769 3189 2799 Dvbro
3205 2770 3293 2804 Pokje
3327 2771 3497 2806 zeitweilige
3516 2772 3623 2806 Feuer-

2789 2803 2924 2837 tättgkeit.
2962 2804 3080 2838 Ocstttch
3098 2805 3150 2833 deS
3169 2804 3294 2834 Wardar
3312 2805 3436 2840 heftiges
3455 2807 3621 2842 feindliches

2789 2838 3017 2872 Arttllcriefener
3055 2846 3144 2873 gegen
3183 2841 3283 2874 unsere
3323 2841 3505 2875 Stellungen,
3562 2842 3622 2876 Im

2793 2873 2928 2903 Wardar-
2941 2874 3004 2903 und
3018 2874 3190 2904 Sttumatal
3204 2875 3352 2910 feindliche
3368 2875 3620 2911 Fliegertättgkeit.

3101 2923 3317 2972 Luftkrieg.

2843 2978 2927 3012 Nom,
2948 2980 2990 3007 30.
3011 2979 3105 3014 April.
3147 2979 3300 3015 (Stefan,.)
3341 2982 3401 3010 Der
3420 2982 3619 3016 Admirakstad

2789 3018 2839 3047 der
2862 3017 2982 3047 Marine
3006 3018 3069 3048 teilt
3090 3018 3155 3048 mit:
3180 3018 3236 3048 Am
3258 3020 3300 3049 25.
3322 3019 3410 3054 April
3430 3021 3542 3056 griffen
3565 3028 3619 3049 im»

2790 3057 2846 3092 sere
2867 3056 2982 3091 Flieger
2997 3058 3053 3086 den
3072 3057 3338 3093 Flottenstützpunkt
3352 3062 3413 3088 von
3425 3061 3458 3090 D
3470 3067 3589 3095 urazz
3602 3068 3618 3088 o

2790 3103 2829 3124 an
2854 3096 2914 3125 nnd
2938 3098 3050 3131 warfen
3074 3096 3129 3126 mit
3154 3099 3249 3130 gutem
3276 3098 3393 3132 Erfolge
3420 3099 3554 3128 Bomben
3582 3098 3617 3127 ab

2790 3135 2841 3169 auf
2858 3134 2898 3163 im
2911 3134 3006 3169 Hasen
3022 3136 3180 3164 verankerte
3199 3136 3305 3171 Schiffe
3321 3137 3409 3171 sowie
3425 3139 3476 3172 auf
3493 3138 3617 3173 mehrere

2786 3173 2968 3208 militärische
3006 3174 3240 3209 EinrichtungeiL
3278 3176 3361 3210 Trotz
3401 3176 3538 3212 heftigem
3556 3177 3617 3206 Ab¬

2791 3213 2948 3248 wehrfeuer
2994 3213 3052 3248 sind
3096 3214 3195 3250 nufere
3241 3214 3405 3250 Flugzeuge
3451 3216 3619 3252 unversehrt

2790 3251 3000 3287 znrückgekehrt.

2890 3305 3093 3349 Handels-
3113 3308 3194 3347 und
3214 3307 3512 3356 Kreinerkrieg.

2841 3355 2953 3389 Berlin,
2970 3357 3011 3385 30.
3029 3357 3123 3391 April.
3163 3357 3273 3394 (Wolff.
3309 3359 3451 3392 Amtlich.)
3490 3360 3621 3395 Deutsche

2786 3390 2846 3419 nnd
2870 3386 3236 3426 österreichisch-ungarische
3260 3393 3476 3426 Unterseeboote
3499 3395 3624 3429 versenk¬

2787 3426 2835 3453 ten
2867 3425 2907 3453 im
2928 3425 3118 3460 Sperrgebiet
3138 3427 3191 3457 des
3217 3428 3524 3457 Mittelmeeres
3557 3429 3622 3467 fünf

2788 3460 2928 3494 Dampfer
2951 3462 3011 3488 nnd
3036 3461 3106 3494 zwei
3132 3461 3238 3494 Segler
3262 3463 3318 3491 mit
3341 3463 3502 3497 zusammen
3526 3464 3621 3496 23,000

2788 3494 3128 3528 Bruttoregistertonnen.
3165 3496 3257 3526 Unter
3278 3498 3330 3527 den
3350 3497 3507 3532 vcrsentten
3530 3499 3622 3532 Schif¬

2789 3529 2833 3562 fen
2870 3523 2975 3562 befand
3012 3530 3058 3570 sich
3096 3530 3144 3566 der
3167 3531 3430 3566 französische
3450 3533 3621 3567 bewaffnete

2787 3563 2926 3597 Dampfer
2946 3563 3104 3597 „Liberia",
3124 3565 3193 3593 1912
3213 3565 3552 3600 Bnittoregistcrtonnen,
3572 3567 3618 3597 ein

2785 3597 2918 3631 größerer
2929 3597 3117 3633 bewaffneter
3130 3600 3329 3634 Transporter
3341 3600 3397 3628 mit
3410 3601 3480 3636 zwei
3495 3602 3619 3631 Schorn¬

2784 3632 2885 3665 steinen
2922 3632 3009 3666 sowie
3047 3633 3095 3662 ein
3134 3634 3415 3668 italienischer
3436 3636 3541 3670 Segler
3563 3637 3617 3665 mit

2782 3668 2833 3695 700
2856 3667 2978 3696 Tonnen
3001 3667 3055 3696 mit
3080 3667 3166 3703 Eisen
3192 3669 3238 3703 für
3261 3666 3372 3698 Geima.

2929 3733 3181 3783 Konferenzen
3209 3737 3268 3775 der
3297 3735 3466 3781 ßittentr.

2840 3789 2924 3822 Rom,
2944 3790 2987 3817 30.
3007 3790 3104 3825 April.
3129 3791 3280 3826 (Dtefmri.)
3303 3791 3421 3826 Gestern
3443 3794 3541 3822 wurde
3566 3794 3616 3829 auf

2784 3829 2848 3857 dem
2866 3827 2986 3863 Kapitol
3000 3829 3048 3859 die
3066 3830 3163 3865 zweite
3179 3829 3295 3864 Session
3312 3831 3362 3859 der
3378 3834 3405 3859 w
3418 3831 3426 3860 i
3439 3833 3474 3860 rt
3486 3833 3495 3868 s
3505 3832 3558 3867 cha
3571 3834 3579 3866 s
3591 3834 3612 3861 t-

2784 3867 2904 3901 lichcn
2924 3867 3145 3898 interalliierten
3169 3868 3327 3905 Ko»streu;
3350 3870 3398 3904 für
3417 3871 3476 3900 das
3499 3871 3612 3901 Ernäb-

2785 3907 2973 3941 rnngswcsen
3001 3911 3058 3937 von
3087 3907 3185 3942 Crcspi
3214 3908 3343 3944 eröffnet.
3387 3909 3444 3940 Die
3489 3910 3613 3946 Sitzung

2783 3944 2857 3974 wird
2877 3945 3005 3981 mehrere
3026 3947 3103 3981 Tage
3123 3948 3242 3976 dauern.

180 4018 213 4044 "
429 4019 767 4084 ZlerrMeLon.

714 4107 850 4132 Nawdrmt
862 4109 986 4134 verböte».

329 4140 408 4170 Das
433 4140 622 4176 Regiment
647 4142 709 4174 des
734 4143 863 4178 Bösen.

287 4180 360 4211 Eine
389 4180 540 4217 Geschichte
568 4185 626 4211 von
656 4183 690 4213 C.
721 4184 754 4219 F.
785 4185 906 4221 Ramuz.

354 4225 471 4260 Deutsch
494 4228 551 4254 von
579 4226 661 4256 Emil
685 4227 838 4258 Wiedmcr.

232 4281 276 4310 ES
306 4282 374 4316 ging
402 4282 472 4316 nicht
502 4283 585 4318 lange
616 4285 675 4313 nnd
705 4285 764 4321 sein
792 4286 877 4321 Heint
904 4290 1009 4325 tauchte

179 4320 237 4355 auf.
276 4320 325 4354 In
355 4322 405 4350 der
438 4321 526 4357 Küche
559 4322 682 4352 brannte
716 4325 798 4360 Licht.
838 4326 902 4356 Und
934 4328 1009 4365 seine

181 4358 260 4394 Frau
284 4360 380 4394 mußte
405 4360 463 4396 ihn,
484 4362 522 4391 da
545 4363 576 4390 cs
599 4362 676 4397 schon
702 4364 762 4398 spät
785 4367 946 4403 geworden,
968 4376 1010 4398 er¬

180 4400 299 4428 warten.
334 4399 398 4428 Und
423 4400 559 4436 dennoch:
588 4403 682 4430 etwas
707 4403 838 4437 hinderte
863 4404 926 4442 ihn,
951 4407 1011 4436 ein-

179 4438 314 4472 zntreten.
337 4438 378 4467 Er
402 4438 517 4473 näherte
544 4440 590 4474 sich
612 4441 678 4470 dem
702 4441 816 4478 Fenster
839 4446 899 4475 und
926 4446 1009 4482 schob,

180 4477 226 4512 sich
248 4484 299 4512 eng
322 4485 360 4506 an
379 4477 426 4506 die
451 4478 558 4508 Mauer
578 4480 721 4516 drückend,
746 4482 841 4518 seinen
864 4484 941 4522 Kopf
961 4486 1008 4515 ein

179 4517 275 4552 tvenlg
298 4520 357 4546 vor.
400 4516 455 4547 Die
481 4518 567 4548 kleine
594 4519 693 4549 Marie
717 4520 793 4556 hatte
817 4522 865 4559 sich
891 4532 929 4554 an
952 4526 1008 4554 das

180 4556 259 4586 Ende
283 4557 335 4586 des
359 4555 472 4591 Tisches
497 4558 598 4593 gesetzt,
621 4558 668 4587 ei»
692 4559 770 4595 Buch
794 4564 846 4591 vor
871 4563 925 4599 sich,
948 4565 1007 4594 und

178 4595 239 4630 ihre
259 4595 366 4632 Lippen
386 4595 532 4631 bewegten
552 4597 606 4632 sich.
625 4598 708 4634 Ganz
727 4601 835 4636 gewiß:
855 4603 912 4632 das
933 4604 1008 4639 Buch

177 4640 241 4664 war
260 4636 344 4665 eines
362 4633 441 4670 ihrer
464 4635 660 4671 Schulbücher,
683 4639 744 4668 und
764 4639 800 4674 sie
820 4641 923 4678 machte
945 4643 1006 4678 ihre

177 4674 416 4710 Hausaufgaben.
435 4673 512 4703 Man
531 4675 579 4711 sah
597 4676 630 4710 sie
648 4675 729 4710 jedes
750 4678 832 4709 Wort
850 4680 905 4711 mit
924 4682 1007 4717 Fleiß

175 4713 391 4749 buchstabieren.
412 4714 511 4748 Dann,
531 4721 566 4749 zu
586 4715 667 4744 Ende
689 4718 850 4751 gekommen
870 4721 924 4751 mit
943 4722 1007 4751 dem

179 4753 253 4788 Satz,
282 4754 368 4790 schloß
395 4753 427 4789 sic
453 4752 500 4783 die
526 4753 629 4788 Augen
654 4758 716 4785 nnd
744 4757 928 4795 wiederholte
956 4761 1007 4796 ihn

177 4792 229 4826 still
251 4792 296 4828 für
319 4793 364 4829 sich
387 4795 442 4822 ans
461 4793 528 4823 dem
547 4792 735 4830 Gedächtnis;
759 4798 876 4833 nachher
898 4800 1006 4835 richtete

175 4831 210 4864 sie
233 4832 280 4868 sich
300 4833 408 4863 wieder
431 4833 489 4869 auf.

227 4871 282 4901 Die
302 4872 416 4908 Lampe,
432 4880 473 4901 an
487 4873 538 4902 der
554 4872 635 4902 Deck«
652 4874 838 4911 aufgehnngt,
855 4877 1004 4915 bestrahlte

177 4908 251 4944 sanft
266 4910 327 4946 ihre
347 4912 436 4943 Stirn
454 4912 508 4942 mit
523 4912 578 4941 den
598 4912 670 4946 glatt
686 4915 862 4948 gekämmten
879 4917 1006 4953 Haaren,

178 4954 216 4975 an
240 4948 333 4979 denen
363 4952 413 4987 auf
439 4951 490 4981 der
518 4951 800 4990 hervorstechendsten
829 4956 920 4987 Stelle
949 4959 1005 4987 das

175 4986 250 5020 Licht
268 4989 393 5026 Prächtig
413 4990 570 5026 anfblühte,
589 4991 649 5020 nnd
667 4992 809 5024 dcrrimter
827 4996 924 5026 kamen
946 4998 1005 5033 ihre

176 5025 294 5062 glatten,
318 5029 365 5057 ein
387 5031 484 5066 wenig
505 5031 612 5060 blauen
637 5030 723 5062 Lider
747 5034 800 5063 mit
821 5035 876 5065 den
900 5037 1005 5072 langen

175 5065 323 5101 Wimpern
348 5068 451 5099 daran.
494 5070 704 5101 Vollkommene
748 5073 831 5110 Ruhe
874 5075 1004 5112 herrschte

172 5105 246 5140 dort,
268 5111 339 5141 ganz
359 5107 390 5143 so
409 5109 464 5139 wie
483 5110 596 5140 immer.
618 5110 684 5139 Das
706 5110 798 5146 Feuer
818 5114 942 5146 brannte
966 5116 1004 5145 !m

174 5145 274 5180 Herde,
292 5145 339 5175 die
357 5146 451 5177 Teller
472 5150 610 5179 warteten
632 5156 682 5179 nm
701 5151 747 5180 die
767 5153 1005 5191 Suppenschüssel

174 5184 282 5220 herum.
321 5186 411 5215 Dann
442 5188 560 5225 erschien
590 5188 690 5224 Adele;
724 5191 756 5226 sic
787 5194 847 5223 trat
876 5200 911 5228 zu
940 5196 1003 5224 dem

173 5222 362 5261 Hokzhausc»,
382 5226 470 5261 nahm
489 5229 550 5259 eine
570 5229 725 5259 Rciswcllc
746 5233 804 5262 und
824 5234 950 5270 zerbrach
970 5234 1003 5269 sic

173 5263 244 5292 über
270 5263 352 5300 ihren
376 5265 480 5298 Knien.
516 5268 648 5304 Plötzlich
673 5272 787 5301 wandte
815 5273 848 5308 sie
873 5273 921 5308 sich
944 5281 1003 5307 nm,

163 5303 207 5338 .sic
237 5302 322 5339 schien
350 5304 397 5334 ein
425 5307 521 5343 wenig
548 5308 684 5344 unruhig.
722 5310 787 5341 Und
815 5311 898 5347 Jean
924 5314 1002 5344 Lude

1051 4022 1102 4058 sah
1121 4023 1159 4052 all
1173 4022 1239 4052 dies
1256 4023 1316 4052 nnd
1333 4024 1433 4053 konnte
1451 4024 1499 4059 sich
1515 4025 1581 4061 doch
1598 4026 1670 4061 nicht
1688 4027 1878 4063 entschließen,

1052 4062 1236 4098 einzittreten.

1104 4100 1145 4131 Er
1161 4104 1224 4131 war
1239 4101 1327 4136 hefttg
1343 4102 1584 4139 znrückgewichen,
1600 4107 1661 4134 <m8
1676 4105 1785 4141 Furcht,
1801 4106 1877 4141 feine

1053 4139 1134 4174 Frau
1154 4140 1257 4175 möchte
1279 4140 1332 4174 ihn
1353 4141 1495 4171 erblicken.
1536 4143 1600 4173 Und
1624 4151 1656 4172 er
1680 4145 1747 4179 fand
1771 4145 1877 4174 wieder

1051 4178 1145 4214 dieses
1174 4179 1264 4214 grüne
1294 4180 1375 4214 Licht,
1404 4187 1462 4210 mir
1491 4181 1614 4217 düsterer
1644 4183 1704 4217 jetzt
1732 4184 1799 4218 nach
1828 4185 1878 4213 der

1050 4218 1129 4252 Helle
1146 4220 1198 4248 der
1218 4218 1314 4253 Küche,
1334 4226 1373 4248 an
1391 4219 1438 4247 die
1459 4219 1507 4254 stch
1527 4221 1601 4256 seine
1619 4223 1724 4257 Augen
1744 4223 1878 4257 gewöhnt

1053 4257 1157 4291 hatten.
1180 4257 1249 4292 Hier
1270 4258 1368 4287 koimte
1392 4265 1420 4287 er
1443 4258 1516 4293 nicht
1537 4260 1663 4295 bleiben;
1686 4261 1754 4290 aber
1778 4262 1877 4296 wohin

1049 4297 1145 4327 denn?
1175 4298 1240 4326 Und
1259 4304 1290 4325 er
1308 4297 1401 4332 dachte
1422 4304 1458 4325 an
1477 4298 1535 4328 den
1556 4300 1810 4335 Wagenschuppen,
1830 4304 1875 4330 wo

1051 4343 1081 4365 er
1098 4335 1270 4370 wenigstens
1292 4339 1342 4366 vor
1364 4337 1491 4370 fremden
1512 4337 1622 4368 Blicken
1641 4339 1768 4375 geschützt
1790 4340 1876 4369 wäre.

1051 4375 1092 4404 Er
1113 4375 1213 4410 fühlte,
1235 4375 1289 4409 daß
1312 4382 1341 4404 er
1362 4375 1408 4410 sich
1430 4376 1517 4410 fassen
1540 4378 1644 4413 nmhte,
1667 4378 1724 4407 und
1746 4386 1776 4407 er
1799 4379 1875 4411 hatte

1053 4415 1086 4442 es
1110 4414 1176 4448 »och
1201 4414 1273 4448 nicht
1297 4416 1389 4448 getan.
1430 4415 1478 4444 Da
1505 4419 1567 4446 war
1591 4417 1654 4446 eine
1681 4417 1877 4453 Grlogenheit,

1050 4459 1102 4481 um
1125 4453 1191 4488 Zeit
1213 4459 1249 4488 zu
1271 4453 1433 4487 gewiimen.
1475 4454 1517 4483 Er
1540 4457 1637 4491 mußte
1664 4462 1719 4485 nirr
1742 4463 1795 4486 um
1819 4459 1875 4486 das

1050 4492 1135 4526 Hmis
1158 4492 1258 4526 hermn
1277 4491 1375 4527 gehen.

1104 4530 1162 4561 Ein
1189 4531 1260 4561 alter
1286 4531 1378 4566 Pflug
1404 4535 1466 4560 war
1491 4533 1528 4562 da
1555 4534 1587 4562 in
1617 4534 1692 4563 einer
1719 4534 1791 4564 Ecke.
1834 4536 1877 4564 Er

1051 4569 1158 4604 richtete
1178 4570 1225 4605 sich
1244 4571 1348 4606 daraus
1369 4571 1487 4605 bequem
1509 4572 1563 4607 ei»,
1584 4574 1642 4603 und
1663 4577 1740 4609 zwar
1760 4575 1798 4609 so,
1818 4575 1874 4606 daß

1052 4609 1124 4644 stine
1147 4609 1220 4639 Knie
1240 4609 1289 4639 bis
1309 4616 1348 4638 an
1370 4609 1414 4638 die
1435 4610 1523 4645 Borist
1543 4611 1648 4648 hinauf
1668 4612 1794 4647 rcittsten,
1814 4614 1875 4642 und

1051 4656 1078 4678 er
1102 4648 1171 4683 legte
1197 4648 1268 4684 seine
1290 4648 1399 4683 Hände,
1419 4649 1465 4678 die
1490 4649 1609 4686 Flächen
1632 4652 1699 4683 nach
1718 4653 1801 4686 oben,
1823 4654 1876 4689 auf

1047 4686 1092 4716 die
1115 4687 1197 4717 Knie.
1225 4688 1314 4717 Dann
1337 4687 1393 4722 ließ
1414 4695 1446 4717 er
1468 4688 1564 4724 seinen
1587 4690 1662 4726 Kopf
1683 4691 1780 4726 sinken,
1802 4699 1873 4727 ganz

1050 4726 1144 4759 allein,
1164 4727 1225 4756 und
1248 4726 1318 4760 legte
1340 4726 1392 4762 ihn
1416 4727 1475 4762 hin.
1499 4731 1543 4758 wo
1567 4732 1598 4759 es
1620 4730 1682 4764 ihm
1702 4732 1805 4764 gerade
1827 4731 1875 4760 be-

1049 4766 1183 4800 grwmiich
1203 4765 1299 4800 schien.
1322 4765 1403 4800 Herr,
1424 4768 1510 4802 unser
1531 4768 1610 4802 Gott,
1632 4770 1707 4803 uiach
1728 4773 1788 4798 uns
1812 4770 1874 4805 frei,

1050 4804 1127 4840 selbst
1162 4808 1246 4834 wenn
1281 4804 1336 4834 wir
1369 4806 1457 4841 dafür
1493 4807 1533 4836 im
1570 4808 1676 4838 Leiden
1710 4809 1873 4839 ansharren

1048 4844 1163 4879 nrüssen,
1180 4845 1266 4876 denn,
1285 4844 1314 4878 so
1333 4845 1417 4878 lange
1436 4852 1506 4876 man
1527 4847 1574 4881 sich
1590 4847 1624 4876 in
1644 4847 1736 4877 eineni
1756 4848 1875 4878 Tunnel

1047 4882 1180 4918 befindet,
1202 4882 1288 4916 macht
1311 4885 1344 4912 cs
1363 4885 1459 4919 wenig
1483 4887 1547 4920 ans,
1570 4887 1603 4915 ob
1626 4893 1694 4916 mcnr
1715 4887 1873 4922 vorrvärts,

1048 4922 1081 4950 ob
1104 4929 1174 4952 inan
1196 4921 1347 4952 rückwärts
1366 4923 1448 4958 gchc;
1471 4924 1518 4953 die
1542 4926 1711 4960 Hauptsache
1735 4927 1779 4961 ist:
1803 4933 1872 4957 nian

1048 4961 1124 4997 finde
1152 4963 1208 4991 den
1235 4961 1387 4996 Ausgang.
1427 4964 1490 4992 Uird
1519 4963 1558 4999 ich
1587 4965 1638 4994 bin
1668 4965 1765 4999 schuld,
1794 4966 1873 4995 weilt

1048 5000 1132 5035 Stolz
1158 5000 1192 5036 ist
1217 5000 1315 5035 schuld,
1340 5002 1397 5036 daß
1422 5002 1462 5037 ich
1490 5009 1600 5038 ungern
1627 5003 1873 5039 zurückweichr...

1098 5039 1138 5069 Er
1159 5039 1254 5074 preßte
1273 5039 1321 5069 die
1342 5040 1443 5076 Zähne
1464 5043 1665 5077 mlfcinander,
1686 5043 1872 5080 fürchterliche

1046 5079 1197 5109 Gedanken
1215 5079 1384 5114 bcstnriiitcn
1402 5080 1467 5115 ihn;
1489 5082 1555 5113 aber
1572 5083 1609 5112 da
1629 5082 1719 5117 stehen
1736 5083 1871 5114 bleiben?

1044 5118 1125 5148 Alles
1150 5118 1213 5153 eher
1234 5118 1282 5147 als
1304 5119 1368 5149 das.

1097 5157 1171 5187 Mau
1191 5158 1294 5186 komiitt
1311 5157 1355 5188 bei
1375 5159 1462 5193 Nacht
1478 5159 1511 5190 in
1528 5161 1574 5190 die
1593 5160 1710 5196 Häuser,
1729 5162 1874 5197 vorstchtig

1046 5198 1159 5227 werden
1182 5197 1226 5226 die
1251 5197 1361 5232 Schube
1386 5202 1575 5235 anögczogcn.
1607 5201 1680 5230 Eine
1704 5201 1817 5237 Greisin
1840 5202 1873 5237 ist

1046 5236 1091 5269 da,
1119 5235 1163 5265 die
1191 5236 1296 5272 schläft;
1327 5243 1394 5266 mau
1424 5238 1523 5273 bringt
1550 5241 1604 5269 das
1634 5240 1702 5269 Bett
1730 5242 1812 5271 kaum
1840 5241 1873 5270 in

1044 5276 1234 5310 Uuordnilng.
1277 5276 1342 5306 Wer
1376 5276 1474 5307 könnte
1508 5281 1539 5309 cs
1571 5278 1618 5314 sich
1650 5278 1806 5316 cinbildc»,
1839 5281 1872 5316 sic

1044 5314 1122 5344 wäre
1159 5315 1231 5353 nicht
1266 5319 1348 5346 eures
1375 5317 1554 5353 natürlichen
1581 5319 1681 5349 Todes
1707 5321 1874 5355 gestorben?

1919 4029 2002 4066 Ganz
2019 4030 2053 4060 in
2068 4031 2118 4060 der
2135 4031 2225 4067 Nähe,
2240 4032 2277 4061 in
2292 4031 2386 4063 einem
2400 4033 2534 4068 Schrank,
2551 4036 2634 4064 unter
2653 4035 2747 4064 einem

1918 4068 1998 4104 Stoß
2026 4070 2166 4106 Bettzeug
2192 4093 2233 4100 ...
2258 4072 2296 4101 da
2325 4071 2356 4107 ist
2382 4072 2429 4101 ein
2457 4072 2675 4108 Geldtäschchen,
2702 4080 2747 4108 ge¬

1918 4108 1985 4143 stillt
2004 4109 2059 4138 nttt
2080 4109 2316 4139 Danknoten!...
2356 4111 2429 4141 Gitt!
2450 4113 2508 4141 das
2531 4112 2646 4146 sttmmt!

1972 4148 2018 4177 Er-
2044 4148 2134 4183 fühlte
2167 4149 2213 4184 stch
2241 4149 2337 4184 besser,
2370 4158 2400 4180 er
2430 4151 2482 4185 hob
2514 4151 2570 4181 den
2603 4151 2686 4188 Kopf,
2718 4159 2747 4180 er

1918 4186 2023 4216 atmete
2051 4187 2110 4222 tief.
2152 4188 2242 4218 Dann
2267 4189 2404 4219 bemerkte
2429 4198 2467 4222 er,
2493 4191 2550 4224 daß
2579 4191 2653 4219 keine
2679 4191 2746 4220 Alte

1916 4226 1954 4254 da
1984 4229 2056 4259 war,
2084 4228 2146 4255 nnd
2175 4228 2236 4256 kein
2267 4228 2467 4263 Geldsäckchcn.
2500 4229 2563 4258 Bor
2590 4230 2651 4264 ihm
2684 4233 2747 4259 war

1917 4270 1975 4295 nur
1992 4265 2040 4294 die
2059 4265 2154 4300 Narl)t,
2171 4267 2233 4296 und
2252 4267 2299 4296 die
2317 4270 2377 4297 irat
2397 4268 2463 4303 halb
2484 4269 2566 4299 dirrch
2585 4269 2631 4298 die
2654 4270 2746 4304 offene

1918 4303 1989 4338 Tür,
2011 4305 2071 4333 nnd
2094 4304 2126 4333 in
2146 4305 2212 4335 dein
2236 4306 2481 4342 Wagcnschnppen
2504 4307 2634 4343 herrschte
2659 4308 2747 4342 grim¬

1917 4343 1994 4378 mige
2020 4343 2111 4373 Mlte.
2145 4344 2191 4374 Da
2217 4345 2273 4379 ließ
2299 4352 2327 4374 er
2353 4345 2399 4381 sich
2423 4346 2568 4375 vorni'bcr
2594 4347 2688 4383 fallen.

1969 4383 2018 4412 So
2038 4383 2147 4418 geschah
2166 4386 2207 4417 es,
2226 4384 2283 4418 daß
2302 4391 2332 4413 er
2351 4385 2421 4419 nicht
2439 4385 2524 4420 gleich
2545 4387 2595 4422 ans
2613 4387 2670 4416 da?
2692 4387 2748 4417 Ge¬

1917 4420 2013 4456 räusch
2049 4425 2106 4450 von
2143 4422 2288 4458 Schritten
2327 4425 2513 4460 ausmcrksam
2551 4426 2659 4459 wurde,
2696 4428 2747 4455 der

1919 4459 2026 4496 Schnee
2054 4461 2128 4491 hatte
2152 4462 2186 4495 sie
2212 4462 2367 4497 gedämpft.
2411 4464 2476 4493 Das
2503 4463 2564 4493 Tor
2591 4465 2687 4499 nintztc
2717 4466 2746 4494 in

1917 4499 1973 4528 den
2000 4500 2114 4534 Angeln
2144 4501 2262 4535 geknackt
2290 4501 2396 4535 haben:
2424 4503 2462 4531 da
2491 4503 2597 4536 horckite
2627 4511 2657 4533 er
2687 4511 2746 4539 ans.

1918 4538 1994 4567 Man
2018 4539 2073 4574 sah,
2096 4539 2149 4567 wie
2170 4539 2260 4575 dieser
2285 4540 2395 4576 Körper
2416 4541 2463 4576 stch
2483 4541 2516 4570 in
2540 4542 2675 4579 Schsvarz
2700 4543 2746 4572 ab-

1918 4577 2050 4611 zeickrnetc
2086 4579 2134 4612 ans
2166 4580 2228 4607 dem
2263 4578 2461 4615 Hintcrgrmid
2495 4584 2552 4609 von
2589 4582 2745 4618 schwachem

1919 4616 2002 4652 Licht,
2026 4618 2084 4645 und
2107 4624 2137 4645 er
2160 4619 2244 4647 wand
2270 4618 2316 4653 sich
2338 4619 2415 4648 bettn
2439 4619 2601 4651 Eintreten.

1970 4656 2061 4690 „Sich
2079 4656 2139 4689 da,"
2161 4658 2235 4691 sagte
2252 4657 2315 4686 eine
2334 4658 2473 4692 Stimme,
2494 4659 2550 4695 „ich
2566 4661 2667 4697 dachte,
2687 4659 2742 4695 dich

1917 4694 1997 4730 sicher
2020 4695 2080 4729 hier
2103 4701 2137 4729 zu
2162 4696 2328 4730 finden..."

1970 4735 2046 4764 Man
2063 4735 2121 4763 kam
2140 4735 2210 4769 ohne
2229 4735 2344 4770 Zögern
2362 4737 2458 4771 heran,
2474 4738 2545 4768 aber
2561 4739 2615 4770 daS
2634 4738 2745 4768 Dunkel

1917 4771 1960 4802 im
1984 4773 2104 4807 Innern
2129 4774 2183 4803 des
2210 4775 2381 4810 Scknppeus
2408 4780 2469 4806 >var
2497 4778 2576 4810 diebt,
2603 4778 2659 4806 nnd
2686 4784 2744 4806 nur

1916 4815 1975 4841 ans
1999 4815 2062 4842 dein
2085 4813 2181 4847 Klang
2201 4814 2291 4848 dieser
2314 4815 2444 4845 Stimme
2469 4817 2556 4846 erriet
2578 4817 2662 4851 Lnde,
2686 4821 2744 4845 wer

1915 4850 1981 4880 dies
2002 4851 2061 4886 sein
2081 4851 2188 4881 könnte.
2209 4853 2286 4882 Lnde
2309 4853 2399 4888 fühlte
2420 4855 2504 4885 einen
2526 4855 2652 4885 Sckaner
2673 4856 2743 4884 über

1915 4891 1968 4919 dnc
1988 4891 2093 4921 Jtücken
2114 4890 2250 4925 hinnntcr
2267 4892 2375 4927 lanstn.
2393 4894 2472 4924 Aber
2490 4895 2561 4929 nicht
2579 4895 2667 4929 tvahr,
2687 4901 2742 4923 nur

1916 4930 1983 4959 weil
2003 4933 2035 4959 cs
2052 4930 2108 4959 kalt
2126 4933 2195 4959 war.
2215 4931 2279 4960 Nnd
2298 4932 2449 4962 überdies:
2472 4938 2526 4962 von
2545 4934 2617 4967 dem,
2636 4934 2685 4963 der
2704 4934 2741 4962 da

1917 4968 2027 5000 koinmt.
2049 4969 2118 4998 habe
2139 4969 2177 4998 ick»
2195 4970 2287 4999 nichts
2309 4978 2342 5006 zu
2366 4972 2495 5007 fürchten.
2519 4972 2582 5001 Das
2601 4973 2636 5007 ist
2656 4973 2742 5006 einer,

1916 5008 1965 5037 der
1990 5008 2067 5044 heißt
2092 5007 2214 5043 Criblet,
2239 5010 2293 5039 mit
2320 5010 2485 5044 Zunamen:
2511 5011 2558 5040 die
2586 5012 2741 5047 Sckflange;

1916 5048 1976 5076 und
2005 5051 2082 5083 zwar
2107 5048 2241 5083 deshalb,
2268 5049 2338 5079 weil
2366 5059 2395 5080 er
2425 5051 2483 5085 sehr
2512 5051 2581 5086 lang
2609 5052 2669 5081 mid
2700 5058 2744 5086 ge-

1917 5086 2063 5120 sckpneidig
2090 5087 2150 5116 nnd
2181 5087 2292 5122 schlank,
2322 5092 2381 5120 und
2412 5090 2475 5119 auch
2504 5089 2573 5119 weil
2602 5098 2631 5120 er
2664 5090 2743 5125 falsch

1918 5125 1955 5161 ist.
1986 5126 2063 5155 Aber
2083 5132 2151 5156 nia»
2175 5127 2250 5163 weiß
2274 5128 2375 5165 längst:
2400 5136 2428 5158 er
2450 5128 2527 5164 zäl)lt
2549 5129 2642 5164 kaum;
2666 5130 2741 5159 denn

1916 5164 1964 5194 bis
1987 5172 2021 5200 zn
2042 5165 2115 5201 tiefst
2134 5165 2169 5202 ist
2190 5174 2218 5197 cr
2240 5167 2286 5197 die
2313 5168 2402 5204 schiefe
2426 5167 2512 5203 Bahn
2536 5168 2587 5198 des
2610 5169 2741 5198 Te..»kcS

1917 5203 2163 5239 himmtergerollt.
2199 5206 2262 5235 Nnd
2289 5203 2368 5241 Iran
2394 5207 2483 5238 Lude:

1970 5244 2058 5278 „Was
2082 5243 2164 5280 tvillst
2185 5245 2263 5276 du?"

1966 5284 2025 5313 Der
2046 5283 2164 5312 andere:
2190 5284 2329 5321 „Nichts."

1966 5324 2034 5352 Das
2059 5326 2119 5352 war
2143 5324 2227 5354 alles.

2838 4038 2930 4067 Dann
2950 4039 3075 4073 entstand
3096 4038 3157 4067 eine
3178 4038 3283 4075 Pause.
3302 4039 3386 4075 Ohne
3409 4041 3543 4076 Zweifel:
3564 4043 3613 4071 der

2787 4076 2894 4106 andere
2923 4077 2996 4106 wird
3025 4077 3070 4112 sich
3100 4078 3255 4113 entfernen.
3300 4079 3378 4108 Aber
3408 4081 3469 4110 eine
3499 4081 3614 4115 spaßige

2772 4123 2774 4140 :
2788 4115 2865 4149 Idee
2891 4115 2926 4151 ist
2953 4118 2983 4145 es
3011 4116 3194 4152 lvahrhafttg,
3223 4120 3286 4153 trotz
3313 4118 3411 4148 allem:
3441 4119 3553 4155 hierher
3581 4126 3615 4155 zu

2789 4155 2915 4184 kommen
2938 4154 2982 4183 bei
3007 4155 3094 4190 Nacht
3116 4156 3176 4185 und
3200 4157 3270 4193 niich
3292 4164 3326 4192 zu
3349 4158 3453 4193 suchen,
3478 4159 3541 4190 »och
3565 4160 3615 4188 da¬

2790 4200 2826 4228 zu
2848 4194 2881 4224 in
2906 4194 3009 4227 diesem
3037 4195 3198 4230 Schuppen,
3244 4196 3273 4225 in
3300 4198 3355 4226 den
3384 4198 3450 4230 mich
3479 4198 3615 4230 niemand

2789 4234 2839 4264 hat
2855 4234 2991 4263 ciutrctcii
3009 4234 3098 4269 scheu.
3117 4234 3189 4264 Eine
3208 4235 3301 4271 Frage
3315 4236 3422 4266 brennt
3439 4238 3491 4273 auf
3506 4237 3613 4267 meiner

2790 4272 2903 4307 Zunge:
2927 4273 2977 4306 auf
2998 4273 3096 4308 welche
3119 4274 3208 4310 Weise
3233 4276 3303 4304 kann
3327 4275 3363 4305 ich
3388 4275 3438 4310 ihn
3459 4284 3507 4306 am
3531 4277 3614 4307 Fort¬

2791 4312 2874 4346 gehen
2897 4311 3037 4341 hindern?
3059 4313 3124 4342 Und
3146 4313 3241 4347 letzten
3259 4314 3369 4349 Endes,
3390 4321 3438 4345 uni
3461 4317 3488 4351 so
3510 4315 3614 4350 schlim¬

2791 4358 2856 4384 mer,
2885 4350 2921 4384 ich
2950 4354 3030 4386 wage
3060 4352 3104 4381 eS!
3143 4352 3287 4388 Trotzdem
3317 4361 3344 4382 cr
3373 4353 3528 4387 bestimmte
3557 4355 3614 4384 Ab-

2792 4390 2883 4424 sichten
2908 4389 2998 4419 lmbcn
3023 4391 3135 4420 könnte:

2841 4429 2923 4463 „Zag
2945 4429 3019 4461 doch,
3043 4430 3193 4459 Criblet?"

2840 4468 2930 4501 „Was
2949 4468 3063 4498 beim?"

2841 4507 2950 4542 „Wieso
2974 4508 3060 4543 weißt
3084 4509 3134 4541 d»,
3156 4509 3212 4543 daß
3239 4509 3275 4544 ich
3299 4509 3359 4543 hier
3383 4510 3481 4540 war?"

2841 4544 2909 4578 „Ich
2935 4544 3006 4579 habe
3030 4546 3157 4582 Angen."

2837 4583 2913 4619 Fbrtzt
2929 4585 3013 4619 lachte
3031 4586 3146 4615 Crkbktt
3160 4589 3219 4616 und
3238 4588 3348 4621 begann
3367 4588 3484 4617 wieder:
3505 4590 3614 4622 „Deine

2788 4623 2881 4657 Frage
2899 4624 3001 4654 koinmt
3019 4625 3076 4655 mir
3094 4626 3164 4655 eben
3180 4627 3257 4660 recht,
3274 4627 3308 4661 sie
3326 4625 3479 4663 erleichtert
3497 4635 3552 4657 nur
3567 4629 3615 4658 die

2786 4662 3019 4698 Angelegenheit.
3049 4663 3103 4700 Ich
3126 4666 3237 4699 glaiibe,
3259 4666 3313 4695 wir
3336 4667 3450 4696 werden
3472 4670 3532 4697 uns
3553 4671 3614 4696 ver¬

2787 4701 2878 4736 stehen
2898 4701 3076 4732 können..."

2839 4741 2880 4770 Er
2905 4740 3018 4777 schwieg
3042 4743 3103 4778 erst,
3125 4743 3204 4774 dann
3230 4745 3342 4778 begann
3368 4751 3395 4773 er
3421 4746 3613 4780 neuerdings:

2788 4779 2858 4814 „Ich
2880 4780 2953 4809 liebe
2975 4784 3018 4815 cs,
3043 4783 3183 4817 spaziere»
3208 4790 3242 4818 zn
3266 4783 3361 4817 gehen.
3395 4785 3456 4814 U-uv
3482 4784 3518 4817 ich
3544 4785 3614 4820 habe

2788 4818 2856 4848 eben
2882 4819 2966 4848 einen
2991 4821 3196 4856 Spaziergang
3222 4823 3350 4856 gciuacht.
3385 4822 3437 4858 Ich
3463 4823 3532 4858 ging
3559 4831 3615 4854 nur

2786 4857 2832 4887 die
2857 4858 2964 4887 Steine
2989 4860 3179 4897 anschcn..."

2841 4897 2950 4931 ^Hc...
2974 4900 3068 4932 o...",
3092 4900 3164 4935 sagte
3189 4900 3274 4934 Lude,
3298 4902 3356 4930 und
3379 4902 3428 4931 der
3451 4903 3534 4931 Atem
3558 4910 3615 4938 zer¬

2789 4935 2878 4971 schlug
2900 4936 2945 4972 stch
2969 4936 3036 4974 ihm.

2839 4975 2918 5005 Aber
2944 4977 2993 5007 der
3021 4980 3123 5007 andere
3152 4978 3237 5013 schien
3261 4979 3369 5014 darauf
3398 4980 3467 5014 nicht
3495 4980 3552 5014 acht
3581 4987 3614 5015 zu

2787 5014 2885 5048 geben.
2922 5016 2984 5050 „Es
3010 5017 3069 5051 gibt
3093 5017 3230 5046 darunter
3257 5018 3308 5047 alle
3336 5018 3490 5055 möglichen
3514 5019 3614 5051 ?lrtc».

2789 5054 2832 5083 Es
2850 5053 2913 5088 gibt
2931 5056 3023 5090 große,
3040 5055 3141 5091 Keine;
3159 5057 3192 5086 cs
3209 5056 3270 5090 gibt
3289 5057 3381 5092 solche,
3399 5058 3444 5087 die
3463 5066 3497 5093 zu
3516 5059 3612 5095 schwer

2788 5092 2856 5127 sind,
2872 5094 2932 5124 und
2951 5097 2982 5125 e§
3001 5095 3061 5130 gibt
3078 5095 3169 5130 solche,
3186 5096 3229 5125 die
3248 5102 3315 5126 man
3334 5096 3421 5132 heben
3439 5098 3519 5128 kann.
3537 5098 3612 5128 Man

2791 5132 2850 5167 saßt
2879 5132 2912 5168 sie
2943 5134 2969 5168 so
2982 5155 3021 5164 ...
3059 5133 3110 5164 mit
3138 5133 3240 5165 beiden
3267 5135 3388 5169 Händen
3417 5144 3455 5166 an
3468 5159 3490 5165 ..
3503 5160 3507 5165 ■
3546 5144 3613 5168 man

2789 5171 2922 5206 streichelt
2945 5173 3134 5203 darüber..."

2843 5211 3020 5248 „Schweig!"
3049 5212 3127 5247 schrie
3154 5213 3239 5243 Lnde.

2840 5252 2901 5281 Der
2924 5252 3026 5281 andere
3046 5252 3136 5287 sagte:
3160 5253 3225 5286 „Du
3246 5253 3346 5289 siehst."

2842 5291 2906 5320 Und
2923 5291 3003 5320 dann
3019 5292 3135 5325 begann
3154 5298 3182 5320 cr
3202 5291 3262 5329 sehr
3281 5293 3345 5328 leise
3363 5300 3400 5328 zu
3419 5295 3525 5330 lachen:
3547 5295 3617 5332 „Ich

2788 5329 2881 5365 dachte
2905 5329 2991 5366 wohl,
3013 5330 3068 5361 >vir
3092 5330 3212 5362 würden
3236 5334 3296 5362 mrS
3316 5333 3484 5368 verstehen."
