3927 5551
108 99 324 147 Dienstag,
354 99 434 145 SS.
461 102 702 155 September
726 104 859 148 LV»8
918 108 1041 153 vlatt
1068 111 1097 154 3

1401 116 1477 156 Der
1501 117 1648 168 Zürcher
1673 118 1823 168 Zeitung
1845 120 1928 159 149.
1948 120 2134 171 Jahrgang

2788 113 3143 165 Mittagausgabe.
3219 113 3276 152 M
3304 109 3433 150 1739

295 580 533 611 Abonnemente
541 591 551 612 -

67 630 152 659 Zürich
162 630 198 652 bei
207 630 247 653 der
256 631 445 656 Administration
458 633 513 655 oder
521 633 612 659 Ablage
622 634 729 661 abgeholt
743 635 783 662 Fr.
795 638 841 658 2.90
878 640 925 661 880
964 641 1022 662 12.50
1060 641 1121 662 25.—

106 660 178 686 Durch
188 660 225 683 die
232 661 364 688 Austrstger
372 662 412 684 in!
423 663 490 688 hau»
499 663 836 692 -«bracht.„880
873 669 920 692 8.60
958 671 1017 692 UM
1060 671 1121 692 81.—

67 690 179 717 «chweiz
190 691 318 717 Bestellung
333 691 392 713 beim
405 692 725 717 Postbureau.
754 711 766 723 ,
791 697 838 719 880
875 700 924 720 0.—
961 702 1021 722 16.50
1059 702 1120 723 32.—

104 721 149 743 Bei
162 721 241 747 Bezug
257 722 324 743 unter
340 722 508 747 Privatadreffe
526 723 683 750 (Streifband)
702 741 769 752 ...
794 727 841 749 8—
865 729 924 752 ltSO
1059 732 1074 752 1
1073 732 1121 752 L-

66 751 186 773 «nlland
195 753 300 775 (ausqcn.
306 752 435 776 Brit.Reich
444 753 491 774 und
497 751 526 774 v.
533 753 555 774 S.
562 753 602 778 A.)
609 754 735 780 Bestellung

144 777 203 798 beim
210 777 358 803 Postbureau,
365 778 411 799 da»
417 778 474 800 über
480 779 553 804 Prei»
559 780 674 801 Auskunft
682 781 737 807 gibt

104 802 150 824 Bei
163 803 241 828 Bezug
255 804 321 825 unter
331 804 499 829 Privatadresse
508 805 665 831 (Streifband)
686 822 731 828 ...
756 824 767 835 ,
793 810 839 833 6.50
864 812 896 834 18
896 822 923 828 —
959 814 1020 836 8850
1057 814 1119 837 «8—

1357 577 1447 653 und
1479 575 1841 661 WeWM
1871 579 2179 659 fioMsüioff

1555 665 1707 708 Täglich
1729 667 1757 698 3
1780 663 1985 708 Ausgaben

1253 712 1407 735 «edakti«,!
1507 713 1684 741 Falkenstrah«
1704 712 1746 738 »I,
1760 713 1816 735 Bel.
1825 714 1893 740 tzott.
1904 715 1989 740 71«»«.
1998 717 2120 742 Brieffach
2134 717 2275 743 tz'bahnhos

1254 739 1405 764 »kpedilion
1410 742 1418 758 r
1706 738 1747 764 II,
1787 753 1799 764 .
1852 754 1863 765 .
1904 740 1991 766 6109,

1253 765 1393 786 Druckerei:
1506 765 1687 792 »oetheftrast«
1699 764 1746 788 IO,
1788 779 1799 790 .
1852 780 1863 791 .
1902 766 1991 792 44HH,
2005 768 2132 793 Postscheck
2140 767 2279 789 VIN/3144

1252 791 1480 815 «dmtutstratton,
1504 791 1699 818 Bheaterftraf,«
1720 790 1748 815 »,
1789 805 1800 816 .
1853 805 1864 816 .
1901 792 1994 816 »«»».
2068 808 2079 818 .
2140 792 2263 815 V»I/«4!r

1252 815 1490 843 Fürsorge-«»«-.!
1505 817 1685 844 Falkenstrahe
1709 815 1749 840 II.
1789 831 1800 841 .
1854 831 1864 842 .
1903 816 1988 843 710«,
2066 834 2077 844 .
2143 819 2195 839 VIII
2206 818 2289 839 i»««L

2684 588 2861 616 Annoncen
2868 592 2880 613 r

2398 631 2443 652 Die
2456 632 2589 657 einspaltige
2603 632 3079 658 Srundzeil«.•
3105 626 3113 646 •
3139 626 3165 646 80
3178 625 3222 649 Bp.

2398 661 2475 683 Lokale
2490 662 2779 687 ScschLftrempsehlungen
2794 677 2798 681 .
3139 656 3165 676 «
3178 655 3223 679 BP.

2398 691 2515 717 Anzeigen
2529 691 2700 716 -u-ländische»
2715 685 3165 716 Ursprung».78
3177 686 3221 709 91b.

2399 721 2520 742 «eklamen
2533 725 2573 747 per
2587 715 3158 747 Zell«.Fr
3176 716 3224 736 2.50

2689 756 2987 782 «nnoneen-Bbteilung:

2400 789 2622 816 Lheat«strah«8,
2644 790 2775 815 Belephon
2800 788 2936 815 tzottingen
2957 785 3048 811 »»»4.
3065 785 3212 811 Postscheck.
3221 782 3303 805 »onto
3323 780 3430 806 VIII/12
3435 778 3474 800 S4

2401 819 2498 844 Filiale
2508 821 2656 842 («nuonce»
2666 820 2718 840 und
2728 818 2940 840 «bonnenlentei:
2951 815 3113 841 «ahnhosftr.
3123 814 3172 837 «4.
3186 814 3316 839 Belepbon
3330 814 3380 833 81»
3393 810 3474 830 244«

79 935 175 986 Die
206 935 478 998 fascistische
509 939 859 997 Konstituante.

507 1033 528 1061 L
560 1033 672 1069 Rom,
697 1036 739 1064 20.
761 1036 844 1071 Sept.

107 1090 188 1130 Zum
208 1090 381 1131 Jahrestag
399 1093 450 1125 der
468 1094 592 1132 Bresche
611 1098 672 1127 von
688 1095 787 1134 Porta
805 1098 877 1136 Pia,

50 1129 98 1162 die
130 1131 186 1162 den
220 1131 339 1170 Einzug
372 1137 423 1163 der
447 1132 605 1171 Italiener
639 1133 692 1165 ins
724 1135 877 1175 päpstliche

50 1169 130 1200 Rom
155 1169 420 1209 versinnbilolicht,
450 1172 501 1209 hat
527 1173 578 1203 der
604 1172 708 1210 Große
735 1173 798 1206 Rat
823 1175 876 1206 des

50 1208 238 1246 Fascismus
258 1209 291 1240 in
311 1210 361 1240 der
380 1210 564 1248 versoffenen
583 1211 678 1249 Nacht
694 1213 765 1251 nach
785 1213 876 1252 sechs-

49 1246 200 1294 stündiger
211 1248 338 1287 Sitzung
358 1248 408 1279 ein
418 1248 515 1287 Gesetz
535 1250 669 1289 erlassen,
690 1251 746 1283 das
767 1252 877 1290 seinem

49 1284 154 1323 Wesen
181 1287 242 1317 und
271 1286 429 1319 Wortlaut
456 1288 527 1326 nach
557 1289 623 1320 eine
654 1290 876 1329 grundlegende

49 1323 225 1362 Reform
255 1326 305 1357 der
334 1326 440 1364 bisher
470 1328 643 1359 waltenden
671 1328 877 1368 italienischen

49 1363 78 1395 B
89 1370 103 1394 e
116 1371 130 1394 r
143 1364 154 1401 f
165 1371 183 1394 a
196 1364 207 1405 s
218 1364 231 1402 s
240 1371 261 1395 u
272 1371 293 1395 n
305 1372 323 1403 g
341 1365 384 1402 ist.
405 1365 463 1396 Die
483 1366 537 1403 seit
557 1366 679 1404 langem
698 1369 876 1407 gewärtigte

50 1402 225 1441 fascistische
250 1404 461 1441 Konstituante
485 1402 518 1442 ist
543 1405 633 1444 somit
657 1413 711 1443 zur
737 1406 876 1446 Tatsache

49 1441 223 1478 geworden;
259 1442 310 1473 der
333 1442 437 1480 Große
465 1442 536 1479 Rat,
570 1444 621 1475 der
656 1445 793 1484 lediglich
830 1447 876 1478 die

49 1480 239 1517 Funktionen
268 1481 354 1513 eines
382 1482 678 1522 Parteiausschusses
706 1484 797 1522 hatte,
825 1485 877 1523 hat

48 1518 99 1556 sich
124 1519 218 1564 selber
243 1519 319 1558 dazu
343 1520 483 1558 gemacht.
527 1521 570 1553 Er
595 1522 629 1560 ist
653 1523 803 1562 nunmehr
827 1525 877 1555 ein

49 1554 316 1594 konstitutionelles
340 1559 447 1597 Organ
468 1560 530 1591 und
554 1560 676 1592 vertritt
699 1561 746 1593 die
769 1562 876 1601 höchste

49 1596 266 1635 gesetzgebende
286 1598 348 1628 und
369 1598 544 1630 ausübende
566 1600 668 1637 Macht
686 1599 730 1632 im
748 1600 875 1639 Staate;

50 1642 80 1666 er
110 1635 169 1673 gilt
195 1636 246 1667 als
273 1636 338 1667 eine
365 1636 713 1682 Spitzenorganisation,
741 1639 792 1670 der
821 1641 877 1671 alle

53 1673 169 1705 andern
199 1675 426 1713 Vertretungen
457 1677 519 1707 und
551 1670 800 1717 Führerschaften
832 1679 877 1710 im

49 1712 161 1744 Staate
190 1715 335 1745 untertan
362 1714 435 1751 sind,
464 1715 647 1752 Parlament
674 1717 736 1747 und
766 1717 878 1753 Senat,

49 1750 298 1790 Gewerkschaften
332 1753 395 1785 und
431 1753 687 1792 Korporationen,
721 1755 753 1792 ja
788 1756 878 1794 sogar

49 1790 92 1821 im
112 1790 198 1823 Sinn
222 1791 307 1822 eines
332 1791 609 1831 Machtausgleichs
632 1794 878 1832 gewissermaßen

49 1829 120 1864 auch
140 1829 187 1860 die
207 1830 318 1862 Krone.

107 1868 170 1899 Der
191 1868 294 1905 Große
315 1869 377 1901 Rai
396 1871 447 1901 als
470 1870 645 1909 fascistische
667 1870 880 1908 Konstituante

49 1907 83 1944 ist
101 1907 148 1938 die
167 1908 263 1945 reifste
281 1908 387 1945 Frucht
410 1909 461 1940 der
483 1909 790 1941 Oktoberrevolution
808 1913 879 1942 vom

49 1945 149 1984 Jahre
172 1947 255 1977 1922.
284 1940 387 1985 Gleich
407 1947 481 1985 nach
501 1948 568 1979 dem
585 1948 706 1986 Marsch
723 1949 777 1985 auf
798 1948 879 1981 Rom

49 1987 114 2015 war
137 1984 299 2023 Mussolini
321 1986 452 2024 bemüht,
476 1986 525 2019 ein
549 1987 658 2024 Organ
681 1994 718 2025 zu
742 1980 879 2032 schaffen,

51 2024 106 2054 das
133 2023 179 2054 die
205 2024 323 2061 Partei,
349 2025 419 2056 oder
446 2024 535 2062 besser
562 2025 664 2063 gesagt
689 2026 746 2056 den
773 2025 879 2058 Orden

53 2062 104 2092 der
135 2062 404 2101 Schwarzhcmden
435 2064 606 2102 vollwertig
637 2064 878 2102 repräsentieren

49 2102 110 2131 lmd
132 2104 192 2132 von
216 2102 272 2133 den
291 2102 513 2134 überlebenden
534 2102 803 2141 Machtkomplexen
826 2104 878 2135 der

50 2140 198 2172 liberalen
240 2141 310 2178 Zeit
351 2141 520 2179 absondern
565 2141 656 2179 sollte.
709 2141 757 2179 In
799 2142 877 2181 sechs

49 2178 171 2216 Jahren
217 2179 268 2217 hat
303 2179 354 2217 sich
389 2180 486 2218 dieses
523 2179 786 2218 Exekutivkomitee
827 2182 878 2212 der

49 2217 156 2255 Partei
193 2225 246 2256 zur
284 2217 414 2256 höchsten
451 2218 682 2257 Staatsinstanz
719 2219 878 2251 entwickelt

49 2257 111 2287 und
130 2257 200 2294 sicht
219 2257 315 2294 heute,
333 2259 423 2288 unter
443 2258 507 2288 dem
526 2257 651 2295 Zeichen
671 2257 754 2289 einer
775 2257 877 2289 Dikta-

50 2296 109 2332 tur,
129 2295 175 2327 die
196 2296 254 2327 das
272 2296 583 2334 Vcrtretlingssystem
603 2296 637 2327 in
657 2296 705 2327 die
723 2296 877 2335 politische

49 2334 307 2371 Rumpelkmmner
353 2335 504 2373 befördert
549 2335 610 2372 hat,
663 2335 714 2366 als
760 2335 876 2373 einzige

49 2373 151 2409 Macht
193 2373 237 2404 im
277 2374 389 2405 Staate
431 2374 477 2404 da.
521 2373 587 2404 Und
621 2373 667 2404 die
699 2373 876 2418 fascistische

50 2412 260 2448 Konstituante
283 2412 419 2443 bedeutet
441 2412 553 2450 mithin
577 2411 623 2443 die
647 2404 877 2451 grundsätzliche

48 2450 265 2489 Gleichsetzung
291 2451 431 2488 zwischen
456 2450 552 2482 Staat
577 2451 640 2481 und
667 2450 803 2488 Regime,
829 2444 877 2483 die

50 2489 278 2527 Uebertragung
298 2489 371 2520 aller
391 2489 493 2526 Macht
512 2489 566 2528 auf
586 2490 642 2520 den
660 2488 787 2526 Großen
806 2488 877 2526 Rat,

50 2528 77 2559 d.
96 2528 123 2565 h.
144 2528 178 2558 in
197 2528 244 2558 die
265 2527 369 2566 Hände
391 2529 444 2559 des
466 2527 559 2559 Duce.
600 2527 779 2565 Aeußerlich
799 2528 877 2559 wird

49 2558 121 2604 noch
142 2566 189 2597 die
211 2566 392 2604 Aufteilung
416 2567 466 2598 der
486 2566 588 2604 Macht
609 2566 751 2604 zwischen
772 2565 878 2603 Dyna-

49 2605 98 2643 stie
129 2605 191 2636 und
220 2604 356 2641 Großem
385 2605 447 2636 Rat
477 2604 682 2642 fortbcstehen,
711 2603 878 2643 tatsächlich

50 2644 121 2674 aber
140 2643 339 2680 identifiziert
357 2642 409 2680 sich
427 2649 494 2673 nun
514 2642 639 2680 Italien
657 2641 714 2673 mit
734 2642 785 2673 der
802 2642 879 2686 Per¬

51 2682 104 2719 son
122 2682 177 2712 des
193 2681 362 2716 Diktators,
378 2681 441 2711 und
458 2681 516 2710 das
536 2680 623 2711 Wort
639 2679 723 2711 Duce
742 2674 880 2719 gewinnt

50 2723 109 2749 von
130 2719 216 2754 heute
236 2718 274 2748 ab
295 2718 384 2749 einen
403 2717 585 2756 cäsarischen
607 2718 718 2756 Klang.

108 2755 165 2793 Im
192 2755 303 2793 siebten
333 2755 486 2794 Abschnitt
517 2756 572 2787 des
601 2763 700 2788 neuen
730 2756 880 2791 Statute»

52 2794 133 2831 heißt
156 2798 200 2829 cs,
224 2798 258 2825 es
284 2794 323 2832 sei
347 2797 408 2826 von
431 2801 496 2826 nun
520 2794 558 2826 ab
580 2795 647 2826 dem
668 2795 795 2833 Großen
817 2795 881 2828 Rat

50 2834 103 2864 des
128 2833 316 2871 Fascismus
341 2833 548 2871 Vorbehalten,
573 2832 879 2873 GesctzeSvorschläge

49 2872 123 2903 über
143 2872 189 2903 die
209 2871 406 2910 Thronfolge,
426 2872 474 2903 die
492 2864 654 2909 königliche
672 2871 796 2904 Gewalt
816 2874 878 2904 und

50 2911 97 2942 die
125 2910 307 2948 königlichen
336 2910 497 2948 Vorrechte
526 2910 740 2948 einzureichen.
790 2910 879 2949 Diese

51 2949 134 2987 schon
171 2957 211 2981 an
244 2949 297 2987 sich
330 2949 467 2980 überaus
494 2949 630 2987 wichtige
655 2948 878 2988 Ankündigung

50 2989 102 3024 hat
124 2988 189 3020 eine
210 2988 451 3026 uniiberschbare
475 2988 658 3025 Tragweite,
681 2988 760 3019 denn
782 2988 879 3020 damit

50 3028 83 3064 ist
114 3027 160 3058 die
191 3027 374 3059 Autonomie
405 3027 458 3058 des
487 3026 613 3063 Großen
642 3020 741 3058 Rates
770 3033 878 3065 gegen¬

50 3066 124 3098 über
142 3066 193 3097 der
212 3065 312 3097 Krone
329 3065 474 3103 statuiert.
501 3064 670 3102 Weiterhin
689 3065 811 3102 erstreckt
826 3065 878 3104 sich

52 3106 109 3136 das
133 3104 451 3142 Entscheidungsrecht
474 3104 527 3135 des
549 3098 676 3141 Großen
700 3103 782 3135 Rats
804 3103 879 3136 über

51 3144 153 3176 Senat
177 3144 239 3175 und
266 3144 417 3179 Kammer,
443 3143 518 3175 über
546 3142 603 3174 das
632 3142 879 3180 Gerichtswesen,

52 3183 98 3214 die
118 3182 285 3220 Syndikate
304 3182 366 3213 und
387 3181 642 3219 Korporationen,
660 3181 734 3213 über
754 3181 801 3213 die
821 3181 879 3214 Be¬

52 3221 219 3260 ziehungen
240 3221 381 3259 zwischen
402 3221 497 3253 Staat
516 3221 579 3252 und
601 3219 703 3256 Kirche
722 3220 785 3251 und
804 3219 879 3252 über

52 3260 99 3292 die
136 3259 400 3292 internationalen
433 3259 593 3297 Verträge.
634 3258 698 3290 Alle
733 3259 879 3297 wirkliche

52 3299 152 3336 Macht
170 3299 203 3336 ist
222 3299 285 3337 also
306 3299 350 3330 im
366 3298 493 3336 Großen
513 3298 575 3330 Rat
596 3297 802 3336 zentralisiert,
822 3298 880 3329 das

52 3338 245 3377 Wahlsystem
265 3338 299 3375 ist
320 3341 381 3369 aus
404 3338 469 3369 dem
489 3336 663 3375 politischen
685 3336 783 3368 Leben
807 3336 880 3374 Ita¬

52 3377 135 3408 liens
173 3377 315 3414 definitiv
355 3376 582 3414 ausgeschaltet,
619 3375 681 3406 und
721 3382 761 3406 an
799 3375 880 3413 seine

52 3415 149 3447 Stelle
171 3415 240 3447 tritt
262 3416 318 3447 das
341 3415 565 3453 Erncnnungs«
586 3414 647 3445 und
669 3413 880 3452 EinsctzungS-

53 3455 162 3492 stlstem.
204 3455 266 3486 Der
297 3454 400 3491 Große
431 3454 493 3485 Rat
523 3453 659 3485 bedeutet
690 3452 802 3490 mithin
833 3453 880 3484 die

53 3494 184 3531 geheime
207 3494 308 3526 Krone
329 3493 483 3529 Italiens,
504 3492 567 3524 und
590 3492 637 3524 die
657 3491 797 3523 Diktatur
828 3491 882 3530 hat

53 3533 110 3564 das
134 3532 312 3571 Königreich
333 3532 484 3570 überholt.

110 3571 198 3609 Nicht
229 3579 266 3609 zu
299 3571 420 3607 unrecht
453 3570 628 3609 behailptetc
653 3569 814 3608 Mussolini
846 3569 881 3600 in

53 3610 104 3642 der
140 3610 342 3648 vorgestrigen
379 3609 506 3648 Sitzung
543 3609 597 3641 des
631 3608 756 3646 Großen
783 3608 878 3639 Rats:

54 3650 134 3686 „Der
154 3649 344 3687 Fascismus
365 3649 471 3680 dauert
494 3655 534 3680 an
555 3648 617 3680 und
638 3647 769 3686 schreitet
791 3646 881 3684 fort".

53 3688 159 3725 Sicher
192 3688 226 3724 ist
258 3688 306 3719 die
328 3695 394 3720 nun
417 3688 628 3725 eingetretene,
652 3690 723 3718 vom
744 3685 881 3718 italieni-

54 3728 134 3765 schen
157 3727 233 3759 Volk
264 3727 336 3765 noch
370 3727 448 3764 nicht
482 3727 515 3758 in
540 3726 622 3762 ihrer
647 3732 761 3764 ganzen
785 3724 881 3762 Trag,

53 3766 141 3798 weite
169 3766 324 3804 ermessene
349 3765 710 3804 Verfassungsänderung
739 3763 785 3796 die
812 3764 881 3795 end-

54 3805 170 3844 gültige
191 3805 352 3843 Festigung
374 3805 427 3836 des
445 3805 601 3842 Regimes.
632 3803 724 3836 Keine
744 3802 882 3841 konstitu-

54 3844 175 3876 tionellc
194 3844 379 3882 Opposition
396 3844 472 3875 kann
489 3844 573 3881 mehr
594 3843 649 3874 den
666 3841 792 3880 Großen
811 3841 882 3878 Rat,

54 3883 118 3922 also
144 3883 191 3915 die
217 3883 318 3922 wahre
344 3882 519 3922 fascistische
545 3882 732 3920 Vertretung
759 3880 882 3919 erschüt¬

915 894 992 931 tern,
1013 895 1076 926 und
1098 895 1205 931 Staat,
1225 896 1344 928 Nation
1364 897 1428 928 und
1449 897 1628 935 Monarchie
1651 896 1750 935 haben

914 932 1003 970 ihren
1045 933 1351 973 Bedeutungsakzent
1406 936 1460 974 auf
1514 936 1562 967 die
1607 935 1751 967 Diktatur

916 972 1041 1010 verlegt.

974 1010 1052 1042 Dem
1076 1011 1205 1049 Großen
1228 1012 1292 1043 Rat
1327 1013 1459 1051 gehören
1494 1021 1534 1044 an
1572 1014 1620 1045 die
1647 1011 1750 1050 Präsi¬

916 1048 1025 1081 denten
1042 1050 1097 1081 des
1116 1050 1238 1082 Senats
1256 1051 1319 1082 und
1339 1052 1391 1082 der
1410 1052 1562 1088 Kammer,
1582 1052 1630 1084 die
1650 1050 1751 1083 Mini-

914 1087 978 1125 ster,
997 1088 1045 1120 die
1064 1088 1319 1126 Quadrumviren
1338 1090 1393 1121 des
1411 1091 1566 1128 Marsches
1586 1091 1640 1128 auf
1660 1089 1750 1124 Rom,

915 1126 980 1158 vier
1007 1127 1353 1166 Unterstaatssekretäre,
1390 1129 1441 1160 der
1471 1122 1752 1166 GeneralstabSches

916 1165 967 1196 der
988 1166 1091 1204 Miliz,
1110 1166 1158 1198 die
1180 1166 1339 1198 Direktion
1361 1167 1413 1198 der
1433 1167 1650 1206 Fascistischen
1670 1165 1751 1205 Par-

915 1204 966 1240 tei,
1000 1205 1052 1236 der
1097 1204 1250 1243 jeweilige
1289 1206 1466 1244 fascistische
1501 1204 1751 1245 Parteisekretär,

916 1242 967 1274 der
998 1242 1099 1274 Leiter
1133 1244 1187 1275 dcS
1211 1244 1354 1280 „lstitnto
1376 1245 1517 1276 Fascista
1538 1246 1569 1275 di
1594 1243 1752 1279 Cultura“,

915 1280 967 1312 der
986 1281 1105 1320 Führer
1125 1282 1177 1313 der
1196 1282 1395 1321 fascistischen
1415 1283 1679 1322 Gewerkschaften,
1700 1282 1751 1313 der

915 1320 992 1358 Chef
1014 1321 1066 1352 der
1087 1321 1560 1360 Jndustriellenvereinigungen,
1581 1322 1630 1353 die
1650 1321 1752 1353 Leiter

916 1358 967 1390 der
995 1358 1254 1397 Korporationen,
1285 1361 1336 1391 der
1366 1360 1751 1399 Jugendorganisationen

915 1398 978 1428 nud
1000 1398 1052 1429 der
1076 1399 1167 1435 „Enti
1191 1397 1385 1429 Autarchici"
1412 1400 1476 1431 und
1501 1398 1669 1437 schließlich
1701 1398 1751 1428 der

914 1435 1076 1473 Präsident
1098 1438 1152 1468 des
1173 1437 1371 1476 fascistischen
1392 1437 1661 1475 Sondergerichts.
1682 1436 1752 1468 Den

914 1468 1025 1514 Vorsitz
1054 1475 1138 1514 führt
1167 1476 1217 1507 der
1245 1476 1339 1513 Duce,
1367 1477 1430 1507 und
1457 1477 1570 1515 seinem
1598 1475 1752 1513 Ermessen

915 1513 949 1551 ist
984 1517 1018 1544 es
1054 1514 1296 1553 anheimgestellt,
1331 1515 1453 1546 weitere
1477 1513 1752 1558 Persönlichkeiten

915 1551 988 1589 nach
1006 1552 1104 1590 seiner
1122 1552 1212 1590 Wahl
1231 1553 1379 1592 zeitweise
1397 1561 1438 1584 an
1455 1554 1511 1585 den
1530 1553 1678 1585 Arbeiten
1697 1552 1751 1583 des

916 1589 1015 1621 Rates
1049 1591 1234 1629 teilnehmen
1267 1599 1304 1629 zu
1336 1592 1437 1630 lassen.
1482 1591 1531 1624 So
1565 1591 1673 1630 laufen
1695 1590 1752 1623 alle

916 1628 1015 1667 Zügel
1039 1629 1074 1661 in
1096 1630 1177 1667 seine
1199 1628 1314 1668 Hände,
1338 1637 1370 1661 er
1393 1630 1477 1668 trägt
1500 1631 1549 1662 die
1573 1629 1752 1668 allgemeine

916 1668 1191 1706 Verantwortung,
1214 1676 1246 1700 er
1268 1669 1333 1707 setzt
1356 1669 1393 1700 ab
1417 1669 1479 1700 und
1506 1669 1570 1708 setzt
1594 1669 1655 1704 ein,
1687 1667 1752 1706 sein

916 1705 1004 1738 Wort
1022 1706 1057 1744 ist
1076 1706 1145 1738 Tat.

975 1745 1021 1777 ES
1044 1745 1118 1782 muß
1140 1745 1224 1783 wohl
1245 1746 1289 1777 im
1310 1746 1437 1784 Innern
1461 1746 1512 1778 der
1535 1745 1753 1790 Fascistischen

915 1783 1025 1821 Partei
1068 1783 1153 1822 selbst
1197 1784 1247 1815 ein
1278 1785 1471 1823 ungeahntes
1505 1778 1753 1823 diplomatische»

917 1822 1071 1860 Aufgebot
1091 1830 1142 1854 am
1159 1822 1258 1855 Werke
1278 1824 1412 1861 gewesen
1431 1823 1504 1861 sein,
1523 1830 1577 1854 um
1597 1823 1654 1854 den
1671 1821 1753 1854 Gro¬

916 1860 976 1898 ßen
998 1861 1061 1892 Rat
1082 1861 1116 1892 in
1137 1861 1216 1898 seine
1240 1862 1464 1899 gegenwärtige
1488 1862 1584 1900 Form
1607 1868 1645 1900 zu
1665 1860 1753 1893 brin-

915 1905 937 1971 8
938 1906 984 1930 en.
1018 1899 1190 1944 Einerseits
1215 1900 1307 1937 ergab
1331 1900 1383 1938 sich
1409 1900 1459 1938 für
1484 1901 1541 1932 den
1566 1899 1753 1937 Ratsvorsitz

937 1938 965 1969 ie
983 1937 1235 1975 Notwendigkeit,
1250 1932 1303 1976 sich
1321 1941 1377 1970 vor
1395 1938 1490 1976 jedem
1506 1937 1683 1982 Ucbergriff
1702 1938 1753 1969 der

917 1976 1027 2014 Partei
1045 1983 1082 2015 zu
1098 1976 1224 2015 schützen
1241 1978 1304 2008 und
1324 1977 1370 2008 die
1389 1977 1554 2015 Anhänger
1573 1978 1628 2008 des
1647 1970 1754 2013 Wahl¬

918 2014 1040 2053 systems
1071 2015 1162 2047 darin
1192 2015 1397 2054 kaltzustcllen,
1427 2016 1598 2053 anderseits
1628 2014 1753 2053 begehr-

917 2055 967 2085 ten
993 2053 1065 2090 auch
1091 2054 1138 2085 die
1164 2054 1331 2092 Syndikate
1356 2055 1447 2086 unter
1472 2048 1600 2093 Rosioni
1626 2053 1754 2085 wieder¬

916 2092 983 2128 holt
1007 2093 1070 2130 auf,
1095 2093 1158 2124 und
1192 2093 1240 2124 die
1264 2092 1411 2132 Vorstöße
1449 2096 1510 2124 von
1534 2092 1753 2130 gewerkschaft¬

917 2131 1006 2167 licher
1026 2131 1115 2164 Seite
1136 2131 1263 2169 mußten
1282 2131 1330 2163 die
1351 2131 1474 2169 richtige
1494 2131 1626 2169 Abwehr
1647 2131 1754 2168 finden

915 2170 979 2201 und
1006 2170 1121 2206 endlich
1146 2173 1212 2201 war
1237 2170 1311 2208 noch
1336 2170 1383 2201 die
1412 2170 1615 2209 gefährlichste
1644 2169 1753 2207 Klippe

915 2215 953 2246 zu
979 2208 1165 2248 umschiffen,
1191 2207 1322 2247 nämlich
1349 2209 1397 2240 die
1424 2208 1666 2245 unantastbaren
1691 2208 1754 2245 Ho¬

916 2247 1093 2285 heitsrechte
1127 2247 1178 2278 der
1209 2246 1396 2283 Monarchie.
1430 2247 1500 2278 Das
1532 2250 1605 2278 vom
1625 2245 1754 2283 Großen

916 2285 979 2317 Rat
1001 2286 1035 2317 in
1057 2286 1108 2317 der
1129 2286 1223 2323 Nacht
1255 2286 1397 2324 zwischen
1431 2286 1497 2317 dem
1531 2286 1576 2317 19.
1600 2285 1664 2316 und
1688 2286 1754 2316 dem

914 2325 961 2356 20.
985 2324 1166 2362 September
1189 2324 1331 2363 erlassene
1353 2324 1466 2356 Statut
1487 2324 1616 2361 beweist,
1637 2323 1697 2361 daß
1720 2326 1753 2354 es

914 2363 1078 2402 Mussolini
1116 2364 1269 2401 gelungen
1305 2363 1350 2401 ist,
1387 2363 1477 2394 einen
1504 2362 1754 2400 befriedigenden

915 2401 1079 2440 Ausgleich
1104 2409 1141 2440 zu
1163 2401 1301 2440 schaffen.
1335 2401 1394 2433 Die
1420 2402 1493 2440 lang
1518 2401 1653 2439 ersehnte
1678 2400 1755 2438 Auf¬

913 2440 1039 2479 stellung
1084 2440 1170 2472 eine»
1214 2440 1490 2478 konstitutionellen
1531 2439 1662 2478 Organs
1699 2439 1754 2470 des

916 2478 1107 2517 Fascismus
1126 2479 1160 2515 ist
1176 2486 1244 2510 nun
1261 2479 1423 2516 gelungen.

975 2517 1153 2554 Allerdings
1178 2517 1286 2548 könnte
1309 2517 1363 2554 sich
1386 2524 1452 2548 nun
1479 2517 1547 2553 „der
1573 2517 1676 2549 Mann
1701 2516 1756 2555 auf

918 2555 969 2586 der
999 2555 1135 2592 Straße"
1166 2556 1283 2593 fragen,
1314 2558 1383 2586 was
1413 2555 1477 2593 ihm
1504 2556 1611 2587 weiter
1640 2555 1755 2594 Parla¬

916 2595 999 2625 ment
1026 2594 1090 2625 und
1115 2594 1227 2629 Senat,
1253 2593 1463 2630 Ministerium
1488 2594 1551 2625 und
1577 2593 1755 2633 dynastische

918 2632 1125 2664 Traditionen
1155 2632 1302 2665 bedeutm
1323 2632 1425 2668 sollen,
1456 2636 1547 2664 wenn
1578 2633 1629 2664 der
1650 2631 1756 2670 Große

918 2670 981 2702 Rat
1016 2671 1064 2702 die
1099 2670 1277 2708 allgemeine
1313 2670 1618 2710 Zusammenfassung
1655 2671 1756 2703 davon

920 2709 1058 2745 darstellt.
1096 2709 1280 2747 Tatsächlich
1318 2709 1420 2746 fristen
1457 2709 1558 2747 einige
1597 2711 1649 2741 der
1686 2713 1758 2742 vom

920 2747 1224 2785 „GraivConsiglio"
1244 2747 1427 2785 überholten
1448 2748 1678 2787 Institutionen
1696 2754 1757 2780 nur
1768 2765 1772 2772 ■

918 2786 991 2822 noch
1011 2786 1063 2817 ein
1082 2786 1270 2818 dekoratives
1291 2786 1520 2825 Scheindasein.
1552 2787 1611 2819 Die
1631 2787 1704 2826 Zeit
1723 2787 1758 2825 ist

919 2825 992 2856 aber
1024 2824 1107 2861 wohl
1142 2824 1192 2863 für
1225 2824 1292 2856 eine
1325 2824 1544 2863 erschütternde
1576 2824 1755 2863 Gesamtab-

920 2863 1033 2901 setzung
1073 2863 1124 2895 der
1164 2862 1393 2894 traditionellen
1432 2863 1754 2902 Verfassungsorgane

918 2901 990 2938 noch
1012 2901 1093 2939 nicht
1116 2901 1188 2939 reif;
1214 2901 1378 2939 Mussolini
1404 2901 1469 2946 setzt
1491 2894 1527 2940 sie
1553 2902 1670 2941 einfach
1700 2903 1755 2940 auf

919 2940 975 2971 den
1004 2939 1239 2976 Aussterbeetat,
1279 2939 1377 2977 gönnt
1406 2934 1500 2978 ihnen
1528 2940 1602 2972 aber
1632 2941 1753 2973 immer-

917 2978 972 3016 hin
990 2978 1040 3016 ihr
1060 2972 1352 3014 Alterstcilchen...
1371 2978 1557 3015 Parlament
1576 2979 1639 3010 und
1659 2979 1752 3011 Mon¬

918 3017 1014 3055 archie
1037 3016 1124 3048 leben
1147 3016 1262 3053 weiter,
1287 3016 1409 3055 obwohl
1431 3016 1468 3055 sie
1491 3016 1544 3055 sich
1568 3017 1602 3048 in
1626 3017 1751 3055 Italien

917 3055 1056 3087 überlebt
1075 3055 1184 3093 haben.

980 3164 1691 3226 Völkerbundsversammlung.

1030 3246 1194 3283 Beilegung
1221 3247 1465 3277 internationaler
1490 3247 1642 3282 Konflikte.

972 3299 1059 3332 Genf,
1077 3299 1119 3328 25.
1137 3298 1220 3333 Sept.
1237 3302 1296 3338 agt
1314 3298 1369 3328 Die
1387 3298 1753 3340 Abrüstungskommission

919 3333 968 3362 der
991 3333 1412 3368 Völkerbundsversammlung
1454 3328 1525 3367 hielt
1556 3340 1604 3362 am
1627 3333 1753 3367 Montag

921 3368 1085 3408 zusammen
1102 3368 1155 3397 mit
1172 3368 1339 3398 Vertretern
1357 3368 1406 3397 der
1425 3367 1596 3402 juristischen
1613 3367 1754 3402 Kommisi

920 3401 981 3435 sion
1003 3404 1089 3431 unter
1108 3403 1173 3431 dem
1192 3402 1296 3437 Vorsitz
1315 3402 1429 3432 Carton
1450 3402 1491 3431 de
1513 3402 1671 3431 Wiarts
1692 3402 1754 3431 eine

920 3430 1111 3470 Nachtübung
1131 3437 1176 3471 ab,
1195 3444 1246 3466 um
1265 3438 1319 3466 de»
1340 3436 1452 3470 Bericht
1471 3436 1597 3470 PolitiS'
1617 3436 1688 3465 über
1709 3436 1754 3466 die

920 3466 1062 3505 friedliche
1082 3470 1246 3506 Beilegung
1265 3471 1511 3500 internationaler
1533 3471 1675 3505 Konflikte
1696 3472 1755 3500 ent-

920 3506 1178 3540 aegenzunehmen.
1200 3505 1259 3535 Der
1278 3505 1519 3540 Berichterstatter
1540 3505 1613 3541 legte
1634 3505 1678 3534 die
1699 3505 1754 3535 Be¬

921 3541 1049 3575 deutung
1085 3541 1137 3569 des
1165 3539 1360 3569 Abkommens
1397 3540 1468 3569 über
1507 3539 1552 3569 die
1591 3539 1754 3575 Beilegung

921 3573 1166 3603 internationaler
1202 3574 1354 3608 Konflikte,
1389 3574 1507 3614 welches
1545 3575 1600 3603 das
1637 3570 1754 3609 Schltch-

920 3609 1026 3644 tungs-
1046 3610 1106 3638 und
1128 3604 1527 3643 Schiedsgerichtsverfahren
1549 3609 1673 3644 umfaßt,
1704 3610 1755 3638 dar

921 3643 981 3672 und
1000 3642 1069 3677 ging
1088 3644 1168 3672 dann
1185 3643 1236 3677 aus
1253 3641 1299 3672 die
1315 3643 1409 3678 sogen.
1427 3642 1560 3677 Nicht«
1571 3643 1755 3678 ngrisss-

920 3678 981 3706 und
1002 3672 1531 3712 Hitseleistungsverträgc
1555 3677 1635 3711 über,
1657 3676 1755 3717 welche

920 3714 987 3740 vom
1009 3711 1265 3746 Schiedsgerichts-
1287 3713 1347 3741 und
1368 3711 1664 3746 SichcrhcitSkomitce
1686 3714 1755 3741 aus¬

921 3745 1077 3780 gearbeitet
1114 3746 1174 3776 und
1210 3750 1268 3775 von
1287 3746 1336 3775 der
1357 3746 1445 3780 ersten
1464 3747 1525 3775 und
1545 3746 1652 3775 dritten
1671 3746 1755 3775 Kom¬

922 3779 1037 3815 mission
1052 3780 1083 3809 in
1100 3780 1161 3815 ihre
1175 3780 1341 3816 endgültige
1353 3780 1480 3815 Fassung
1496 3780 1624 3815 gebracht
1638 3782 1756 3810 worden

921 3818 1029 3844 waren.
1070 3814 1145 3844 Eine
1176 3814 1358 3850 interessante
1381 3815 1504 3844 Debatte
1538 3815 1679 3850 entspann
1710 3814 1756 3856 sich

921 3848 992 3877 über
1011 3849 1057 3878 die
1076 3849 1244 3883 Aufnahme
1273 3849 1352 3878 einer
1372 3849 1574 3884 Bestimmung
1603 3849 1673 3878 über
1711 3844 1756 3878 die

922 3883 1190 3919 militärische
1210 3883 1508 3919 Hilfeleistung
1527 3885 1681 3919 zugunsten
1699 3887 1756 3913 von

1791 896 1925 932 Staaten,
1941 898 1985 927 die
2001 899 2055 928 das
2072 900 2164 933 Opfer
2180 899 2262 928 eines
2278 899 2445 933 flagranten
2461 899 2614 934 Angriffes

1790 933 1912 960 werden.
1949 933 2008 962 Ter
2029 933 2237 968 jugoslawische
2261 933 2421 968 Delegierte
2446 933 2469 966 F
2480 941 2496 961 o
2507 936 2518 961 t
2528 934 2538 962 i
2549 936 2559 961 t
2570 934 2580 967 s
2590 935 2616 967 ch

1790 964 1863 994 wies
1883 967 1986 1000 darauf
2005 967 2064 1000 hm.
2083 968 2137 1000 daß
2157 969 2210 996 den
2230 967 2355 996 Staaten
2374 967 2419 995 die
2439 967 2615 1001 Möglichkeit

1790 1000 1911 1034 gegeben
1935 1001 2036 1036 werde,
2060 1002 2091 1030 in
2117 1002 2199 1035 ihren
2223 1002 2385 1035 Verträgen
2410 1002 2472 1030 eine
2496 996 2615 1036 Bestim¬

1791 1040 1880 1068 mung
1898 1030 2115 1069 aufzunehmcn.
2130 1036 2245 1069 wonach
2263 1036 2307 1064 die
2326 1035 2506 1069 militärische
2526 1036 2615 1070 Hilfe¬

1791 1066 1910 1101 leistung
1930 1069 1961 1097 in
1982 1064 2084 1103 diesem
2106 1069 2185 1103 Falle
2206 1070 2337 1104 einsctzen
2358 1070 2440 1102 kann,
2461 1070 2547 1098 bevor
2567 1071 2615 1099 der

1791 1098 2039 1132 Völkerbundsrat
2067 1098 2260 1138 entsprechend
2299 1105 2352 1132 den
2380 1104 2615 1138 Bestimmungen

1791 1136 1842 1164 des
1861 1136 1966 1171 Paktes
1986 1144 2020 1172 zu
2041 1139 2103 1167 dem
2123 1137 2369 1173 ausgcbrochenen
2390 1138 2515 1172 Konflikt
2537 1138 2616 1167 Stel¬

1792 1170 1863 1204 lung
1882 1178 2050 1205 genommen
2069 1173 2125 1207 hat.

1839 1200 1915 1239 Auch
1947 1206 1992 1234 die
2019 1206 2176 1241 Schaffung
2211 1207 2480 1244 entmilitarisierter
2506 1207 2615 1241 Zonen,

1786 1239 1842 1268 wie
1858 1240 1921 1270 dies
1935 1241 2089 1275 besonders
2104 1246 2160 1272 von
2173 1242 2225 1271 der
2238 1236 2614 1277 Interparlamentarischen

1788 1274 1886 1303 Union
1908 1275 2091 1310 befürwortet
2122 1277 2239 1306 worden
2260 1281 2332 1311 war,
2364 1277 2396 1311 ist
2415 1276 2616 1312 grundsätzlich

1791 1309 1915 1345 zulüM,
1937 1312 2010 1340 wird
2030 1312 2099 1340 aber
2120 1312 2191 1346 nicht
2212 1312 2260 1346 für
2281 1312 2335 1340 alle
2359 1312 2477 1341 Gebiete
2500 1311 2549 1340 als
2572 1319 2616 1345 ge¬

1789 1344 1882 1379 eignet
1909 1346 2076 1380 empfohlen.
2120 1346 2193 1376 Was
2219 1347 2265 1375 die
2302 1348 2387 1381 guten
2415 1347 2526 1381 Dienste
2562 1346 2614 1375 des

1792 1379 2071 1410 Völkerbundsratcs
2098 1381 2144 1415 für
2168 1381 2214 1410 die
2241 1381 2453 1416 Erleichterung
2481 1382 2531 1409 des
2558 1381 2617 1410 Ab¬

1789 1413 1914 1449 schlusses
1935 1419 1992 1444 von
2015 1415 2236 1450 Nichtangrisfs-
2255 1417 2314 1444 und
2337 1416 2616 1451 Hilseleistungsvcr-

1788 1449 1888 1484 irägen
1904 1451 2060 1485 anbetrisft,
2076 1451 2106 1484 so
2122 1451 2197 1480 wird
2213 1451 2407 1486 entsprechend
2422 1451 2470 1480 der
2487 1454 2545 1480 von
2560 1451 2614 1479 den

1790 1484 1968 1519 ungarischen
1990 1485 2170 1520 Delegierten
2191 1485 2266 1518 Gras
2285 1486 2422 1520 Apponpi
2443 1486 2503 1514 und
2525 1486 2617 1515 Gene¬

1788 1519 1832 1548 ral
1851 1519 1986 1554 Tanczos
2004 1520 2219 1555 vorgebrachten
2241 1520 2411 1555 Forderung
2432 1521 2538 1554 betont,
2559 1520 2614 1553 daß

1791 1554 1845 1583 das
1864 1554 2031 1589 Eingreifen
2049 1556 2102 1584 des
2121 1556 2213 1585 Rates
2233 1562 2289 1584 nur
2307 1555 2434 1590 erfolgen
2455 1555 2512 1589 soll,
2530 1559 2616 1584 wenn

1789 1590 1852 1618 eine
1873 1590 1921 1619 der
1943 1590 2104 1625 beteiligten
2125 1590 2263 1624 Parteien
2288 1591 2351 1619 dies
2373 1591 2513 1625 verlangt.
2553 1590 2617 1620 Den

1789 1624 1916 1654 Staaten
1938 1625 2014 1654 wird
2034 1626 2128 1657 ferner
2149 1626 2199 1654 der
2220 1625 2342 1655 Beitritt
2373 1632 2423 1660 zur
2448 1626 2617 1660 obligatori¬

1790 1659 1863 1694 schen
1889 1659 2235 1694 Schiedsgerichtsbarkeit
2258 1661 2311 1688 des
2337 1660 2450 1695 Haager
2474 1660 2618 1693 Interna¬

1789 1694 1918 1723 tionalen
1942 1695 2156 1729 Gerichtshofes
2178 1695 2345 1730 wärmstcns
2370 1696 2539 1730 empfohlen,
2560 1697 2616 1723 wie

1790 1729 1854 1758 dies
1871 1733 1929 1759 von
1946 1730 2117 1760 Bundesrat
2134 1731 2233 1759 Motta
2252 1730 2358 1759 bereits
2379 1734 2431 1759 vor
2451 1731 2520 1765 zwei
2540 1729 2618 1764 Jah¬

1791 1772 1840 1793 ren
1862 1764 2011 1800 beantragt
2031 1767 2150 1794 worden
2170 1769 2242 1794 war.
2263 1781 2298 1786 —
2319 1765 2378 1795 Der
2400 1765 2512 1799 Bericht
2533 1765 2618 1799 Poli-

1789 1800 1841 1828 tis'
1870 1800 1969 1829 wurde
1996 1800 2147 1835 schließlich
2177 1801 2207 1829 in
2237 1800 2327 1833 seiner
2358 1800 2534 1834 Gcsmnthcit
2563 1802 2616 1829 mit

1790 1835 1903 1869 einigen
1933 1835 2163 1870 Abänderungen
2197 1830 2347 1870 endgültig
2378 1836 2617 1870 genehmigt.

1792 1870 1833 1899 Er
1853 1870 1918 1905 geht
1938 1870 2029 1900 damit
2049 1878 2088 1899 an
2110 1872 2165 1899 das
2186 1870 2314 1904 Plenum
2333 1872 2383 1899 der
2404 1870 2618 1900 Völkerbunds-

1793 1904 2011 1940 Versammlung.

2041 2005 2353 2067 Ausland.

1940 2090 2035 2134 Zum
2057 2090 2475 2134 britisch-französischen

2007 2138 2406 2182 Flottenkompromiß.

1855 2205 2064 2244 Washington,
2089 2206 2136 2236 25.
2163 2205 2250 2243 Sept.
2275 2213 2314 2240 a?
2342 2204 2486 2242 (Havas.)
2514 2205 2559 2236 Es
2590 2203 2623 2242 ist

1795 2248 1865 2284 noch
1889 2246 1966 2284 nicht
1990 2246 2147 2284 festgelcgt,
2170 2248 2263 2276 wann
2285 2245 2332 2276 die
2358 2253 2375 2275 a
2387 2252 2416 2275 m
2428 2252 2443 2275 e
2455 2251 2468 2275 r
2482 2245 2491 2275 i
2502 2245 2515 2275 k
2526 2252 2544 2275 a
2554 2243 2576 2275 n
2588 2243 2598 2274 i
2611 2257 2622 2270 -

1795 2286 1808 2324 s
1818 2286 1846 2323 ch
1858 2286 1871 2318 e
1896 2286 2094 2318 Antwort
2117 2285 2170 2323 auf
2192 2286 2247 2317 den
2272 2283 2622 2323 französisch-englischen

1797 2324 2105 2364 Flottenkompromiß
2128 2326 2161 2356 in
2181 2324 2280 2358 Paris
2302 2325 2364 2355 lind
2385 2324 2513 2355 London
2536 2324 2623 2354 über-

1798 2366 1886 2399 reicht
1901 2365 1988 2396 wird.
2007 2365 2054 2403 In
2071 2367 2128 2397 den
2144 2363 2307 2402 offiziellen
2324 2363 2447 2401 Kreisen
2465 2362 2624 2402 Washing¬

1798 2408 1872 2437 tons
1896 2403 1974 2436 wird
2002 2404 2107 2436 inuncr
2132 2403 2203 2440 noch
2229 2403 2302 2434 über
2332 2403 2408 2441 diese
2434 2403 2534 2441 Frage
2560 2402 2624 2434 dis¬

1796 2444 1911 2477 kutiert.
1943 2444 2006 2476 Der
2030 2444 2307 2480 Antwortentwurf
2328 2442 2402 2481 liegt
2423 2443 2495 2480 noch
2518 2442 2623 2474 immer

1799 2486 1841 2516 im
1876 2484 2002 2516 Bureau
2030 2483 2209 2521 Coolidges.
2245 2482 2368 2521 Kellogg
2405 2481 2538 2520 besprach
2575 2488 2625 2512 am

1796 2523 2111 2562 Montagnachmittag
2138 2522 2195 2554 mit
2219 2521 2478 2558 Marineminister
2502 2521 2624 2552 Wilbur

1798 2564 1860 2595 und
1882 2565 1938 2595 den
1963 2563 2142 2595 Admirälen
2166 2562 2270 2600 Jones
2292 2562 2355 2592 und
2378 2561 2462 2599 Lang
2485 2561 2531 2592 die
2555 2560 2625 2598 tech-

1798 2602 1914 2642 Nischen
1938 2602 2053 2641 Punkte
2078 2603 2127 2634 der
2155 2602 2306 2633 Antwort.

1853 2654 2024 2689 Rew-Aork,
2047 2654 2089 2683 25.
2115 2653 2198 2687 Sept.
2224 2662 2270 2688 ag.
2305 2652 2438 2687 Mehrere
2466 2652 2628 2687 Zeitungen

1802 2694 1914 2724 melden
1938 2695 1996 2722 aus
2022 2692 2222 2727 Washington,
2247 2692 2292 2720 die
2318 2691 2529 2726 amerikanische
2555 2691 2629 2720 Note

1803 2740 1868 2768 zum
1891 2730 2224 2767 englisch-französischen
2249 2730 2546 2766 Flottenkompromiß
2571 2731 2631 2759 ent¬

1802 2771 1878 2806 halte
1896 2771 1941 2800 die
1959 2770 2138 2806 kategorische
2158 2770 2183 2799 E
2194 2776 2208 2798 r
2218 2769 2230 2798 k
2240 2770 2251 2798 l
2261 2770 2277 2798 ä
2289 2776 2303 2797 r
2313 2776 2332 2798 u
2343 2776 2363 2798 n
2374 2776 2400 2804 g,
2418 2769 2474 2803 daß
2494 2769 2540 2798 die
2560 2769 2630 2798 Ver¬

1800 2810 1928 2846 einigten
1949 2809 2074 2839 Staaten
2094 2810 2147 2838 den
2167 2808 2356 2842 Kompromiß
2375 2808 2417 2836 im
2435 2806 2628 2842 wesentlichen

1802 2849 1850 2878 als
1880 2848 1980 2878 Mittel
2009 2847 2140 2881 anschcn,
2169 2854 2219 2875 um
2250 2846 2416 2881 Frankreich
2444 2847 2504 2875 und
2534 2847 2629 2879 Groß¬

1800 2886 1968 2917 britannien
1987 2893 2021 2921 zu
2041 2886 2154 2921 stärken.
2181 2885 2312 2914 Amerika
2332 2885 2431 2913 könnte
2451 2885 2534 2919 durch
2552 2884 2627 2918 seine

1798 2925 2000 2960 Zustimmung
2019 2932 2076 2953 nur
2094 2924 2169 2957 seine
2188 2923 2447 2958 Sceverteidigung
2467 2923 2626 2958 schwächen.

1799 2964 1854 2994 Die
1874 2963 2061 2998 Vereinigten
2082 2963 2209 2992 Staaten
2230 2962 2376 2996 wünschen
2400 2962 2465 2996 auch
2486 2961 2566 2996 nicht,
2587 2969 2625 2991 an

1797 3004 1846 3032 der
1888 3002 2132 3032 Vorbereitenden
2177 3000 2624 3036 Marincabrüstungskonferenz

1796 3040 2016 3077 teilzunehmen.

1791 3135 1868 3171 Der
1882 3133 2306 3178 griechisch-italienische
2320 3133 2624 3176 Freundschafts¬

2124 3185 2289 3225 vertrag.

1845 3234 1930 3269 Rom,
1957 3235 1998 3264 21.
2017 3235 2102 3270 Sept.
2129 3238 2161 3269 pt
2197 3234 2257 3264 Der
2276 3233 2619 3269 griechisch-italienische

1795 3274 2031 3311 Freundschasts-
2051 3278 2112 3305 und
2131 3275 2413 3310 Verglcichsvcrtrag
2434 3275 2465 3309 ist
2486 3275 2536 3310 auf
2556 3274 2621 3310 fünf

1795 3314 1892 3350 Jahre
1921 3315 2220 3350 abgeschlossen
2248 3315 2375 3344 worden.
2413 3315 2454 3344 Er
2482 3304 2550 3350 sicht
2579 3315 2622 3344 die

1796 3355 1995 3390 automatische
2018 3355 2242 3390 Verlängerung
2262 3359 2324 3388 vor,
2344 3358 2430 3384 wenn
2451 3356 2498 3384 ein
2519 3344 2623 3390 halbes

1795 3394 1876 3431 Jahr
1900 3398 1952 3425 vor
1976 3396 2089 3431 Ablauf
2113 3396 2188 3425 keine
2214 3395 2393 3430 Kündigung
2417 3395 2533 3431 erfolgt.
2567 3395 2622 3424 Die

1796 3436 2049 3471 Vertragsstaaten
2070 3436 2254 3471 verpflichten
2274 3436 2322 3470 sich
2343 3442 2392 3469 zur
2414 3436 2623 3471 gegenseitigen

1796 3476 2012 3512 Unterstützung
2039 3476 2101 3506 und
2128 3475 2406 3511 freundschaftlichen
2435 3475 2623 3510 Zusammen¬

1797 3517 1891 3546 arbeit
1921 3516 1969 3551 für
1999 3517 2043 3546 die
2064 3516 2233 3551 Erhaltung
2260 3516 2312 3545 der
2342 3519 2400 3545 von
2431 3515 2485 3550 den
2508 3515 2623 3550 Frie¬

1792 3556 1866 3586 ben
1877 3556 2125 3591 svcrträgen
2141 3557 2319 3592 bestimnlten
2337 3556 2493 3591 Ordnung,
2512 3556 2559 3592 für
2576 3555 2621 3585 die

1794 3597 1922 3632 Achtung
1956 3597 2018 3627 und
2050 3596 2248 3632 Ausführung
2284 3597 2333 3626 der
2365 3596 2622 3632 Verpflichtungen

1795 3637 1886 3672 dieser
1909 3637 2057 3672 Verträge,
2089 3637 2189 3673 soweit
2221 3637 2294 3672 diese
2325 3640 2383 3666 von
2415 3626 2502 3672 ihnen
2526 3639 2623 3666 unter¬

1793 3677 1935 3712 schrieben
1951 3680 2083 3707 wurden.
2109 3677 2194 3712 Falls
2212 3679 2291 3707 einer
2310 3680 2358 3707 der
2374 3678 2478 3707 beiden
2496 3678 2622 3708 Staaten

1793 3718 1874 3747 einer
1891 3718 2089 3752 Provokation
2107 3721 2164 3747 von
2182 3719 2261 3747 einer
2279 3718 2345 3748 oder
2361 3718 2510 3752 mehreren
2528 3717 2624 3748 Mäck)-

1795 3761 1844 3787 ten
1863 3758 2017 3793 ausgesetzt
2033 3758 2122 3793 wäre,
2140 3758 2315 3794 verpflichtet
2334 3758 2382 3793 sich
2399 3758 2448 3787 der
2467 3758 2626 3792 Vertrags¬

1795 3800 1914 3833 partner
1934 3788 2074 3834 während
2094 3801 2143 3828 der
2164 3805 2274 3833 ganzen
2293 3798 2540 3833 Vcrtragsdauer,
2560 3799 2624 3828 eine

1797 3838 1983 3873 vollständige
2010 3838 2277 3868 Neutralität
2306 3845 2339 3873 zu
2365 3839 2495 3873 wahre».
2531 3839 2626 3869 Wcim

1794 3868 1955 3915 Siehcrheit
1975 3882 2038 3909 und
2054 3878 2221 3915 Interessen
2238 3879 2322 3909 eines
2339 3878 2390 3908 der
2410 3879 2512 3908 beiden
2531 3879 2624 3909 Staa¬

2654 902 2702 929 ten
2729 899 2811 933 durch
2836 899 3043 934 gewaltsamen
3068 897 3202 932 Eingriff
3228 899 3286 924 von
3314 895 3410 929 außen
3437 893 3484 921 be¬

2657 940 2740 974 droht
2762 940 2893 972 würden,
2915 938 3098 972 verpflichten
3121 937 3169 972 sich
3193 937 3237 965 die
3262 936 3400 966 Staaten,
3423 934 3486 962 ein¬

2656 984 2744 1009 ander
2776 980 2836 1015 ihre
2869 978 3011 1014 politische
3044 980 3106 1006 und
3137 975 3346 1011 diplomatische
3379 975 3484 1002 Unter¬

2655 1020 2778 1054 stützung
2795 1026 2829 1053 zu
2846 1019 2949 1054 leihen.
2973 1018 3067 1048 Wenn
3084 1018 3124 1046 im
3141 1016 3221 1050 Falle
3237 1014 3484 1045 inteniationalcr

2655 1060 2887 1093 Verwicklungen
2920 1059 2965 1087 die
2997 1058 3099 1087 beiden
3125 1057 3252 1086 Staaten
3284 1054 3483 1088 übercinstim-

2656 1106 2729 1133 mcn,
2759 1100 2815 1133 daß
2846 1099 2906 1133 ihre
2937 1098 3147 1132 gemeinsamen
3169 1095 3334 1130 Interessen
3364 1094 3485 1126 bedroht

2653 1140 2716 1174 sind
2737 1142 2804 1168 oder
2825 1138 2944 1172 bedroht
2964 1137 3081 1166 werden
3101 1137 3219 1169 können,
3241 1135 3424 1170 verpflichten
3446 1134 3482 1168 sie

2656 1179 2710 1214 sich,
2744 1179 2792 1214 sich
2824 1178 2894 1208 über
2927 1178 2972 1207 die
2997 1184 3031 1212 zu
3056 1177 3147 1212 ihrem
3172 1176 3283 1209 Schutze
3317 1175 3481 1209 geeigneten

2658 1206 2859 1254 Maßnahmen
2887 1216 3081 1247 miteinander
3109 1217 3160 1245 ins
3186 1215 3421 1249 Einvernehmen
3450 1220 3483 1248 zu

2657 1258 2749 1294 setzen.

2709 1299 2783 1328 Dem
2809 1299 2839 1327 in
2865 1301 2919 1328 den
2944 1296 3074 1326 Artikeln
3099 1297 3115 1325 8
3139 1296 3191 1325 bis
3217 1296 3250 1323 19
3274 1294 3483 1329 vorgesehene»

2658 1336 3169 1372 Schlichtungsverfahren
3188 1335 3276 1369 sollen
3296 1335 3349 1363 alle
3369 1334 3484 1368 Frage»

2656 1378 2844 1408 unterbreitet
2862 1378 2986 1411 werden,
3005 1377 3050 1406 die
3068 1377 3120 1411 auf
3138 1375 3380 1410 diplomatischem
3399 1374 3484 1407 Weg»

2659 1418 2729 1452 nicht
2748 1418 2887 1452 bcigelcgt
2905 1418 3021 1447 werden
3039 1416 3159 1445 können.
3185 1415 3242 1449 Im
3261 1414 3342 1448 Falle
3362 1417 3410 1443 der
3428 1414 3487 1442 Ab¬

2657 1458 2784 1493 lehnung
2821 1460 2873 1487 des
2902 1456 3156 1491 Schiedsspruches
3194 1459 3242 1484 der
3271 1453 3486 1488 Schlichtungs¬

2657 1498 2833 1533 kommission
2849 1498 2923 1526 kann
2940 1496 3001 1531 jede
3019 1497 3067 1526 der
3084 1496 3226 1529 Parteien
3244 1494 3411 1528 verlangen,
3430 1494 3485 1526 daß

2659 1539 2707 1567 der
2740 1537 2888 1572 Streitfall
2921 1538 2984 1566 dem
3019 1536 3187 1570 Ständigen
3221 1534 3486 1569 Internationalen

2660 1578 2841 1613 Gerichtshof
2862 1577 3051 1607 unterbreitet
3070 1579 3176 1605 werde.

2950 1677 3198 1715 Deutschland.

2692 1732 2980 1769 Bolksbeaehren
3001 1732 3065 1768 auf
3083 1731 3302 1767 Aenderung
3321 1728 3383 1761 der
3403 1728 3490 1759 Ver-

2658 1770 2811 1810 fassung.
2846 1770 3025 1807 Berlin,
3057 1770 3105 1800 24.
3129 1768 3218 1806 Sept.
3258 1768 3338 1805 (Tel.
3364 1768 3490 1805 unseres

2659 1811 2827 1849 Rr.-Korr.)
2851 1811 2913 1842 Der
2937 1809 3208 1846 Bundesvorstand
3234 1809 3288 1844 des
3316 1806 3491 1845 „Stahl¬

2659 1849 2813 1888 helms"
2836 1850 2889 1888 hat
2910 1849 3022 1887 gestern
3043 1849 3075 1880 in
3096 1848 3287 1885 Magdeburg
3312 1846 3378 1877 eine
3400 1846 3490 1884 Reso¬

2659 1889 2761 1921 lution
2782 1889 2895 1928 gefaßt,
2917 1889 2949 1919 in
2970 1890 3021 1921 der
3045 1888 3092 1920 die
3113 1886 3364 1924 Bundesleiiung
3388 1885 3491 1922 beauf¬

2659 1931 2741 1967 tragt
2762 1929 2850 1965 wird,
2872 1930 2922 1960 ein
2942 1928 3188 1966 Bolksbegehren
3211 1927 3285 1958 über
3308 1925 3355 1957 die
3378 1926 3491 1957 Aendc-

2659 1976 2737 2006 rung
2756 1969 2806 2000 der
2823 1968 3006 2006 Verfassung
3025 1969 3079 1999 des
3095 1966 3260 2005 Deutschen
3276 1965 3402 2003 Reiches
3421 1968 3492 1995 vom

2661 2009 2705 2039 11.
2725 2007 2838 2046 August
2861 2008 2935 2039 1919
2956 2006 3139 2044 einzuleiten
3160 2007 3223 2037 und
3245 2004 3492 2042 durchzusühren.

2657 2048 2717 2079 Die
2741 2047 2951 2086 Begründung
2978 2047 3032 2077 des
3057 2046 3225 2083 Auftrages
3250 2044 3329 2082 zeigt
3356 2043 3493 2080 deutlich,

2660 2086 2718 2124 daß
2742 2090 2774 2117 es
2800 2085 2850 2124 sich
2874 2093 2926 2117 um
2950 2086 3007 2116 den
3030 2085 3141 2123 Kampf
3163 2091 3296 2122 gegen
3321 2083 3379 2114 das
3403 2086 3422 2120 p
3434 2090 3452 2113 a
3464 2089 3492 2112 r-

2661 2124 2991 2163 lamentarische
3013 2124 3171 2162 System
3192 2123 3326 2161 handelt,
3350 2123 3417 2154 dem
3439 2128 3493 2159 zur

2660 2165 2726 2203 Last
2750 2164 2848 2203 gelegt
2869 2165 2957 2201 wird,
2981 2164 3041 2202 daß
3064 2167 3097 2195 es
3120 2163 3206 2200 durch
3230 2162 3378 2200 unwahre
3402 2161 3493 2193 Kom-

2661 2204 2797 2242 promisse
2815 2204 2861 2235 die
2877 2203 3021 2243 Ursachen
3037 2204 3091 2235 des
3107 2196 3258 2241 deutschen
3275 2201 3492 2239 Niedergangs

2663 2242 2859 2281 verschleiere,
2876 2243 2922 2274 die
2940 2243 3057 2281 Massen
3074 2244 3128 2274 des
3147 2242 3258 2274 Volkes
3279 2239 3412 2272 irreleite
3429 2242 3492 2271 und

2662 2283 2728 2314 eine
2750 2283 2846 2321 starke,
2871 2281 3283 2319 dcrantwortungsbewußte
3307 2279 3494 2318 Staatsfüh-

2662 2329 2741 2360 rung
2758 2321 2926 2360 unmöglich
2944 2322 3049 2358 mache.
3076 2321 3165 2359 Diese
3181 2320 3391 2357 Begründung
3409 2319 3492 2356 trägt

2663 2362 2887 2393 unverkennbar
2917 2361 2965 2392 die
2991 2360 3075 2398 Züge
3103 2361 3157 2391 des
3188 2359 3492 2398 antiparlameniari-

2663 2401 2742 2439 schen
2765 2400 2969 2439 Programms
2994 2399 3054 2437 von
3080 2399 3359 2437 Hugenberg,
3384 2399 3435 2429 der
3459 2398 3492 2429 in

2665 2441 2716 2472 der
2736 2440 2836 2479 letzten
2854 2439 2923 2478 Zeit
2942 2439 3044 2477 seinen
3063 2438 3193 2476 Einfluß
3214 2438 3256 2469 im
3279 2436 3491 2476 „Stahlhelm"

2665 2487 2701 2518 zu
2724 2480 2833 2517 stärken
2858 2479 2981 2518 gewußt
3002 2479 3065 2510 und
3089 2479 3139 2510 als
3166 2477 3361 2515 vorläufigen
3385 2477 3493 2515 Erfolg

2666 2518 2787 2550 erreicht
2804 2520 2866 2556 hat,
2884 2518 2941 2555 daß
2962 2517 3038 2558 diese
3056 2518 3128 2553 halb
3147 2517 3340 2555 militärische
3358 2516 3492 2554 Organi-

2664 2558 2765 2597 sation
2782 2558 2884 2596 seinen
2897 2557 3025 2595 Versuch
3042 2557 3198 2596 aufgreift,
3215 2558 3272 2588 das
3288 2556 3493 2594 parlamenta-

2666 2598 2753 2637 rische
2777 2597 2898 2636 System
2920 2598 2975 2635 auf
2998 2598 3064 2629 dem
3089 2597 3162 2635 Weg
3187 2598 3240 2627 des
3264 2595 3432 2634 Plebiszits
3459 2602 3495 2632 zu

2666 2636 2838 2676 beseitigen.
2870 2637 3050 2675 Hugenberg
3074 2637 3157 2675 hatte
3181 2636 3280 2674 diesen
3304 2635 3388 2673 Plan
3411 2634 3495 2673 schon

2666 2680 2721 2708 vor
2738 2675 2859 2714 einigen
2872 2671 3024 2708 Monaten
3040 2675 3072 2706 in
3090 2675 3188 2706 einem
3199 2674 3289 2714 Brief
3304 2682 3345 2705 an
3359 2675 3415 2706 den
3431 2674 3495 2711 ehe-

2667 2716 2803 2754 maligen
2827 2715 3053 2754 Reichskanzler
3078 2715 3134 2746 Dr.
3161 2714 3273 2753 Luther
3297 2714 3423 2746 bekannt
3448 2720 3496 2752 ge-

2669 2756 2772 2794 geben.

2725 2794 2783 2826 Die
2808 2793 2965 2833 „Deutsche
2986 2792 3139 2832 Zeitung"
3160 2793 3290 2832 begrüßt
3310 2793 3367 2825 das
3389 2792 3497 2825 direkte

2669 2833 2847 2872 Eingreifen
2878 2834 2932 2866 des
2967 2832 3200 2871 „Stahlhelms"
3236 2834 3269 2864 in
3301 2832 3349 2864 die
3381 2831 3497 2870 Politik

2667 2874 2729 2905 und
2763 2875 2915 2909 erwartet,
2947 2873 3007 2910 daß
3040 2872 3091 2904 der
3123 2873 3281 2910 vorläufig
3314 2871 3384 2909 noch
3417 2872 3495 2908 nicht

2664 2913 2791 2944 bekannt
2810 2913 2960 2951 gegebene
2978 2912 3134 2944 Wortlaut
3154 2913 3207 2944 des
3230 2911 3495 2949 Volksbegehrens

2665 2952 2730 2983 eine
2752 2951 2907 2991 Stärkung
2929 2952 2980 2983 der
3000 2951 3101 2988 Macht
3120 2952 3175 2983 des
3196 2951 3496 2988 Reichspräsidenten

2663 2991 2726 3022 und
2745 2991 2811 3022 eine
2830 2990 3055 3030 Beschränkung
3075 2993 3126 3023 der
3146 2991 3345 3029 Parlamente
3367 2990 3496 3027 bringen

2664 3031 2772 3063 werde.
2837 3030 2905 3062 Das
2935 3029 3097 3067 „Berliner
3129 3029 3309 3068 Tageblatt"
3339 3029 3391 3068 hat
3424 3030 3496 3061 aber

2662 3068 2901 3109 wahrscheinlich
2920 3069 2997 3107 recht
3016 3070 3072 3102 mit
3092 3070 3190 3109 seiner
3211 3069 3416 3107 Vermutung,
3437 3069 3496 3106 daß

2662 3109 2710 3141 die
2733 3108 3064 3148 „Stahlhelm"-Kreise
3085 3109 3168 3148 selbst
3189 3109 3262 3147 noch
3283 3108 3361 3145 nicht
3383 3108 3496 3146 wissen,

2663 3152 2732 3180 was
2749 3149 2786 3187 sie
2804 3149 2921 3181 ändern
2934 3149 3055 3180 wollen.
3082 3148 3145 3180 Mit
3163 3149 3216 3187 fast
3234 3149 3393 3187 denselben
3408 3148 3496 3180 Wor¬

2662 3190 2713 3220 ten
2737 3187 2796 3219 wie
2820 3188 2876 3220 das
2900 3188 3123 3226 demokrattsche
3145 3188 3237 3221 Blatt
3259 3189 3405 3220 bedauert
3426 3189 3497 3225 auch

2664 3228 2712 3260 die
2736 3227 2939 3265 „Germania"
2967 3228 3024 3260 den
3048 3228 3240 3265 Mißbrauch,
3265 3229 3322 3260 den
3344 3227 3416 3265 nach
3440 3228 3497 3259 den

2665 3268 2892 3306 Kommunisten
2919 3274 2984 3299 nun
3014 3267 3085 3305 auch
3113 3270 3164 3300 der
3200 3267 3411 3305 „Stahlhelm"
3441 3267 3499 3299 mit

2665 3308 2716 3338 der
2742 3306 2929 3346 Institution
2955 3308 3009 3339 des
3033 3307 3300 3346 Volksbegehrens
3327 3306 3498 3346 inszeniert.

2663 3348 2731 3379 Das
2757 3347 3026 3386 Zentrumsorgan
3050 3346 3201 3385 ironisiert
3225 3347 3272 3379 die
3296 3347 3499 3385 unbeholfene

2665 3388 2731 3424 Art,
2749 3386 2782 3418 in
2800 3387 2851 3418 der
2871 3387 2922 3419 der
2944 3386 3157 3426 „Stahlhelm"
3178 3386 3280 3424 seinen
3297 3387 3497 3424 Tatendrang

2665 3427 2716 3458 der
2738 3426 2856 3464 Politik
2880 3427 2952 3459 bald
2976 3429 3065 3459 unter
3093 3427 3144 3458 der
3167 3426 3283 3464 Parole
3310 3426 3442 3464 „Hinein
3466 3426 3499 3457 in

2667 3467 2723 3498 den
2742 3465 2870 3504 Staat",
2889 3466 2961 3498 bald
2985 3466 3073 3504 durch
3093 3466 3274 3505 haßerfüllte
3295 3466 3500 3504 Kundgebun¬

2666 3513 2723 3544 gen
2745 3512 2839 3544 gegen
2859 3508 2915 3539 den
2938 3506 3035 3538 Staat
3057 3507 3120 3538 und
3141 3514 3207 3538 nun
3229 3506 3299 3543 auch
3320 3505 3391 3543 noch
3414 3505 3501 3543 durch

2666 3546 2714 3577 die
2740 3544 2921 3584 Einleitung
2948 3544 3031 3577 einer
3057 3546 3425 3584 Verfassungsänderung
3452 3552 3501 3583 zu¬

2666 3586 2736 3623 gute
2765 3585 2898 3616 kommen
2924 3585 3000 3622 läßt.
3033 3585 3094 3617 Die
3122 3584 3326 3622 „Germania"
3356 3584 3389 3622 ist
3413 3585 3501 3616 über¬

2666 3626 2763 3663 zeugt,
2781 3624 2841 3662 daß
2858 3625 2928 3662 auch
2947 3625 3040 3664 dieser
3058 3625 3170 3664 Kampf
3189 3632 3283 3663 gegen
3304 3624 3351 3656 die
3370 3625 3502 3664 deutsch«

2665 3664 2856 3696 Demokratie
2878 3664 3077 3703 aussichtslos
3103 3665 3167 3704 sein
3190 3664 3278 3696 wird.

2730 3722 2796 3754 Um
2828 3722 2882 3754 die
2915 3722 3037 3760 Große
3069 3720 3271 3754 Koalition.
3322 3720 3502 3758 Berlin,

2667 3762 2714 3792 24.
2732 3761 2820 3800 Sept.
2842 3760 2920 3799 (Tel.
2938 3762 3063 3799 unseres
3079 3761 3249 3799 6r.-Korr.)
3267 3761 3326 3793 Die
3344 3761 3504 3799 „Deutsche

2667 3799 2913 3839 Tageszeitung"
2938 3799 3110 3839 beschäftigt
3131 3800 3183 3839 sich
3207 3800 3263 3832 mit
3287 3801 3343 3832 den
3366 3800 3502 3838 Ausfüh¬

2668 3847 2787 3878 rungen
2807 3840 2858 3871 der
2877 3839 3081 3876 „Germania"
3101 3840 3176 3871 über
3194 3841 3242 3871 die
3260 3839 3503 3878 Notwendigkeit

2641 3883 2651 3910 l
2669 3880 2752 3911 einer
2768 3878 2893 3919 stabilen
2912 3878 3088 3918 Regierung
3107 3881 3161 3919 auf
3179 3880 3229 3911 der
3247 3880 3338 3918 Basis
3355 3881 3405 3912 der
3423 3879 3501 3911 Gro-

73 4009 89 4037 .
295 3975 657 4045 Feuilleton.

531 4074 685 4108 Nachdruck
706 4073 850 4104 verboten.

360 4116 590 4155 Fcng-Tschu.

325 4165 394 4196 Von
410 4165 444 4195 K.
461 4165 494 4199 F.
512 4165 535 4195 K
548 4171 566 4193 u
578 4171 591 4194 r
603 4170 624 4199 z.

112 4216 224 4246 Claude
254 4215 346 4250 Talcy
375 4215 426 4250 saß
455 4214 506 4250 auf
536 4217 585 4244 der
615 4214 730 4249 offene»
759 4211 887 4248 Terrasse

59 4255 155 4291 seines
172 4256 361 4290 Bungalows
379 4255 439 4284 und
456 4254 559 4285 winkte
576 4254 630 4284 mit
647 4254 748 4283 beiden
766 4252 887 4287 Händen

60 4297 108 4325 als
123 4296 161 4331 ich
174 4299 264 4326 unten
277 4296 377 4325 vorbei
393 4295 469 4331 fuhr.
482 4293 536 4329 Ich
548 4294 645 4324 wollte
660 4300 694 4328 zu
709 4292 887 4328 Morowsky,

59 4336 123 4366 dem
158 4336 309 4371 Zoologen
345 4336 455 4371 fahren.
491 4335 569 4364 Aber
603 4334 682 4364 mein
718 4333 888 4368 Rikschakult

60 4376 124 4411 bog,
157 4377 229 4413 ohne
254 4377 305 4412 auf
327 4376 413 4406 eine»
437 4375 541 4411 Befehl
565 4381 599 4409 zu
623 4377 744 4408 Watten,
778 4374 809 4403 in
833 4374 889 4402 das

60 4417 175 4452 schmale
192 4416 350 4452 Sträßlein
369 4416 423 4451 ein,
440 4417 498 4445 das
514 4416 548 4445 in
565 4414 714 4450 mehreren
731 4414 890 4449 Schlaufen

60 4456 141 4492 durch
162 4456 274 4492 Taleys
296 4456 509 4486 wmrderbaren
531 4455 645 4485 Gatten
667 4454 772 4490 führte.
793 4454 889 4488 Schon

61 4498 136 4533 warf
159 4496 203 4528 die
226 4498 331 4528 Sonne
354 4496 440 4531 lange
463 4495 608 4531 Schatten.
647 4495 725 4525 Aber
748 4495 794 4524 die
816 4492 889 4528 Hitze

60 4539 122 4567 war
141 4537 207 4572 noch
228 4538 328 4567 immer
347 4537 492 4572 lähmend.
529 4535 589 4565 Der
608 4534 804 4569 Blumenduft
823 4534 889 4569 stieg

60 4577 221 4608 betäubend
238 4581 296 4608 von
312 4580 361 4608 der
377 4576 502 4612 feuchten
517 4575 594 4606 Erde
610 4575 669 4611 auf,
685 4575 740 4605 wie
756 4574 891 4610 gewöhn¬

59 4618 110 4651 lich
131 4625 182 4648 um
201 4617 276 4653 diese
296 4617 460 4652 Tageszeit.

113 4658 225 4689 Claude
247 4658 339 4692 Taleh
360 4658 411 4693 saß
432 4657 477 4687 bei
500 4656 619 4692 Whisky
641 4658 701 4685 und
723 4654 809 4686 Soda
831 4654 892 4684 und

61 4700 132 4733 war,
155 4700 211 4729 wie
234 4705 304 4728 man
327 4699 384 4727 das
406 4697 479 4731 nicht
503 4698 612 4726 anders
636 4703 675 4726 an
698 4696 759 4731 ihm
782 4696 890 4728 kannte,

58 4738 93 4768 in
111 4742 195 4774 guter
217 4739 400 4773 Stimmung.
438 4737 480 4767 Er
500 4736 639 4772 begrüßte
658 4736 728 4770 mich
748 4735 820 4765 laut.

114 4780 186 4813 „Sie
210 4779 311 4815 fahren
334 4785 368 4813 zu
391 4777 582 4812 Morowsky?
607 4776 686 4812 Sehr
708 4775 801 4812 schön!
825 4775 891 4805 DaS

61 4819 136 4855 trifft
157 4819 214 4855 sich.
255 4819 357 4853 Sagen
379 4818 434 4849 Sie
458 4817 525 4854 ihm,
548 4817 605 4853 daß
627 4817 664 4852 ich
686 4822 805 4850 morgen
827 4818 892 4845 vor¬

61 4859 164 4895 mittag
206 4867 245 4890 an
287 4862 341 4889 den
383 4857 581 4893 Rangimfluß
621 4856 698 4893 gehe,
742 4856 892 4886 Krokodile

62 4898 192 4936 schießen.
232 4900 273 4930 Er
295 4899 345 4934 hat
367 4898 397 4933 ja
417 4898 516 4935 seinen
539 4897 647 4932 Vetter,
668 4896 724 4926 den
747 4896 894 4930 Medizin¬

61 4945 159 4976 mann,
178 4940 231 4976 auf
251 4939 365 4974 Besuch.
386 4938 445 4968 Der
465 4936 540 4967 wird
561 4936 702 4971 natüttich
722 4936 789 4972 auch
809 4936 892 4966 dabei

62 4978 122 5014 sein
141 4980 254 5010 wollen.
290 4979 358 5008 Und
378 4977 471 5009 Sie?"

115 5020 233 5055 „Leider
256 5019 381 5054 nicht...
402 5017 457 5054 Ich
479 5017 600 5047 bin..."

116 5061 238 5096 »Stopp,
273 5059 352 5089 mein
386 5057 503 5093 Junge!
540 5056 630 5091 Heute
666 5057 698 5093 ist
734 5056 894 5092 Mittwoch.

66 5098 197 5136 Nächste»
222 5100 349 5133 Montag
373 5097 443 5134 reise
468 5097 514 5132 ich,
538 5097 594 5126 wie
618 5097 674 5127 Sie
698 5096 806 5133 wissen.
847 5097 893 5127 Es

64 5140 138 5170 wird
157 5141 217 5177 also
237 5140 321 5176 unser
340 5139 431 5174 letzter
448 5137 581 5173 Ausflug
600 5136 685 5172 sein."

115 5181 160 5210 Es
180 5181 229 5215 lag
250 5179 391 5214 Vorwurf
413 5180 472 5208 und
493 5176 573 5207 Bitte
593 5177 625 5207 in
642 5176 735 5212 seiner
756 5177 894 5208 Stimme.

65 5219 129 5250 Und
150 5221 182 5250 in
200 5221 299 5258 seinen
317 5219 421 5254 Augen
441 5218 489 5252 lag
510 5217 557 5247 ein
576 5216 723 5253 seltsames
745 5217 823 5252 Weh.

118 5261 205 5295 „Nun
224 5261 298 5296 gut."

116 5300 208 5337 Taley
229 5301 284 5337 rief
305 5300 356 5336 auf
376 5297 541 5335 Malaiisch;

977 3969 1102 4006 „Hadija
1118 3986 1153 3992 —
1170 3970 1237 4006 noch
1254 3971 1302 4000 ein
1320 3969 1431 4000 Glas!"

977 4010 1081 4045 Hinter
1100 4010 1150 4041 der
1169 4011 1285 4047 offenen
1302 4010 1375 4045 Tür,
1392 4013 1468 4046 dott,
1487 4013 1534 4040 wo
1554 4014 1602 4041 der
1620 4011 1757 4045 Schatten

927 4058 998 4086 ganz
1014 4051 1189 4081 dunkelblau
1206 4051 1263 4086 lag,
1279 4050 1368 4086 erhob
1385 4050 1434 4087 sich
1451 4053 1554 4086 etwas,
1572 4053 1638 4080 was
1655 4051 1757 4086 vorher

927 4092 1025 4126 reglos
1044 4098 1093 4120 am
1112 4091 1216 4122 Boden
1234 4091 1354 4120 kauerte.
1391 4089 1500 4125 Hadija
1518 4091 1588 4126 kam,
1608 4090 1708 4126 schmal
1726 4091 1758 4120 in

927 4132 1013 4168 Brust
1032 4133 1091 4161 und
1110 4130 1228 4166 Hüften,
1245 4133 1301 4160 den
1320 4130 1519 4165 gelbseidenen
1537 4131 1660 4165 Sarong
1679 4131 1758 4166 straff

927 4178 977 4201 um
993 4171 1039 4202 die
1055 4170 1189 4206 Schenkel
1205 4171 1330 4206 gepreßt.
1364 4171 1420 4201 Sie
1436 4170 1522 4207 stellte
1538 4171 1596 4200 das
1612 4171 1691 4201 Glas
1707 4171 1758 4207 aus

927 4212 982 4241 den
1008 4211 1164 4247 Rohrttsch.
1200 4211 1295 4241 Dabei
1322 4210 1424 4245 beugt«
1451 4210 1487 4246 sie
1514 4211 1562 4246 sich
1588 4211 1637 4240 ein
1663 4211 1758 4245 wenig

927 4252 998 4282 über
1020 4251 1133 4282 Claude
1155 4250 1247 4285 Taley
1278 4251 1339 4280 und
1371 4250 1431 4286 ihre
1453 4251 1558 4285 Augen
1587 4250 1697 4286 suchten
1728 4251 1758 4280 in

927 4292 1033 4327 seinem
1050 4291 1163 4327 Gesicht.
1198 4290 1274 4325 Auch
1291 4291 1324 4320 in
1342 4290 1425 4326 ihren
1442 4290 1547 4326 Augen
1565 4291 1613 4325 lag
1631 4291 1679 4320 ein
1695 4290 1760 4326 selt¬

927 4333 1023 4369 sames
1045 4331 1124 4367 Weh.

980 4372 1043 4408 Für
1061 4372 1172 4406 wenige
1191 4371 1347 4402 Sekunden
1365 4371 1494 4401 bildeten
1511 4372 1557 4400 die
1576 4371 1679 4401 beiden
1698 4371 1758 4400 ein«

929 4412 1135 4447 unbewegliche
1171 4411 1301 4447 Gruppe.
1355 4411 1420 4441 Das
1455 4410 1576 4446 schlanke
1612 4411 1758 4446 Mädchen,

929 4453 1020 4488 dessen
1044 4452 1183 4487 Nacktheit
1205 4451 1251 4481 die
1273 4451 1354 4486 gelbe
1376 4451 1467 4481 Seide
1498 4451 1582 4480 kaum
1613 4450 1758 4487 verhüllte,

929 4493 1020 4529 dessen
1044 4492 1148 4528 Gesicht
1181 4491 1226 4521 die
1251 4491 1346 4526 Farbe
1378 4491 1459 4521 alten
1482 4491 1659 4526 Elfenbeins
1683 4491 1759 4526 hatte

929 4536 989 4563 und
1007 4533 1068 4564 eine
1086 4533 1202 4568 fremde,
1219 4532 1307 4561 wilde
1325 4531 1545 4567 Begehrlichkeit
1562 4532 1676 4561 verttet.
1694 4530 1759 4560 Und

930 4573 979 4603 der
1001 4571 1181 4607 Engländer,
1212 4571 1313 4608 sehnig
1337 4572 1398 4600 und
1421 4577 1530 4606 mager,
1562 4571 1617 4600 mit
1640 4570 1760 4606 kühnem

930 4613 1042 4649 Gesicht,
1063 4613 1129 4647 trotz
1149 4612 1248 4647 seinen
1269 4611 1382 4647 dreißig
1403 4610 1522 4647 Jahren
1542 4611 1622 4646 schon
1642 4613 1760 4645 ergraut

930 4661 968 4684 an
986 4654 1043 4684 den
1064 4642 1208 4688 Schläfen.
1246 4651 1324 4682 Man
1344 4652 1441 4687 wußte
1460 4650 1500 4686 ja,
1520 4652 1575 4681 wie
1595 4651 1687 4685 Taley
1706 4650 1759 4680 mit

930 4697 993 4724 dem
1019 4693 1158 4727 Mädchen
1182 4692 1271 4728 stand.
1314 4691 1450 4721 Darüber
1475 4692 1507 4726 ist
1531 4691 1592 4720 kein
1618 4691 1700 4721 Wott
1725 4696 1759 4725 zu

930 4734 1080 4764 verlieren.
1116 4732 1164 4767 In
1192 4731 1296 4768 diesem
1323 4731 1495 4766 Augenblick
1521 4731 1583 4760 kam
1609 4731 1667 4760 mir
1695 4737 1760 4765 zum

931 4775 1018 4810 ersten
1040 4773 1123 4803 Male
1145 4775 1193 4802 der
1215 4771 1356 4806 Gedanke,
1378 4773 1410 4801 es
1432 4771 1570 4801 verbinde
1592 4771 1637 4800 die
1658 4771 1759 4800 beiden

931 4814 1031 4849 Irgend
1050 4814 1142 4843 etwas
1161 4810 1439 4847 Geheimnisvolles.

982 4852 1090 4889 Hadija
1106 4854 1175 4887 ging
1191 4852 1307 4882 wieder.
1340 4851 1397 4882 St«
1413 4851 1538 4886 bewegt«
1555 4850 1610 4887 sich,
1627 4850 1656 4886 so
1673 4850 1760 4886 schien

931 4896 964 4925 eS
995 4894 1060 4929 mir,
1092 4894 1145 4923 mit
1178 4892 1355 4927 zappelnden
1379 4891 1582 4926 Gliedmaßen,
1614 4890 1760 4925 gleichsam

932 4934 1082 4969 ruckweise,
1112 4933 1167 4963 wie
1197 4932 1242 4962 die
1273 4931 1404 4966 Figuren
1434 4932 1466 4961 ttl
1495 4932 1589 4961 einem
1618 4929 1760 4966 schlechten

932 4974 1012 5011 Film
1030 4974 1076 5010 sich
1093 4974 1236 5007 bewegen.

984 5015 1039 5045 Die
1059 5013 1132 5049 Hitze
1153 5012 1257 5043 drückte
1277 5012 1309 5041 in
1327 5011 1444 5047 gleicher
1465 5011 1556 5045 Weise
1577 5011 1627 5046 auf
1647 5010 1759 5045 Gehirn

933 5058 992 5086 und
1014 5054 1109 5090 Brust.
1149 5053 1204 5082 Die
1225 5051 1299 5087 Hitze
1319 5052 1408 5086 macht
1429 5052 1491 5087 hier
1513 5050 1566 5080 alle
1588 5050 1689 5085 Wesen
1709 5049 1759 5079 toll

933 5097 992 5126 und
1022 5093 1120 5130 erfüllt
1151 5093 1185 5130 sie
1214 5093 1269 5123 mit
1300 5090 1561 5127 ungeheuerlichem
1584 5090 1760 5125 Verlagen.

933 5137 988 5166 Die
1008 5134 1080 5170 Hitze
1100 5133 1249 5164 verwirrte
1267 5132 1361 5162 meine
1382 5131 1489 5162 Sinne.
1525 5131 1609 5167 Ohne
1629 5129 1760 5166 Zweifel,

933 5175 1046 5208 Claude
1059 5174 1151 5208 Taley
1165 5176 1228 5204 war
1242 5173 1320 5203 einer
1334 5175 1392 5202 von
1407 5175 1460 5202 den
1475 5171 1570 5201 vielen
1584 5170 1760 5206 Hunderten,

934 5218 978 5247 die
1017 5217 1048 5246 in
1087 5215 1189 5250 diesem
1227 5213 1280 5243 mit
1317 5212 1528 5247 Fruchtbarkeit
1566 5211 1761 5241 überladenen

934 5255 1146 5288 Sonnenlande
1165 5254 1220 5284 das
1238 5253 1322 5284 Glück
1341 5253 1449 5289 suchten
1468 5255 1528 5283 und
1546 5252 1662 5288 fanden.
1699 5252 1762 5282 Wie

935 5297 979 5326 die
1003 5296 1098 5326 vielen
1121 5297 1231 5325 ander»
1254 5294 1354 5323 wurde
1378 5300 1407 5323 er
1430 5293 1491 5329 hier
1515 5293 1563 5323 ein
1586 5292 1668 5328 Herr,
1692 5291 1762 5322 dank

1796 3971 1889 4006 seiner
1909 3971 2118 4007 Abstammung
2147 3971 2207 4000 und
2236 3971 2290 4000 den
2319 3974 2391 4006 paar
2421 3971 2629 4007 Kunstgriffen,
2643 3973 2649 4008 |

1793 4011 1841 4041 di«
1859 4011 1919 4046 ihm
1936 4012 1981 4042 die
1997 4011 2231 4046 abendländische
2249 4011 2382 4045 Bildung
2400 4011 2570 4046 verschaffte.
2586 4011 2628 4041 Er

1797 4051 1942 4081 verdiente
1965 4051 2024 4081 viel
2046 4051 2130 4081 Geld.
2170 4051 2212 4081 Er
2234 4051 2308 4080 lebte
2331 4051 2393 4080 eine
2416 4050 2554 4085 Zcitlang
2578 4052 2628 4086 auf

1796 4090 1890 4125 Java.
1932 4091 2001 4121 Von
2025 4094 2090 4120 dort
2114 4091 2164 4127 hat
2187 4099 2217 4121 er
2241 4093 2297 4121 das
2321 4090 2437 4126 schmale
2462 4091 2543 4121 Weib
2567 4091 2630 4126 her¬

1797 4131 1933 4165 gebracht.
1969 4130 2077 4165 Hadija
2096 4131 2173 4167 hatte
2192 4131 2303 4161 braune
2322 4130 2491 4166 Rchangen.

1850 4171 1925 4206 Noch
1946 4171 2029 4205 heute
2051 4170 2112 4206 sehe
2136 4171 2173 4205 ich
2196 4173 2252 4200 das
2275 4170 2348 4200 alles
2371 4177 2464 4205 genau
2488 4173 2540 4200 vor
2562 4172 2629 4200 mir.

1797 4209 1852 4245 Ich
1866 4210 1935 4246 höre
1951 4210 2006 4241 den
2023 4210 2119 4245 Klang
2135 4211 2213 4246 ihrer
2230 4211 2358 4241 Stimme
2375 4213 2436 4240 und
2452 4211 2530 4246 fühle
2548 4210 2631 4245 ihren

1797 4250 1873 4280 Blick
1891 4251 1947 4280 wie
1966 4251 2015 4280 ein
2034 4251 2120 4287 leises
2139 4250 2252 4287 Tasten.
2290 4251 2383 4281 Wenn
2403 4251 2441 4284 ich
2460 4251 2505 4280 die
2525 4251 2630 4284 Augen

1797 4290 1921 4326 schließe,
1943 4291 2008 4320 tritt
2031 4290 2103 4320 alles
2126 4291 2233 4320 wieder
2256 4293 2309 4320 vor
2331 4291 2400 4325 mich
2424 4291 2484 4326 hin.

1852 4330 1927 4360 Dort
1958 4333 2049 4360 unten
2081 4331 2112 4366 ist
2143 4331 2188 4360 die
2210 4331 2330 4366 Straße,
2362 4331 2406 4360 die
2439 4337 2489 4365 zur
2520 4330 2630 4360 kleinen

1798 4370 1993 4406 Bahnstation
2014 4370 2102 4406 führt.
2141 4370 2268 4400 Dunkler
2289 4370 2375 4401 Wald
2396 4371 2463 4406 steht
2484 4371 2534 4406 auf
2555 4370 2630 4400 allen

1798 4410 1912 4441 Seiten.
1951 4410 2031 4445 Nicht
2049 4411 2118 4440 weit
2137 4410 2271 4446 dahinter
2291 4411 2360 4445 liegt
2378 4411 2546 4445 Singapur.
2582 4410 2630 4441 So

1798 4451 1871 4485 nahe
1890 4451 1959 4485 liegt
1978 4451 2023 4481 die
2042 4451 2128 4486 große
2148 4451 2247 4485 Stadt,
2264 4451 2322 4486 daß
2341 4451 2387 4479 die
2405 4450 2630 4485 Geschäftsleute

1799 4490 1860 4525 hier
1901 4491 2032 4525 draußen
2071 4490 2198 4526 wohnen
2236 4490 2356 4520 können.
2405 4489 2453 4524 In
2493 4490 2630 4525 schmalen

1799 4530 1933 4566 Streifen
1953 4530 2052 4566 schiebt
2071 4530 2119 4566 sich
2140 4533 2189 4560 der
2209 4530 2295 4560 Wald
2314 4530 2365 4559 bis
2386 4537 2424 4559 an
2445 4530 2489 4559 die
2510 4530 2630 4566 Straße,

1799 4570 1931 4605 zwischen
1968 4570 2081 4600 Gärten
2118 4573 2179 4600 und
2214 4570 2511 4605 Ananasplantagen.
2555 4570 2630 4600 Eine

1800 4610 1897 4640 dünne
1934 4610 2119 4646 Rauchfahne
2156 4610 2235 4645 steigt
2274 4610 2314 4639 im
2352 4610 2439 4644 Osten
2476 4610 2547 4639 über
2584 4610 2630 4639 die

1799 4650 2007 4685 schwärzlichen
2024 4650 2132 4685 Wipfel
2149 4652 2198 4680 der
2215 4649 2444 4684 Mangobäunie.
2471 4650 2546 4680 Dort
2563 4650 2630 4685 steht

1799 4690 1855 4719 das
1891 4690 2030 4725 prächtige
2066 4690 2236 4724 Bungalow
2273 4690 2334 4719 Sin
2369 4689 2540 4725 Tao-Hsien,
2578 4691 2629 4719 des

1798 4729 1905 4765 reichen
1925 4729 2077 4766 Chinesen.
2096 4730 2190 4760 Wenn
2208 4730 2253 4759 die
2270 4730 2376 4763 Sonne
2395 4732 2630 4764 untergegangen

1800 4770 1840 4805 ist,
1856 4769 1931 4800 wird
1947 4777 1976 4800 er
1992 4770 2039 4799 ein
2054 4773 2126 4805 paar
2143 4769 2226 4799 Male
2241 4769 2273 4799 in
2289 4768 2333 4799 die
2349 4769 2417 4804 Lust
2432 4769 2564 4804 schießen,
2580 4776 2630 4799 um

1798 4810 1844 4839 die
1863 4810 1982 4840 Räuber
2001 4816 2035 4844 zn
2053 4809 2253 4845 verscheuche».

1851 4849 1958 4884 Hadija
1978 4849 2030 4885 sitzt
2050 4856 2112 4879 nun
2131 4850 2238 4879 wieder
2258 4849 2298 4878 im
2317 4849 2463 4884 Schatten.
2502 4849 2556 4879 Sic
2576 4848 2629 4884 sitzt

1799 4890 1987 4925 regungslos,
2003 4892 2062 4920 und
2078 4889 2115 4924 ich
2129 4889 2202 4919 kann
2218 4888 2363 4923 eigentlich
2378 4895 2435 4919 nur
2449 4888 2511 4923 ihre
2525 4888 2629 4923 Augen

1799 4930 1890 4965 sehen,
1923 4929 1968 4959 die
1999 4930 2051 4964 aus
2084 4931 2144 4958 »ms
2178 4929 2306 4964 gerichtet
2338 4929 2407 4964 sind.
2449 4928 2542 4964 Durch
2574 4928 2629 4958 den

1799 4970 1911 5000 Garten
1929 4969 1993 5005 geht
2010 4969 2142 5004 langsam
2159 4972 2208 4999 der
2225 4968 2343 5004 indische
2360 4968 2498 5003 Gärtner,
2516 4968 2629 4998 dunkel¬

1798 5010 1902 5044 braun,
1924 5016 1981 5039 nur
2002 5009 2056 5039 mit
2077 5009 2171 5038 einem
2191 5009 2330 5044 schmalen
2352 5008 2560 5044 Lendenschurz
2583 5008 2629 5038 be-

1798 5049 1905 5079 kleidtt.
1925 5049 2032 5084 Hinten
2052 5049 2093 5078 im
2112 5049 2248 5084 Schatten
2267 5050 2320 5078 des
2341 5048 2629 5084 Wirtschaftsgebäu¬

1799 5089 1850 5119 des
1867 5089 1959 5126 haben
1976 5089 2023 5125 sich
2039 5089 2083 5119 die
2100 5088 2209 5119 Diener
2225 5088 2414 5123 versammelt,
2430 5088 2504 5118 alles
2521 5088 2629 5124 Chine¬

1797 5130 1855 5165 sen.
1890 5130 1944 5160 Sie
1962 5129 2147 5165 unterhalten
2163 5129 2210 5165 sich
2226 5129 2290 5159 laut
2307 5129 2338 5158 in
2355 5129 2432 5164 ihrer
2450 5128 2628 5164 gurgelnden

1799 5170 1924 5206 Sprache
1945 5172 2005 5200 Mkd
2025 5169 2127 5205 lachen.
2165 5169 2251 5199 Mein
2271 5169 2476 5204 Rikschamann
2495 5169 2563 5205 steht
2583 5169 2628 5199 bei

1801 5211 1889 5246 ihnen
1911 5213 1970 5240 und
1993 5210 2079 5241 trinkt
2102 5210 2204 5245 heißen
2226 5209 2292 5240 Tee.
2332 5208 2434 5243 Hinter
2458 5209 2520 5240 dem
2544 5210 2630 5240 Wald

1800 5251 1917 5287 versinkt
1935 5250 2031 5286 schnell
2048 5250 2092 5281 die
2111 5250 2269 5287 kupferrote
2288 5250 2401 5280 Sonne.
2420 5250 2475 5280 Die
2493 5251 2630 5285 Schatten

1801 5294 1850 5322 der
1867 5291 1952 5326 Nacht
1969 5291 2078 5327 greifen
2093 5290 2163 5321 über
2179 5291 2224 5321 die
2240 5291 2348 5327 Wipfel
2364 5293 2424 5321 und
2439 5291 2630 5327 verschlingen

2643 3973 2649 4008 I
2669 3971 2714 4000 die
2731 3970 2817 4000 Erde.
2851 3971 2912 4000 Ein
2929 3971 3122 4007 Lchsenftosch
3139 3971 3237 4005 erhebt
3254 3971 3329 4006 seine
3346 3971 3503 4000 knarrende

2670 4011 2807 4041 Stimme.
2844 4011 2910 4040 Das
2939 4011 2970 4046 ist
2997 4011 3053 4040 wie
3081 4012 3129 4040 ein
3149 4011 3271 4045 Digital.
3306 4011 3504 4046 Tausendfach

2669 4051 2772 4080 kommt
2793 4052 2838 4081 die
2858 4051 3004 4080 Antwort.
3041 4051 3194 4085 Ringsum
3213 4052 3255 4081 im
3276 4051 3387 4081 Duickcl
3408 4050 3503 4081 ertönt

2667 4091 2716 4120 ein
2744 4091 2891 4126 wahrhaft
2918 4090 3080 4126 teuflisches
3110 4090 3242 4126 Quaken,
3274 4091 3413 4125 Krächzen
3443 4095 3503 4120 und

2668 4131 2843 4165 Schnarren.

2723 4170 2831 4206 „Hallo,
2850 4171 2929 4200 mein
2948 4170 3062 4201 Lieber!
3083 4171 3139 4202 Sie
3159 4171 3293 4201 träumen
3314 4172 3367 4201 mit
3387 4172 3503 4207 offene»

2669 4210 2798 4245 Augen."

2723 4250 2875 4286 Herrgott
2894 4268 2929 4272 —
2951 4251 3023 4287 diese
3045 4252 3135 4286 ewige
3156 4251 3255 4287 Hitze."

2724 4291 2823 4325 „Diese
2841 4291 2915 4326 Hitze
2934 4292 3005 4327 habe
3023 4292 3061 4326 ich
3078 4291 3137 4327 jetzt
3155 4292 3195 4327 elf
3213 4292 3308 4327 Jahre
3326 4292 3396 4326 lang
3413 4295 3504 4322 ertra¬

2669 4337 2732 4365 gen.
2771 4330 2824 4366 Ja,
2846 4332 2924 4360 mein
2946 4331 3056 4366 Lieber,
3078 4332 3117 4367 elf
3138 4331 3234 4367 Jahre
3256 4332 3288 4366 ist
3310 4334 3342 4360 cs
3363 4331 3430 4367 jetzt,
3452 4332 3503 4366 seit

2671 4371 2708 4406 ich
2730 4374 2787 4400 von
2809 4371 2921 4401 drüben
2942 4371 3012 4400 kam.
3050 4372 3117 4401 Und
3140 4373 3171 4401 in
3193 4372 3282 4407 dieser
3305 4378 3414 4406 ganze»
3436 4371 3504 4405 Zeit

2669 4411 2721 4441 bin
2742 4411 2779 4445 Ich
2799 4411 2871 4446 nicht
2891 4417 2925 4445 zu
2945 4410 3040 4446 Hanse
3060 4412 3212 4446 gewesen."

2723 4451 2862 4484 „Warum
2882 4451 2985 4486 fahren
3005 4451 3061 4481 Sie
3082 4454 3157 4481 denn
3176 4451 3236 4486 jetzt
3257 4451 3387 4486 zurück?"

2722 4490 2835 4521 Claude
2851 4490 2944 4526 Taley
2961 4491 3053 4525 schaut
3069 4492 3138 4526 mich
3154 4491 3387 4527 verständnislos
3405 4498 3451 4521 an.

2724 4530 2793 4566 „Ich
2823 4531 2925 4565 meine»
2949 4531 2984 4560 ob
3009 4531 3063 4561 Sie
3086 4531 3221 4566 vielleicht
3252 4531 3296 4560 die
3320 4531 3408 4565 Sache
3441 4532 3502 4566 hier

2669 4570 2725 4605 satt
2746 4571 2864 4605 haben."

2723 4611 2811 4644 „Nun
2834 4626 2870 4632 —
2893 4610 2939 4640 die
2963 4611 3060 4646 letzten
3084 4610 3179 4646 Jahre
3205 4612 3274 4646 ging
3299 4613 3332 4640 es
3358 4612 3414 4641 mir
3439 4611 3502 4646 hier

2670 4653 2729 4685 gut.
2767 4649 2821 4685 Ich
2841 4650 2903 4680 will
2922 4651 2981 4681 mir
3001 4649 3061 4686 jetzt
3082 4651 3113 4680 in
3135 4651 3307 4686 Schottland
3329 4652 3391 4680 eine
3411 4651 3501 4680 kleine

2670 4690 2761 4724 Farm
2782 4690 2883 4726 kaufen
2905 4693 2965 4720 und
2987 4691 3093 4721 wieder
3116 4691 3164 4720 ein
3186 4691 3364 4727 zivilisierter
3387 4691 3502 4726 Mensch

2669 4730 2810 4759 werden."
2848 4730 2934 4766 Ohne
2964 4730 3011 4766 sich
3049 4731 3243 4766 umzudrchen
3282 4732 3343 4766 rnft
3380 4739 3411 4761 er
3450 4732 3501 4765 auf

2668 4769 2825 4805 malaiisch:
2866 4769 2999 4805 „Hadija,
3037 4770 3123 4805 bring
3162 4771 3243 4806 mehr
3282 4771 3401 4806 Whisky
3440 4774 3500 4800 und

2668 4808 2838 4844 Zigarren."

2721 4850 2768 4879 Da
2790 4850 2858 4886 steht
2879 4849 2987 4885 Hadija
3009 4851 3115 4881 wieder
3137 4851 3182 4880 bei
3204 4850 3272 4886 ihm.
3311 4851 3373 4887 Ihr
3395 4851 3502 4887 Gesicht

2669 4889 2701 4925 ist
2724 4889 2796 4925 ohne
2818 4890 2974 4920 Ausdruck.
3013 4890 3090 4926 Ihre
3112 4890 3216 4925 Augen
3236 4907 3272 4912 —
3294 4893 3349 4920 das
3371 4892 3432 4926 sind
3456 4892 3501 4922 die

2666 4930 2801 4959 braunen
2817 4930 2921 4964 Angen
2936 4930 3019 4960 eines
3034 4930 3149 4966 sanften
3164 4931 3264 4961 Tiers.
3298 4931 3424 4961 Lautlos
3441 4936 3503 4962 und

2669 4969 2796 5004 demüttg
2827 4970 2891 5005 geht
2912 4970 2956 5006 sie.
2995 4970 3051 5000 Sie
3082 4971 3179 5005 gleitet
3208 4972 3264 5001 wie
3295 4972 3342 5001 ein
3364 4972 3503 5008 Schatten

2669 5009 2739 5039 über
2760 5012 2814 5039 de»
2835 5009 2947 5045 Boden,
2967 5011 3023 5040 wie
3043 5011 3091 5040 ein
3112 5011 3197 5041 Stück
3217 5012 3270 5041 des
3291 5013 3408 5048 großen,
3430 5015 3503 5042 dun¬

2667 5048 2816 5080 kelblauen
2840 5050 3005 5085 Schaltens,
3028 5053 3087 5080 aus
3111 5054 3175 5081 dem
3198 5052 3233 5087 sie
3258 5053 3418 5088 austauchtc
3443 5058 3503 5083 und

2669 5091 2701 5119 in
2722 5092 2785 5119 dem
2806 5090 2840 5125 sie
2862 5091 2968 5121 wieder
2989 5091 3036 5127 sich
3056 5091 3145 5126 völlig
3166 5092 3280 5128 auslöst.

2722 5129 2792 5165 „Ich
2814 5130 2885 5166 habe
2908 5129 2973 5166 doch
2996 5130 3147 5168 Familie,"
3172 5132 3234 5168 sagt
3257 5133 3372 5164 Claude
3394 5135 3505 5170 Talley.

2670 5170 2752 5204 „Und
2772 5173 2859 5206 dann,
2878 5171 2934 5201 Sie
2953 5171 3052 5207 wissen
3070 5171 3170 5206 ja..."
3189 5173 3232 5203 Er
3250 5174 3338 5209 beugt
3357 5175 3404 5210 sich
3422 5176 3507 5211 plötz¬

2669 5210 2719 5245 lich
2739 5217 2773 5245 zu
2792 5211 2850 5241 mir
2870 5210 2995 5247 hinüber
3015 5212 3075 5243 und
3096 5213 3219 5250 flüstert:
3243 5215 3336 5248 „Man
3358 5216 3438 5251 sehnt
3459 5216 3506 5252 sich

2669 5251 2820 5286 schließlich
2836 5252 2900 5287 doch
2917 5253 2983 5288 nach
3000 5256 3064 5284 dem
3079 5254 3193 5290 weißen
3210 5255 3318 5286 Weibe.
3353 5256 3419 5286 Das
3437 5257 3507 5293 liegt

2670 5293 2729 5321 uns
2752 5292 2780 5328 so
2799 5292 2840 5322 im
2859 5292 2959 5323 Blut."
