3891 5551
217 175 299 229 M
327 173 475 231 360
503 173 893 231 Abendblatt.

2695 177 3013 249 Samstag.
3051 179 3163 237 39.
3199 181 3421 253 Dezbr.
3455 185 3646 243 1894,

358 813 783 848 «»»nnement-pretf«.
817 822 929 844 ,«»»»,..

206 849 297 874 »Irl»
312 851 379 875 (winn
392 849 426 871 dir
438 849 529 876 ZtNung
541 849 633 874 »bliefcott
645 849 707 874 wird)
743 862 753 872 .
775 862 784 872 .
809 848 845 875 Fr.
858 850 878 869 4.
894 850 920 870 SO
946 849 982 875 Fr.
1007 850 1028 870 8.
1041 849 1066 871 50

206 877 317 903 GtfcMttl
331 875 454 901 Otilellung
465 875 517 896 Mm
530 874 676 898 7Soit&ur»om.
711 888 783 898 ...
822 888 833 900 «
861 875 880 896 K.
896 885 917 900 —
958 876 1064 900 ,11.—

260 904 292 924 fco.
331 902 377 927 (mit
391 902 460 928 Bezug
472 902 533 922 unter
545 900 700 924 Prixatofcr-Ise»
740 914 748 923 .
772 915 782 923 .
822 915 832 923 .
859 901 879 921 7.
892 901 918 926 SO
957 903 1064 926 ,14-

207 928 382 952 veutialunfc
406 927 530 950 (Beftillunq
550 927 601 947 deim
614 926 715 950 Postamt)
744 940 751 948 .
776 941 783 947 .
805 925 848 946 MI.
861 927 880 947 6.
893 928 918 948 iS

207 954 335 978 Oesterrei
345 954 486 979 L.llngiru
505 953 565 975 (»«!>.
579 953 598 973 fc.
614 952 715 977 Poftaml)
746 951 769 978 fl.
782 951 802 973 ».
816 952 848 973 W.
861 954 881 973 4.
894 953 920 973 «2

206 981 233 1030 ä
233 981 322 1005 talien
337 979 463 1008 (Bestellung
475 979 533 1000 deim
546 978 649 1004 Postum»
683 992 785 1000 ....
812 977 850 1004 Fr.
863 979 881 999 7.
896 979 920 1000 IS
945 978 983 1005 Fr.
998 979 1029 1000 18.
1044 978 1067 1001 1»

233 1007 388 1034 »rigeStaalen
402 1007 438 1026 de»
452 1004 688 1028 Weltpostverein»
711 1018 781 1025 ...
823 1019 833 1028 .
848 1005 879 1025 II.
892 1004 917 1025 »0
958 1020 967 1031 .
1045 1014 1065 1021 -

311 1031 613 1065 MedaktionsSureaur
631 1029 839 1061 Tonhallestraße
858 1029 905 1058 Nr.
923 1033 947 1057 b.

1298 854 1426 978 unb
1482 850 2002 1006 Wchmtz»

3036 818 3418 853 Jnfertionspreis«»

2984 862 3023 886 Per
3035 862 3155 888 einspaltige
3162 861 3264 888 Peiiizeile
3277 863 3323 883 ofcer
3335 864 3392 884 deren
3405 862 3475 885 Raum

2929 887 2961 910 Illr
2974 887 3004 908 die
3016 887 3106 913 Schwei,
3120 890 3146 909 ,r
3160 888 3213 911 8t,..
3232 888 3266 912 für
3279 889 3318 909 da,
3332 889 3426 910 Ausland
3438 892 3465 911 40
3477 888 3531 913 «»„

2800 911 2961 937 eoril-Li>I>rate
2969 915 2994 934 20
3004 913 3049 934 «ts.
3064 914 3118 937 Irrel,
3127 914 3203 940 slnai,,.
3212 914 3327 942 Anzeigen),
3341 915 3447 937 Neclame»
3456 915 3493 942 gr.
3504 918 3545 938 1.-
3554 918 3589 938 »er
3597 915 3657 942 geil».

2970 938 3132 970 _«arinlge
3145 939 3387 965 gnserateii.Annahm«
3400 942 3431 963 bei

2919 977 2970 983 —
3045 986 3053 992 -
3086 965 3235 994 Kutlolf
3248 966 3374 996 IloNse
3504 982 3539 990 —

2800 996 3036 1023 Annoncen-Erpefciiion
3055 998 3089 1024 für
3102 1000 3140 1020 alle
3153 1000 3308 1027 schweirerische,
3324 1003 3365 1024 und
3381 1002 3534 1029 auSIändij»«»
3546 1003 3657 1031 ZeUun,«!

3006 1025 3113 1061 Kürich,
3130 1026 3340 1061 Tonhallestraße
3358 1029 3407 1058 Nr.
3426 1032 3451 1058 5.

243 1111 1403 1231 Aöontmimits-Sinladimg
1439 1135 1591 1229 pro
1631 1109 1871 1209 1893.

356 1255 423 1298 Für
454 1256 500 1291 die
532 1256 719 1298 verehrlichen
741 1256 932 1291 Abonnenten
965 1256 1014 1291 der
1036 1256 1132 1291 Stadt
1154 1257 1261 1301 Zürich
1293 1258 1376 1301 kostet
1398 1258 1442 1293 die
1464 1258 1592 1301 Zeitung
1616 1265 1700 1293 wenn
1733 1258 1772 1299 sie
1805 1257 1850 1291 bei
1872 1258 1920 1292 der

198 1298 406 1343 Hauvtablage
429 1298 733 1343 Tonhallestraße
756 1298 829 1336 Nr.
851 1302 878 1335 5
901 1301 967 1335 oder
989 1301 1066 1336 einer
1088 1302 1138 1336 der
1160 1304 1289 1338 nnten-
1447 1314 1461 1338 8
1479 1311 1629 1340 Monate.
1717 1314 1732 1337 o
1753 1310 1901 1339 Monate.

265 1336 459 1386 stehenden
481 1343 657 1387 Ablagen
680 1344 814 1387 abgeholt
836 1344 1172 1381 wird.

197 1395 285 1421 wenn
307 1387 353 1421 die
374 1387 503 1430 Zeitung
528 1387 589 1422 ins
612 1387 724 1431 Haus
748 1388 915 1431 gebracht
937 1388 1031 1423 wird
1108 1414 1118 1423 .
1162 1413 1172 1424 .

197 1430 274 1473 beim
297 1429 470 1473 Postamt
492 1431 645 1466 abonniert
667 1432 717 1474 für
738 1433 781 1476 die
805 1441 917 1476 ganze
941 1431 1109 1476 Schweiz
1164 1456 1174 1468 .

195 1479 284 1510 unter
305 1475 520 1517 Privatadresse
563 1498 580 1516 ,
673 1500 690 1517 ,
747 1500 764 1518 ,
835 1501 851 1517 ,
1010 1501 1027 1517 „

847 1547 934 1598 Z?ür
961 1547 1031 1590 das
1058 1546 1269 1595 Ausland:

194 1651 247 1692 für
269 1649 670 1694 Oesterreich-Ungarn
693 1661 727 1694 zu

194 1870 340 1914 ergebenst
361 1871 408 1905 eia

1069 1913 1314 1965 Administration
1340 1915 1392 1957 drr
1418 1913 1542 1965 „Nrnrn
1570 1914 1865 1967 Ziirchkr-Zritung".

376 2012 691 2079 Verzeichnis
729 2012 810 2066 der
846 2010 1078 2077 Ablagen
1115 2012 1198 2075 für
1235 2012 1311 2067 die
1345 2011 1507 2080 KLadL
1543 2013 1741 2080 Zürich.

284 2098 463 2140 Außersihl:
484 2097 529 2131 bei
552 2097 605 2140 Fr.
629 2097 746 2137 Balzer,
769 2096 1080 2136 Lebensmittelverein,
1106 2098 1193 2138 große
1217 2097 1409 2139 Werdstraße.

284 2143 477 2184 Bleichenvcg
500 2142 557 2175 Nr.
582 2144 624 2174 22
638 2152 646 2175 :
669 2141 714 2174 bei
736 2140 832 2183 Herrn
855 2140 949 2178 Jakob
971 2141 1179 2183 Bertschiuger,
1204 2142 1572 2186 Schnhwarenhandlung.

285 2186 477 2228 Elsaßerplatz
503 2187 563 2218 13:
589 2185 632 2219 bei
655 2184 798 2227 Fräulein
821 2184 859 2218 A.
882 2184 986 2224 Keller,
1009 2184 1359 2228 Wcißwarenhandlung.

285 2230 377 2272 Enge,
401 2229 561 2272 Spitzgasse
587 2231 625 2262 1:
651 2228 694 2262 bei
717 2228 799 2271 Frau
823 2228 913 2262 Anna
935 2228 1031 2267 Weiß,
1054 2229 1141 2263 Lokal
1163 2230 1215 2262 des
1238 2229 1492 2271 Konsumvereins.

285 2274 443 2315 Fluntcrn,
467 2272 685 2314 Plattenstraße
708 2274 769 2306 20:
795 2271 837 2305 bei
860 2272 955 2315 Herrn
979 2272 1116 2315 Denzler,
1140 2272 1333 2316 Buchbinder.

285 2317 417 2358 Gassen:
440 2317 485 2350 bei
508 2317 591 2359 Frau
614 2316 873 2358 Müller-Flacher,
897 2316 1161 2358 Spezereigeschäft.

285 2361 457 2403 Hottingen,
480 2360 698 2403 Plattenstraße
720 2360 775 2393 Nr.
800 2362 863 2393 92:
887 2359 930 2393 bei
952 2360 1049 2402 Herrn
1072 2359 1194 2402 Gehrig,
1218 2359 1497 2403 Hottinger-Bazar.

284 2405 317 2483 g
317 2405 489 2438 irslanden:
515 2404 558 2437 bei
579 2404 646 2446 Frl.
669 2403 783 2446 Meyer,
807 2403 1068 2446 Spezereigeschäft.
1093 2403 1267 2447 Kreuzplatz.

321 2448 455 2488 berdorf:
478 2447 524 2481 bei
545 2448 629 2490 Frau
652 2447 898 2490 Vögeli-Müller,
920 2447 1186 2490 Spezereigeschäft.

284 2491 458 2533 Oberstraß.
481 2491 726 2533 Culmannstraße
751 2494 812 2525 16:
836 2491 880 2525 bei
902 2491 985 2533 Frau
1007 2491 1233 2533 Maag-Bader,
1255 2491 1522 2534 Spezereigeschäft,

284 2539 326 2570 im
349 2535 477 2577 Pfauen.
501 2536 679 2578 Heimplatz:
705 2535 746 2568 bei
770 2536 853 2577 Frau
875 2534 915 2569 B.
939 2534 1202 2577 Korn-Kratzeisen.
1227 2535 1498 2578 Cigarrengeschäft.

284 2580 448 2622 Rennweg,
471 2578 538 2613 Ecke
559 2579 754 2621 Kuttelgasse:
777 2579 822 2612 bei
845 2579 926 2621 Frau
949 2579 1044 2619 Rühl,
1066 2579 1241 2622 Nachfolger
1264 2587 1322 2613 von
1346 2580 1383 2613 C.
1407 2579 1575 2620 Süßtrunk,
1600 2578 1866 2621 Spezereigcschäst.

287 2623 442 2665 RieSbach,
467 2622 680 2664 Seefeldstraße
704 2622 759 2656 Nr.
784 2624 846 2656 76:
869 2622 912 2655 bei
935 2622 972 2664 F.
996 2622 1133 2661 Corrodi,
1155 2622 1507 2665 Weißwarenhandlung.

286 2667 480 2709 Nosengasse:
505 2667 548 2700 bei
571 2666 715 2709 Fräulein
738 2666 880 2707 Sporrer,
902 2666 988 2699 Lokal
1011 2667 1062 2699 des
1086 2666 1340 2704 Konsumvereins.

286 2710 502 2753 Schützcngass«
525 2712 586 2743 22:
612 2710 655 2742 bei
679 2710 820 2751 Fräulein
843 2709 953 2748 Bertha
974 2710 1062 2750 Frey,
1087 2710 1270 2750 Spezereiha.
1284 2710 1387 2751 dlung.

286 2754 418 2790 Sclnan,
441 2753 747 2795 Brandschenkestraße
770 2752 828 2785 Nr.
851 2754 914 2785 38:
937 2751 980 2784 bei
1004 2751 1087 2793 Frau
1110 2752 1241 2794 Kündig,
1265 2752 1594 2793 Konsilmvereinslokal.

285 2794 458 2835 Sihlstraße
480 2795 537 2828 Nr.
560 2798 623 2829 49:
648 2796 691 2829 bei
716 2794 855 2837 Fräulein
879 2795 1064 2836 Wilhelmine
1087 2795 1203 2837 Meyer.
1228 2796 1527 2839 Spezereihandlung.

284 2837 474 2878 Ustcristraße
497 2838 554 2871 Nr.
577 2840 619 2871 5:
643 2839 687 2872 bei
711 2840 806 2882 Herrn
830 2838 866 2871 A.
891 2845 947 2871 von
970 2838 1085 2876 Büren.
1108 2839 1478 2882 Kolonialwareugeschäft.

287 2881 470 2922 Unterstraß,
494 2881 576 2915 Neue
599 2881 850 2932 Beckcnhosstraße
872 2881 927 2914 Nr.
951 2884 993 2915 4:
1017 2882 1060 2915 bei
1084 2882 1137 2923 Fr.
1159 2882 1232 2921 Jlli,
1255 2884 1342 2917 Lokal
1367 2885 1418 2917 des
1441 2882 1695 2924 Konsumvereins.

285 2924 504 2965 WolliShofen:
529 2925 569 2958 bei
592 2925 690 2968 Herrn
713 2925 826 2967 Friedr.
850 2924 989 2967 Fleckner,
1012 2924 1305 2968 Geschirrhaudlnng.

359 3063 871 3131 Tagesbericht

449 3164 516 3189 vom
540 3158 589 3189 29.
615 3155 778 3197 Dezember.

262 3237 318 3276 Im
342 3235 570 3277 Vordergründe
606 3235 656 3268 der
680 3234 847 3276 politischen
870 3234 1031 3275 Ereignisse

195 3282 269 3325 steht
303 3280 370 3322 noch
409 3280 512 3313 immer
550 3276 598 3312 der
633 3276 961 3321 Ministerwcchscl
999 3277 1031 3311 in

196 3325 358 3369 Ungarn
381 3330 442 3357 und
466 3332 495 3356 er
518 3322 593 3355 wird
618 3322 686 3363 auch
710 3322 777 3364 noch
795 3322 864 3354 über
880 3323 934 3355 das
951 3321 1032 3354 Neu¬

197 3371 265 3413 jahr
288 3369 336 3402 die
356 3368 436 3409 Lage
458 3365 651 3408 beherrschen;
689 3366 764 3399 denn
799 3366 877 3407 wohl
914 3365 947 3404 ist
983 3366 1032 3398 der

197 3413 347 3449 Rücktritt
370 3412 422 3445 des
445 3410 605 3444 Kabinetts
630 3409 754 3443 Wckerle
788 3409 850 3442 eine
873 3409 1033 3442 vollendete

197 3457 368 3499 Thatsache.
411 3462 471 3488 wer
504 3453 571 3487 aber
608 3453 773 3495 Nachfolgen
798 3452 862 3493 soll,
911 3452 1033 3486 darüber

197 3501 321 3545 herrscht
356 3499 424 3541 noch
459 3498 549 3540 große
581 3496 798 3539 Ungewißheit.
847 3497 910 3530 Der
932 3496 1034 3537 Kaiser

197 3546 233 3586 ist
257 3544 325 3585 nach
350 3543 418 3585 Pest
442 3542 602 3584 gekommen
636 3541 697 3574 und
727 3540 802 3573 wird
827 3539 878 3581 sich
901 3539 955 3573 mit
979 3541 1032 3573 den

197 3585 473 3632 hervorragendsten
497 3586 755 3619 Staatsmännern
779 3584 840 3616 und
864 3583 1031 3625 Politikern

197 3634 270 3667 über
292 3632 338 3665 die
361 3628 553 3670 Neubildung
576 3629 628 3661 dcS
651 3626 876 3664 Ministeriums
899 3626 1027 3660 beraten.

196 3677 292 3720 Hiezu
326 3675 378 3716 hat
412 3683 442 3706 er
464 3672 543 3711 nicht
563 3671 635 3712 bloß
657 3675 733 3703 etwa
755 3670 890 3704 Männer
912 3670 960 3703 der
983 3669 1032 3703 bis

196 3721 260 3763 jetzt
283 3718 467 3761 regierenden
486 3715 591 3756 Partei
615 3714 791 3755 eingeladen,
820 3714 940 3754 sondern
963 3714 1031 3754 auch

197 3764 287 3806 solche
311 3764 360 3796 der
381 3759 575 3802 Opposition,
604 3758 722 3799 obschon
745 3764 823 3799 zwar
845 3757 890 3789 die
912 3756 1032 3790 liberale

197 3806 308 3847 Partei
331 3807 386 3838 das
420 3804 497 3845 nicht
534 3811 603 3844 gern
642 3801 754 3843 gesehen
789 3800 850 3840 hat.
898 3799 944 3836 In
982 3800 1032 3832 der

197 3852 311 3891 Ofener
334 3848 471 3891 Hofburg
495 3846 569 3880 wird
594 3847 643 3879 der
661 3844 762 3885 Kaiser
784 3844 935 3877 Vertreter
958 3842 1032 3875 aller

195 3893 367 3937 politischen
391 3891 576 3932 Richtungen
601 3889 770 3929 empfangen
794 3888 854 3920 und
870 3894 926 3919 von
944 3885 1030 3927 ihnen

197 3940 298 3982 hören,
326 3936 381 3969 wie
405 3935 443 3975 sie
466 3934 512 3967 die
535 3933 610 3974 Lage
634 3933 683 3965 der
698 3931 797 3972 Dinge
813 3929 953 3971 aufsassen
969 3930 1031 3961 und

1083 3067 1148 3096 was
1170 3063 1241 3105 nach
1265 3063 1342 3104 ihrer
1354 3063 1547 3105 Anschauung
1571 3064 1621 3103 für
1644 3062 1689 3096 die
1711 3063 1848 3105 Zukunft
1869 3073 1916 3097 am

1081 3106 1173 3143 besten
1196 3116 1232 3148 zu
1255 3106 1398 3148 g'schchen
1422 3108 1512 3147 hätte.

1147 3149 1235 3190 Diese
1256 3150 1315 3183 Art
1339 3151 1390 3183 des
1413 3150 1585 3191 Vorgehens
1609 3149 1743 3191 erscheint
1767 3159 1822 3183 neu
1854 3150 1914 3183 und

1084 3192 1135 3232 hat
1157 3193 1301 3233 Aufsehen
1324 3197 1427 3235 erregt,
1455 3199 1486 3227 es
1510 3193 1589 3233 heißt
1613 3194 1689 3231 aber,
1714 3194 1774 3226 Dr.
1790 3193 1916 3226 Wckerle

1086 3235 1164 3274 selbst
1188 3236 1259 3277 habe
1281 3242 1313 3270 es
1336 3238 1398 3270 dem
1417 3237 1516 3276 Kaiser
1539 3241 1706 3278 angeraten,
1735 3237 1828 3270 damit
1852 3237 1914 3270 der¬

1086 3279 1158 3318 selbe
1181 3279 1213 3312 in
1237 3281 1286 3312 der
1308 3280 1524 3321 umfassendsten
1538 3281 1631 3321 Weise
1654 3288 1719 3313 voin
1744 3280 1913 3321 politischen

1087 3322 1235 3363 Zustande
1250 3324 1393 3364 Ungarns
1409 3324 1595 3365 unterrichtet
1619 3325 1711 3357 werde
1734 3325 1795 3357 und
1819 3324 1912 3358 damit

1087 3366 1133 3399 die
1154 3366 1335 3407 Opposition
1359 3367 1435 3409 nicht
1459 3368 1556 3409 klagen
1581 3368 1678 3403 könne,
1706 3367 1763 3408 daß
1777 3368 1825 3401 der
1841 3368 1916 3402 Kai¬

1087 3409 1129 3449 ser
1150 3419 1209 3442 nur
1232 3411 1295 3443 eine
1317 3410 1414 3449 Seite,
1455 3420 1512 3444 nur
1534 3410 1580 3444 die
1602 3411 1761 3453 Anhänger
1783 3412 1835 3445 des
1858 3411 1917 3453 jetzt

1088 3453 1286 3494 herrschenden
1309 3454 1449 3496 Regimes
1473 3455 1590 3495 anhöre.

1152 3497 1213 3530 Die
1236 3497 1415 3538 ausfallende
1437 3498 1496 3531 Art
1519 3500 1568 3532 der
1591 3498 1844 3541 Vorbereitungen
1867 3508 1918 3540 zur

1088 3540 1280 3583 Neubildung
1303 3541 1383 3575 eines
1399 3541 1559 3576 Kabinetts
1583 3542 1736 3583 entspricht
1761 3542 1827 3575 aber
1851 3542 1918 3584 auch

1087 3584 1136 3617 der
1158 3584 1358 3624 auffallenden
1382 3586 1441 3619 Art
1464 3586 1515 3619 des
1527 3586 1694 3619 Rücktritts
1718 3588 1771 3619 des
1793 3586 1920 3627 bisheri¬

1087 3637 1140 3669 gen
1174 3628 1409 3662 Ministeriums.
1458 3629 1543 3663 Beim
1583 3630 1794 3671 gewöhnlichen
1832 3629 1923 3670 Lause

1087 3672 1136 3703 der
1158 3671 1260 3713 Dinge
1283 3673 1349 3714 geht
1373 3673 1419 3706 ein
1443 3673 1658 3710 Ministerium,
1700 3673 1769 3707 weil
1803 3678 1835 3707 es
1866 3675 1921 3706 das

1087 3714 1254 3748 Vertrauen
1288 3717 1339 3749 des
1363 3716 1558 3756 Parlaments
1597 3716 1729 3750 verloren
1769 3716 1821 3757 hat
1857 3719 1923 3750 oder

1087 3757 1152 3790 weil
1193 3757 1253 3799 ihm
1277 3758 1338 3792 eine
1362 3759 1496 3801 Aufgabe
1528 3759 1703 3802 mißlungen
1737 3759 1784 3800 ist,
1822 3760 1921 3793 indem

1086 3801 1135 3832 der
1157 3799 1303 3843 Monarch
1328 3801 1403 3842 seine
1425 3802 1632 3844 Zustimmung
1655 3812 1690 3844 zu
1707 3803 1797 3836 einem
1814 3803 1922 3844 Gesetze

1085 3844 1265 3885 verweigert.
1313 3845 1420 3885 Nichts
1454 3853 1511 3879 von
1535 3847 1596 3879 dem
1622 3847 1665 3879 bei
1689 3846 1832 3879 Wckerle!
1878 3846 1921 3878 Er

1085 3885 1177 3927 besitzt
1201 3887 1246 3920 die
1269 3887 1430 3929 begeisterte
1453 3888 1692 3929 Anhänglichkeit
1715 3889 1794 3921 einer
1814 3888 1919 3928 Mehr¬

1085 3929 1144 3970 heit
1183 3930 1224 3962 im
1255 3930 1573 3971 Abgeordnetenhause,
1613 3931 1659 3963 die
1695 3931 1803 3971 freilich
1842 3930 1919 3971 nicht

1965 1100 2037 1142 groß
2061 1099 2104 1141 ist,
2143 1100 2200 1134 mit
2223 1100 2272 1134 der
2310 1099 2364 1141 sich
2388 1099 2456 1133 aber
2479 1099 2546 1141 doch
2570 1099 2696 1142 regieren
2720 1099 2798 1141 läßt.

1965 1145 2008 1178 Er
2031 1144 2081 1186 hat
2106 1144 2205 1184 soeben
2238 1143 2323 1178 einen
2362 1144 2471 1185 großen
2503 1143 2609 1186 Erfolg
2644 1153 2798 1186 errungen,

1965 1187 2059 1222 indem
2083 1198 2113 1222 er
2136 1187 2243 1230 Gesetze
2281 1195 2339 1221 von
2375 1188 2425 1221 der
2461 1187 2585 1230 größten
2624 1188 2802 1230 Bedeutung

1965 1231 2039 1273 nicht
2064 1232 2134 1273 bloß
2157 1232 2198 1265 im
2221 1231 2393 1273 Oberhause
2416 1231 2643 1275 durchgebracht,
2679 1232 2801 1272 sondern

1965 1275 2031 1316 auch
2067 1275 2128 1317 ihre
2165 1275 2326 1318 endgiltige
2366 1275 2589 1318 Genehmigung
2625 1276 2709 1317 durch
2748 1276 2801 1309 den

1964 1319 2064 1360 Kaiser
2087 1320 2204 1362 erlangt
2227 1320 2288 1361 hat,
2318 1319 2435 1362 Gesetze,
2463 1319 2509 1352 die
2531 1319 2614 1353 einen
2639 1319 2802 1359 Markstein

1966 1363 1997 1396 in
2020 1364 2069 1396 der
2092 1363 2310 1405 Entwickelung
2322 1363 2467 1405 Ungarns
2491 1362 2630 1397 bedeuten
2654 1364 2715 1397 und
2738 1364 2800 1396 dem

1966 1407 2055 1448 Sohn
2104 1407 2184 1441 eines
2229 1407 2482 1450 eingewanderten
2517 1407 2628 1440 kleinen
2665 1407 2801 1440 Mannes

1966 1450 2156 1493 schwäbischer
2179 1451 2312 1492 Abkunft
2344 1451 2426 1485 einen
2450 1449 2714 1492 unvergänglichen
2737 1451 2801 1484 Na¬

1966 1504 2027 1527 men
2059 1494 2089 1528 in
2114 1496 2161 1528 der
2186 1494 2346 1536 Geschichte
2384 1496 2435 1528 des
2459 1495 2577 1528 Landes
2615 1494 2797 1535 verschaffen.

1966 1538 2032 1571 Und
2057 1540 2186 1580 trotzdem
2211 1539 2311 1580 mußte
2334 1549 2363 1572 er
2387 1539 2487 1579 fallen,
2513 1538 2608 1581 gewiß
2626 1538 2687 1571 eine
2701 1537 2803 1579 seltene

1966 1582 2159 1624 Erscheinung
2184 1583 2215 1615 in
2238 1584 2287 1616 der
2311 1582 2437 1624 Politik.

2029 1626 2109 1659 Man
2134 1626 2208 1667 sagt,
2250 1626 2377 1660 Wckerle
2411 1626 2483 1666 habe
2517 1626 2638 1667 weichen
2676 1625 2798 1667 müssen,

1966 1668 2032 1702 weil
2065 1679 2094 1702 er
2129 1670 2174 1703 die
2206 1669 2302 1710 Gunst
2326 1671 2377 1703 des
2402 1669 2521 1711 Kaisers
2547 1671 2607 1703 und
2633 1671 2683 1703 des
2707 1669 2802 1712 Hofes

1965 1714 2094 1746 verloren
2118 1713 2200 1754 habe.
2248 1714 2294 1751 In
2318 1713 2496 1756 wörtlichem
2520 1714 2624 1748 Sinne
2656 1712 2691 1751 ist
2730 1712 2803 1753 diese

1965 1756 2082 1799 Ansicht
2105 1757 2182 1798 nicht
2207 1757 2318 1799 richtig,
2364 1759 2438 1791 denn
2462 1757 2524 1790 eine
2549 1757 2669 1791 liberale
2692 1756 2801 1798 Regie¬

1965 1809 2039 1841 rung
2065 1819 2103 1824 —
2128 1801 2189 1834 und
2213 1800 2260 1834 bis
2285 1801 2346 1842 jetzt
2369 1801 2485 1843 gehörte
2508 1801 2587 1841 jedes
2606 1800 2801 1840 Mnisterium

1965 1844 2005 1878 im
2028 1844 2232 1886 selbständigen
2261 1845 2386 1886 Ungarn
2411 1846 2458 1878 der
2483 1844 2625 1878 liberalen
2648 1844 2801 1886 Richtung

1965 1897 2001 1921 an
2027 1906 2063 1912 —
2090 1888 2125 1929 ist
2158 1887 2232 1921 beim
2256 1888 2332 1931 Hofe
2356 1888 2386 1922 in
2411 1888 2498 1922 Wien
2521 1888 2633 1921 einmal
2654 1888 2731 1929 nicht
2754 1888 2802 1920 be¬

1965 1931 2044 1968 liebt.
2072 1933 2121 1965 der
2144 1931 2193 1972 für
2217 1931 2261 1965 die
2284 1933 2389 1965 andere
2407 1932 2608 1974 Reichshälfte
2632 1931 2676 1965 die
2700 1931 2803 1972 gleiche

1966 1974 2290 2015 klerikal-konservative
2313 1976 2479 2018 Herrschaft
2503 1976 2641 2013 anstrebt,
2683 1975 2739 2008 wie
2763 1974 2801 2015 sie

1965 2019 1996 2051 in
2020 2020 2068 2052 der
2091 2019 2275 2061 diesseitigen
2300 2019 2405 2062 Hälfte
2442 2019 2498 2052 mit
2533 2019 2663 2060 rvenigen
2700 2018 2800 2060 kurzen

1964 2062 2233 2104 Unterbrechungen
2274 2062 2303 2104 jct
2338 2063 2490 2105 eigentlich
2524 2063 2628 2096 immer
2649 2062 2801 2100 bestanden

1964 2107 2024 2147 hat.
2073 2106 2145 2147 Also
2176 2107 2327 2148 deswegen
2353 2107 2434 2148 hätte
2456 2106 2585 2140 Wckerle
2607 2106 2710 2139 immer
2731 2105 2801 2139 wei¬

1965 2153 2007 2183 ter
2029 2151 2155 2191 regieren
2179 2153 2291 2192 mögen,
2321 2151 2351 2190 so
2375 2153 2429 2192 gut
2453 2150 2508 2183 wie
2531 2150 2606 2191 seine
2627 2150 2803 2191 Vorgänger

1963 2194 2066 2235 Tisza,
2095 2193 2234 2235 Szapary
2259 2203 2289 2227 u.
2318 2194 2339 2234 s.
2368 2201 2406 2226 w.
2462 2193 2541 2227 Aber
2579 2197 2665 2227 unter
2700 2193 2803 2233 seinem

1962 2238 2134 2279 Regimcute
2157 2240 2255 2271 traten
2281 2237 2514 2279 Erscheinungen
2551 2247 2587 2278 zu
2627 2237 2720 2279 Tage,
2759 2237 2805 2270 die

1963 2281 1994 2314 in
2019 2281 2105 2315 Wien
2131 2283 2192 2314 und
2223 2281 2335 2322 spcciell
2374 2282 2442 2321 auch
2466 2281 2542 2314 beim
2566 2280 2667 2321 Kaiser
2705 2280 2804 2319 beson¬

1963 2326 2029 2358 ders
2052 2324 2166 2365 Anstoß
2191 2334 2305 2366 erregen
2330 2325 2462 2365 mußten.
2499 2325 2588 2365 Nicht
2612 2324 2658 2357 die
2681 2323 2803 2365 kirchen-

1962 2368 2131 2409 politischcn
2156 2367 2263 2409 Gesetze
2287 2376 2386 2401 waren
2410 2372 2452 2401 es.
2481 2367 2542 2401 Die
2565 2368 2618 2408 hat
2642 2369 2689 2401 der
2703 2366 2805 2408 Kaiser

1963 2411 2072 2445 einmal
2106 2411 2280 2453 genehmigt,
2318 2418 2398 2453 zwar
2431 2412 2487 2444 mit
2524 2411 2669 2453 schwerem
2693 2412 2803 2453 Herzen

1963 2455 2023 2489 und
2048 2454 2174 2496 wirklich
2199 2465 2256 2488 nur
2280 2456 2514 2497 notgedrungen.
2566 2455 2666 2488 Allein
2706 2455 2803 2496 Franz

1963 2498 2047 2540 Josef
2082 2498 2114 2533 ist
2150 2499 2197 2531 ein
2227 2499 2255 2540 so
2280 2499 2357 2532 edler
2381 2499 2551 2539 Charakter,
2592 2498 2650 2539 daß
2684 2508 2715 2531 er
2737 2499 2803 2531 des¬

1963 2549 2060 2584 wegen
2084 2543 2145 2575 dem
2169 2542 2296 2579 Manne,
2341 2545 2389 2575 der
2428 2543 2487 2583 ihm
2525 2543 2572 2575 die
2609 2542 2802 2583 Unterschrift

1964 2585 2158 2627 abgeruugen,
2199 2586 2292 2627 gewiß
2327 2586 2406 2627 nicht
2440 2588 2561 2627 gezürnt
2594 2586 2688 2625 hätte.
2737 2586 2802 2618 Der

1963 2628 2065 2670 Kaiser
2087 2629 2182 2671 schätzt
2206 2629 2345 2670 vielmehr
2368 2629 2414 2663 die
2437 2630 2611 2663 bedeutende
2628 2630 2717 2669 Kraft
2739 2630 2801 2662 und

1964 2673 2010 2705 die
2033 2673 2281 2714 hervorragenden
2307 2673 2524 2715 Eigenschaften
2557 2673 2648 2712 dieses
2671 2673 2805 2706 Staats¬

1964 2721 2097 2749 mannes.
2135 2716 2250 2750 Andere
2274 2716 2507 2758 Erscheinungen
2530 2717 2625 2757 haben
2648 2718 2703 2749 den
2726 2716 2804 2749 Ent¬

1964 2759 2059 2800 schluß
2084 2761 2134 2792 des
2159 2760 2341 2801 Monarchen
2366 2770 2430 2801 zum
2453 2759 2620 2793 Rücktritte
2643 2761 2693 2793 des
2710 2759 2803 2793 Kabi¬

1963 2806 2046 2836 netts
2071 2803 2183 2844 gereift.

2029 2847 2124 2879 Unter
2147 2848 2208 2879 dem
2231 2847 2436 2888 zweijährigen
2459 2847 2635 2889 Regimente
2657 2846 2804 2881 Wekerles

1963 2889 1998 2928 ist
2020 2890 2143 2930 nämlich
2175 2890 2221 2923 die
2244 2891 2419 2932 Strömung
2457 2890 2491 2924 in
2528 2891 2664 2932 Ungarn,
2705 2891 2804 2931 welche

1963 2933 2015 2974 auf
2038 2933 2100 2966 eine
2123 2933 2303 2975 Zerstörung
2340 2935 2391 2967 des
2422 2933 2599 2976 Ausgleichs
2635 2944 2693 2967 von
2720 2936 2802 2966 1867

1963 2977 2023 3010 und
2048 2977 2100 3016 auf
2124 2977 2186 3010 eine
2209 2977 2293 3017 bloße
2317 2977 2562 3019 Personalumon
2595 2977 2653 3011 mit
2686 2977 2802 3015 Oester¬

1962 3020 2033 3061 reich
2069 3020 2255 3061 hinarbeitct,
2299 3021 2422 3063 mächtig
2459 3020 2736 3063 emporgewachsen;
2773 3020 2802 3062 ja

1962 3064 2029 3105 noch
2054 3065 2142 3104 mehr,
2171 3063 2309 3105 diejenige
2333 3064 2494 3106 Richtung,
2522 3065 2623 3105 welche
2646 3065 2691 3097 die
2714 3066 2800 3106 gänz¬

1962 3107 2030 3147 liche
2053 3106 2263 3148 Lostrennung
2288 3115 2346 3140 von
2370 3108 2545 3148 Oesterreich
2584 3108 2645 3140 und
2669 3108 2715 3140 die
2738 3107 2800 3140 Ab¬

1961 3150 2068 3192 setzung
2107 3151 2155 3183 der
2190 3150 2430 3192 habsburgischen
2464 3150 2626 3193 Dynastie^
2658 3150 2796 3189 anstrebt,

1961 3193 2013 3234 hat
2034 3193 2087 3235 sich
2111 3193 2267 3226 wiederum
2290 3194 2520 3236 hervorgewagt.
2571 3194 2653 3227 Man
2677 3194 2730 3234 hat
2754 3203 2800 3235 ge¬

1961 3236 2075 3277 glaubt,
2104 3237 2142 3277 sie
2165 3237 2290 3277 existiere
2312 3237 2391 3279 nicht
2414 3238 2511 3278 mehr;
2550 3237 2618 3271 aber
2652 3237 2708 3270 mit
2738 3237 2801 3270 dem

1961 3281 2044 3314 Tode
2078 3280 2203 3322 Ludwig
2239 3281 2385 3322 Kvssuths
2424 3289 2488 3314 war
2521 3281 2561 3321 sie
2597 3280 2653 3313 mit
2693 3280 2802 3314 einmal

1961 3324 2068 3357 wieder
2101 3325 2149 3357 da.
2200 3324 2290 3366 Wohl
2329 3325 2456 3365 mochten
2492 3324 2539 3358 die
2576 3325 2703 3365 Ungarn
2741 3324 2805 3364 ihre

1962 3367 2203 3409 Anhänglichkeit
2232 3378 2271 3401 an
2305 3368 2354 3401 die
2389 3368 2535 3410 Dynastie
2567 3368 2725 3410 bezeugen;
2761 3367 2806 3400 die

1962 3411 2125 3453 ungeheure
2147 3411 2367 3454 Begeisterung,
2395 3412 2451 3445 mit
2475 3413 2525 3445 der
2549 3411 2595 3445 die
2604 3411 2702 3453 Leiche
2725 3411 2806 3445 eines

1963 3455 2101 3488 Mannes
2126 3455 2298 3496 empfangen
2322 3456 2434 3494 wurde,
2477 3455 2594 3495 welcher
2629 3456 2679 3489 der
2716 3455 2807 3496 habs¬

1965 3499 2131 3540 burgischen
2154 3499 2299 3540 Dynastie
2321 3498 2527 3540 unerbittliche
2551 3497 2737 3541 Feindschaft
2762 3508 2808 3541 ge¬

1965 3543 2106 3583 schworen
2130 3542 2222 3582 hatte,
2262 3542 2365 3584 mußte
2406 3544 2460 3577 den
2495 3543 2597 3584 Kaiser
2635 3542 2668 3577 in
2707 3542 2809 3584 hohem

1967 3587 2068 3620 Grade
2089 3587 2239 3628 verletzen;
2264 3587 2340 3620 denn
2364 3596 2394 3620 er
2417 3587 2499 3627 hatte
2519 3585 2669 3629 geglaubt,
2696 3586 2756 3625 daß
2780 3594 2809 3619 er

1968 3630 2019 3672 sich
2043 3630 2129 3671 durch
2153 3630 2213 3671 sein
2236 3630 2330 3671 streng
2359 3630 2626 3669 konstitutionelles
2646 3629 2808 3670 Verhalten

1970 3675 2024 3706 den
2047 3674 2173 3715 Ungarn
2212 3674 2371 3716 gegenüber
2403 3674 2447 3707 die
2469 3673 2556 3707 Liebe
2578 3675 2640 3707 und
2663 3673 2807 3713 Anhäng¬

1969 3717 2078 3757 lichkeit
2095 3719 2146 3750 des
2162 3718 2271 3751 Volkes
2295 3717 2443 3750 erworben
2468 3716 2549 3757 habe,
2578 3716 2636 3756 daß
2658 3725 2688 3748 er
2711 3715 2807 3757 jeden¬

1968 3760 2041 3800 falls
2065 3760 2144 3801 mehr
2167 3761 2215 3800 für
2237 3762 2293 3793 daö
2317 3760 2401 3793 Land
2425 3760 2541 3801 gethan,
2570 3759 2620 3791 als
2658 3759 2708 3791 der
2744 3758 2806 3790 ein¬

1967 3803 2036 3844 stige
2059 3803 2212 3836 Diktator.
2239 3803 2307 3835 Und
2327 3803 2418 3843 dieses
2438 3802 2550 3842 Gefühl
2573 3802 2623 3834 der
2645 3800 2806 3842 Kränkung

1966 3846 2067 3885 mußte
2091 3846 2142 3885 sich
2165 3855 2218 3887 zur
2239 3845 2454 3885 Verbitterung
2486 3844 2655 3881 verstärken,
2696 3844 2745 3877 als
2777 3853 2806 3877 er

1965 3888 2045 3928 sehen
2070 3888 2179 3927 mußte,
2222 3888 2253 3921 in
2278 3888 2394 3929 welcher
2417 3887 2510 3929 Weise
2549 3888 2604 3921 das
2629 3887 2713 3921 Land
2744 3889 2806 3921 dem

1965 3931 2072 3971 Sohne
2095 3932 2146 3963 des
2169 3930 2343 3968 Diktators,
2370 3931 2470 3973 Franz
2493 3930 2632 3973 Kossuth,
2671 3932 2721 3964 der
2753 3931 2806 3972 sich

2848 1110 2896 1134 um
2919 1101 3045 1143 Ungarn
3082 1102 3150 1145 auch
3172 1105 3240 1146 noch
3263 1104 3341 1148 nicht
3362 1106 3419 1140 das
3442 1105 3582 1148 geringste
3605 1106 3682 1140 Ver.

2848 1144 2937 1184 dienst
2961 1144 3118 1183 erworben,
3154 1146 3294 1190 huldigte.
3343 1149 3411 1183 Und
3451 1151 3507 1184 das
3540 1149 3680 1190 Ministe-

2848 1188 2926 1221 rium
2950 1188 3076 1223 Wckerle
3101 1189 3166 1231 that
3188 1190 3293 1232 nichts,
3336 1202 3385 1226 um
3407 1194 3469 1227 dem
3493 1193 3678 1235 ungeheuren

2848 1231 3115 1274 Kossuth-Kultus,
3143 1233 3239 1275 nichts
3270 1244 3319 1268 um
3355 1237 3404 1269 der
3439 1237 3577 1278 taktlosen
3616 1238 3679 1271 und

2849 1275 3131 1317 herausfordernden
3155 1277 3461 1320 Kossuth-Rundreise
3490 1284 3678 1322 entgegenzu-

2849 1323 2958 1362 treten;
2988 1320 3098 1363 freilich
3122 1321 3171 1355 der
3195 1321 3338 1362 Minister
3360 1324 3410 1356 des
3433 1324 3552 1361 Innern
3575 1323 3680 1367 Hiero-

2848 1363 2928 1404 nymi
2966 1364 3067 1406 gehört
3105 1364 3184 1405 selbst
3221 1375 3256 1408 zu
3288 1367 3337 1400 der
3359 1366 3677 1408 Chauvinistenpartei,

2849 1407 2894 1440 die
2918 1409 2971 1441 den
2993 1408 3250 1449 Kossuth-Kultus
3287 1410 3399 1452 billigt.
3450 1412 3519 1445 Und
3555 1411 3683 1445 Wckerle

2849 1451 2929 1492 hatte
2952 1460 3002 1492 zur
3024 1451 3275 1495 Durchbringung
3299 1453 3389 1493 seiner
3405 1454 3681 1497 kirchenpolitischen

2850 1488 2957 1536 Gesetze
2969 1494 3014 1527 die
3026 1494 3247 1538 Unterstützung
3270 1497 3344 1530 aller
3366 1497 3506 1531 liberalen
3520 1498 3678 1537 Elemente,

2850 1538 2917 1579 auch
2941 1537 2987 1571 die
3010 1539 3059 1571 der
3082 1538 3231 1579 äußersten
3254 1539 3372 1579 Linken,
3401 1541 3500 1581 welche
3524 1541 3585 1574 eine
3607 1541 3682 1583 Per¬

2850 1581 3027 1622 sonalunion
3053 1581 3190 1622 anstrebt,
3217 1583 3321 1626 nötig;
3359 1584 3480 1626 deshalb
3520 1584 3617 1625 durfte
3653 1594 3684 1618 er

2850 1625 2887 1665 sie
2909 1625 2985 1668 nicht
3009 1633 3063 1659 vor
3086 1627 3140 1660 den
3156 1626 3235 1669 Kopf
3257 1627 3372 1669 stoßen;
3396 1637 3426 1662 er
3449 1627 3549 1669 mußte
3572 1628 3612 1670 sie
3633 1638 3682 1670 ge¬

2849 1670 2968 1711 währen
2990 1669 3093 1711 lassen.

2914 1712 3041 1754 Rechnet
3064 1722 3133 1747 man
3156 1714 3236 1748 dann
3259 1715 3328 1756 noch
3351 1715 3448 1757 hinzu,
3476 1716 3535 1758 daß
3549 1717 3599 1749 der
3611 1715 3684 1750 Kai¬

2849 1756 2891 1798 ser
2914 1757 2983 1799 auch
3014 1756 3061 1790 die
3083 1757 3197 1800 Klagen
3220 1759 3270 1792 der
3293 1759 3510 1793 unterdrückten
3534 1759 3684 1793 Nationa¬

2849 1800 2956 1834 litäten
2980 1801 3059 1842 hört,
3087 1800 3132 1835 die
3155 1805 3243 1835 unter
3259 1803 3321 1836 dem
3335 1802 3539 1844 Ministerium
3555 1803 3684 1838 Wckerle

2849 1847 2931 1886 ärger
2954 1845 3081 1886 verfolgt
3106 1846 3227 1878 wurden
3250 1846 3300 1880 als
3324 1846 3358 1888 je.
3394 1846 3424 1888 so
3447 1847 3524 1880 wird
3544 1856 3613 1881 man
3634 1847 3683 1880 be¬

2848 1888 2968 1929 greifen,
3007 1888 3066 1928 daß
3105 1889 3166 1922 dem
3190 1889 3292 1930 Kaiser
3330 1891 3378 1924 der
3412 1890 3559 1924 Rücktritt
3595 1890 3686 1931 dieses

2849 1931 3063 1971 Ministerums
3087 1932 3136 1965 als
3160 1932 3261 1967 immer
3284 1934 3484 1976 notwendiger
3509 1934 3636 1976 erschien.

2914 1975 2982 2009 Und
3006 1975 3074 2017 noch
3103 1975 3191 2010 Eins.
3237 1977 3337 2019 Kaiser
3368 1979 3467 2020 Franz
3501 1978 3582 2018 Josef
3616 1978 3687 2019 muß

2850 2019 2916 2060 auch
2940 2019 3083 2061 Rücksicht
3105 2020 3157 2059 auf
3180 2020 3252 2060 seine
3274 2022 3454 2064 auswärtige
3480 2021 3592 2064 Politik
3617 2022 3686 2062 neh¬

2850 2072 2923 2096 men.
2969 2063 3062 2106 Heute
3089 2062 3217 2097 bedeutet
3250 2064 3559 2108 Oesterreich-Ungarn
3594 2068 3686 2098 etwas

2849 2111 2932 2139 unter
2955 2108 3008 2139 den
3031 2106 3246 2150 Großmächten
3269 2109 3420 2149 Europas,
3454 2109 3528 2149 seine
3552 2109 3687 2151 Freund¬

2849 2149 2932 2190 schaft
2955 2150 3028 2184 wird
3053 2150 3159 2193 gesucht
3181 2153 3242 2185 und
3268 2152 3310 2185 im
3346 2152 3519 2187 Dreibunde
3555 2154 3605 2192 hat
3637 2153 3688 2186 der

2850 2193 2948 2233 Kaiser
2971 2193 3020 2235 sich
3046 2195 3130 2235 durch
3153 2195 3210 2235 sein
3232 2196 3317 2229 Alter
3339 2197 3394 2230 das
3423 2197 3525 2238 größte
3556 2196 3688 2237 Ansehen

2851 2239 2909 2270 und
2934 2237 3165 2278 gewissermaßen
3188 2239 3250 2272 eine
3272 2239 3409 2281 führende
3426 2240 3515 2274 Rolle
3530 2239 3687 2273 erworben.

2851 2280 2921 2313 Das
2945 2282 3045 2314 würde
3066 2283 3173 2315 anders
3198 2283 3324 2321 werden,
3340 2292 3424 2317 wenn
3438 2283 3480 2317 bei
3493 2283 3568 2317 einer
3582 2283 3687 2323 bloßen

2852 2323 3089 2365 Personalunion
3112 2325 3157 2358 die
3179 2327 3358 2369 auswärtige
3381 2327 3489 2369 Politik
3513 2327 3587 2368 nicht
3610 2328 3688 2365 mehr

2851 2367 2881 2401 in
2906 2367 2995 2401 Einer
3017 2369 3107 2410 Hand
3130 2369 3203 2411 läge,
3239 2378 3325 2404 wenn
3357 2371 3402 2404 die
3424 2371 3595 2412 Magyaren
3617 2374 3688 2404 aus¬

2852 2411 2972 2453 wärtige
2993 2411 3106 2454 Politik
3127 2413 3178 2453 auf
3202 2413 3297 2455 eigene
3309 2414 3401 2456 Faust
3424 2414 3533 2448 treiben
3555 2415 3688 2452 könnten,

2850 2463 2935 2488 wenn
2958 2456 3006 2488 der
3028 2455 3203 2496 Kaiserstaat
3225 2458 3301 2499 nicht
3324 2458 3401 2499 mehr
3425 2458 3499 2491 Eine
3512 2458 3690 2499 Großmacht

2850 2500 2936 2536 wäre,
2965 2499 3086 2539 sondern
3123 2504 3180 2533 aus
3217 2501 3288 2542 zwei
3325 2509 3384 2535 von
3421 2502 3557 2535 einander
3596 2501 3689 2535 unab¬

2851 2542 2994 2583 hängigen
3031 2542 3248 2583 Mittelstaaten
3294 2543 3434 2586 bestände.
3486 2545 3554 2579 Und
3600 2545 3690 2586 dahin

2852 2586 2987 2625 steuerten
3010 2586 3056 2619 die
3079 2587 3178 2629 Dinge
3200 2587 3233 2621 in
3255 2588 3391 2629 Ungarn,
3414 2597 3500 2623 wenn
3524 2590 3577 2621 das
3590 2587 3690 2622 Mini¬

2852 2630 2967 2669 sterium
2989 2630 3115 2663 Wekerle
3137 2631 3234 2664 weiter
3260 2632 3363 2673 regiert
3397 2633 3483 2675 hätte,
3519 2632 3689 2675 namentlich

2853 2673 2904 2706 mit
2949 2673 3041 2713 seinen
3086 2675 3156 2716 zwei
3201 2674 3394 2717 rücksichtslos
3445 2676 3690 2719 chauvinistischen

2852 2716 3014 2756 Ministern
3037 2716 3176 2759 Szilagyi
3201 2720 3261 2752 und
3285 2719 3467 2762 Hieronymi.

2918 2760 2991 2793 Nun
3015 2760 3090 2794 wird
3114 2761 3228 2803 vielfach
3252 2762 3297 2795 die
3321 2763 3416 2805 Frage
3446 2763 3618 2804 besprochen,
3652 2763 3689 2796 ob

2851 2803 2896 2836 ein
2919 2804 3152 2846 Systemwechsel
3179 2805 3348 2845 bevorstehe,
3383 2806 3420 2840 ob
3454 2807 3517 2840 dem
3550 2806 3689 2840 liberalen

2851 2846 2895 2880 ein
2919 2847 3127 2888 konservatives
3149 2848 3287 2882 Kabinett
3318 2850 3414 2891 folgen
3449 2851 3541 2884 werde
3572 2850 3632 2883 und
3655 2854 3689 2883 es

2851 2890 2924 2923 wird
2948 2891 3080 2930 meistens
3104 2891 3264 2932 behauptet,
3287 2892 3335 2926 ein
3357 2893 3563 2934 konservatives
3587 2893 3688 2927 Mini-

2851 2933 2965 2974 sterium
2988 2936 3080 2968 werde
3113 2934 3163 2977 sich
3198 2935 3229 2968 in
3253 2936 3376 2978 Ungarn
3399 2937 3447 2971 nie
3479 2938 3541 2971 und
3563 2936 3689 2971 nimmer

2851 2977 3008 3018 behaupten
3031 2978 3149 3011 können.
3200 2979 3269 3012 Das
3304 2980 3377 3013 wird
3411 2980 3512 3022 richtig
3545 2980 3603 3021 sein
3625 2981 3687 3014 und

2849 3022 2915 3062 auch
2939 3023 2994 3053 das
3029 3020 3063 3059 ist
3097 3021 3157 3061 sehr
3179 3022 3414 3066 wahrscheinlich,
3449 3024 3507 3063 daß
3539 3024 3687 3066 vorläufig

2848 3072 2905 3096 nur
2942 3063 2988 3097 ein
3027 3063 3366 3105 Geschüstsministerium
3406 3067 3545 3108 eingesetzt
3582 3068 3686 3101 werde.

2848 3106 2925 3140 Aber
2947 3108 3003 3140 das
3026 3108 3152 3149 glauben
3183 3109 3239 3142 wir
3261 3110 3419 3151 anderseits
3443 3111 3596 3150 ebenfalls,
3629 3111 3689 3152 daß

2847 3150 2879 3183 in
2901 3150 3026 3192 Ungarn
3058 3150 3209 3193 schließlich
3245 3153 3314 3194 auch
3348 3154 3395 3187 ein
3427 3153 3564 3187 liberales
3589 3154 3691 3188 Mini¬

2848 3193 2964 3234 sterium
2986 3193 3038 3235 sich
3061 3194 3137 3237 nicht
3160 3196 3239 3237 mehr
3261 3197 3314 3234 auf
3329 3196 3374 3230 die
3385 3197 3489 3230 Dauer
3502 3198 3575 3231 wird
3593 3198 3689 3237 halten

2848 3236 2947 3277 lassen,
2971 3238 3026 3270 das
3051 3238 3102 3273 auf
3126 3239 3365 3282 chauvinistischer
3389 3240 3561 3283 Grundlage
3590 3242 3691 3283 beruht

2849 3281 2910 3313 und
2934 3289 2992 3314 nur
3015 3281 3122 3322 darauf
3145 3283 3279 3324 ausgeht,
3314 3284 3358 3317 die
3385 3284 3459 3326 nicht
3481 3284 3691 3327 magyarischen

2851 3323 3077 3366 Völkerschaften
3099 3335 3134 3367 zu
3157 3327 3367 3361 unterdrücken.
3411 3328 3459 3366 In
3474 3328 3563 3362 einem
3581 3328 3691 3362 Staate

2853 3367 2906 3400 mit
2917 3367 2946 3408 so
2959 3368 3207 3410 verschiedenartig
3222 3370 3569 3413 zusammengewürfelten
3583 3372 3689 3405 Volks-

2854 3411 2991 3450 stämmen
3024 3411 3060 3453 ist
3094 3412 3162 3446 eben
3194 3413 3260 3454 doch
3299 3423 3357 3447 nur
3388 3414 3450 3448 eine
3482 3414 3690 3457 Kompromiß-

2855 3454 3021 3496 Regierung
3047 3455 3165 3498 möglich
3188 3457 3248 3489 und
3272 3456 3452 3501 segensreich.

3097 3553 3450 3618 Kantone.

3170 3633 3368 3666 Obwalden.

2926 3671 3023 3713 Durch
3048 3671 3093 3705 ein
3118 3672 3257 3713 Versehen
3279 3674 3331 3706 des
3352 3673 3620 3716 Korrespondenten
3653 3675 3689 3716 ist

2855 3714 2900 3748 ein
2922 3714 3388 3756 Begräbnisskandal,
3412 3719 3461 3751 der
3483 3717 3515 3751 in
3539 3718 3687 3752 Stans

2854 3757 3039 3798 vorgefallen,
3063 3758 3131 3797 nach
3155 3758 3278 3793 Sarnen
3302 3760 3408 3803 verlegt
3431 3763 3558 3795 worden.
3617 3761 3689 3795 DaS

2854 3800 3169 3842 Gemeindepräsidium
3193 3802 3245 3835 des
3268 3803 3377 3845 letztem
3400 3804 3494 3838 OrteS
3524 3804 3585 3838 will
3619 3805 3688 3847 auch

2854 3843 2945 3884 nichts
2968 3844 3064 3877 davon
3088 3844 3196 3886 wissen,
3219 3845 3278 3886 daß
3302 3847 3334 3880 in
3356 3847 3537 3881 Sarnen
3558 3848 3621 3882 eine
3635 3849 3689 3890 auf

2854 3886 3045 3929 Abschaffung
3068 3888 3117 3921 der
3139 3888 3388 3931 Landsgemeinde
3420 3891 3562 3934 gerichtete
3595 3892 3689 3925 Strö-

2854 3940 2944 3972 mung
2968 3924 3082 3972 bestehe.

230 4084 250 4112 ,
470 4043 759 4111 Zenilseton.

389 4159 466 4197 Die
489 4156 705 4200 etruskische
728 4155 842 4198 Base.

345 4217 454 4248 Novelle
474 4224 526 4244 von
544 4215 696 4249 Prosper
714 4212 886 4242 Märimäe.

252 4268 390 4304 Theodore
422 4266 487 4298 setzte
518 4264 560 4297 sich
579 4263 629 4291 mit
647 4262 788 4297 gekreuzten
807 4260 908 4290 Beinen
937 4259 1031 4294 nieder,

199 4311 269 4339 denn
288 4317 315 4337 er
333 4309 403 4341 hatte
422 4305 484 4337 diese
504 4302 676 4335 Gewohnheit
694 4302 721 4330 in
740 4301 870 4335 Aegypten
894 4306 1035 4334 angenom¬

199 4358 261 4379 men
291 4348 347 4376 und
377 4347 470 4374 konnte
494 4343 528 4375 sie
546 4343 572 4371 in
591 4340 738 4376 Frankreich
768 4340 834 4372 nicht
852 4340 893 4367 los
922 4339 1031 4367 werden.

200 4390 239 4419 Er
259 4388 373 4421 wartete,
395 4385 439 4413 bis
459 4383 497 4411 die
516 4383 614 4417 Frager
632 4380 709 4409 müde
727 4380 841 4414 wurden,
863 4379 933 4407 dann
953 4378 1035 4411 sprach

200 4437 227 4457 er
246 4428 295 4456 wie
313 4426 385 4460 folgt,
408 4423 475 4457 rasch
495 4430 585 4457 genug,
608 4429 654 4450 um
672 4421 716 4454 sich
735 4419 800 4453 nicht
819 4418 993 4452 unterbrechen
1006 4426 1036 4452 zu

199 4468 297 4501 lassen:

254 4521 290 4528 —
307 4504 362 4534 Die
374 4502 552 4537 Pyramiden!
569 4501 666 4530 meiner
680 4499 740 4534 Ehr,
753 4499 792 4527 die
805 4498 860 4532 sind
873 4506 913 4526 ein
927 4499 1038 4533 roxalar

201 4548 338 4581 humbug.
377 4544 431 4573 Die
449 4542 506 4576 sind
525 4542 634 4576 weniger
652 4540 718 4575 hoch,
747 4539 791 4567 als
809 4545 871 4566 man
890 4540 917 4566 cs
936 4537 1034 4572 glaubt.

204 4588 264 4616 Der
277 4583 464 4617 Straßburger
475 4581 596 4614 Münster
615 4581 660 4615 hat
679 4587 729 4608 nur
748 4579 801 4607 vier
813 4578 899 4607 Meter
916 4577 1035 4611 weniger.

203 4626 258 4655 Die
287 4622 451 4654 Altertümer
485 4621 595 4653 wachsen
632 4619 685 4648 mir
720 4618 785 4647 beim
816 4617 900 4646 Nabel
932 4617 1036 4650 heraus.

205 4664 318 4697 Sprecht
336 4664 388 4691 mir
407 4661 473 4693 nicht
490 4661 586 4688 davon.
608 4659 669 4688 Nur
688 4659 731 4687 der
748 4657 850 4687 Anblick
869 4658 936 4685 einer
948 4656 1039 4690 Hiero¬

204 4704 295 4739 glyphe
323 4702 415 4731 könnle
434 4700 496 4732 mich
518 4699 679 4733 ohnmächtig
697 4698 806 4731 machen.
845 4697 903 4725 Und
921 4698 949 4724 es
973 4696 1041 4731 gicbt

205 4745 266 4771 dort
285 4742 375 4774 soviele
393 4739 526 4773 Nciscndc,
548 4739 587 4766 die
607 4738 651 4772 sich
670 4738 720 4766 mit
738 4738 820 4769 diesen
839 4737 944 4771 Dingen
963 4736 1041 4768 befas¬

205 4783 263 4816 sen!
289 4782 366 4811 Mein
384 4779 469 4815 Zweck
487 4778 609 4813 hingegen
624 4785 687 4811 war,
710 4777 910 4811 Physiognomie
928 4776 982 4804 und
1002 4776 1041 4803 die

206 4821 303 4851 Sitten
322 4820 398 4852 dieser
426 4826 523 4853 ganzen
553 4817 722 4850 sonderbaren
739 4816 916 4850 Bevölkerung
934 4824 963 4850 zu
992 4816 1042 4848 stu¬

206 4860 302 4895 dieren,
336 4859 375 4887 die
394 4858 439 4891 sich
460 4858 485 4886 in
505 4857 552 4885 den
571 4855 695 4888 Straßen
714 4863 764 4884 von
784 4855 957 4889 Alexandrien
987 4855 1042 4883 und

205 4900 288 4929 Kairo
307 4897 483 4933 herumwälzt,
509 4897 555 4925 wie
574 4896 614 4924 die
633 4895 741 4930 Türken,
763 4894 907 4929 Beduinen,
928 4894 1038 4929 Kopten,

206 4938 325 4973 Fcltahs.
362 4938 411 4972 Ich
437 4937 508 4971 habe,
540 4935 659 4969 während
679 4935 713 4968 ich
731 4934 767 4962 im
786 4934 901 4968 Lazarett
920 4942 981 4969 war,
1014 4934 1043 4962 in

206 4979 273 5006 aller
291 4977 349 5006 Eile
366 4976 448 5011 einige
466 4975 575 5010 Notizen
605 4974 792 5009 aufgezcichnet.
832 4973 898 5002 WaS
928 4973 971 5006 für
1000 4973 1042 5001 ein

207 5016 384 5048 abscheuliches
404 5016 481 5050 Ding
500 5015 530 5046 ist
559 5014 638 5047 dieses
663 5013 790 5048 Lazarett!
826 5013 874 5047 Ich
892 5012 966 5047 hoffe,
988 5013 1044 5046 Ihr

211 5056 304 5090 glaubt
323 5055 380 5088 doch
399 5055 466 5087 nicht
483 5062 520 5083 an
539 5054 701 5088 Ansteckung.
736 5052 785 5086 Ich
817 5053 914 5084 rauchte
932 5052 960 5080 in
979 5053 1043 5079 aller

207 5095 285 5127 Ruhe
312 5096 393 5123 meine
412 5094 496 5128 Pfeife
531 5094 564 5122 im
594 5093 678 5126 Kreise
708 5100 759 5120 von
790 5091 951 5124 drcihundctt
971 5091 1043 5123 Pest¬

207 5133 325 5162 kranken.
364 5133 426 5168 Sie,
460 5133 561 5167 Oberst,
604 5133 656 5161 Sie
687 5131 773 5165 hätten
793 5131 851 5158 dort
870 5131 923 5158 eine
960 5131 1043 5163 schön«

192 5172 354 5202 .Kavallerie
383 5173 456 5205 sehen
486 5172 591 5205 können,
627 5172 652 5205 so
684 5170 769 5205 hübsch
799 5178 830 5204 zu
854 5169 955 5203 Pferde.
994 5170 1043 5203 Ich

207 5212 292 5240 werde
304 5211 371 5244 Euch
390 5211 515 5245 prächtige
534 5211 638 5244 Waffen
656 5210 748 5245 zeigen,
769 5210 809 5237 die
829 5209 861 5241 ich
880 5209 1044 5242 mitgedracht

206 5250 280 5283 habe.
319 5251 367 5284 Ich
398 5250 463 5284 habe
492 5252 566 5279 einen
597 5250 700 5285 Djerid,
733 5249 776 5277 der
807 5249 863 5277 dem
894 5248 1044 5281 berühmten

205 5289 395 5321 Mourod-Bey
427 5289 516 5324 gehört
540 5289 592 5323 hat.
632 5289 734 5325 Oberst,
768 5288 802 5322 ich
833 5287 895 5321 habe
921 5288 964 5321 für
992 5287 1045 5317 Sie

1075 4024 1148 4052 einen
1167 4024 1292 4059 Datagan
1322 4026 1378 4053 und
1409 4026 1452 4057 für
1469 4026 1569 4059 August
1600 4025 1674 4053 einen
1691 4025 1819 4059 Kandjar.
1858 4025 1913 4058 Ihr

1075 4064 1168 4092 werdet
1188 4065 1289 4092 meinen
1307 4064 1426 4099 Metchla,
1461 4064 1562 4093 meinen
1581 4065 1695 4093 Burnus
1724 4065 1781 4092 und
1809 4064 1912 4092 meinen

1075 4103 1139 4133 Kaik
1156 4103 1236 4136 sehen.
1256 4103 1331 4135 Wißt
1349 4104 1411 4138 Ihr,
1434 4103 1485 4137 daß
1504 4107 1532 4132 es
1551 4111 1603 4132 nur
1616 4112 1668 4132 von
1681 4103 1733 4132 mir
1746 4103 1911 4138 abgehangen

1077 4142 1236 4176 hat,Weiber
1243 4143 1480 4178 mitzubringen?...
1491 4143 1626 4178 Aber,Ihr
1633 4143 1736 4177 begreift
1744 4143 1820 4175 wohl,
1828 4151 1912 4176 wegen

1078 4182 1174 4210 meiner
1192 4182 1376 4212 Mutter....
1414 4183 1463 4216 Ich
1481 4182 1543 4216 habe
1562 4183 1624 4215 mich
1649 4182 1699 4210 viel
1717 4182 1768 4210 mit
1786 4182 1912 4215 Ibrahim

1078 4221 1173 4255 Pascha
1204 4221 1376 4256 unterhalten.
1415 4222 1478 4251 Das
1509 4222 1538 4253 ist
1570 4222 1611 4250 ein
1643 4222 1784 4256 geistvoller
1809 4221 1909 4256 Mann,

1079 4269 1136 4295 zum
1155 4261 1266 4294 Henker!
1301 4261 1380 4295 Ohne
1397 4261 1553 4290 Vorurteile.
1592 4261 1648 4295 Ihr
1674 4261 1753 4289 könnt
1772 4261 1839 4293 Euch
1866 4268 1914 4295 gar

1080 4301 1146 4329 keine
1163 4296 1340 4336 Vorstellung'
1348 4301 1458 4335 machen,
1480 4301 1527 4329 wie
1547 4302 1593 4334 gut
1612 4308 1638 4329 er
1656 4301 1743 4333 unsere
1756 4300 1913 4334 Angelegen¬

1080 4340 1161 4373 heiten
1179 4341 1294 4373 versteht.
1332 4340 1387 4373 Aus
1406 4340 1488 4368 meine
1507 4340 1582 4373 Ehre,
1604 4347 1631 4368 er
1649 4340 1679 4369 ist
1698 4340 1761 4367 über
1791 4341 1841 4368 alle
1860 4339 1913 4369 Ge¬

1080 4379 1211 4413 heimnisse
1229 4380 1332 4412 unseres
1350 4380 1489 4409 Kabinetts
1508 4382 1593 4408 unten
1600 4379 1678 4411 ichtet.
1711 4379 1760 4413 Ich
1780 4379 1844 4410 habe
1863 4381 1914 4406 aus

1081 4420 1163 4452 seinen
1183 4419 1339 4452 Gesprächen
1359 4419 1437 4450 höchst
1457 4420 1586 4449 wertvolle
1604 4418 1823 4452 Erkundigungen
1854 4418 1916 4446 über

1082 4459 1130 4487 den
1149 4458 1266 4493 Zustand
1285 4459 1328 4487 der
1346 4458 1471 4492 Parteien
1490 4459 1517 4487 in
1536 4457 1685 4493 Frankreich
1713 4457 1913 4491 geschöpft-

1082 4499 1121 4527 Er
1138 4498 1225 4532 besaßt
1243 4499 1288 4532 sich
1305 4498 1478 4533 gegenwärtig
1496 4499 1546 4527 viel
1576 4499 1626 4527 mit
1645 4497 1779 4526 Statistik.
1818 4496 1857 4525 Er
1874 4496 1915 4524 be¬

1083 4539 1179 4567 kommt
1198 4539 1247 4566 alle
1264 4538 1353 4572 unsere
1371 4538 1551 4572 Zeitschriften.
1590 4537 1650 4566 Und
1677 4537 1741 4570 wißt
1760 4536 1821 4571 Ihr,
1844 4544 1869 4564 er
1887 4536 1916 4564 ist

1084 4579 1125 4606 ein
1154 4578 1287 4606 wütender
1305 4578 1491 4611 Bonapartist!
1526 4577 1566 4606 Er
1595 4576 1681 4610 spricht
1711 4584 1764 4605 nur
1791 4583 1843 4604 von
1861 4575 1917 4604 Na¬

1084 4618 1185 4650 poleon.
1218 4617 1282 4650 Ach!
1301 4621 1360 4646 was
1379 4618 1428 4646 das
1448 4618 1490 4650 für
1508 4618 1548 4645 ein
1568 4617 1660 4651 großer
1677 4616 1768 4645 Mann
1786 4623 1850 4649 war,
1875 4615 1918 4643 der

1085 4657 1279 4686 Bounabardo!
1299 4657 1366 4692 sagte
1384 4664 1411 4686 er
1429 4658 1488 4686 mir.
1526 4656 1716 4690 Bounabardo,
1749 4655 1775 4688 so
1793 4657 1875 4682 nennt
1893 4662 1918 4682 er

1086 4696 1248 4729 Bonaparte.

1138 4750 1171 4756 —
1190 4735 1233 4769 Zu
1252 4735 1368 4771 Anfang,
1394 4736 1454 4770 fuhr
1471 4735 1605 4769 Thöodore
1624 4735 1684 4769 fort,
1708 4741 1764 4762 war
1776 4733 1919 4765 Mohamed

1086 4775 1131 4804 Ali
1160 4775 1349 4809 zurückhaltend
1381 4776 1430 4804 mit
1460 4776 1520 4804 mir.
1560 4775 1614 4809 Ihr
1645 4773 1708 4806 wißt
1727 4774 1762 4807 ja,
1793 4773 1845 4804 daß
1871 4773 1920 4800 alle

1088 4815 1187 4844 Türken
1205 4814 1368 4848 mißtrauisch
1387 4815 1451 4847 sind.
1473 4815 1511 4843 Er
1523 4815 1586 4848 hielt
1599 4814 1662 4846 mich
1675 4813 1717 4847 sür
1730 4813 1802 4841 einen
1816 4811 1917 4846 Spion,

1088 4855 1130 4883 der
1149 4854 1239 4886 Teufel
1268 4854 1323 4888 hole
1355 4854 1431 4886 mich!
1462 4854 1535 4883 Oder
1558 4862 1606 4888 gar
1625 4853 1667 4886 sür
1697 4853 1772 4881 einen
1789 4850 1921 4885 Jesuiten!

1088 4894 1126 4923 Er
1144 4894 1299 4927 verabscheut
1317 4894 1356 4921 die
1370 4894 1497 4927 Jesuiten.
1521 4894 1591 4922 Aber
1609 4893 1670 4925 nach
1684 4892 1784 4926 einigen
1796 4891 1921 4923 Besuchen

1088 4934 1206 4962 erkannte
1234 4941 1260 4961 er
1287 4933 1314 4961 in
1332 4934 1386 4962 mir
1415 4933 1488 4961 einen
1507 4933 1650 4965 Reisenden
1681 4932 1745 4963 ohne
1764 4930 1919 4964 Vorurteile,

1089 4974 1132 5001 der
1161 4981 1213 5001 nur
1243 4973 1337 5006 daratis
1369 4973 1492 5007 auSging,
1526 4972 1571 5005 sich
1601 4972 1664 4999 über
1694 4970 1733 4998 die
1765 4968 1919 5003 Gebräuche,

1090 5013 1184 5041 Sitten
1214 5013 1268 5040 und
1299 5012 1338 5040 die
1359 5012 1457 5044 Politik
1486 5012 1532 5039 des
1551 5011 1666 5040 Orients
1685 5017 1714 5043 zu
1745 5009 1921 5040 unterrichten.

1089 5053 1173 5081 Dann
1194 5052 1294 5085 knöpfte
1312 5060 1338 5080 er
1358 5052 1402 5084 sicki
1421 5051 1454 5079 ab
1472 5051 1525 5079 und
1539 5051 1623 5082 sprach
1637 5049 1685 5078 mit
1699 5050 1751 5077 mir
1763 5047 1922 5081 ossenherzig.

1089 5091 1138 5120 Bei
1157 5091 1202 5119 der
1220 5092 1303 5125 letzten
1323 5091 1449 5125 Audienz,
1470 5093 1498 5118 eS
1517 5098 1574 5117 war
1592 5090 1632 5117 die
1651 5089 1735 5123 dritte,
1767 5087 1807 5115 die
1825 5094 1852 5114 er
1874 5086 1926 5114 mir

1090 5131 1204 5165 gewährt
1222 5130 1275 5165 hat,
1298 5131 1361 5163 habe
1380 5131 1414 5162 ich
1432 5130 1483 5158 mir
1501 5129 1541 5157 die
1554 5129 1667 5164 Freiheit
1685 5134 1847 5162 genommen,
1871 5126 1925 5157 ihm

1090 5177 1119 5204 zu
1137 5170 1227 5203 sagen:
1263 5170 1327 5204 „Ich
1358 5170 1465 5204 begreife
1492 5169 1565 5202 nicht,
1600 5175 1701 5196 warum
1729 5167 1814 5195 Deine
1833 5164 1925 5198 Hoheit

1090 5210 1134 5241 sich
1152 5209 1219 5241 nicht
1236 5209 1405 5243 unabhängig
1424 5217 1475 5237 von
1488 5209 1532 5236 der
1544 5208 1638 5241 Pforte
1651 5206 1766 5238 macht?"
1787 5219 1819 5225 —
1835 5204 1926 5240 „Mein

1090 5248 1166 5283 Gott,
1190 5249 1258 5282 sagte
1277 5256 1303 5276 er
1321 5249 1381 5283 mir,
1404 5248 1438 5281 ich
1456 5248 1542 5276 würde
1562 5249 1591 5275 es
1616 5248 1642 5280 ja
1661 5253 1722 5279 gern
1753 5244 1826 5277 thun,
1849 5244 1927 5271 allein

1090 5288 1123 5318 ich
1153 5287 1254 5323 fürchte,
1294 5287 1346 5321 daß
1374 5287 1413 5316 die
1449 5287 1572 5315 liberalen
1598 5285 1754 5320 Zeitungen,
1794 5283 1834 5311 die
1868 5282 1927 5310 drin

1958 4025 2029 4054 Land
2049 4025 2169 4060 regieren,
2192 4025 2254 4056 ntich
2274 4026 2311 4054 im
2332 4026 2423 4059 Stiche
2442 4027 2530 4061 lassen,
2557 4034 2633 4055 wenn
2652 4027 2685 4060 ich
2707 4027 2804 4055 einmal

1958 4065 1998 4092 die
2016 4064 2236 4099 Unabhängigkeit
2256 4065 2409 4100 Aegyptens
2427 4066 2585 4100 ansgerufen
2604 4066 2695 4099 habe".
2717 4065 2756 4094 Er
2775 4065 2804 4100 ist

1958 4104 2000 4131 ein
2030 4104 2129 4137 schöner
2147 4104 2230 4133 Greis
2261 4105 2316 4132 und
2349 4105 2394 4138 hat
2425 4105 2500 4134 einen
2529 4105 2674 4139 prächtigen
2704 4105 2804 4138 weißen

1958 4143 2036 4177 Bart,
2072 4151 2099 4171 er
2117 4144 2180 4175 lacht
2200 4143 2248 4172 nie.
2289 4143 2329 4172 Er
2348 4144 2398 4178 gab
2417 4145 2470 4173 mir
2501 4145 2688 4178 vortrc,slicheS
2708 4144 2804 4178 Einge¬

1959 4183 2080 4211 machtes.
2120 4182 2182 4211 Von
2203 4184 2287 4213 allem,
2323 4186 2383 4211 was
2404 4184 2437 4217 ich
2456 4184 2510 4217 ihm
2530 4184 2588 4218 gab,
2624 4184 2720 4216 machte
2750 4184 2805 4216 ihm

1959 4222 1999 4249 die
2018 4221 2108 4256 größte
2126 4222 2226 4256 Freude
2244 4222 2286 4250 die
2304 4222 2461 4256 Charletsche
2482 4222 2653 4259 Sammlung
2680 4231 2733 4252 von
2752 4223 2805 4252 Ko¬

1960 4260 2059 4294 stümen
2078 4261 2122 4289 der
2141 4261 2295 4294 kaiserlichen
2315 4262 2417 4291 Garde.

2012 4315 2046 4321 —
2064 4301 2108 4334 Ist
2128 4300 2172 4328 der
2185 4301 2281 4334 Pascha
2294 4302 2336 4330 ein
2350 4301 2540 4331 Romantiker?
2553 4302 2637 4337 ftagtc
2649 4302 2804 4336 Themines.

2012 4354 2046 4360 —
2065 4339 2104 4368 Er
2122 4339 2211 4373 besaßt
2229 4341 2273 4374 sich
2301 4341 2387 4376 wenig
2418 4342 2466 4370 mit
2487 4341 2643 4373 Litteratur:
2673 4342 2734 4370 aber
2752 4342 2808 4375 Ihr

1961 4378 2027 4411 wißt
2046 4379 2124 4412 wohl,
2146 4380 2200 4412 daß
2218 4380 2258 4408 die
2277 4381 2403 4414 arabische
2416 4380 2559 4409 Litteratur
2572 4381 2646 4414 durch
2659 4381 2714 4409 und
2732 4381 2807 4413 durch

1961 4418 2115 4450 romantisch
2136 4419 2174 4451 ist.
2198 4418 2249 4447 Sie
2269 4420 2353 4452 haben
2372 4421 2445 4448 einen
2464 4420 2571 4453 Dichter
2591 4422 2705 4448 namens
2723 4419 2808 4447 Melek

1961 4457 2336 4493 Ayatalnesous-Ebu-Esraf,
2360 4459 2404 4487 der
2422 4459 2520 4493 letzthin
2533 4458 2732 4487 Meditationen
2752 4466 2807 4486 ver-

1963 4496 2090 4529 össenlicht
2108 4497 2161 4532 hat,
2184 4498 2264 4525 neben
2284 4498 2366 4525 denen
2384 4498 2425 4526 die
2443 4506 2496 4526 von
2510 4498 2661 4527 Lamartine
2680 4500 2724 4525 als
2743 4497 2805 4530 klas¬

1962 4536 2029 4568 sische
2048 4536 2133 4569 Prosa
2153 4537 2288 4569 erscheinen
2307 4537 2425 4566 würden.
2448 4537 2535 4570 Gleich
2555 4538 2617 4568 nach
2636 4537 2733 4565 meiner
2750 4537 2807 4565 An¬

1962 4575 2035 4606 kunft
2054 4576 2080 4603 in
2094 4576 2175 4604 Kairo
2195 4576 2257 4608 habe
2277 4576 2310 4608 ich
2329 4576 2382 4604 mir
2401 4576 2474 4604 einen
2488 4576 2578 4610 Lehrer
2596 4576 2643 4604 des
2655 4576 2808 4609 Arabischen

1963 4622 2126 4648 genommen,
2159 4615 2210 4643 mit
2239 4615 2296 4643 dem
2316 4615 2351 4647 ich
2370 4615 2418 4643 den
2437 4615 2527 4644 Koran
2547 4623 2577 4649 zu
2595 4615 2660 4648 lesen
2691 4615 2804 4650 begann.

1965 4654 2010 4683 Ob
2028 4655 2063 4686 ich
2082 4654 2155 4687 gleich
2175 4654 2260 4688 wenig
2279 4654 2410 4683 Stunden
2429 4655 2524 4685 darauf
2544 4654 2709 4688 verwendete,
2744 4655 2807 4687 habe

1965 4693 1998 4722 ich
2017 4693 2127 4725 dennoch
2145 4693 2198 4721 mir
2216 4701 2299 4727 genug
2318 4694 2407 4721 davon
2426 4694 2584 4729 angceignet,
2606 4701 2653 4722 um
2671 4694 2712 4721 die
2725 4694 2808 4727 hohen

1966 4732 2141 4765 Schönheiten
2169 4732 2216 4760 des
2229 4732 2321 4761 Stiles
2344 4733 2391 4760 des
2405 4732 2553 4766 Propheten
2567 4741 2595 4767 zu
2615 4733 2741 4766 verstehen
2754 4733 2809 4760 und

1965 4779 2011 4799 um
2030 4771 2186 4805 einzusehen,
2220 4771 2268 4799 wie
2299 4772 2396 4804 schlecht
2414 4773 2464 4800 alle
2495 4772 2583 4803 unsere
2600 4772 2810 4806 Uebersetzungen

1966 4811 2030 4844 sind.
2069 4810 2152 4839 Wollt
2171 4810 2225 4845 Ihr
2254 4811 2375 4844 vielleicht
2395 4811 2434 4839 die
2453 4812 2578 4844 arabische
2598 4811 2700 4844 Schrift
2721 4811 2811 4844 sehen?

1967 4850 2060 4880 Dieses
2090 4849 2167 4878 Wort
2199 4850 2252 4882 hier
2282 4852 2311 4878 in
2343 4850 2469 4885 goldenen
2502 4851 2603 4880 Lettern
2635 4851 2691 4879 will
2721 4850 2811 4885 sagen:

1967 4889 2055 4922 Allah,
2077 4889 2102 4917 d.
2125 4889 2149 4922 h.
2171 4889 2249 4918 Gott.

2020 4928 2152 4961 Während
2172 4936 2199 4956 er
2217 4929 2242 4961 so
2261 4929 2354 4962 sprach,
2385 4929 2461 4963 zeigte
2481 4937 2507 4957 er
2525 4929 2580 4958 eine
2598 4929 2653 4963 sehr
2671 4929 2812 4963 schmutzige

1970 4967 2079 5001 Schrift,
2101 4968 2141 4995 die
2159 4976 2186 4996 er
2205 4970 2255 4996 aus
2275 4969 2359 4997 einem
2377 4968 2565 5003 parfümierten
2583 4968 2699 5002 seidenen
2718 4969 2813 4998 Beutel

1970 5015 2022 5041 »°g.

2022 5061 2054 5066 —
2074 5046 2133 5075 Wie
2142 5047 2218 5080 lange
2228 5047 2304 5076 warst
2319 5047 2354 5075 du
2367 5047 2395 5075 in
2408 5047 2561 5082 Aegypten?
2573 5048 2655 5083 fragte
2668 5047 2814 5082 ThömineS

2024 5101 2057 5106 —
2077 5086 2162 5118 Sechs
2181 5086 2292 5115 Wochen
2328 5087 2388 5114 Und
2419 5087 2462 5115 der
2482 5087 2606 5119 Reisende
2638 5088 2697 5121 fuhr
2716 5088 2769 5120 fort
2787 5088 2815 5116 in

1970 5125 2049 5156 seiner
2079 5125 2133 5158 sehr
2159 5126 2352 5158 aussührlichen
2378 5126 2566 5161 Beschreibung
2583 5142 2617 5147 —
2638 5127 2817 5157 Saint-Clair

1972 5165 2034 5198 ging
2065 5165 2125 5192 bald
2155 5166 2216 5197 nach
2246 5165 2291 5192 der
2308 5165 2427 5199 Ankunft
2446 5166 2599 5199 ThöodoreS
2631 5167 2730 5200 hinaus
2761 5167 2816 5195 und

1973 5204 2053 5238 schlug
2082 5204 2131 5231 den
2149 5204 2215 5237 Weg
2237 5205 2299 5237 nach
2327 5205 2408 5236 seiner
2425 5205 2570 5240 Wohnung
2588 5207 2637 5239 aus
2654 5206 2712 5235 dem
2731 5206 2816 5236 Lande

1973 5243 2022 5270 ein.
2062 5243 2127 5271 DaS
2146 5243 2285 5276 stürmische
2305 5243 2483 5276 Galoppieren
2513 5245 2596 5279 seines
2617 5246 2729 5279 PserdeS
2760 5246 2818 5279 hin¬

1973 5282 2039 5309 derte
2058 5281 2112 5316 ihn,
2146 5282 2212 5315 seine
2229 5282 2372 5311 Gedanken
2391 5283 2444 5312 klar
2462 5292 2493 5318 zu
2523 5285 2663 5320 verfolgen.
2704 5285 2775 5314 Aber
2793 5293 2819 5313 er

2850 4027 2919 4059 hatte
2937 4026 2978 4054 ein
2997 4027 3193 4058 unbestimmtes
3212 4028 3320 4064 Gefühl,
3341 4029 3393 4063 daß
3412 4030 3464 4063 sein
3483 4030 3561 4060 Glück
3581 4031 3628 4064 auf
3645 4031 3690 4060 der

2850 4066 2918 4095 Welt
2949 4066 2992 4099 für
3021 4066 3116 4095 immer
3140 4067 3242 4102 zerstört
3259 4068 3293 4102 sei
3311 4069 3365 4097 und
3384 4069 3436 4103 daß
3456 4078 3480 4098 er
3499 4070 3544 4104 sich
3573 4077 3625 4099 nur
3655 4078 3692 4099 an

2850 4106 2933 4133 einem
2951 4105 3037 4134 Toten
3064 4106 3118 4135 und
3138 4114 3173 4135 an
3192 4108 3260 4136 einer
3279 4109 3444 4143 etruskischen
3462 4108 3531 4143 Vase
3556 4109 3691 4144 auslassen

2851 4144 2940 4174 könne.

2902 4185 2955 4213 AlS
2974 4192 3000 4213 er
3019 4192 3049 4220 zu
3062 4185 3147 4220 Hause
3166 4187 3350 4222 angckommen
3367 4195 3432 4223 war,
3455 4189 3523 4222 warf
3536 4196 3559 4217 er
3571 4188 3616 4222 sich
3629 4189 3691 4222 aujS

2853 4223 2936 4258 Sofa,
2971 4232 3012 4252 wo
3031 4232 3058 4252 er
3076 4225 3150 4254 einen
3168 4226 3227 4262 Tag
3246 4236 3325 4262 zuvor
3343 4229 3368 4261 so
3388 4229 3450 4262 lang
3469 4228 3524 4256 und
3542 4228 3566 4261 so
3596 4227 3691 4261 köstlich

2853 4263 2904 4297 sein
2935 4263 3013 4292 Glück
3045 4265 3206 4299 analysierte.
3247 4268 3304 4296 Der
3335 4267 3462 4301 Gedanke,
3503 4267 3557 4295 dein
3590 4274 3616 4294 er
3644 4274 3690 4295 am

2853 4303 2957 4334 meisten
2987 4303 3120 4339 nachhing,
3154 4313 3217 4340 war,
3252 4306 3304 4338 daß
3335 4306 3397 4338 seine
3417 4305 3535 4334 Geliebte
3563 4305 3628 4339 nicht
3647 4305 3690 4333 ein

2853 4342 2926 4371 Weib
2946 4342 2992 4370 wie
3012 4343 3051 4370 die
3070 4344 3168 4371 andern
3186 4344 3226 4378 sei,
3258 4344 3310 4377 daß
3329 4345 3361 4378 sie
3388 4352 3439 4373 nur
3468 4344 3514 4378 ihn
3543 4345 3606 4373 liebe
3634 4345 3690 4373 und

2853 4381 2895 4409 nie
2913 4381 2986 4409 einen
3006 4381 3105 4410 andern
3125 4382 3206 4411 lieben
3225 4383 3315 4412 könne.
3341 4384 3408 4418 Jetzt
3427 4392 3482 4412 war
3501 4383 3578 4417 dieser
3606 4383 3691 4417 schöne

2854 4420 2954 4448 Traum
2973 4420 3021 4448 wie
3040 4421 3231 4454 verschwunden
3251 4430 3299 4451 vor
3317 4422 3360 4452 der
3378 4423 3513 4458 traurigen
3531 4423 3585 4451 und
3614 4431 3692 4458 grau¬

2853 4459 2940 4491 samen
2959 4459 3132 4492 Wirklichkeit.
3173 4462 3237 4495 „Ich
3256 4461 3338 4496 besitze
3356 4463 3396 4491 ein
3416 4463 3517 4495 schönes
3535 4462 3609 4491 Weib
3635 4462 3692 4491 und

2854 4498 2903 4526 das
2922 4498 2952 4528 ist
2971 4499 3052 4527 alles!
3088 4499 3141 4528 Sie
3159 4500 3205 4534 hat
3223 4500 3305 4535 Geist,
3337 4502 3397 4530 aber
3415 4502 3524 4535 deshalb
3542 4502 3570 4535 ist
3591 4502 3623 4535 sie
3640 4509 3693 4530 nur

2851 4531 2998 4572 schuldiger,
3033 4538 3067 4571 sie
3084 4546 3141 4567 war
3160 4539 3196 4568 im
3210 4540 3305 4575 stände,
3328 4541 3375 4569 den
3394 4541 3531 4576 Massigny
3548 4549 3577 4576 zu
3597 4541 3694 4570 lieben!

2855 4576 2895 4605 Es
2906 4578 2935 4608 ist
2946 4577 3025 4612 wahr,
3049 4577 3101 4611 daß
3120 4578 3152 4611 sie
3171 4578 3224 4613 jetzt
3243 4587 3294 4608 nur
3313 4580 3374 4613 mich
3388 4581 3530 4610 liebt....
3542 4583 3593 4609 auS
3612 4581 3694 4610 voller

2856 4616 3012 4645 Seele....
3024 4617 3073 4645 wie
3092 4624 3143 4645 nur
3161 4618 3195 4651 sie
3212 4619 3295 4647 lieben
3314 4619 3389 4648 kann.
3412 4620 3517 4649 Geliebt
3535 4628 3563 4655 zu
3582 4620 3632 4652 sein
3646 4620 3695 4649 wie

2854 4655 2988 4690 Massigny
3019 4658 3049 4683 eS
3079 4656 3229 4687 war!....
3243 4658 3296 4687 Sie
3326 4659 3370 4693 hat
3406 4660 3451 4693 sich
3487 4660 3555 4688 allen
3593 4660 3697 4689 meinen

2855 4694 2994 4727 Wünschen
3024 4695 3079 4723 und
3098 4695 3205 4725 Latinen
3236 4697 3349 4732 ergeben.
3388 4698 3459 4727 Aber
3488 4699 3524 4732 ich
3541 4699 3607 4733 habe
3632 4700 3697 4734 mich

2857 4734 2913 4765 doch
2934 4733 3066 4767 getäuscht.
3088 4734 3129 4763 Es
3149 4743 3205 4764 war
3218 4737 3285 4765 keine
3300 4737 3462 4772 Sympathie
3475 4739 3591 4773 zwischen
3603 4740 3698 4773 unsem

2857 4773 2961 4807 Herzen.
2999 4773 3136 4809 Massigny
3156 4775 3215 4804 oder
3234 4776 3268 4810 ich
3287 4792 3321 4798 —
3340 4777 3391 4806 das
3409 4778 3440 4811 ist
3460 4779 3528 4807 alles
3554 4778 3622 4808 ein?.
3662 4778 3700 4807 Er

2858 4812 2887 4844 ist
2905 4812 2976 4845 schön
2994 4813 3050 4840 und
3068 4814 3101 4847 sie
3119 4814 3181 4843 liebt
3200 4815 3246 4849 ihn
3264 4824 3351 4852 wegen
3363 4818 3444 4851 seiner
3458 4818 3609 4852 Schönheit.
3629 4818 3699 4852 Auch

2858 4851 2892 4884 ich
2911 4851 3035 4885 anlüsiere
3066 4854 3189 4887 zuweilen
3218 4855 3259 4884 die
3278 4857 3390 4892 gnädige
3407 4858 3488 4892 Frau.
3531 4858 3611 4892 „Run
3640 4860 3696 4892 gut,

2858 4891 2927 4925 sagte
2945 4891 2976 4923 sie
2995 4891 3049 4926 sich,
3083 4894 3180 4922 wollen
3199 4896 3249 4923 wir
3267 4897 3328 4929 auch
3348 4896 3525 4926 Saint-Clair
3542 4896 3630 4931 lieben,
3665 4897 3699 4925 da

2859 4930 2884 4964 ja
2903 4930 2947 4958 der
2975 4931 3069 4960 andere
3100 4934 3231 4968 gestorben
3262 4936 3306 4969 ist!
3343 4936 3401 4964 Und
3428 4944 3504 4964 wenn
3526 4935 3701 4965 Saint-Clair

2860 4969 2931 5003 stirbt
2952 4970 3012 4999 oder
3029 4971 3094 5005 mich
3113 4973 3254 5008 langweilt,
3277 4976 3348 5003 dann
3369 4976 3462 5004 wollen
3480 4976 3531 5004 wir
3548 4975 3645 5008 sehen."

2911 5009 2961 5043 Ich
2998 5011 3092 5045 glaube
3124 5012 3175 5047 sest,
3209 5013 3261 5047 daß
3293 5014 3337 5042 der
3365 5015 3456 5047 Teufel
3485 5014 3629 5049 unsichtbar
3658 5022 3701 5049 zu-

2860 5048 2945 5082 horcht
2974 5049 3003 5078 in
3033 5050 3079 5079 der
3107 5051 3181 5085 Rahe
3213 5052 3283 5081 eines
3316 5054 3509 5089 Unglücklichen,
3542 5055 3586 5082 der
3613 5054 3656 5087 sich
3676 5054 3701 5087 so

2862 5088 2958 5121 foltert.
2997 5089 3063 5118 Das
3083 5090 3235 5124 Schauspiel
3265 5092 3294 5125 Ist
3325 5093 3448 5126 amüsant
3478 5093 3523 5126 sür
3550 5094 3600 5121 den
3618 5093 3701 5128 Feind

2863 5128 2906 5156 der
2924 5128 3060 5162 Menschen
3078 5131 3133 5158 und
3152 5139 3227 5159 wenn
3246 5131 3297 5159 dnS
3317 5132 3449 5166 Opfcrrier
3469 5133 3543 5168 fühlt,
3564 5133 3618 5166 daß
3635 5133 3701 5165 feine

2863 5168 2985 5196 Wunden
3004 5168 3049 5202 sich
3068 5169 3194 5205 schließen,
3216 5171 3246 5205 ist
3265 5171 3309 5200 der
3321 5171 3410 5206 Teufel
3429 5173 3471 5208 da,
3493 5180 3540 5201 um
3558 5172 3592 5206 sie
3611 5171 3703 5200 wieder

2863 5215 2894 5241 zu
2912 5207 3010 5239 öisnen.

2917 5246 3095 5276 Saint-Clair
3125 5249 3236 5284 glaubte,
3270 5250 3325 5279 eine
3345 5251 3466 5281 Stimme
3483 5258 3515 5286 zu
3541 5250 3629 5286 hären,
3663 5251 3703 5279 die

2864 5285 2918 5319 ihm
2937 5285 2981 5314 in«
3001 5286 3062 5320 Ohr
3079 5287 3224 5319 brummte:

1445 1346 1498 1389 Fr.

1521 1348 1596 1380 6.50

1702 1347 1755 1389 Fr.

1784 1347 1875 1379 10.—

1522 1392 1595 1424 6.—

1783 1391 1875 1422 11.50

1522 1435 1597 1467 6.50

1784 1435 1875 1466 12.50

1327 1501 1336 1512 .

1471 1501 1486 1518 0

1522 1479 1596 1511 8.—

1728 1502 1743 1517 *

1784 1479 1875 1510 15.—

1449 1567 1464 1592 8
1483 1564 1631 1593 Monate.

1704 1568 1718 1590 6
1736 1564 1770 1593 M

1781 1566 1884 1592 onate.

1300 1608 1348 1650 für

1429 1607 1493 1642 Mk.

1539 1611 1612 1642 6.—

1460 1652 1493 1693 st-

1539 1654 1613 1685 5.66

1314 1705 1350 1738 zu

1438 1694 1491 1739 Fr-

1537 1697 1612 1729 7.65

1702 1696 1755 1738 Fr.

1784 1698 1875 1729 14.60

1302 1740 1352 1773 der

1440 1782 1492 1825 Fr.

1702 1782 1756 1825 Fr.

1781 1785 1873 1818 24.-
