3888 5551
186 168 278 225 j\s
308 158 348 218 9
418 158 618 228 Erstes
654 158 862 222 Blatt,
934 170 960 210 s
1624 150 2018 225 ZchtMlchizkkk
2058 148 2294 224 Zlihrgi»,.
2774 151 3058 225 Montag.
3096 153 3156 213 S.
3194 153 3444 225 Januar
3482 154 3650 217 1888.

350 812 862 848 «v»«Ar«e«r»ps»Sse.

797 850 809 869 ,
819 847 916 870 vkon«u.
939 847 951 867 *
960 847 1057 868 vtmttc.

165 876 258 902 ‘litt®
270 877 340 901 Omrr
353 877 385 898 kie
400 877 494 905 Zeitung
509 878 604 904 -»geholt
618 877 681 901 Bit»)

164 904 275 930 Schwei,
290 903 417 931 «»eftelung
431 905 483 926 beim
498 905 634 929 Po'tbureau»
649 920 653 925 .
684 919 691 926 .

222 932 254 953 b».
295 931 341 954 imit
354 932 425 959 ve,ug
439 934 502 954 unter
513 931 675 956 Priv-t-bresie»

164 956 341 984 wiutlchlan»
363 958 492 986 kBeftellung
512 959 567 981 beim
579 958 684 983 Postamt»

164 984 444 1011 .»«»erreich.Ungarn
465 986 526 1009 «Best.
542 987 561 1008 b.
577 986 682 1011 Postamt)

165 1011 251 1039 Aebrige
261 1011 352 1034 Ltaaten
366 1013 403 1034 »eg
418 1012 660 1037 Weltvostberetn»
673 1027 680 1033 .

717 890 724 899 .
750 875 757 900 .
784 875 822 900 St.
836 875 856 896 4.
875 873 903 900 SO
930 873 968 900 Sr.
995 873 1016 894 8.
1030 873 1058 894 SO

717 918 723 926 .
750 917 757 925 .
800 916 811 928 .
840 902 860 924 0.
875 912 902 917 -
944 901 1056 926 .11.-

717 944 724 953 .
800 943 811 954 .
840 930 861 951 7.
874 928 902 949 50
942 928 1055 953 .14.-

718 974 723 979 .
752 972 758 978 .
781 955 826 978 5H.
841 956 860 977 4.
874 954 909 976 *51

718 984 741 1010 *.
754 982 775 1005 I.
789 982 823 1005 *9.
838 984 859 1004 4.
873 982 901 1003 82

709 1026 716 1034 .
743 1025 749 1032 .
777 1010 817 1036 »t.
826 1010 858 1031 n.
873 1008 901 1031 50
929 1008 965 1034 Sr.
979 1011 992 1030 *
992 1010 1006 1030 1
1007 1023 1014 1030 .
1031 1018 1053 1024 -

1276 832 1416 960 ml
1476 828 2028 992 WiMks
2088 827 2624 991 HmIckM

2874 812 3005 847 Zchwttz-
3023 812 3310 848 JiniunlKH»
3324 819 3372 843 von
3390 814 3471 849 Hrell
3486 814 3582 850 AüZN
3599 814 3623 844 k

3200 854 3227 882 in
3245 853 3357 889 Aüttch,

2839 891 2918 916 Aarau,
2933 891 3001 918 Bafel.
3016 892 3081 916 Bern.
3095 893 3162 918 Chur,
3177 893 3258 917 Dabo»,
3268 893 3375 920 Freiburg,
3386 893 3448 919 »enf,
3458 893 3583 921 Hetdelberg,
3594 894 3719 918 Inlerlaüsii

2838 922 2960 948 Karltruhe,
2979 923 3087 949 llonstan,,
3108 923 3224 950 Lausanne,
3244 924 3334 947 London.
3355 925 3441 951 Luzern,
3459 924 3569 948 Marlan».
3589 924 3722 950 Mannhel«,

2838 953 2951 980 Marfeile,
2970 953 3106 981 wülhaufeir.
3126 955 3163 977 Et.
3177 955 3259 980 Ballen.
3279 954 3410 983 Etraßburg,
3429 956 3498 981 vibi».
3512 956 3645 982 Winterthur
3658 960 3684 978 u.
3696 959 3722 979 %

2830 1001 3295 1048 _Nedatttonsirrrearr:
3315 1004 3467 1039 Brunngaffe
3485 1005 3531 1034 Nr.
3550 1004 3577 1032 2.

164 1119 329 1171 Nochmals
348 1120 408 1162 das
435 1119 621 1172 zürcherische
642 1118 1025 1171 FlußKorreKtiausgkskh.

236 1194 253 1211 *
276 1193 333 1232 Im
356 1194 502 1234 Anschluß
524 1203 563 1226 an
586 1193 630 1226 die
653 1194 673 1232 s.
691 1193 729 1232 Z.
753 1192 785 1224 in
809 1191 906 1232 diesem
924 1190 1026 1225 Blatte

166 1238 404 1280 veröffentlichten
439 1239 668 1279 Betrachtungen
704 1237 774 1270 über
808 1237 850 1270 die
885 1236 1026 1276 Kommis,

165 1284 377 1325 fionalvorlage
400 1284 450 1316 des
462 1284 822 1324 Flußkorrektionsgesetzes
845 1282 956 1321 machen
971 1282 1026 1314 wir

166 1330 315 1367 nochmals
338 1329 388 1367 auf
413 1330 503 1370 einige
524 1329 635 1370 Punkte
669 1329 719 1361 des
741 1332 799 1360 uns
823 1328 862 1360 im
887 1327 1027 1369 üebrigen

166 1375 310 1414 durchaus
323 1374 545 1415 befriedigenden
557 1373 724 1412 Entwurfes
736 1374 932 1414 aufmerksam,
945 1372 1027 1411 nach,

167 1420 230 1453 dem
254 1418 394 1459 nunmehr
419 1420 508 1460 einige
520 1419 853 1460 Abänderungsanträge
876 1423 936 1450 von
948 1416 1028 1451 Kan¬

167 1465 306 1504 tonsrath
329 1465 364 1496 U.
389 1464 509 1504 Meister
532 1465 592 1497 dem
616 1465 740 1498 Bureau
762 1473 815 1503 zur
830 1463 1029 1503 Drucklegung

166 1510 346 1543 übermittelt
369 1510 485 1542 worden
508 1510 577 1550 find.

238 1556 340 1594 Unsere
356 1555 587 1596 Einwendungen
604 1555 708 1592 richten
732 1553 782 1594 sich
807 1553 838 1585 in
853 1553 902 1584 der
913 1551 1030 1592 Haupt¬

169 1601 242 1639 sache
277 1600 329 1640 auf
363 1601 429 1640 zwei
452 1601 604 1633 Momente
638 1600 685 1631 der
710 1598 848 1638 Vorlage.
897 1597 957 1637 Auf
988 1595 1031 1628 die

168 1646 356 1678 unmotivirte
380 1645 618 1685 Verschiedenheit
642 1644 673 1676 in
697 1643 746 1675 der
769 1641 966 1682 Behandlung
982 1641 1030 1673 der

169 1691 312 1731 Gewässer
336 1691 417 1730 erster
441 1690 500 1722 und
523 1690 570 1722 der
592 1689 704 1728 zweiter
719 1688 817 1729 Klaffe
839 1687 899 1719 und
923 1687 1031 1725 sodann

170 1737 223 1777 auf
246 1736 290 1768 die
312 1735 540 1775 Durchführung
575 1734 623 1766 des
658 1733 757 1774 gerade
791 1733 823 1765 in
858 1732 948 1773 Folge
983 1733 1031 1764 der

171 1781 442 1821 Flußkorrektionen
465 1780 492 1818 so
517 1778 755 1820 bedeutungsvoll
777 1778 957 1819 gewordenen
969 1777 1030 1809 Ka¬

171 1826 260 1864 pitels
284 1827 331 1857 des
354 1824 526 1864 Unterhalts
561 1824 609 1856 der
634 1824 787 1864 Gewässer.
834 1823 902 1855 Wir
930 1824 1031 1863 mögen

171 1872 214 1904 die
226 1869 479 1911 Unterhaltsfrage
494 1877 561 1902 vom
584 1868 749 1908 technischen
772 1868 838 1900 oder
850 1873 918 1900 vom
934 1868 1030 1908 finan¬

171 1916 271 1956 ziellen
294 1914 519 1953 Gesichtspunkte
549 1918 605 1946 aus
635 1914 705 1951 nach
729 1913 828 1955 irgend
851 1914 928 1945 einer
949 1912 1033 1946 Seite

171 1962 224 2001 hin
246 1963 295 1993 ins
310 1960 390 2000 Auge
415 1960 512 2000 faffen,
537 1960 564 1998 so
587 1960 655 1992 tritt
678 1960 729 1999 für
752 1963 811 1991 uns
835 1968 907 1999 ganz
923 1958 981 1990 klar
997 1967 1033 1997 zu

172 2007 262 2048 Tage,
298 2004 353 2044 daß
388 2005 437 2037 der
472 2004 705 2046 ausgesprochene
729 2003 874 2045 Gegensatz
907 2003 1033 2042 zwischen

174 2053 201 2084 K
215 2062 232 2083 o
244 2061 259 2083 r
271 2060 286 2082 r
299 2060 311 2082 e
323 2050 335 2082 k
346 2054 358 2083 t
372 2049 382 2081 i
393 2059 410 2081 o
423 2059 444 2082 n
456 2054 472 2083 s
484 2065 496 2077 -
520 2051 578 2082 und
593 2049 723 2090 zwischen
745 2048 1033 2088 Unterhalts¬

173 2096 356 2131 bauten.
392 2095 446 2127 wie
481 2105 511 2127 er
545 2095 584 2127 im
610 2094 713 2135 Gesetze
736 2094 901 2135 vorgesehen
924 2093 966 2132 ist,
1003 2093 1034 2125 in

174 2140 472 2180 Wirklichkeit
494 2141 602 2179 nicht
625 2139 765 2179 besteht
787 2138 1035 2171 undniemals

175 2188 398 2220 eintreten
424 2186 551 2218 wird!
582 2185 710 2218 Warum
735 2194 796 2217 nun
820 2183 956 2224 zweierlei
971 2183 1034 2216 Elle

174 2232 204 2264 in
222 2232 270 2264 der
286 2231 452 2272 Verlegung
475 2231 522 2263 der
545 2230 721 2272 bezüglichen
733 2229 860 2269 Kosten?
884 2229 946 2262 Der
961 2228 1036 2260 beim

175 2276 508 2316 Kantonsrathsbureau
532 2275 707 2317 eingereichte
730 2275 846 2315 Antrag
880 2274 946 2314 zielt
969 2272 1035 2313 deß.

173 2322 244 2362 halb
268 2322 373 2360 darauf
394 2321 456 2361 hin.
481 2322 531 2361 für
553 2321 595 2353 die
619 2320 820 2354 Korrektions-
844 2320 897 2351 wie
921 2320 969 2359 für
993 2319 1035 2350 die

173 2366 496 2406 Untcrhaltsbaukosten
520 2366 562 2398 die
585 2365 706 2407 gleichen
719 2365 1036 2405 Vertheilungsquoten

174 2413 225 2453 für
249 2411 342 2446 Staat
365 2413 424 2443 und
449 2411 621 2445 Gemeinden
652 2411 712 2443 und
743 2410 794 2442 den
819 2409 939 2450 gleichen
961 2409 1036 2442 Ver¬

175 2458 251 2499 leger
275 2457 324 2496 für
347 2457 388 2489 die
415 2457 447 2489 in
471 2457 606 2494 Betracht
637 2455 780 2495 fallenden
804 2454 1036 2488 Kontribuenten

176 2502 340 2542 überhaupt
363 2502 411 2534 ins
435 2501 518 2543 Auge
540 2511 573 2541 zu
597 2501 695 2542 faffen.

242 2548 324 2586 Diese
346 2547 505 2587 Vorschrift
529 2546 625 2579 würde
655 2545 706 2585 sich
742 2546 793 2584 auf
828 2544 870 2576 die
895 2544 1037 2584 Gewäffer

176 2593 267 2631 erster,
300 2593 352 2624 wie
375 2593 427 2632 auf
450 2592 494 2624 die
528 2592 637 2631 zweiter
671 2590 767 2630 Klaffe
798 2589 934 2630 beziehen.
979 2589 1036 2627 Im

176 2638 323 2679 Gegensatz
346 2646 380 2677 zu
402 2637 464 2669 dem
489 2637 626 2676 Entwurf
657 2635 753 2668 würde
776 2635 855 2667 dann
889 2634 955 2667 aber
978 2636 1037 2666 eine

175 2682 487 2723 Verschiedcnartigkeit
515 2682 561 2713 der
585 2680 778 2720 Behandlung
814 2680 862 2712 der
898 2680 1037 2718 einzelnen

176 2728 318 2768 Gewäffer
343 2727 409 2766 nach
434 2727 482 2759 der
505 2727 585 2760 Seite
608 2726 659 2765 hin
694 2725 868 2765 stattfinden,
905 2724 961 2762 daß
995 2724 1038 2755 die

175 2772 346 2814 korrigirten
369 2772 428 2804 und
453 2772 527 2810 nicht
542 2771 711 2812 korrigirten
723 2769 918 2811 Waflerläufe
933 2769 1039 2809 strenge

177 2817 499 2858 auseinandergehalten
524 2816 650 2848 würden.
678 2815 746 2847 Nur
768 2815 811 2847 bei
835 2815 886 2846 den
912 2815 1038 2854 ersteren,

175 2862 220 2895 bei
244 2864 331 2894 denen
354 2863 421 2900 nach
457 2862 504 2894 der
529 2860 757 2901 Durchführung
790 2860 838 2891 der
872 2859 1040 2892 Korrektion

177 2908 237 2940 eine
259 2907 336 2940 total
357 2906 522 2939 veränderte
546 2906 685 2945 Stellung
709 2906 758 2937 des
781 2905 907 2938 Staates
930 2913 964 2944 zu
987 2905 1039 2936 den

175 2952 385 2992 Jntereffenten
409 2951 536 2990 entsteht,
561 2952 594 2990 ist
618 2951 686 2989 diese
698 2949 798 2990 gleiche
811 2950 953 2990 Stellung
969 2949 1037 2988 auch

176 2997 251 3029 beim
275 2996 429 3036 Unterhalt
451 2995 671 3037 vorgezeichnet;
695 2996 735 3027 da
758 3001 801 3027 wo
825 2993 965 3035 bisherige
977 2995 1040 3034 Zu-

176 3043 273 3082 stände
296 3046 351 3074 aus
374 3041 435 3074 dem
461 3041 539 3072 einen
571 3041 636 3072 oder
670 3040 779 3072 andern
815 3039 936 3072 Grunde
969 3041 1041 3079 fort-

177 3088 304 3127 erhalten
328 3086 446 3124 werden,
472 3085 522 3124 soll
537 3085 702 3126 demgemäß
720 3084 787 3123 auch
812 3085 859 3117 der
882 3086 936 3123 auf
952 3085 1041 3117 einem

174 3134 286 3165 andern
309 3132 409 3164 Boden
433 3130 484 3170 sich
518 3130 676 3171 bewegende
700 3129 858 3169 Unterhalt
891 3135 949 3162 von
985 3130 1038 3162 den

176 3177 274 3217 bisher
289 3177 458 3217 Pflichtigen
482 3175 651 3215 fortbesorgt
674 3174 794 3206 werden.
842 3175 923 3207 Man
947 3175 1040 3215 dürfte

177 3222 221 3256 bei
246 3222 425 3260 einläßlicher
462 3221 600 3261 Prüfung
636 3220 721 3258 dieser
754 3218 1041 3260 Anschauungsweise

176 3269 249 3306 dazu
272 3267 417 3308 gelangen,
445 3267 480 3306 sie
503 3265 633 3306 logischer
656 3266 716 3297 und
740 3263 854 3304 billiger
876 3273 912 3303 zu
936 3264 1039 3302 finden,

177 3314 226 3345 als
251 3312 293 3344 die
324 3312 355 3344 in
389 3311 437 3344 der
475 3310 814 3351 Kommissionalvorlage
848 3309 1041 3348 aufgestellten

182 3356 362 3397 Grundsätze.
419 3356 485 3388 Und
521 3365 581 3387 nun
619 3355 663 3387 die
697 3354 786 3393 Kluft
831 3354 958 3393 zwischen
993 3354 1041 3386 der

176 3402 331 3443 Kategorie
353 3402 400 3433 der
425 3401 567 3441 Gewäffer
591 3400 673 3439 erster
697 3399 793 3439 Klasse
829 3400 887 3431 und
912 3399 958 3430 der
983 3398 1039 3431 Ge¬

178 3448 277 3487 wäffer
299 3447 406 3486 zweiter
418 3446 526 3487 Klaffe.
573 3445 628 3478 Sie
651 3446 684 3484 ist
709 3445 781 3484 nicht
805 3444 875 3483 bloß
898 3443 979 3485 groß,
1006 3445 1041 3483 sie

178 3492 212 3530 ist
236 3492 304 3529 auch
329 3491 467 3532 schwierig
490 3501 524 3531 zu
547 3490 741 3523 Überdrücken.
788 3490 830 3522 Es
864 3489 951 3530 laffen
987 3488 1037 3528 sich

178 3538 245 3576 zwei
268 3536 355 3577 Wege
378 3536 472 3576 hiefür
496 3536 628 3569 betreten.
676 3536 738 3568 Der
755 3534 812 3567 eine
837 3533 920 3574 führt
942 3533 1037 3573 dahin,

179 3582 238 3620 daß
261 3582 303 3613 die
327 3581 395 3621 Liste
427 3582 475 3613 der
500 3581 640 3620 Gewäffer
675 3580 756 3619 erster
779 3579 874 3619 Klasse
909 3579 975 3617 noch
1001 3588 1042 3610 er¬

177 3628 297 3663 weitert,
334 3626 389 3664 daß
412 3636 435 3666 z.
462 3627 501 3659 B.
526 3627 568 3658 die
591 3626 707 3662 Kempt,
745 3625 787 3656 die
822 3624 964 3663 Reppisch,
999 3624 1043 3656 die

176 3671 262 3712 Lorze
286 3681 315 3703 u.
333 3672 369 3703 A.
387 3681 426 3704 m.
451 3671 518 3709 noch
542 3671 573 3703 in
596 3669 710 3708 dieselbe
734 3671 952 3710 ausgenommen
967 3671 1043 3701 wür-

176 3717 245 3757 den;
270 3717 317 3749 der
340 3716 441 3749 andere
464 3716 547 3757 Weg,
572 3725 621 3748 um
646 3716 699 3747 das
724 3716 901 3755 angedeutete
924 3715 988 3754 Ziel
1011 3723 1045 3754 zu

179 3761 326 3800 erreichen,
351 3764 426 3794 wäre
450 3762 508 3798 der.
533 3761 575 3793 die
587 3760 971 3801 Kostcnvertheilungsfrage
995 3761 1043 3799 für

177 3807 221 3839 die
246 3806 387 3847 Gewäffer
422 3807 533 3846 zweiter
556 3805 652 3847 Klaffe
688 3805 855 3844 annähernd
891 3804 985 3842 ebenso
1009 3814 1044 3844 zu

176 3852 263 3890 lösen,
288 3852 341 3883 wie
365 3852 424 3883 dies
447 3851 490 3883 bei
513 3852 565 3883 den
590 3850 754 3890 Gewässern
778 3851 826 3882 der
849 3849 1043 3891 begünstigten

178 3897 282 3936 erstern
306 3896 426 3934 Gruppe
450 3895 588 3936 geschieht.
636 3895 698 3928 Der
725 3895 862 3934 Entwurf
897 3895 958 3935 gibt
981 3897 1043 3927 dem

178 3942 288 3974 Staate
312 3941 367 3973 alle
389 3941 545 3981 möglichen
568 3939 780 3978 Vollmachten,
816 3939 960 3980 befehlend
984 3940 1043 3972 ein-

174 3986 326 4028 zugreifen,
351 3986 390 4018 im
414 3984 560 4025 Bezahlen
584 3985 705 4026 dagegen
745 3984 880 4025 vindizirt
917 3995 946 4017 er
969 3985 1043 4017 dem¬

1073 1100 1161 1141 selben
1186 1101 1244 1133 eine
1255 1100 1499 1141 Zurückhaltung,
1523 1099 1566 1132 die
1590 1098 1663 1138 nicht
1679 1099 1747 1138 bloß
1760 1098 1924 1140 auffallend,

1072 1146 1190 1187 sondern
1213 1147 1346 1187 geradezu
1370 1145 1496 1186 unbillig
1519 1144 1655 1184 erscheint.

1140 1191 1217 1224 Aber
1240 1191 1308 1227 noch
1331 1189 1409 1229 mehr
1432 1190 1481 1222 als
1510 1190 1573 1226 das,
1609 1199 1638 1221 er
1673 1189 1786 1228 belastet
1819 1189 1862 1222 die
1885 1189 1928 1221 be¬

1072 1236 1220 1277 theiligten
1246 1235 1543 1275 Grundeigenthümer
1567 1234 1599 1266 in
1622 1235 1698 1267 einer
1720 1235 1747 1272 so
1764 1234 1927 1275 weitgehen¬

1072 1283 1125 1315 den
1148 1283 1203 1313 Art
1227 1280 1287 1312 und
1311 1279 1411 1318 Weise,
1446 1279 1503 1319 daß
1536 1289 1606 1312 man
1640 1280 1691 1319 sich
1726 1280 1806 1320 sagen
1841 1279 1928 1318 muß:

1073 1325 1201 1369 glücklich
1225 1325 1274 1357 der
1296 1324 1422 1366 Bürger,
1447 1324 1495 1357 der
1518 1334 1557 1357 an
1581 1325 1670 1357 einem
1686 1324 1826 1365 Gewässer
1850 1325 1930 1363 erster

1074 1371 1179 1411 Klaffe,
1205 1370 1279 1408 wehe
1302 1370 1372 1406 dem,
1409 1370 1456 1402 der
1488 1379 1525 1402 an
1561 1370 1649 1402 einem
1684 1369 1787 1408 solchen
1821 1370 1929 1409 zweiter

1074 1416 1169 1456 Klaffe
1205 1415 1322 1454 wohnt!
1369 1415 1463 1449 Staat
1497 1414 1556 1447 und
1592 1415 1742 1448 Gemeinde
1776 1415 1835 1455 find
1875 1423 1930 1447 nur

1074 1462 1153 1493 dann
1177 1460 1363 1500 verpflichtet,
1391 1469 1429 1492 an
1452 1460 1495 1492 die
1517 1459 1692 1501 bezüglichen
1715 1460 1818 1499 Kosten
1842 1463 1930 1493 etwas

1075 1506 1264 1547 bcizutragen,
1289 1513 1372 1538 wenn
1397 1505 1439 1537 ein
1468 1504 1649 1544 ,,erhebliches
1678 1504 1849 1545 öffentliche«
1872 1505 1931 1543 In-

1076 1551 1185 1591 tereffe"
1213 1551 1267 1583 mit
1299 1552 1345 1583 der
1381 1550 1546 1583 Korrektion
1582 1549 1742 1582 verbunden
1777 1550 1821 1590 ist.
1867 1550 1932 1583 Wir

1076 1596 1201 1637 schlagen
1224 1604 1286 1628 nun
1310 1601 1371 1631 vor.
1408 1595 1464 1635 daß
1488 1595 1529 1627 die
1555 1594 1726 1628 Gemeinden
1749 1597 1833 1628 unter
1856 1595 1932 1628 allen

1075 1641 1249 1679 Umständen
1272 1641 1315 1673 die
1337 1640 1437 1680 Hälfte
1462 1641 1511 1673 der
1535 1640 1604 1678 nach
1626 1640 1678 1672 den
1698 1640 1853 1681 Beiträgen
1878 1646 1933 1673 von

1076 1687 1165 1720 Bund
1190 1686 1249 1718 uud
1273 1686 1392 1718 Kanton
1422 1685 1489 1724 noch
1522 1685 1732 1718 verbleibenden
1755 1685 1858 1724 Kosten
1883 1686 1932 1725 auf

1075 1732 1126 1773 sich
1149 1740 1184 1771 zu
1208 1731 1327 1771 nehmen
1349 1730 1450 1771 haben.
1498 1731 1565 1764 Das
1589 1730 1688 1771 gleiche
1717 1731 1769 1769 soll
1795 1731 1861 1769 auch
1886 1731 1933 1769 für

1077 1779 1130 1809 den
1168 1775 1324 1816 Unterhalt
1357 1776 1458 1816 gelten.
1517 1776 1598 1809 Man
1630 1776 1703 1808 wird
1736 1776 1822 1813 diesen
1857 1776 1934 1809 Vor¬

1077 1822 1202 1862 schlägen
1227 1820 1381 1862 gegenüber
1406 1820 1565 1853 einwenden
1588 1821 1700 1858 wollen,
1724 1820 1780 1859 daß
1803 1821 1839 1861 sie
1869 1820 1934 1859 noch

1078 1867 1157 1905 mehr
1182 1867 1229 1899 als
1253 1867 1296 1898 die
1327 1866 1665 1907 Kommissionalvorlage
1700 1866 1741 1898 die
1776 1865 1933 1907 bisherigen

1078 1913 1306 1952 Anschauungen
1343 1911 1404 1943 und
1440 1911 1632 1952 Verhältnisse
1679 1911 1731 1950 auf
1767 1911 1819 1943 den
1857 1911 1934 1949 Kopf

1079 1959 1180 1997 stellen,
1204 1957 1310 1989 ruinös
1334 1957 1381 1997 für
1405 1956 1454 1989 den
1480 1956 1581 1993 Staat,
1606 1956 1709 1988 ruinös
1744 1956 1792 1995 für
1815 1956 1857 1987 die
1882 1956 1936 1989 Ge¬

1079 2002 1208 2035 meinden
1232 2001 1288 2041 sein
1312 2002 1430 2034 werden.
1462 2001 1530 2035 Wir
1552 2001 1693 2034 bemerken
1715 2000 1803 2042 hiezu,
1828 2001 1884 2039 daß
1907 2005 1935 2033 es

1079 2049 1112 2081 in
1135 2048 1183 2079 der
1207 2056 1313 2087 ganzen
1329 2046 1547 2088 Flußbausrage
1571 2048 1619 2079 des
1637 2046 1788 2079 modernen
1812 2046 1935 2079 Staates

1081 2094 1131 2134 für
1154 2096 1212 2125 uns
1235 2102 1292 2124 nur
1327 2093 1370 2125 ein
1394 2092 1540 2125 Entweder
1568 2092 1647 2125 Oder
1672 2091 1742 2133 gibt.
1790 2091 1935 2124 Entweder

1082 2138 1117 2179 ist
1139 2138 1181 2171 die
1206 2138 1386 2178 Auffassung,
1413 2137 1470 2175 daß
1494 2137 1535 2169 die
1551 2136 1733 2177 Regulirung
1756 2138 1814 2169 und
1826 2136 1935 2175 Schad-

1082 2182 1269 2224 losmachung
1292 2183 1339 2215 der
1362 2183 1586 2224 Gewäflerläufe
1608 2183 1658 2223 für
1681 2182 1723 2214 die
1735 2181 1938 2222 Gemeinschaft

1082 2231 1131 2261 der
1154 2227 1369 2268 Staatsbürger
1393 2234 1450 2260 von
1474 2227 1589 2264 vitaler,
1624 2227 1667 2259 die
1691 2226 1868 2267 Selbsthülfe
1892 2227 1938 2259 des

1083 2273 1237 2313 Einzelnen
1262 2273 1383 2314 dagegen
1407 2278 1464 2305 von
1497 2272 1658 2311 machtloser
1690 2272 1860 2312 Bedeutung
1895 2271 1937 2311 sei,

1081 2318 1245 2359 zutreffend,
1270 2318 1330 2350 und
1352 2318 1384 2350 in
1397 2318 1496 2357 diesem
1518 2318 1603 2357 Falle
1635 2317 1806 2357 rechtfertigt
1839 2318 1876 2356 sie
1898 2316 1939 2349 die

1082 2364 1135 2404 auf
1158 2364 1216 2396 eine
1241 2363 1391 2396 rationelle
1415 2362 1643 2403 Durchführung
1667 2362 1751 2401 dieses
1774 2362 1939 2395 Gedankens

1081 2408 1272 2449 hinziclenden
1310 2407 1513 2448 Maßnahmen
1546 2408 1596 2439 deS
1628 2407 1762 2445 Staates,
1799 2408 1864 2439 oder
1899 2407 1940 2439 die

1057 2457 1061 2496 \
1082 2454 1289 2496 gegenwärtige
1314 2453 1494 2494 Strömung,
1520 2452 1576 2485 alle
1592 2452 1781 2494 Wafferläufe
1804 2452 1835 2484 in
1858 2454 1937 2493 mög-

1057 2499 1061 2532 i
1082 2500 1157 2537 lichst
1181 2499 1336 2540 geregelten
1358 2499 1484 2538 Bahnen
1506 2507 1541 2537 zu
1565 2497 1701 2538 erhalten,
1725 2498 1758 2537 ist
1793 2497 1851 2530 eine
1874 2502 1940 2529 vor-

1058 2543 1061 2569 l
1082 2544 1272 2585 übergehende
1311 2542 1453 2583 technische
1495 2543 1586 2576 Mode
1602 2558 1613 2569 -
1629 2542 1816 2582 Liebhaberei,
1862 2543 1939 2575 dann

1058 2592 1061 2605 :
1082 2589 1183 2626 sollten
1206 2589 1262 2621 wir
1288 2589 1374 2627 sofort
1412 2589 1464 2621 mit
1499 2589 1550 2620 den
1585 2587 1853 2627 Flußkorrektionen
1876 2588 1939 2627 auf-

1059 2643 1061 2663 !
1082 2636 1171 2675 hören
1195 2634 1255 2666 und
1278 2633 1371 2674 hinter
1395 2634 1448 2666 das
1473 2633 1558 2674 Gesetz
1583 2638 1649 2666 vom
1673 2632 1768 2673 Jahre
1787 2634 1871 2665 1876
1896 2641 1942 2672 zu-

1058 2672 1063 2714 i
1083 2679 1247 2720 rückgehcn!
1273 2696 1313 2702 —

1130 2775 1188 2827 Die
1216 2776 1387 2819 «emeiude
1416 2775 1578 2828 Außersihl
1607 2777 1668 2818 uud
1697 2777 1751 2819 der
1777 2775 1890 2819 Staat.

1154 2859 1222 2891 Wir
1247 2857 1376 2897 erhalten
1401 2863 1458 2890 von
1492 2858 1578 2890 einem
1604 2858 1722 2899 hiesigen
1745 2857 1863 2898 Bürger
1889 2858 1945 2891 eine

1086 2903 1242 2944 Zuschrift,
1278 2903 1327 2935 der
1360 2903 1417 2935 wir
1449 2902 1524 2943 nicht
1557 2903 1589 2935 in
1623 2902 1701 2935 allen
1723 2903 1854 2943 Punkten
1889 2903 1944 2935 bei-

1086 2949 1215 2990 stimmen
1240 2948 1347 2981 können
1368 2948 1429 2980 und
1452 2949 1502 2981 der
1531 2948 1586 2980 wir
1610 2947 1653 2980 bei
1677 2947 1857 2989 Gelegenheit
1880 2950 1944 2980 ant¬

1086 2997 1196 3027 worten
1218 2993 1340 3026 werden.
1360 3004 1365 3010 -
1381 2992 1450 3026 Wir
1474 2992 1699 3034 veröffentlichen
1721 2994 1756 3034 sie
1780 2992 1856 3031 aber,
1882 2992 1945 3026 weil

1087 3039 1123 3080 sie
1146 3039 1188 3071 die
1213 3038 1405 3079 Anschauung
1429 3038 1531 3079 großer
1553 3038 1651 3077 Kreise
1675 3038 1715 3069 im
1740 3037 1856 3071 Kanton
1881 3039 1944 3071 wie¬

1086 3083 1206 3125 dergibt.
1254 3083 1309 3116 Sie
1332 3084 1443 3116 lautet:

1155 3129 1220 3162 Wie
1256 3129 1417 3164 verlautet,
1451 3128 1504 3168 hat
1536 3128 1585 3160 der
1619 3128 1866 3168 Regierungsrath
1904 3128 1945 3161 ein

1089 3174 1194 3213 Gesuch
1219 3174 1269 3206 des
1285 3172 1536 3213 Gemeinderathcs
1559 3173 1714 3213 Außersihl
1737 3181 1788 3205 um
1813 3173 1856 3205 ein
1881 3173 1945 3205 wei¬

1087 3221 1160 3252 teres
1183 3218 1343 3259 Darleihen
1365 3224 1424 3250 von
1449 3219 1592 3257 100,000
1617 3218 1668 3257 Fr.
1705 3227 1738 3257 zu
1773 3217 1825 3250 den
1848 3218 1945 3259 früher

1088 3263 1253 3303 erhaltenen
1277 3265 1421 3301 300,000
1440 3265 1495 3304 Fr.
1518 3263 1592 3302 nicht
1615 3262 1793 3304 abgewiesen,
1819 3272 1847 3295 er
1870 3263 1943 3296 wird

1087 3309 1225 3349 vielmehr
1260 3308 1383 3347 dasselbe
1420 3309 1481 3341 dem
1517 3307 1721 3348 KantonSrath
1755 3317 1807 3347 zur
1829 3308 1945 3341 Berück-

1088 3354 1244 3395 sichtigung
1268 3354 1434 3394 empfehlen.
1482 3352 1635 3392 Außcrfihl
1669 3352 1748 3393 hatte
1781 3353 1869 3393 zuerst
1894 3354 1943 3392 Fr.

1090 3400 1234 3435 250,000
1259 3399 1402 3438 verlangt.
1449 3399 1517 3432 Das
1541 3397 1644 3437 Gesuch
1676 3398 1772 3430 wurde
1807 3403 1864 3430 von
1900 3399 1945 3430 der

1087 3443 1253 3484 Regierung
1277 3444 1427 3485 abgelehnt
1448 3444 1505 3476 mit
1531 3444 1578 3476 der
1601 3442 1813 3484 Begründung,
1837 3443 1895 3482 daß
1918 3447 1945 3476 es

1088 3487 1139 3529 sich
1173 3488 1205 3520 in
1240 3488 1338 3528 diesem
1362 3489 1445 3528 Falle
1469 3498 1521 3521 um
1555 3488 1634 3521 einen
1669 3488 1945 3526 außerordentlichen

1088 3532 1312 3574 Staatsbcitrag
1336 3534 1447 3573 handle,
1486 3533 1598 3572 welcher
1632 3542 1691 3565 nur
1714 3535 1796 3565 unter
1819 3534 1944 3575 gewissen

1089 3577 1353 3619 Voraussetzungen
1376 3578 1505 3619 gewährt
1527 3579 1636 3611 werden
1661 3578 1755 3610 könne.

1157 3622 1285 3655 Warum
1309 3623 1343 3662 ist
1376 3624 1421 3655 die
1443 3623 1607 3665 Regierung
1642 3628 1700 3655 von
1734 3623 1818 3661 dieser
1853 3623 1945 3656 llaren

1089 3668 1149 3700 und
1172 3667 1307 3708 richtigen
1332 3667 1535 3708 Begründung
1557 3667 1831 3708 zurückgekommen?

1158 3712 1311 3752 Außersihl
1336 3712 1448 3749 erklärt,
1474 3717 1505 3745 es
1527 3713 1630 3753 handle
1645 3713 1696 3752 sich
1712 3712 1786 3751 nicht
1802 3722 1851 3745 um
1868 3713 1946 3745 einen

1092 3756 1370 3797 außerordentlichen
1394 3757 1629 3798 Staatsbeitrag,
1665 3758 1784 3798 sondern
1818 3766 1868 3789 um
1905 3758 1947 3790 ein

1092 3802 1260 3843 Darleihen.
1308 3802 1407 3840 Dieses
1442 3802 1600 3842 Darleihen
1634 3803 1721 3834 könne
1754 3810 1831 3842 zwar
1865 3802 1946 3842 durch

1091 3848 1245 3888 Außersihl
1268 3847 1341 3886 nicht
1356 3845 1483 3888 gesichert
1508 3847 1628 3883 werden,
1652 3848 1775 3888 dagegen
1799 3847 1888 3879 werde
1908 3848 1947 3880 die

1092 3893 1251 3934 zukünftige
1283 3892 1570 3932 Gesammtgemeinde
1606 3891 1790 3931 Neu-Zürich
1825 3892 1947 3932 dasselbe

1092 3939 1177 3980 seiner
1200 3938 1266 3978 Zeit
1289 3937 1485 3977 übernehmen.

1137 3983 1208 4016 Nun
1233 3982 1335 4016 erklärt
1356 3982 1406 4023 sich
1441 3981 1483 4013 die
1507 3981 1669 4022 Regierung
1705 3981 1851 4022 befriedigt
1888 3981 1946 4014 und

1975 1098 2158 1138 befürwortet
2171 1098 2214 1131 ein
2227 1097 2384 1137 Darleihen
2396 1103 2454 1131 von
2469 1099 2607 1136 100,000
2620 1099 2685 1141 Fr.,
2699 1099 2826 1139 welchem

1974 1142 2042 1176 bald
2078 1144 2177 1176 andere
2210 1143 2474 1184 Hunderttausende
2506 1143 2672 1185 Nachfolgen
2705 1145 2825 1181 werden,

1975 1189 2049 1221 denn
2083 1189 2124 1221 die
2161 1188 2249 1227 ersten
2274 1190 2415 1225 100.000
2440 1189 2493 1227 Fr.
2521 1189 2621 1221 dienen
2644 1188 2674 1229 ja
2696 1198 2755 1222 nur
2777 1198 2828 1230 zur

1975 1233 2138 1275 Besoldung
2163 1234 2211 1266 der
2235 1233 2375 1266 Beamten
2410 1234 2470 1266 und
2503 1243 2555 1274 zur
2578 1234 2747 1276 Bezahlung
2770 1239 2829 1267 von

1976 1278 2176 1319 Fuhrlöhnen.

2043 1324 2149 1357 Damit
2173 1322 2286 1362 verläßt
2309 1323 2377 1355 aber
2408 1323 2452 1355 die
2475 1323 2637 1365 Regierung
2659 1324 2710 1357 den
2733 1325 2831 1366 gesun¬

1977 1369 2028 1401 den
2052 1369 2163 1402 Boden.
2187 1369 2275 1403 Denn
2289 1368 2464 1407 Jemandem
2480 1368 2553 1402 Geld
2576 1378 2610 1408 zu
2633 1368 2724 1408 leihen
2747 1377 2832 1410 gegen

1978 1413 2038 1446 eine
2060 1414 2233 1455 Anweisung
2257 1414 2307 1454 auf
2331 1413 2410 1446 einen
2425 1413 2597 1453 Schuldner,
2622 1414 2670 1446 der
2692 1415 2760 1452 noch
2780 1422 2833 1455 gar

1976 1459 2054 1497 nicht
2088 1458 2206 1500 geboren
2241 1458 2284 1498 ist,
2320 1458 2449 1498 erscheint
2477 1468 2540 1499 zum
2565 1459 2719 1499 mindesten
2742 1467 2833 1498 unzu¬

1977 1504 2071 1545 lässig.
2115 1504 2187 1537 Wer
2209 1503 2282 1536 kann
2305 1504 2388 1543 heute
2421 1503 2472 1543 sich
2504 1503 2671 1545 verbürgen,
2706 1504 2764 1544 daß
2791 1504 2834 1536 die

1977 1549 2244 1590 Zentralgemeinde
2276 1548 2437 1588 überhaupt
2475 1557 2507 1588 zu
2549 1549 2664 1582 Stande
2702 1549 2833 1582 kommt?

1978 1595 2050 1627 Wer
2073 1594 2226 1635 garantirt,
2252 1593 2307 1633 daß
2330 1593 2444 1633 dieselbe
2468 1594 2533 1633 auch
2557 1594 2599 1626 die
2616 1593 2763 1634 Schulden
2786 1594 2834 1626 der

1979 1639 2450 1680 Einzelgemeinden'Übernehmen
2473 1639 2587 1671 werde?
2619 1639 2683 1672 Mit
2706 1638 2834 1679 welchem

1980 1685 2065 1724 Recht
2087 1684 2145 1717 und
2170 1683 2259 1725 Gesetz
2292 1684 2365 1716 kann
2399 1692 2470 1716 man
2498 1684 2663 1724 Jemanden
2697 1685 2833 1725 zwingen,

1980 1729 2022 1761 die
2045 1729 2191 1768 Schulden
2215 1729 2289 1761 eines
2312 1730 2434 1761 anderen
2458 1738 2492 1769 zu
2513 1729 2730 1768 übernehmen?
2778 1729 2835 1763 Die

1980 1774 2209 1814 Zentralisation
2233 1773 2306 1815 stößt
2331 1775 2383 1815 auf
2416 1774 2558 1814 derartige
2581 1774 2834 1815 Schwierigkeiten,

1981 1819 2037 1859 daß
2053 1819 2313 1860 Verpflichtungen,
2339 1819 2435 1859 welche
2459 1820 2509 1860 auf
2524 1818 2663 1858 derselben
2679 1819 2836 1860 begründet

1982 1864 2100 1902 werden,
2124 1865 2204 1904 heute
2228 1864 2295 1903 noch
2319 1865 2367 1897 als
2391 1864 2494 1897 dubios
2519 1864 2580 1897 und
2602 1864 2768 1906 leichtfettig
2791 1865 2836 1896 be¬

1981 1909 2097 1950 zeichnet
2117 1909 2230 1942 werden
2246 1909 2362 1949 müssen.
2385 1909 2474 1943 Wird
2489 1909 2537 1949 sich
2563 1909 2630 1942 aber
2653 1909 2701 1942 der
2716 1910 2838 1943 Kanton

1983 1955 2174 1996 herbeilassen,
2206 1954 2391 1995 zweifelhafte
2414 1954 2784 1994 Schuldverbindlichkeiten
2806 1954 2838 1986 in

1984 2000 2074 2032 einem
2097 2001 2221 2040 Betrage
2246 1999 2446 2039 anzunehmen,
2480 1999 2592 2039 welcher
2628 1999 2761 2041 allmälig
2796 1999 2839 2031 die

1983 2045 2104 2086 größten
2126 2045 2273 2078 Bedenken
2307 2045 2434 2078 erwecken
2470 2044 2568 2084 muß?
2612 2044 2688 2084 Noch
2716 2044 2839 2084 weniger

1984 2089 2048 2131 geht
2073 2093 2101 2122 es
2123 2099 2174 2129 an,
2205 2090 2250 2122 die
2272 2090 2365 2131 Frage
2387 2090 2435 2122 der
2458 2089 2687 2130 Zentralisation
2709 2090 2741 2122 in
2764 2089 2840 2122 einer

1984 2135 2074 2174 Weise
2106 2144 2140 2174 zu
2179 2134 2380 2175 präjudiziren,
2417 2134 2513 2174 welche
2547 2135 2599 2167 den
2622 2135 2741 2168 Kanton
2769 2134 2840 2174 dazu

1985 2179 2088 2221 führen
2111 2181 2220 2218 könnte,
2246 2180 2288 2212 die
2302 2180 2500 2221 Vereinigung
2514 2189 2550 2220 zu
2567 2180 2732 2221 erzwingen,
2752 2179 2840 2220 ledig¬

1985 2225 2037 2264 lich
2061 2234 2110 2257 um
2134 2225 2338 2266 eingegangene
2361 2225 2656 2266 Schuldverhältniffe
2688 2234 2723 2265 zu
2746 2225 2841 2263 konso-

1985 2270 2100 2308 lidiren,
2124 2270 2185 2309 also
2207 2280 2231 2310 z.
2249 2270 2288 2303 B.
2316 2270 2490 2311 „Außersihl
2511 2270 2583 2303 wird
2606 2270 2674 2308 nach
2697 2270 2756 2302 und
2773 2269 2841 2308 nach

1986 2316 2048 2347 dem
2064 2315 2184 2348 Kanton
2200 2315 2261 2348 eine
2275 2315 2398 2348 Million
2414 2315 2543 2355 Franken
2567 2314 2704 2356 schuldig;
2728 2314 2842 2355 Außer-

1987 2360 2040 2400 fihl
2063 2361 2135 2393 kann
2159 2359 2233 2400 nicht
2257 2360 2460 2400 zurückzahlen,
2484 2360 2530 2393 der
2546 2361 2667 2393 Kanton
2689 2360 2752 2393 will
2775 2359 2842 2392 aber

1987 2405 2043 2444 sein
2060 2405 2132 2438 Geld
2157 2406 2279 2445 wieder;
2302 2414 2365 2438 nun
2380 2405 2475 2445 erläßt
2498 2405 2615 2445 derselbe
2632 2405 2711 2438 einen
2725 2404 2842 2444 Macht¬

1988 2450 2085 2490 spruch
2113 2450 2174 2482 und
2196 2451 2301 2491 zwingt
2325 2451 2428 2483 andere
2450 2450 2631 2489 Gemeinden,
2657 2450 2740 2489 bezw.
2764 2450 2844 2483 Neu-

1988 2495 2103 2535 Zürich,
2127 2495 2171 2528 die
2194 2496 2338 2534 Schulden
2361 2504 2397 2536 zu
2419 2495 2645 2536 übernehmen!"

2057 2541 2126 2573 Eine
2149 2540 2235 2580 solche
2251 2540 2483 2582 Verschmelzung
2504 2542 2581 2573 wäre
2596 2541 2642 2573 ein
2658 2541 2745 2581 Hohn
2759 2549 2845 2581 gegen

1989 2586 2045 2619 alle
2069 2586 2196 2626 Begriffe
2218 2592 2276 2618 von
2298 2586 2384 2625 Recht
2410 2586 2470 2619 und
2494 2586 2590 2627 Gesetz.
2637 2586 2699 2619 Der
2722 2586 2845 2620 Kanton

1989 2631 2062 2664 wird
2086 2631 2134 2672 sich
2158 2639 2194 2671 zu
2216 2630 2321 2671 solchen
2345 2631 2519 2673 Maßregeln
2546 2630 2619 2672 nicht
2642 2631 2799 2672 hergeben!

2057 2676 2127 2710 Wer
2151 2675 2212 2709 will
2236 2677 2366 2718 leugnen,
2392 2677 2447 2715 daß
2464 2676 2616 2718 Außersihl
2635 2676 2668 2709 in
2683 2677 2730 2709 der
2746 2677 2846 2710 bitter¬

1991 2723 2047 2766 sten
2072 2722 2271 2762 Verlegenheit
2293 2723 2384 2761 steckt!
2431 2723 2524 2755 Wenn
2560 2722 2603 2755 die
2629 2721 2846 2763 Veranlassung

1991 2775 2025 2806 zu
2050 2767 2137 2799 einem
2162 2767 2389 2807 Staatszuschuß
2412 2767 2542 2809 vorliegt,
2575 2768 2602 2806 so
2626 2767 2754 2808 gewähre
2777 2775 2847 2800 man

1991 2812 2134 2851 denselben
2172 2813 2223 2851 auf
2260 2812 2318 2844 dem
2342 2812 2430 2854 Wege
2464 2813 2510 2844 der
2533 2811 2720 2853 Schenkung!
2769 2811 2846 2844 Aber

1994 2866 2062 2889 man
2087 2862 2231 2897 vermenge
2268 2856 2340 2896 nicht
2367 2858 2411 2890 die
2434 2857 2526 2898 Frage
2550 2857 2598 2889 der
2620 2856 2849 2896 Zentralisation

1992 2902 2044 2934 mit
2080 2901 2130 2934 den
2165 2902 2275 2935 lokalen
2297 2902 2511 2944 Verhältniffen
2545 2902 2620 2935 einer
2652 2902 2768 2934 kranken
2792 2900 2848 2934 Ge¬

1993 2947 2108 2979 meinde.

2059 2991 2155 3025 Wenn
2180 3001 2249 3024 man
2274 2991 2339 3024 aber
2362 2993 2416 3025 mit
2439 2993 2488 3025 der
2509 2993 2578 3032 Zeit
2611 2993 2671 3025 eine
2700 3002 2769 3025 neue
2793 2991 2850 3024 Ge-

1993 3037 2240 3078 sammtgemeinde
2265 3037 2377 3078 schaffen
2402 3038 2475 3076 will,
2509 3039 2587 3070 dann
2612 3038 2677 3079 gebe
2711 3048 2781 3070 man
2804 3037 2850 3077 ihr

1993 3082 2052 3115 eine
2076 3082 2261 3123 Verfassung,
2296 3083 2394 3121 welche
2426 3083 2469 3115 die
2503 3082 2628 3124 Gewähr
2663 3082 2754 3121 bietet,
2794 3082 2850 3122 daß

1992 3127 2179 3166 Neu-Zürich
2208 3127 2277 3164 nach
2311 3128 2421 3169 einigen
2454 3128 2570 3168 Jahren
2603 3127 2679 3167 nicht
2711 3133 2766 3160 vor
2789 3127 2850 3159 dem

1992 3172 2112 3213 gleichen
2133 3172 2278 3212 Abgrund
2301 3173 2368 3212 steht
2392 3172 2444 3205 wie
2459 3172 2620 3213 Außersihl.
2668 3173 2764 3213 Sorge
2780 3182 2849 3205 man

1992 3217 2059 3252 auch
2095 3218 2192 3256 dafür,
2223 3217 2282 3256 daß
2318 3218 2361 3250 die
2400 3226 2469 3250 neue
2507 3217 2659 3251 Gemeinde
2692 3218 2765 3257 nicht
2805 3217 2850 3249 ein

1991 3261 2139 3300 Spielball
2168 3262 2215 3294 der
2255 3263 2500 3302 vaterlandslosen
2533 3263 2708 3303 Demagogie
2742 3262 2849 3295 werde!

1993 3307 2092 3348 Sorge
2115 3316 2185 3339 man
2207 3307 2304 3346 dafür,
2339 3307 2396 3347 daß
2430 3308 2477 3339 der
2501 3307 2602 3348 Zuzug
2637 3307 2850 3347 arbeitsscheuer

1994 3352 2053 3384 und
2078 3352 2257 3391 arbeitsloser
2281 3352 2423 3385 Elemente
2446 3358 2503 3385 von
2525 3354 2674 3385 auswärts
2708 3353 2850 3390 erschwert

1991 3397 2097 3430 werde!
2144 3397 2220 3435 Auch
2245 3397 2292 3429 der
2314 3397 2494 3436 anscheinend
2525 3397 2710 3439 unbegrenzte
2744 3396 2850 3437 Wohl-

1992 3442 2216 3482 thätigkeitsfinn
2240 3442 2288 3475 der
2309 3442 2507 3482 zürcherischen
2528 3440 2728 3484 Bevölkerung
2752 3444 2851 3475 könnte

1993 3487 2124 3527 erschöpft
2146 3487 2276 3520 werden!

2059 3532 2155 3571 Schon
2195 3532 2252 3573 jetzt
2290 3531 2400 3573 beträgt
2439 3532 2481 3565 die
2519 3532 2679 3573 freiwillige
2713 3533 2848 3570 Summe,

1992 3576 2090 3617 welche
2122 3577 2242 3617 jährlich
2278 3577 2307 3610 in
2338 3576 2445 3617 Zürich
2468 3577 2525 3610 und
2549 3578 2777 3618 Ausgemeinden
2801 3578 2850 3617 für

1993 3622 2181 3663 wohlthätige
2194 3623 2299 3662 Zwecke
2314 3621 2496 3663 aufgebracht
2510 3623 2593 3660 wird,
2617 3625 2690 3655 etwa
2707 3623 2850 3662 300,000

1993 3667 2044 3705 Fr.
2086 3667 2149 3700 Und
2175 3667 2238 3706 doch
2264 3668 2296 3705 ist
2319 3667 2385 3708 noch
2409 3667 2466 3700 viel
2490 3668 2578 3700 Elend
2602 3667 2766 3708 vorhanden
2792 3668 2850 3700 und

1994 3712 2035 3744 die
2072 3712 2292 3753 leichtsinnigen,
2326 3712 2598 3753 vagabundirenden
2620 3713 2763 3746 Elemente
2790 3717 2853 3745 ver¬

1993 3757 2107 3796 sperren
2130 3758 2184 3790 den
2207 3757 2375 3798 tüchtigeren
2399 3756 2520 3798 Kräften
2542 3759 2595 3790 den
2618 3758 2707 3800 Platz.
2755 3759 2797 3791 Es
2819 3757 2853 3797 ist

1994 3803 2052 3834 eine
2069 3802 2231 3843 Thatsache,
2258 3802 2313 3841 daß
2327 3802 2456 3842 zeitweise
2469 3802 2614 3842 Schaaren
2639 3810 2696 3835 von
2719 3803 2853 3836 wackeren

1993 3847 2052 3879 und
2091 3847 2326 3888 arbeitswilligen
2362 3848 2514 3880 Männern
2547 3848 2580 3880 in
2612 3847 2766 3889 Außersihl
2793 3848 2853 3880 und

1993 3892 2117 3925 anderen
2140 3892 2313 3926 Gemeinden
2337 3892 2409 3925 keine
2431 3892 2530 3925 Arbeit
2554 3894 2659 3933 finden.
2698 3894 2765 3926 Wie
2788 3892 2853 3932 läßt

1993 3936 2043 3977 sich
2068 3936 2165 3976 diesem
2190 3937 2277 3970 Uebel
2299 3938 2433 3977 steuern?
2464 3938 2530 3970 Nur
2553 3938 2637 3978 durch
2662 3938 2705 3971 ein
2729 3939 2853 3979 strenges

1994 3981 2232 4023 Gemeindegesetz,
2259 3982 2373 4022 welches
2396 3982 2449 4015 den
2460 3983 2562 4023 Zuzug
2586 3988 2642 4015 von
2667 3983 2770 4023 Außen
2794 3982 2853 4014 und

2874 1099 2916 1132 die
2939 1100 3155 1141 Niederlassung
3178 1100 3326 1140 erschwert.
3373 1101 3441 1134 Das
3462 1101 3627 1143 allgemeine
3661 1101 3727 1133 kan-

2873 1145 2970 1178 tonale
3004 1145 3090 1187 Gesetz
3125 1148 3209 1187 taugt
3243 1146 3317 1183 nicht
3349 1146 3430 1186 mehr
3452 1148 3501 1179 für
3522 1146 3637 1186 Zürich,
3672 1146 3728 1179 wir

2876 1190 3013 1227 brauchen
3038 1190 3081 1222 ein
3104 1190 3358 1232 Ausnahmegesetz.
3396 1192 3470 1225 Dem
3486 1192 3580 1225 Staat
3597 1191 3729 1230 erwächst

2876 1235 2919 1267 die
2943 1235 3092 1276 dringende
3115 1236 3230 1276 Pflicht,
3263 1236 3311 1268 der
3335 1236 3535 1278 Vermehrung
3557 1239 3606 1269 des
3627 1233 3729 1277 Pröle-

2877 1280 2984 1313 tariats
3020 1281 3079 1313 und
3113 1281 3175 1313 dem
3208 1281 3298 1314 damit
3332 1280 3529 1314 verbundenen
3553 1281 3643 1315 Elend
3677 1282 3730 1313 den

2876 1325 2950 1367 Weg
2972 1335 3006 1365 zu
3030 1325 3167 1367 verlegen.

3119 1428 3472 1490 Kantone.

3228 1508 3379 1553 Zürich.

2945 1564 3013 1598 Das
3033 1564 3248 1604 „Wochenblatt
3260 1564 3308 1597 deS
3319 1563 3452 1605 Bezirkes
3463 1565 3595 1598 Meilen"
3615 1565 3731 1606 beginnt

2879 1609 2918 1641 im
2943 1608 3103 1647 Feuilleton
3126 1610 3179 1642 den
3202 1610 3324 1643 Abdruck
3347 1610 3424 1643 einer
3447 1610 3734 1651 lokalgeschichtlichen

2879 1654 2996 1690 Studie.
3025 1655 3173 1693 „Meilens
3195 1655 3313 1695 Antheil
3336 1664 3374 1688 an
3400 1655 3452 1688 den
3474 1656 3651 1696 Aufständen
3673 1656 3734 1688 und

2880 1700 3105 1741 Umwälzungen
3140 1700 3180 1732 im
3213 1700 3334 1733 Kanton
3356 1701 3496 1740 Zürich",
3533 1706 3591 1734 von
3613 1701 3736 1742 Pfarrer

2880 1745 2916 1783 I.
2949 1744 3112 1784 Wißmann
3148 1745 3178 1777 in
3212 1744 3333 1778 Meilen.
3380 1746 3461 1784 Diese
3496 1745 3606 1779 Studie
3639 1747 3736 1778 wurde

2882 1790 2970 1830 zuerst
2992 1790 3024 1822 in
3059 1790 3104 1822 der
3124 1790 3443 1832 Mittwochgesellschaft
3475 1791 3507 1823 in
3531 1792 3643 1824 Meilen
3667 1797 3734 1823 vor¬

2881 1837 3023 1875 getragen.
3071 1835 3138 1869 Das
3162 1835 3226 1874 erste
3249 1835 3413 1874 Feuilleton
3441 1835 3589 1876 behandelt
3613 1836 3655 1868 die
3678 1836 3733 1869 Er¬

2882 1880 2992 1922 eignisse
3015 1881 3063 1912 des
3085 1880 3197 1920 Jahres
3225 1882 3319 1912 1489.

3230 1934 3394 1975 Luzern.

2954 1980 3015 2012 Der
3040 1979 3150 2019 frühere
3174 1979 3464 2013 Gemeindeammann
3498 1981 3555 2012 und
3581 1980 3740 2018 Gastvirth

2884 2025 2921 2064 I.
2947 2024 3050 2064 Metzer
3074 2029 3131 2057 von
3154 2024 3308 2063 Wolhusen
3343 2025 3440 2057 wurde
3475 2035 3523 2057 am
3558 2028 3588 2057 5.
3612 2025 3738 2065 Januar

2884 2076 2977 2110 wegen
2999 2070 3225 2109 Veruntreuung
3246 2069 3420 2110 öffentlichen
3434 2070 3527 2103 Gutes
3548 2071 3590 2103 im
3613 2070 3737 2111 Bettage

2884 2120 2942 2146 von
2976 2116 3062 2146 9463
3098 2115 3152 2153 Fr.
3177 2116 3218 2146 54
3241 2115 3310 2153 Rp.,
3348 2114 3431 2152 sowie
3463 2122 3556 2155 wegen
3597 2115 3736 2154 einfachen

2885 2160 3029 2200 Betruges
3054 2160 3092 2191 im
3115 2159 3240 2200 Bettage
3262 2164 3320 2192 von
3344 2161 3384 2191 57
3403 2160 3456 2199 Fr.
3480 2170 3515 2200 zu
3538 2161 3599 2193 drei
3620 2159 3737 2200 Jahren

2885 2204 3052 2245 Zuchthaus
3075 2204 3252 2244 verurtheilt.

2958 2267 2997 2273 —
3021 2250 3070 2289 In
3092 2250 3236 2283 Willisau
3258 2249 3292 2286 ist
3315 2249 3360 2282 ein
3382 2254 3468 2283 neues
3489 2250 3623 2284 liberales
3638 2250 3740 2288 Blatt,

2888 2295 2935 2327 der
2963 2294 3111 2333 „Wächter
3135 2304 3182 2327 am
3205 2294 3301 2335 Napf"
3330 2295 3499 2337 erschienen;
3534 2301 3563 2329 es
3587 2295 3658 2329 wird
3682 2296 3740 2328 ein¬

2887 2340 2949 2373 mal
2971 2340 3013 2372 die
3038 2339 3138 2379 Woche
3160 2339 3391 2381 herausgegeben.

3275 2401 3363 2438 Uri.

2959 2449 3014 2482 Die
3038 2448 3261 2489 Gotthardbahn
3282 2448 3334 2489 hat
3357 2448 3398 2481 im
3421 2449 3581 2482 November
3605 2449 3662 2482 und
3683 2450 3743 2484 De¬

2889 2493 2996 2534 zember
3019 2493 3062 2525 die
3085 2494 3202 2535 ttefigen
3224 2494 3351 2535 Mengen
3376 2494 3478 2532 Güter,
3515 2495 3557 2528 die
3580 2502 3673 2536 wegen
3695 2496 3744 2527 der

2890 2539 3121 2580 bevorstehenden
3145 2539 3348 2580 Aenderungen
3371 2540 3419 2571 der
3453 2540 3638 2580 italienischen
3660 2540 3746 2579 Zölle

2890 2585 2941 2616 den
2965 2583 3351 2624 schweizerisch-italienischen
3366 2585 3426 2617 und
3442 2585 3746 2625 deutsch-italienischen

2891 2629 3012 2668 Verkehr
3048 2629 3246 2669 anschwellten,
3283 2629 3313 2663 in
3348 2630 3543 2672 musterhafter
3577 2630 3666 2669 Weise
3699 2631 3746 2662 be-

2891 2675 3008 2715 fördert.

2959 2720 2999 2753 Es
3022 2725 3085 2752 war
3109 2720 3168 2752 eine
3190 2720 3330 2762 derartige
3353 2721 3483 2762 Leistung
3505 2721 3648 2761 natürlich
3671 2720 3746 2759 nicht

2892 2764 3009 2806 möglich
3032 2764 3103 2805 ohne
3125 2765 3351 2806 ungewöhnliche
3379 2766 3667 2807 Inanspruchnahme
3689 2771 3747 2797 von

2893 2810 2995 2842 Leuten
3018 2810 3078 2842 und
3101 2810 3255 2843 Material.
3302 2810 3397 2851 Gegen
3421 2811 3464 2843 die
3486 2811 3678 2852 Verwaltung
3700 2812 3748 2842 der

2893 2855 2982 2895 Bahn
3006 2856 3101 2887 wurde
3125 2864 3187 2887 nun
3209 2856 3296 2895 zuerst
3319 2855 3361 2888 im
3393 2856 3503 2894 „Urner
3527 2856 3744 2895 Wochenblatt"

2893 2901 2952 2932 und
2975 2899 3092 2940 hernach
3115 2900 3147 2932 in
3170 2901 3369 2940 verschiedenen
3393 2902 3501 2933 andern
3524 2902 3685 2942 Zeitungen
3700 2901 3749 2933 der

2893 2946 3035 2984 Vorwurf
3070 2945 3199 2985 erhoben,
3234 2946 3269 2986 sie
3303 2945 3419 2986 befleiße
3454 2946 3502 2985 sich
3540 2947 3620 2987 ihren
3642 2949 3747 2979 untern

2894 2990 3083 3031 Angestellten
3119 2991 3271 3031 gegenüber
3306 2991 3379 3023 einer
3415 2991 3620 3031 Sparsamkeit,
3652 2991 3749 3030 welche

2899 3035 3099 3075 „Schinderei"
3138 3039 3264 3077 genannt
3298 3045 3334 3075 zu
3370 3037 3479 3069 werden
3518 3037 3653 3075 verdiene,
3687 3037 3748 3070 und

2896 3082 3001 3122 strenge
3035 3080 3102 3119 diese
3136 3081 3247 3121 schlecht
3280 3081 3426 3121 bezahlten
3459 3081 3541 3115 Leute
3583 3083 3614 3115 in
3647 3081 3751 3121 «ußer-

2896 3126 3078 3165 ordentlicher
3100 3126 3191 3166 Weise
3215 3135 3263 3159 an.

2964 3170 3130 3211 Gegenüber
3176 3171 3264 3211 diesen
3300 3171 3448 3213 Anllagen
3484 3172 3587 3205 erllärt
3619 3172 3750 3206 Direktor

2896 3216 3007 3250 Dietler
3031 3217 3072 3248 im
3110 3217 3224 3255 „Urner
3258 3216 3486 3255 Wochenblatt",
3525 3218 3577 3249 das
3612 3216 3752 3258 Personal

2896 3261 2967 3301 habe
2989 3261 3032 3294 die
3056 3260 3115 3301 ihm
3139 3262 3182 3294 bei
3204 3261 3265 3294 dem
3289 3265 3450 3301 genannten
3476 3261 3751 3302 außerordentlichen

2896 3307 3011 3347 Anlässe
3034 3306 3247 3348 zugrmutheten
3269 3307 3516 3349 Mehrleistungen
3545 3308 3637 3349 willig
3671 3307 3750 3339 über¬

2897 3360 3050 3391 nommen;
3090 3352 3187 3391 zudem
3221 3351 3256 3390 sei
3278 3352 3332 3385 das
3355 3352 3448 3394 Zug«-
3490 3353 3548 3385 und
3571 3352 3752 3391 Maschinen¬

2897 3397 3028 3436 personal
3052 3397 3185 3435 verstärkt
3203 3397 3315 3429 worden
3338 3398 3398 3429 und
3421 3403 3477 3430 von
3511 3398 3601 3430 einer.
3609 3397 3752 3437 Nachbar¬

2896 3442 3078 3482 verwaltung
3100 3442 3170 3481 habe
3194 3451 3262 3474 man
3285 3442 3345 3482 acht
3375 3443 3625 3476 Stationsbeamte
3658 3442 3751 3482 requi-

2896 3487 2961 3524 ritt,
2986 3496 3037 3519 um
3056 3487 3098 3519 die
3122 3487 3307 3527 Einführung
3330 3488 3378 3520 des
3394 3487 3684 3529 Nachtgüterdienstes
3700 3487 3752 3527 auf

2896 3533 2943 3564 der
2966 3532 3134 3573 Bergstrecke
3158 3541 3191 3571 zu
3215 3532 3406 3573 ermöglichen.
3460 3534 3544 3570 „Das
3569 3534 3752 3565 Einkommen

2896 3578 2944 3609 des
2967 3577 3174 3617 hauptsächlich
3207 3577 3238 3609 in
3272 3577 3406 3615 Betracht
3442 3579 3618 3611 kommenden
3651 3578 3751 3617 Perso¬

2899 3622 2968 3657 nals
2995 3639 3029 3645 —
3058 3623 3085 3660 so
3109 3623 3202 3655 lautet
3224 3622 3267 3655 die
3291 3622 3452 3664 Erllärung
3485 3623 3553 3656 über
3588 3624 3631 3656 die
3654 3623 3753 3662 Hone-

2899 3668 3002 3708 rirung
3024 3668 3108 3705 dieser
3145 3667 3421 3707 außerordentlichen
3449 3668 3560 3708 Dienste
3587 3685 3627 3691 —
3651 3667 3752 3706 besteht

2897 3721 2961 3752 zum
2985 3712 3071 3752 Theil
3095 3716 3151 3745 aus
3173 3713 3362 3753 sogenannten
3377 3713 3658 3755 Kilometergeldern,
3682 3713 3709 3744 d.
3722 3711 3751 3752 h.

2898 3761 2954 3790 aus
2977 3757 3118 3798 Bezügen,
3152 3757 3248 3796 welche
3281 3758 3332 3790 den
3356 3757 3518 3799 Leistungen
3553 3757 3753 3797 proporttonal

2898 3802 2970 3843 find.
3017 3803 3073 3835 Als
3112 3802 3338 3843 Entschädigung
3376 3804 3426 3843 für
3465 3805 3506 3836 die
3539 3804 3654 3844 stärkere
3691 3803 3753 3842 In-

2898 3847 3137 3887 anspruchnahme
3161 3848 3211 3887 hat
3246 3847 3287 3880 die
3310 3848 3459 3881 Direktion
3491 3849 3558 3888 diese
3582 3848 3753 3881 Kilometer-

2898 3893 2990 3933 gelder
3013 3893 3063 3924 des
3085 3892 3255 3932 Personales
3277 3893 3325 3925 der
3349 3892 3509 3934 Güterzüge
3544 3895 3604 3926 und
3638 3893 3685 3924 des
3708 3902 3753 3933 ge-

2898 3939 3035 3976 sammten
3059 3937 3385 3977 Maschinenpersonales
3409 3939 3459 3979 für
3480 3939 3532 3971 den
3561 3939 3671 3972 Monat
3695 3938 3752 3970 De¬

2897 3982 3003 4022 zember
3025 3992 3077 4015 um
3101 3984 3142 4014 50
3166 3983 3289 4023 Prozent
3308 3982 3420 4025 erhöht;
3445 3983 3492 4022 für
3507 3983 3752 4023 Mehrleistungen

445 4090 619 4142 Fe-Uletr«
651 4089 768 4134 1888.

403 4198 798 4234 Musikalisches.

230 4250 283 4280 Die
302 4251 383 4285 zweite
400 4250 490 4285 Hälfte
509 4251 551 4278 der
569 4257 603 4277 an
623 4247 805 4280 musikalischen
816 4247 951 4280 Genüssen
970 4248 1041 4282 mehr

176 4290 220 4318 als
238 4290 261 4324 je
278 4291 370 4323 reichen
388 4290 491 4324 Saison
510 4289 616 4324 eröffnet
634 4296 678 4318 am
698 4287 751 4322 10.
770 4287 929 4322 Januar
948 4288 1041 4321 nachst-

176 4330 219 4359 bin
239 4331 289 4360 das
307 4331 333 4361 B
343 4340 355 4361 e
364 4339 382 4361 n
391 4339 403 4360 e
412 4331 422 4364 f
433 4331 442 4360 i
451 4339 463 4366 z
472 4330 484 4360 k
494 4338 509 4360 o
519 4338 579 4365 n»e
589 4338 600 4359 r
612 4331 622 4358 t
649 4329 694 4359 de?
733 4328 820 4363 Herrn
848 4329 1038 4363 Kapellmeister

175 4370 364 4406 Friedrich
391 4372 521 4407 Hegar.
559 4362 616 4400 Äst
644 4369 703 4405 Fug
737 4370 791 4398 und
810 4369 886 4400 Reckt
916 4369 974 4403 sieht
1002 4370 1040 4398 die

176 4410 357 4445 kunstlicbende
375 4411 556 4446 Bevölkerung
566 4410 677 4446 Zürichs
695 4410 788 4438 immer
806 4409 895 4442 diesem
916 4409 1041 4444 Ereigniß

175 4452 222 4480 mit
240 4452 386 4484 besonderer
393 4452 494 4487 Freude
511 4454 638 4486 entgegen,
656 4450 729 4479 bietet
748 4452 777 4478 eS
794 4450 835 4483 ihr
847 4450 904 4482 doch
918 4449 1041 4484 Gelegen¬

176 4491 232 4525 heit,
251 4492 388 4527 angesichts
414 4492 459 4521 der
478 4490 693 4526 hervorragenden
728 4488 875 4521 Verdienste
902 4489 948 4519 deS
966 4489 1041 4519 Diri¬

175 4535 266 4566 genten
297 4536 340 4562 der
370 4533 677 4566 Abonnemcntskonzertc
718 4530 774 4558 und
811 4530 857 4558 des
884 4530 1041 4562 Gemischten

173 4572 264 4606 Chors
282 4573 353 4602 einen
371 4574 499 4604 etwelchen
517 4572 580 4608 Zoll
598 4572 641 4601 der
660 4570 853 4605 Anerkennung
879 4570 935 4599 und
954 4570 1041 4600 Dank¬

174 4612 266 4642 barkeit
283 4613 479 4649 darzubringen,
499 4614 592 4643 womit
609 4611 702 4645 freilich
719 4610 776 4645 jene
795 4612 856 4642 noch
875 4610 959 4646 längst
977 4610 1042 4644 nicht

174 4653 338 4688 ausgewogen
357 4655 466 4684 werden.
504 4653 596 4685 Dieses
614 4652 680 4682 Mal
698 4653 759 4680 aber
778 4651 806 4684 ist
825 4651 865 4680 die
883 4651 1041 4685 Spannung

175 4699 220 4721 um
240 4694 267 4726 so
284 4693 383 4728 größer,
410 4696 454 4724 als
482 4694 531 4723 das
558 4693 718 4727 Programm
749 4700 800 4721 von
831 4692 914 4720 einem
941 4693 1042 4726 eigtnen

174 4731 300 4763 Tonwett
318 4734 362 4762 des
380 4733 571 4769 Benefizianten
589 4733 693 4768 gebildet
712 4732 788 4765 wird,
806 4731 862 4760 dem
878 4731 1041 4761 Oratorium

177 4772 229 4805 „M
240 4781 255 4801 a
265 4781 284 4803 n
294 4782 310 4802 a
319 4774 329 4806 s
338 4774 348 4806 s
357 4774 384 4804 e"
404 4775 448 4808 für
466 4775 548 4809 Chor,
566 4774 632 4805 Soli
651 4773 705 4803 und
724 4772 865 4806 Orchester.

229 4812 311 4847 Zwar
328 4823 391 4849 ganz
408 4823 459 4844 neu
478 4816 508 4848 ist
536 4814 647 4847 dasselbe
674 4813 718 4846 für
746 4812 799 4847 hier
827 4813 901 4845 nickt,
930 4811 1043 4844 insofern

177 4851 220 4879 als
239 4852 344 4883 derselbe
361 4854 422 4889 Text
453 4855 502 4885 mit
526 4856 570 4884 der
588 4854 730 4885 nämlichen
749 4852 839 4886 Musik
856 4852 928 4885 schon
947 4852 1043 4881 einmal

175 4890 212 4920 im
231 4891 343 4922 Oktober
361 4895 430 4924 1885
448 4895 597 4930 vorgefühtt
615 4894 720 4924 worden
739 4893 779 4924 ist.
816 4893 936 4923 Damals
958 4893 1042 4923 batten

174 4931 219 4965 sich
237 4932 276 4961 die
290 4932 461 4968 „Harmonie"
483 4936 538 4965 und
555 4937 598 4965 der
617 4933 810 4969 „Männerchor
819 4932 931 4968 Züttch"
947 4933 1042 4961 vereint

174 4972 231 5001 dem
250 4970 431 5007 Komvonistm
451 4983 496 5010 zur
514 4975 669 5010 Verfügung
688 4973 791 5008 gestellt,
809 4973 859 5001 das
876 4972 948 5002 Kind
964 4972 1042 5005 seiner

174 5012 255 5046 Muse
273 5014 325 5040 aus
343 5013 385 5042 der
402 5014 486 5048 Taufe
504 5024 534 5050 zu
553 5016 639 5050 heben.
676 5014 782 5047 Seither
810 5013 841 5046 ist
864 5015 893 5042 es
921 5020 979 5041 nun
998 5011 1042 5046 für

174 5052 319 5088 gemischten
345 5053 415 5087 Chor
442 5057 637 5091 umgesckrieben
666 5054 791 5088 worden,
823 5054 878 5082 und
909 5053 953 5081 der
972 5052 1042 5087 „Ge¬

174 5094 271 5127 mischte
289 5093 361 5127 Chor
378 5093 488 5129 Züttch"
519 5099 569 5131 hat,
598 5096 743 5130 unterstützt
769 5094 844 5127 durch
871 5093 963 5128 Zuzug
988 5096 1041 5122 aus

175 5134 223 5164 den
252 5136 396 5169 genannten
423 5135 561 5171 Vereinen,
592 5137 640 5166 mit
659 5136 716 5166 Lust
749 5134 804 5164 und
831 5134 902 5164 Liebe
934 5141 970 5163 an
997 5134 1042 5163 der

173 5175 275 5208 schönen
295 5174 470 5211 Tondichtung
490 5177 590 5211 studitt,
620 5185 668 5206 um
695 5176 729 5210 sie
746 5183 790 5205 am
809 5175 942 5209 Ehrentag
961 5174 1040 5207 seines
1060 5176 1065 5199 >

172 5215 270 5246 Lttters
288 5216 316 5244 in
335 5215 410 5247 dieser
428 5217 529 5251 Gestalt
549 5217 731 5252 vorzusühren.
768 5216 834 5245 Kein
853 5215 971 5250 Zweifel,
989 5215 1040 5248 daß

172 5257 221 5286 das
240 5255 315 5286 Wett
333 5255 406 5288 durch
424 5256 463 5286 die
482 5258 668 5292 Umänderung
687 5257 748 5289 noch
766 5264 830 5291 ganz
848 5255 986 5287 wesentlich
999 5263 1039 5289 ge¬

173 5304 287 5326 wonnen
305 5297 357 5328 hat,
384 5298 501 5327 nachdem
520 5299 590 5330 schon
608 5298 699 5330 vorher
726 5296 855 5330 feststand,
881 5296 932 5328 daß
950 5297 978 5325 es
995 5295 1040 5324 der

172 5337 281 5374 größten
301 5337 447 5372 Beachtung
465 5339 545 5371 werth
563 5338 601 5371 ist.
626 5338 680 5368 Die
698 5337 781 5369 besten
798 5336 843 5369 für
862 5337 1039 5366 Männerchor

171 5377 362 5413 ausschließlich
379 5377 560 5413 geschriebenen
578 5378 665 5408 Wette
684 5386 736 5407 von
755 5378 891 5410 etwelchem
909 5376 1039 5412 Umfange

1085 4081 1166 4111 leiden
1185 4080 1292 4114 einmal,
1311 4079 1408 4112 müsien
1428 4079 1485 4109 nach
1505 4078 1546 4107 der
1555 4078 1642 4106 Natur
1660 4076 1704 4106 der
1722 4077 1811 4113 Dinge
1828 4085 1862 4107 an
1876 4078 1944 4108 einer

1086 4122 1202 4156 gewissen
1221 4121 1378 4151 Monotonie
1397 4119 1477 4149 leiben
1497 4119 1558 4153 (das
1576 4126 1623 4146 um
1635 4117 1714 4151 seiner
1731 4117 1847 4153 Vorzüge
1857 4119 1944 4148 willen

1085 4162 1229 4196 beliebteste,
1247 4162 1350 4191 Brucks
1367 4160 1472 4196 Fritjof»
1491 4160 1551 4193 füllt
1570 4166 1624 4188 nur
1640 4159 1678 4188 die
1687 4158 1773 4193 Hälfte
1791 4158 1862 4188 eines
1874 4159 1943 4192 Pro¬

1086 4204 1227 4237 gramms).
1245 4204 1300 4231 und
1319 4209 1371 4231 nur
1388 4201 1485 4234 wenige
1504 4198 1812 4233 Männergesangverein:
1830 4198 1886 4228 sind
1901 4199 1942 4228 der

1086 4243 1273 4278 Bewältigung
1303 4242 1480 4276 schwierigerer
1518 4239 1698 4273 künstlerischer
1732 4239 1868 4274 Aufgaben
1907 4247 1945 4274 ge¬

1086 4284 1203 4316 wachsen.
1241 4283 1287 4312 So
1306 4282 1389 4317 hoffen
1409 4282 1458 4310 wir
1476 4281 1552 4314 denn,
1581 4279 1630 4313 daß
1660 4280 1697 4308 im
1716 4287 1796 4308 neuen
1815 4279 1945 4309 Gewände

1086 4325 1136 4354 bas
1155 4324 1229 4353 Werk
1246 4324 1307 4354 noch
1326 4331 1388 4358 ganz
1406 4321 1504 4352 anders
1522 4320 1599 4352 zünde
1624 4323 1666 4350 als
1683 4322 1794 4353 damals,
1825 4320 1878 4349 und
1897 4320 1945 4353 daß

1086 4367 1115 4395 es
1133 4364 1178 4396 auf
1196 4365 1243 4393 den
1263 4372 1292 4398 zu
1311 4365 1487 4392 erwartenden
1507 4362 1599 4395 Erfolg
1627 4361 1671 4395 hin
1698 4360 1749 4395 jetzt
1776 4360 1882 4393 wirklich
1902 4360 1945 4393 sich

1086 4406 1134 4435 den
1153 4405 1276 4440 Eingang
1304 4404 1333 4432 in
1340 4403 1398 4432 -die
1417 4402 1573 4437 Konzertsäle
1600 4402 1724 4435 deutschen
1752 4400 1945 4436 Sprachgebiets

1086 4446 1204 4480 erobere;
1222 4446 1291 4474 denn
1308 4447 1338 4473 es
1355 4443 1443 4478 gehört
1460 4443 1489 4472 in
1509 4443 1637 4472 dieselben.

1142 4486 1198 4515 Der
1216 4485 1371 4519 Komponist
1389 4484 1456 4516 hatte
1475 4485 1525 4513 das
1535 4483 1622 4516 Glück,
1642 4483 1706 4516 nicht
1725 4490 1777 4512 nur
1795 4482 1946 4512 cinendank-

1088 4528 1166 4558 baren
1184 4526 1265 4561 Stoff
1283 4533 1327 4561 zur
1346 4524 1501 4559 Verfügung
1529 4532 1557 4558 zu
1576 4523 1664 4557 haben,
1698 4522 1806 4555 sondern
1825 4522 1883 4554 auch
1903 4523 1943 4551 ein

1086 4575 1133 4604 zur
1151 4566 1334 4600 musikalischen
1353 4565 1528 4599 Bearbeitung
1554 4563 1681 4595 durchaus
1712 4563 1848 4598 geeignetes
1875 4563 1947 4597 Text¬

1087 4608 1148 4641 buch
1166 4607 1275 4642 geliefert
1294 4614 1323 4641 zu
1334 4605 1487 4639 bekommen,
1505 4605 1585 4638 dessen
1599 4604 1727 4638 Verfasier
1745 4604 1798 4632 kein
1808 4603 1948 4639 geringerer

1088 4649 1118 4682 ist
1137 4650 1179 4678 als
1197 4647 1275 4683 Jos.
1294 4646 1435 4677 Viktor
1452 4645 1488 4676 W
1503 4645 1666 4675 idmann.
1703 4644 1806 4675 Motive
1833 4646 1884 4673 aus
1904 4645 1947 4672 den

1087 4689 1216 4722 biblischen
1235 4687 1352 4720 Büchern
1371 4686 1443 4716 Esra
1472 4686 1529 4714 und
1556 4685 1688 4719 Nehemia,
1717 4685 1789 4717 sowie
1817 4687 1867 4713 aus
1894 4684 1948 4713 dem

1087 4728 1354 4765 Profanschriststeller
1371 4727 1504 4762 Josephus
1524 4727 1564 4759 hat
1582 4726 1688 4757 derselbe
1707 4733 1737 4760 zu
1754 4726 1836 4754 einem
1854 4725 1947 4760 gehalt¬

1087 4771 1173 4801 vollen
1192 4769 1371 4802 dramatischen
1380 4767 1484 4801 Gedicht
1504 4767 1551 4796 mit
1568 4766 1749 4801 künstlerischer
1767 4765 1905 4800 Phantasie
1921 4765 1947 4794 in

1087 4811 1188 4842 edelster
1207 4810 1322 4843 Sprache
1341 4808 1513 4842 auSgestattet.

1143 4851 1184 4880 Es
1203 4850 1233 4883 ist
1251 4850 1291 4879 dir
1308 4849 1375 4885 Zeit,
1392 4850 1427 4877 da
1445 4849 1483 4877 die
1503 4847 1601 4882 Juden,
1626 4849 1678 4876 aus
1697 4848 1739 4876 der
1758 4846 1946 4881 babylonischen

1088 4890 1298 4926 Gesangenschast
1317 4889 1507 4924 zurückgekehtt,
1536 4888 1683 4923 Jerusalem
1709 4887 1763 4917 und
1781 4887 1828 4917 den
1846 4886 1949 4920 Tempel

1087 4931 1180 4961 wieder
1197 4931 1337 4966 aufgebaut
1366 4930 1421 4959 und
1440 4930 1487 4959 dm
1506 4928 1599 4958 Dimst
1618 4928 1735 4962 Jehovas
1761 4929 1851 4958 wieder
1869 4927 1949 4963 herge-

1088 4972 1154 5006 stellt
1172 4972 1262 5005 haben.
1293 4972 1361 5000 Aber
1378 4970 1436 4999 dem
1453 4978 1504 4999 neu
1523 4969 1676 5003 erstehenden
1695 4969 1781 4999 Reiche
1799 4968 1872 4999 droht
1891 4967 1949 5000 nach

1087 5014 1131 5042 der
1149 5011 1308 5046 Auffaffung
1337 5011 1379 5040 der
1398 5009 1640 5045 Strenggläubigen
1667 5010 1755 5038 innere
1773 5008 1872 5042 Gefahr
1898 5015 1949 5038 von

1086 5055 1131 5083 der
1149 5052 1332 5087 Vermischung
1352 5052 1393 5080 der
1412 5051 1507 5085 Juden
1525 5050 1572 5080 mit
1591 5051 1639 5079 den
1660 5049 1787 5083 „fremden
1803 5049 1949 5082 Weibern",

1086 5093 1135 5122 wie
1162 5093 1236 5122 deren
1265 5093 1320 5121 eine
1348 5100 1392 5126 gar
1422 5092 1467 5120 deS
1493 5090 1700 5125 Hohenpriesters
1719 5089 1799 5123 Sohn
1827 5089 1949 5123 Manaffe

1086 5133 1174 5168 gefreit
1193 5133 1245 5164 hat.
1284 5132 1375 5163 Dieser
1393 5132 1461 5161 wird
1480 5139 1528 5161 vor
1546 5131 1603 5160 dem
1622 5130 1693 5164 Rath
1713 5130 1889 5164 ousgesordett,
1918 5129 1949 5163 sie

1060 5176 1065 5199 >
1085 5181 1115 5208 zu
1135 5173 1274 5207 verstoßm.
1312 5172 1352 5202 Er
1370 5172 1430 5201 aber
1447 5172 1550 5206 weigert
1577 5171 1631 5204 sich,
1658 5171 1725 5199 wird
1741 5170 1868 5204 verflucht,
1894 5169 1948 5199 und

1084 5214 1200 5243 entbietet
1218 5213 1258 5241 die
1276 5220 1338 5242 vom
1356 5212 1460 5247 gleichen
1479 5212 1548 5241 Loos
1574 5211 1731 5246 getroffmm
1749 5210 1947 5245 Volksgenossen

1085 5254 1140 5288 ihm
1159 5254 1217 5287 nach
1236 5253 1293 5282 dem
1311 5253 1380 5286 Berg
1399 5252 1520 5286 Garizim
1538 5251 1565 5280 in
1585 5251 1718 5280 Samatta
1736 5258 1765 5284 zu
1784 5251 1877 5285 folgen,
1908 5258 1947 5280 wo

1084 5295 1118 5328 sie
1136 5293 1202 5323 Gott
1221 5293 1251 5322 in
1270 5293 1340 5324 ihrer
1358 5290 1440 5325 Weise
1455 5292 1546 5320 dimen
1565 5291 1667 5320 wollen.
1967 5298 1970 5327 ;

1140 5333 1229 5366 Dieser
1248 5333 1328 5367 Stoff
1347 5332 1377 5366 ist
1393 5332 1423 5360 in
1443 5332 1495 5360 drtt
1515 5330 1618 5365 Szmm
1641 5330 1783 5366 gegliedert.
1819 5330 1870 5360 Die
1888 5331 1948 5363 erste
1966 5342 1970 5362 ,

1085 5375 1156 5410 spielt
1175 5376 1211 5403 im
1225 5374 1349 5406 Tempel:
1368 5372 1450 5406 Esra,
1467 5371 1512 5401 der
1525 5371 1625 5406 Führer
1636 5371 1679 5400 de«
1692 5370 1786 5400 Volke«
1798 5370 1947 5405 (Bariton),
1965 5367 1969 5384 '

1990 4078 2032 4107 der
2060 4078 2132 4110 Chor
2163 4079 2207 4108 der
2236 4079 2347 4113 Priester
2370 4079 2567 4114 (Männerchor)
2598 4079 2652 4109 und
2682 4080 2726 4109 des
2756 4079 2851 4110 Volkes

1990 4117 2156 4152 (Gemischter
2175 4119 2261 4154 Chor)
2291 4119 2429 4153 lobpreisen
2454 4120 2618 4154 abwechselnd
2636 4119 2703 4150 Gott
2732 4120 2775 4154 für
2802 4119 2851 4148 das

1990 4158 2090 4194 Große,
2118 4162 2174 4188 was
2201 4167 2227 4189 er
2254 4168 2291 4189 an
2317 4160 2409 4193 seinem
2428 4160 2506 4190 Volke
2522 4160 2614 4195 gcthan
2633 4160 2688 4189 und
2707 4161 2767 4194 noch
2786 4160 2851 4192 thun

1991 4198 2087 4234 werde;
2106 4202 2133 4228 cs
2151 4199 2183 4233 ist
2202 4200 2256 4229 dies
2275 4201 2347 4235 gleich
2367 4201 2408 4229 ein
2427 4200 2526 4234 äußerst
2544 4201 2762 4235 wirkungsvolles
2780 4200 2851 4231 Ton¬

1991 4239 2051 4272 stück
2080 4247 2130 4269 von
2149 4240 2347 4273 charakteristisch
2373 4241 2669 4275 abwechslungsreichem
2696 4241 2803 4275 Inhalt,
2828 4240 2851 4275 je

1991 4280 2050 4310 nach
2070 4280 2204 4315 Maßgabe
2222 4282 2266 4310 der
2285 4280 2462 4316 Texteswortc.
2498 4281 2541 4311 Da
2559 4281 2674 4315 erwähnt
2693 4283 2764 4312 Esra
2782 4280 2851 4316 jener

1991 4319 2099 4353 Sünde,
2117 4321 2154 4350 die
2173 4320 2222 4350 das
2234 4321 2301 4351 Volk
2319 4321 2434 4356 beflecke;
2453 4322 2482 4351 in
2501 4322 2554 4351 dem
2575 4321 2683 4356 Wehruf
2702 4323 2755 4356 „die
2774 4323 2851 4356 frem¬

1991 4359 2036 4389 den
2055 4360 2157 4390 Weiber
2179 4376 2212 4381 —
2230 4361 2349 4396 Jehovas
2362 4361 2455 4397 Fluch'
2478 4364 2555 4394 macht
2574 4365 2602 4391 es
2620 4362 2711 4396 seinem
2724 4362 2850 4396 Entsetzen

1991 4400 2052 4429 über
2071 4401 2119 4430 den
2136 4401 2235 4432 Greuel
2255 4402 2410 4435 ebensowohl
2429 4402 2476 4431 wie
2495 4404 2535 4431 der
2553 4403 2654 4437 eigenen
2668 4402 2851 4437 Betroffenheit

1989 4440 2058 4478 Lizft.
2095 4441 2197 4476 Indem
2214 4442 2288 4472 Esra
2313 4444 2358 4471 als
2384 4443 2457 4472 einen
2485 4443 2526 4472 der
2552 4443 2711 4478 Schuldigen
2729 4443 2851 4476 Manaffe

1992 4484 2073 4511 nennt
2093 4482 2146 4511 und
2165 4482 2241 4518 fragt,
2262 4485 2318 4511 was
2336 4482 2390 4516 ihm
2409 4483 2531 4517 geschehen
2549 4483 2606 4517 soll,
2618 4484 2712 4515 fordert
2724 4483 2767 4513 der
2780 4483 2851 4516 Chor

1991 4522 2033 4551 der
2051 4522 2164 4556 Priester
2184 4523 2268 4555 seinen
2288 4523 2438 4556 Ausschluß,
2464 4532 2537 4553 wenn
2555 4532 2582 4552 er
2601 4525 2648 4553 das
2667 4524 2758 4557 frcmbt
2777 4523 2851 4553 Weib

1992 4563 2055 4592 nicht
2075 4571 2126 4592 von
2144 4562 2191 4597 sich
2209 4563 2276 4595 thue,
2294 4563 2348 4592 und
2366 4563 2464 4596 stimmt
2483 4564 2552 4593 Esra
2573 4564 2618 4597 bei,
2646 4564 2695 4598 daß
2716 4564 2785 4598 jener
2804 4571 2851 4592 vor

1992 4603 2047 4631 dem
2067 4601 2146 4638 hohen
2165 4602 2237 4637 Rath
2256 4603 2326 4632 Rede
2344 4603 2415 4635 stehe.
2438 4603 2555 4637 Prächtig
2575 4604 2605 4637 ist
2622 4604 2651 4633 in
2670 4604 2758 4636 diesem
2777 4603 2850 4637 Theil

1992 4641 2029 4671 die
2047 4642 2196 4677 Zeichnung
2214 4643 2258 4671 des
2289 4643 2487 4678 rechtgläubigen
2506 4643 2698 4678 Judenführers
2716 4645 2850 4679 gelungen,

1993 4683 2039 4711 wie
2069 4683 2132 4717 nicht
2160 4683 2262 4712 minder
2290 4683 2401 4716 drastisch
2429 4682 2472 4713 der
2497 4684 2567 4716 Eifer
2595 4685 2637 4713 der
2665 4684 2850 4718 unduldsamen

1992 4722 2104 4756 Priester
2123 4722 2241 4757 illustrirt
2260 4723 2334 4752 wird.
2355 4723 2407 4753 Die
2426 4724 2536 4759 Einsätze
2553 4724 2630 4757 dieser
2649 4725 2691 4756 hat
2708 4725 2752 4754 der
2769 4723 2851 4756 Kom¬

1992 4763 2075 4797 ponist
2103 4763 2149 4792 den
2181 4763 2418 4797 Männerstimmen
2445 4765 2613 4797 vorbedalten,
2640 4765 2680 4794 die
2702 4765 2851 4799 Volkschöre

1992 4804 2101 4839 dagegen
2120 4803 2174 4833 dem
2194 4804 2335 4839 gemischten
2354 4804 2427 4837 Chor
2445 4805 2609 4840 zugewiesen;
2637 4813 2699 4834 man
2717 4806 2786 4841 sieht,
2804 4807 2852 4835 wie

1992 4845 2098 4877 derselbe
2116 4845 2141 4878 so
2159 4844 2223 4874 über
2248 4844 2352 4879 größere
2371 4844 2612 4881 Mannigfaltigkeit
2640 4847 2669 4875 in
2688 4846 2734 4876 den
2752 4846 2853 4882 Klang¬

1993 4885 2081 4919 farben
2101 4885 2197 4918 sowohl
2214 4886 2257 4915 als
2276 4885 2304 4914 in
2321 4885 2365 4914 der
2383 4885 2560 4919 dramatischen
2574 4886 2730 4922 Gestaltung
2743 4887 2852 4922 verfügt.

1993 4925 2054 4955 Den
2073 4924 2174 4959 Schluß
2194 4925 2236 4954 der
2255 4925 2339 4960 Szene
2358 4925 2435 4954 bildet
2453 4926 2507 4954 eine
2524 4925 2596 4961 Fuge
2613 4928 2658 4956 des
2677 4927 2852 4962 Volkschore«,

1993 4966 2036 4995 der
2054 4965 2103 4995 den
2121 4965 2203 4999 Preis
2220 4965 2338 5000 Jehovas
2366 4968 2410 4995 als
2427 4966 2530 5001 Königs
2547 4967 2577 4996 in
2595 4966 2666 5003 Zion
2691 4970 2780 4998 wieder
2798 4968 2853 5003 auf¬

1993 5007 2088 5036 nimmt
2108 5007 2161 5035 und
2179 5007 2235 5035 dem
2254 5006 2418 5039 rauschenden
2441 5006 2617 5041 „Hallelujah"
2637 5008 2679 5037 ein
2697 5009 2735 5037 die
2752 5008 2853 5038 Leiden¬

1994 5047 2098 5081 schaften
2118 5047 2317 5082 besänftigendes
2330 5047 2448 5081 „Amen"
2468 5048 2497 5076 in
2512 5048 2678 5083 pi»vi,»imo
2690 5049 2774 5084 folgen
2788 5049 2851 5082 läßt.

2046 5087 2090 5122 In
2109 5088 2175 5117 einer
2194 5088 2292 5117 andern
2304 5088 2470 5122 Atmosphäre
2489 5090 2542 5124 geht
2560 5090 2600 5123 die
2618 5090 2747 5123 zweite
2765 5089 2851 5124 Szene

1993 5137 2039 5157 vor
2057 5128 2112 5161 sich.
2146 5128 2205 5158 Der
2223 5129 2313 5158 Abend
2336 5129 2438 5158 dunkelt
2463 5129 2562 5163 herein;
2592 5130 2713 5164 Manaffe
2741 5130 2852 5164 (Tenor)

1992 5169 2048 5198 und
2066 5168 2159 5202 Nikaso
2178 5168 2322 5203 (Sopran),
2349 5169 2400 5202 sein
2424 5168 2517 5203 junge«
2533 5169 2653 5203 Gemahl,
2684 5171 2851 5202 lustwandeln

1992 5217 2039 5238 vor
2058 5211 2103 5238 der
2120 5208 2218 5244 Hütte;
2236 5209 2280 5238 ein
2298 5208 2431 5242 kühlender
2447 5208 2532 5243 Hauch
2544 5217 2605 5238 vom
2617 5209 2700 5243 Berge
2712 5210 2753 5242 her
2765 5211 2851 5241 durch¬

1991 5249 2055 5283 weht
2075 5249 2124 5278 daS
2141 5249 2248 5281 liebliche
2267 5248 2378 5283 Gefilde,
2405 5249 2480 5282 durch
2498 5249 2599 5281 welche«
2625 5250 2685 5282 nach
2702 5249 2746 5278 de«
2764 5249 2850 5283 Tage«

1965 5279 1970 5333 j
1991 5290 2081 5318 Arbeit
2100 5290 2152 5318 eine
2170 5288 2274 5320 Schaar
2292 5288 2424 5321 Schnitter
2443 5291 2497 5318 und
2509 5289 2729 5324 Schnitterinnen,
2747 5289 2787 5319 die
2803 5289 2851 5319 La-

1967 5345 1969 5360 i
1991 5330 2062 5364 bung
2074 5330 2119 5358 der
2130 5329 2288 5361 abendlichen
2301 5328 2405 5358 Stunde
2419 5328 2570 5363 begrüßend,
2591 5330 2743 5364 heimziehen.
2780 5329 2850 5360 Dem

1966 5367 1969 5383 1
1991 5371 2118 5403 reizenden
2137 5368 2240 5404 Gesang
2259 5369 2370 5402 lauschen
2388 5369 2427 5398 die
2445 5368 2590 5403 Liebenden,
2615 5372 2669 5399 und
2688 5372 2731 5400 al«
2748 5378 2776 5400 er
2794 5378 2850 5400 ver¬

2897 4079 3015 4114 klungen,
3033 4079 3136 4113 ergehen
3154 4078 3187 4112 sie
3204 4079 3249 4112 sich
3266 4079 3294 4108 in
3311 4078 3396 4113 süßem
3409 4079 3603 4115 Zwiegespräch.
3625 4078 3753 4112 Während

2898 4119 2974 4152 beide,
2993 4120 3062 4151 ihres
3080 4120 3169 4149 reinen
3181 4119 3288 4149 Glückes
3306 4121 3366 4151 recht
3378 4120 3439 4149 inne
3451 4121 3575 4153 werdend,
3594 4121 3646 4154 ihre
3657 4119 3752 4149 Liebes-

2897 4160 3020 4195 gedanken
3037 4160 3208 4194 austausckcn,
3225 4160 3311 4195 dringt
3328 4160 3448 4194 Wcherus
3467 4169 3495 4195 zu
3508 4161 3590 4196 ihrem
3604 4160 3677 4195 Ohr;
3691 4167 3749 4188 voin

2898 4200 2975 4230 Volke
2992 4201 3095 4235 geleitet,
3122 4201 3233 4233 erscheint
3261 4200 3303 4230 der
3321 4200 3396 4234 Bote,
3424 4201 3467 4231 der
3492 4202 3540 4230 den
3568 4202 3679 4235 Auftrag
3707 4201 3753 4227 des

2898 4241 2984 4274 Raths
3002 4240 3158 4274 überbringt.
3189 4240 3281 4275 Nikaso
3300 4241 3330 4274 ist
3349 4241 3432 4273 bereit,
3452 4242 3503 4277 ihre
3515 4242 3584 4272 Liebe
3598 4249 3655 4277 zum
3667 4240 3752 4273 Opfer

2898 4289 2926 4316 zu
2946 4281 3063 4316 bringen,
3081 4281 3201 4316 Manaffe
3219 4282 3319 4316 weigert
3339 4282 3383 4314 sich
3409 4285 3439 4311 es
3457 4284 3645 4318 anzunehmen;
3672 4282 3752 4314 seinen

2899 4322 3042 4355 Entschluß,
3067 4321 3108 4350 der
3126 4322 3228 4356 eigenen
3246 4321 3426 4357 Rathlosigkeit
3446 4324 3499 4352 und
3517 4322 3664 4358 Bangigkeit
3683 4321 3753 4350 Aus¬

2898 4362 2968 4391 druck
2984 4362 3084 4397 gebend,
3113 4365 3229 4391 erwartet
3257 4362 3307 4394 sein
3326 4362 3449 4399 Anhang,
3476 4372 3521 4393 um
3549 4363 3619 4393 dann
3645 4362 3689 4395 auf
3715 4361 3753 4389 die

2897 4403 2996 4438 Frage:
3017 4402 3116 4437 „Wollt
3134 4402 3190 4437 Ihr
3207 4403 3260 4432 mir
3278 4403 3362 4438 folgen
3389 4412 3436 4433 vor
3455 4404 3500 4433 den
3519 4404 3598 4438 hohen
3617 4403 3692 4437 Rath,
3711 4402 3753 4431 der

2897 4442 2967 4473 Liebe
2984 4443 3087 4477 heil'qes
3106 4442 3182 4474 Recht
3200 4451 3231 4478 zu
3248 4443 3393 4477 schirmen",
3423 4444 3549 4478 begeistert
3567 4443 3753 4479 einzustimmen

2898 4483 2945 4512 mit
2966 4483 3020 4513 dem
3038 4484 3114 4517 Ruf:
3145 4483 3221 4518 „Wir
3238 4484 3321 4519 folgen
3339 4484 3412 4515 Dir!
3449 4485 3496 4515 Du
3515 4486 3581 4519 sollst
3601 4487 3654 4515 uns
3671 4484 3753 4516 testen,

2898 4524 2932 4553 du
2951 4524 3017 4557 sollst
3038 4527 3094 4553 uns
3113 4525 3197 4558 lehren
3216 4524 3261 4557 für
3278 4525 3316 4554 die
3334 4525 3405 4555 Liebe
3423 4526 3547 4559 streiten."
3584 4524 3672 4559 Dieser
3690 4524 3754 4556 Auf-

2898 4564 2954 4593 ttitt
2972 4565 2999 4593 in
3018 4565 3101 4595 seinen
3119 4565 3248 4600 tinjtlncn
3260 4565 3415 4595 Momenten
3434 4567 3476 4595 der
3493 4566 3579 4601 Klage,
3599 4566 3643 4595 der
3660 4564 3749 4599 Angst,

2898 4604 2943 4633 des
2962 4605 3077 4639 Trostes,
3095 4605 3139 4635 des
3158 4605 3274 4641 Stolzes,
3300 4608 3356 4636 dem
3383 4606 3426 4636 der
3455 4607 3569 4642 mächtige
3597 4605 3753 4639 Schlußckor

2898 4645 2937 4674 die
2955 4645 3042 4675 Krone
3061 4646 3168 4682 aussetzt,
3192 4647 3222 4679 ist
3241 4655 3290 4677 von
3309 4647 3520 4681 außerordentlich
3538 4646 3664 4681 packender
3682 4645 3752 4674 Wir¬

2899 4685 2974 4720 kung.

2952 4726 3005 4756 Die
3023 4727 3142 4757 dritte
3161 4727 3244 4762 Szene
3262 4729 3353 4763 bewegt
3372 4728 3416 4761 sich
3427 4728 3536 4763 zunächst
3549 4736 3593 4757 ,or
3606 4728 3659 4756 dem
3672 4726 3752 4758 hohen

2900 4766 2979 4800 Rath.
3016 4767 3080 4797 Das
3098 4767 3165 4797 Volk
3183 4768 3272 4801 lauscht
3290 4768 3337 4797 den
3355 4767 3463 4797 Watten
3480 4769 3524 4797 de«
3542 4768 3621 4802 Esra,
3639 4768 3679 4795 der
3698 4767 3751 4798 ihm

2900 4807 3038 4842 gegenüber
3057 4808 3100 4837 der
3117 4807 3181 4842 Lage
3205 4808 3250 4837 des
3268 4816 3326 4838 vom
3345 4808 3422 4843 Fluch
3439 4808 3580 4843 Jehooab's
3598 4806 3752 4842 getroffenen

2900 4848 2996 4878 Volkes
3013 4849 3063 4877 das
3082 4848 3162 4878 Glück
3179 4848 3224 4877 des
3242 4849 3364 4882 bekehrten
3391 4849 3446 4877 und
3473 4848 3631 4883 gehorsamen
3658 4846 3752 4876 Volkes

2900 4896 2946 4917 vor
2965 4888 3057 4924 Augen
3076 4888 3149 4922 stellt.
3186 4888 3232 4918 Da
3249 4889 3361 4923 erscheint
3379 4888 3506 4921 Manaffe.
3527 4896 3562 4917 an
3581 4888 3658 4918 seiner
3676 4886 3751 4916 Seite

2900 4928 3002 4964 Nikaso,
3020 4929 3104 4962 hinter
3121 4929 3197 4962 ihnen
3215 4930 3263 4958 daS
3280 4928 3352 4958 Volk.
3388 4928 3447 4963 Zur
3459 4928 3525 4958 Rede
3543 4928 3644 4963 gestellt,
3662 4926 3751 4960 gesteht

2900 4977 2926 4998 er
2943 4969 3010 4999 Sott
3027 4969 3088 5003 auch
3105 4977 3134 5004 zu
3152 4970 3235 5004 ehren,
3263 4969 3315 4998 und
3338 4977 3405 5003 zwar
3428 4969 3514 5003 gerade
3537 4969 3620 5002 dattn,
3645 4966 3694 5000 daß
3721 4974 3751 4995 er

2901 5011 2956 5039 treu
2974 5017 3006 5044 zu
3026 5010 3104 5041 seiner
3121 5009 3191 5039 Liebe
3208 5010 3276 5044 steht.
3312 5009 3364 5039 Die
3391 5009 3515 5043 eifernden
3533 5008 3644 5042 Priester
3670 5006 3749 5039 fallen

2900 5050 3061 5084 dazwischen;
3086 5050 3178 5082 Nikaso
3196 5050 3248 5082 hält
3267 5049 3340 5083 ihnen
3358 5050 3396 5078 die
3416 5049 3567 5082 Aussaffung
3585 5048 3679 5078 Gottes
3707 5049 3751 5075 alS

2899 5090 2943 5118 des
2961 5089 3114 5125 Beschützers
3141 5090 3222 5119 reiner
3248 5092 3329 5119 treuer
3357 5089 3425 5119 Liebe
3443 5092 3568 5123 entgegen.
3603 5087 3665 5118 DaS
3684 5087 3747 5119 seine

2899 5130 3143 5164 Unzertrcnnlichkeit
3163 5131 3321 5161 bethruernde
3339 5129 3412 5162 Paar
3437 5129 3584 5161 unterbricht
3604 5128 3673 5158 Esra
3702 5128 3750 5156 mit

2898 5170 2940 5200 der
2958 5170 3151 5202 entscheidenden
3170 5170 3261 5205 Frage,
3289 5171 3319 5199 ob
3338 5169 3460 5203 Manaffe
3487 5177 3537 5198 von
3562 5170 3604 5198 der
3622 5167 3750 5203 Fremden

2898 5210 2966 5244 lasse,
2984 5210 3039 5239 und
3057 5211 3088 5239 da
3107 5210 3138 5240 sie
3156 5210 3270 5240 verneint
3287 5210 3360 5239 wird,
3388 5210 3479 5244 erfolgt
3496 5210 3534 5238 die
3552 5208 3666 5241 feierliche
3684 5207 3751 5237 Ver¬

2898 5250 3016 5285 fluchung
3034 5250 3109 5283 durch
3120 5250 3192 5280 ESra
3211 5252 3265 5279 und
3282 5250 3318 5279 die
3336 5249 3457 5285 Priester.
3484 5249 3571 5283 Dieser
3589 5247 3699 5279 Austtttt
3719 5247 3751 5278 ist

2897 5290 3043 5323 dramatisch
3063 5290 3151 5320 wieder
3163 5290 3240 5325 höchst
3258 5291 3349 5325 bewegt
3367 5291 3421 5320 und
3440 5290 3586 5323 musikalisch
3598 5288 3660 5319 aufs
3671 5288 3751 5324 glück¬

2898 5331 2977 5365 lichste
2995 5330 3154 5366 auSgefühtt.
3188 5330 3231 5365 In
3249 5331 3383 5364 demselben
3401 5330 3444 5364 hat
3462 5331 3499 5360 die
3516 5330 3660 5365 Handlung
3679 5329 3751 5361 ihren

2898 5371 3046 5406 Höhepunkt
3065 5371 3170 5405 erreicht,
3194 5370 3253 5400 aber
3270 5371 3332 5405 nicht
3350 5370 3388 5400 die
3407 5370 3502 5405 Musik.
3537 5370 3589 5405 Hat
3608 5371 3652 5400 der
3668 5369 3754 5399 Kam-
