1974 2362
1367 167 1399 219 1
1445 158 1497 220 8
1531 162 1587 218 0

1265 299 1694 436 Zeitun

1390 471 1446 509 den
1471 475 1505 510 8.
1530 468 1659 510 Marz..

301 606 422 638 Gedrückt
439 607 490 636 und
508 614 536 639 zu
553 606 637 641 finden
656 606 684 636 in
701 607 742 638 der
760 607 958 642 Buchhandlung
974 609 1021 637 von
1037 608 1151 640 Orell,
1168 607 1267 643 Füßli
1282 607 1333 636 und
1352 605 1561 642 Compagnie.

105 702 233 736 Portugal.
271 699 398 733 Spanien.
435 698 642 732 Graßbrittanien
666 700 1016 734 (Parlaments-Debatten,
1037 700 1082 728 den
1097 700 1172 734 Krieg
1186 700 1235 729 mit
1248 700 1366 732 Spanien
1381 697 1537 729 betreffend.)
1580 693 1729 727 Batavische
1743 694 1794 721 Re¬

139 735 222 769 publik
237 737 324 768 (neuer
337 734 518 768 provisorischer
528 734 655 769 Zustand.)
692 734 830 769 Frankreich
852 735 1109 769 (Touloner-Flotte.)
1147 735 1314 768 Deutschland
1329 732 1604 766 (Kur-Würtemberg.)

369 807 620 840 Portugal.

105 852 144 885 In
158 848 412 881 LLondner-Briefen
424 855 479 876 vom
490 852 515 877 6.
523 849 591 884 Febr.
606 849 674 883 heißt
684 852 726 878 es:
745 870 761 883 „
769 850 823 878 Aus
835 849 921 883 ILLssa-

71 892 129 922 bon
143 892 171 925 ist
184 893 235 926 hier
249 892 288 920 die
302 890 429 923 Nachricht
443 890 621 924 eingegangen,
641 891 686 923 daß
700 897 745 919 von
759 891 922 926 spanischer

72 935 148 965 Seite
164 935 263 969 daselbst
277 934 329 963 eine
344 934 411 964 Note
426 933 559 966 übergeben
574 933 686 964 worden,
700 933 769 966 durch
783 933 866 965 welche
881 932 922 961 der

70 976 268 1010 Liffaboner-Hof
278 974 370 1009 ersucht
382 974 457 1004 wird,
472 974 517 1003 den
527 975 723 1009 Engländern
734 974 773 1003 die
779 974 922 1008 portugiesi¬

72 1018 137 1054 schen
149 1017 231 1052 Häfen
244 1025 271 1049 zu
287 1016 457 1050 verschliesseu.
494 1016 560 1049 Noch
575 1016 602 1050 ist
620 1016 660 1046 die
674 1016 787 1051 hierüber
804 1016 922 1049 gegebene

71 1062 188 1091 Antwort
199 1059 368 1088 unbekannt."

108 1103 162 1131 Der
181 1100 357 1135 gegenwärtige
375 1099 484 1134 Bestand
497 1100 538 1129 der
554 1099 804 1136 portugiesischen
820 1100 923 1130 Armee

73 1143 134 1175 wird
152 1151 181 1176 zu
193 1142 339 1178 Infanterie
409 1144 781 1177 .30,586.

194 1186 640 1217 Artillerie.
703 1186 781 1218 3636.

195 1227 333 1259 Kavallerie
363 1245 593 1257 ......
630 1233 637 1259 .
701 1233 713 1259 4
723 1229 780 1254 *60.

70 1271 220 1306 angegeben.
575 1269 654 1298 Sum.
675 1273 783 1304 33,623.

387 1310 617 1345 Spanien.

112 1355 160 1384 Ein
178 1354 319 1388 Windstoß,
347 1353 388 1381 der
407 1353 445 1382 die
465 1353 601 1386 englische
616 1351 865 1384 Blokade-Diviston
884 1351 924 1383 sich

74 1403 121 1427 von
137 1396 178 1425 der
196 1396 269 1429 Küste
286 1401 313 1427 zu
333 1394 461 1426 entfernen
479 1400 576 1426 zwang,
603 1392 670 1424 hatte
684 1391 805 1424 neuerlich
824 1398 851 1422 zu
872 1393 923 1421 Co-

74 1447 174 1470 runna
189 1438 237 1466 und
255 1437 432 1468 ckamarinas
446 1436 490 1463 das
504 1434 644 1465 Auslaufen
660 1440 751 1467 rweyer
769 1439 815 1461 von
829 1434 924 1463 Mon¬

75 1482 190 1512 tevideo
204 1478 355 1509 kommender
369 1477 464 1511 Schiffe
480 1474 629 1510 begünstigt,
649 1475 722 1505 deren
733 1475 790 1505 eins
800 1482 924 1510 474,000.

77 1523 172 1559 Piaster
189 1529 221 1550 an
236 1521 306 1551 Bord
324 1520 404 1553 hatte.

113 1564 298 1599 Privatbriefen
314 1564 360 1590 aus
380 1561 512 1592 Madrid
531 1565 585 1587 vom
607 1570 647 1587 n.
664 1559 729 1594 Jan.
748 1558 842 1592 zufolge
858 1558 926 1592 sollte

78 1607 117 1637 die
132 1607 273 1640 Regierung
292 1603 421 1637 Nachricht
440 1604 487 1631 aus
501 1601 621 1634 Mexiko
638 1601 748 1634 erhalten
762 1600 854 1634 haben,
881 1600 925 1633 daß

78 1650 177 1692 daselbst
192 1649 265 1683 große
281 1645 465 1679 Uneinigkeiten
480 1644 633 1678 entstanden,
653 1643 702 1671 und
723 1643 761 1672 die
778 1642 927 1676 Einwohner

77 1691 216 1725 überhaupt
227 1690 275 1719 mit
288 1690 340 1718 dem
356 1689 483 1720 Betragen
499 1686 542 1715 des
559 1684 709 1718 Vizekönigs
730 1685 782 1719 sehr
804 1684 926 1717 unzufrie¬

79 1732 125 1761 den
134 1739 224 1762 waren.
260 1732 325 1762 Seit
336 1730 378 1759 der
386 1729 524 1762 Uebergabe
535 1735 582 1757 von
595 1728 753 1761 Uomflana
763 1734 795 1756 an
802 1727 847 1755 den
857 1727 927 1755 nord-

80 1774 277 1810 amerikanischen
291 1774 415 1810 Freystaat
432 1771 490 1805 habe
510 1771 555 1799 das
573 1771 636 1799 Volk
658 1777 704 1800 von
718 1769 817 1801 Meriko
840 1771 927 1803 starkes

79 1815 221 1848 Verlangen
235 1817 349 1851 bezeugt,
370 1814 418 1843 mit
436 1813 526 1847 diesem
538 1814 665 1848 Freystaat
679 1812 704 1841 in
717 1811 881 1845 Verbindung
899 1819 927 1844 zu

80 1859 177 1888 treten,
195 1857 243 1885 und
264 1865 320 1886 man
338 1855 484 1892 beschuldige
497 1854 535 1884 die
549 1855 750 1885 Amerikaner,
776 1853 820 1888 daß
836 1852 866 1887 sie
879 1853 929 1882 die¬

80 1899 119 1935 ses
133 1898 331 1933 Mißvergnügen
349 1899 418 1932 durch
437 1896 632 1933 Korrespondenz
652 1896 701 1925 und
718 1895 864 1929 Cmiffarken
883 1903 928 1925 un¬

72 1941 220 1976 terhielten.
546 1956 552 1971 ,

115 1985 154 2018 In
174 1983 285 2016 Radix,
305 1982 353 2010 und
371 1983 508 2016 überhaupt
525 1981 552 2010 in
568 1988 626 2014 ganz
646 1981 822 2015 Andalusien
837 1986 928 2012 waren,

74 2026 187 2061 Insofern
196 2033 254 2054 man
268 2025 312 2054 den
322 2024 527 2058 Versicherungen
540 2024 802 2058 vonHandelsbriefen
812 2023 928 2053 Glauben

79 2068 212 2101 beymessen
225 2067 292 2101 darf,
307 2067 353 2096 alle
364 2067 468 2101 Spuren
482 2067 524 2096 des
538 2066 635 2103 gelben
650 2066 769 2102 Fiebers
782 2066 928 2100 verschwun¬

78 2110 124 2140 den
134 2127 141 2141 ,
161 2110 262 2142 welches
275 2115 332 2138 man
349 2107 479 2140 besonders
491 2109 536 2138 den
552 2108 672 2141 nunmehr
687 2108 731 2142 fast
746 2107 874 2141 allgemein
887 2115 928 2136 an-

78 2152 234 2187 gewendeten
250 2150 445 2184 mkneralsauern
458 2150 650 2184 Räucherungen
669 2149 794 2185 zufchrieb.
836 2149 928 2184 Hinge¬

80 2201 141 2232 gen,
159 2194 216 2231 hieß
227 2197 271 2227 es,
291 2193 399 2232 schleiche
412 2200 441 2227 zu
458 2194 602 2229 MaSaga
615 2192 656 2225 die
670 2191 800 2229 Epidemie
813 2192 871 2229 noch
882 2191 928 2224 im¬

945 813 1010 838 mer,
1029 810 1085 841 trotz
1098 807 1140 836 der
1148 807 1331 840 eingetretenen
1339 802 1576 835 Winterwitterung
1590 801 1638 829 und
1655 799 1699 828 des
1711 798 1798 832 gesun¬

945 854 1022 883 genen
1035 849 1180 880 Tedeums,
1200 847 1309 882 heimlich
1329 848 1428 880 herum,
1449 844 1499 872 und
1512 847 1540 874 es
1556 843 1655 872 würden
1669 840 1800 875 besonders

947 891 985 919 die
1006 890 1106 924 meisten
1124 898 1179 919 vom
1198 890 1277 920 Lande
1291 887 1506 923 zurückkehrenden
1519 887 1643 921 Personen
1659 884 1714 916 noch
1734 883 1801 916 nach¬

947 932 1045 967 träglich
1065 933 1143 962 davon
1166 933 1279 966 befallen.

1150 969 1597 1007 Großbrittanien.

982 1016 1067 1048 Schon
1083 1016 1130 1051 seit
1142 1021 1270 1050 geraumer
1283 1015 1340 1050 Zeit
1358 1012 1499 1048 beschäftigt
1515 1011 1556 1041 ein
1569 1015 1617 1039 neu
1633 1016 1661 1041 zu
1672 1007 1800 1041 errichten¬

947 1059 992 1087 des
1004 1059 1209 1088 Gouvernement
1220 1057 1266 1089 auf
1273 1053 1591 1092 Prinz-Wales-Insel
1603 1053 1690 1086 (unter
1700 1050 1801 1084 Pegu)

948 1100 986 1129 die
1000 1100 1124 1133 Parteyen
1137 1100 1224 1134 heftig.
1249 1099 1367 1133 Indessen
1380 1099 1433 1131 halt
1446 1103 1504 1124 man
1517 1095 1573 1124 dies
1587 1092 1732 1128 kostspielige
1740 1092 1802 1126 Pro¬

948 1143 996 1185 jekt
1012 1143 1141 1176 allgemein
1160 1143 1214 1177 bloß
1233 1142 1274 1174 für
1293 1141 1347 1171 eine
1359 1139 1454 1174 pfiffige
1471 1136 1659 1170 Spekulation,
1687 1140 1729 1162 um
1741 1132 1803 1162 Lord

949 1186 1091 1216 Melvil's
1103 1185 1240 1218 (Dundas)
1255 1183 1360 1217 Neffen,
1381 1183 1434 1211 dem
1447 1178 1557 1214 Kapitän
1570 1178 1699 1213 Philipp
1712 1175 1802 1205 Dun-

949 1229 1004 1256 das
1023 1229 1070 1255 aus
1090 1227 1144 1256 dem
1158 1226 1244 1256 Seckel
1264 1225 1305 1254 der
1318 1221 1471 1257 Kompagnie
1492 1220 1545 1249 eine
1564 1220 1625 1253 fette
1644 1216 1753 1253 Pfründe
1772 1223 1803 1248 zu

950 1268 1082 1303 schneiden.
1096 1278 1103 1283 -
1130 1271 1166 1298 Er
1182 1268 1224 1302 soll
1241 1268 1408 1297 Gouverneur
1421 1264 1499 1298 dieser
1514 1262 1590 1296 Insel
1606 1260 1655 1289 mit
1667 1269 1745 1293 9000.
1758 1259 1802 1294 Pf.

950 1310 1044 1344 Gehalt
1059 1311 1166 1339 werden.
1216 1308 1266 1338 Ein
1284 1305 1542 1342 naher.Verwandter
1561 1303 1605 1332 des
1626 1301 1702 1332 Lords
1722 1301 1804 1331 Mel-

948 1353 1011 1383 vil,
1032 1351 1073 1380 ein
1085 1353 1118 1385 H.
1133 1351 1303 1384 Oliphant,
1324 1350 1366 1384 soll
1379 1351 1450 1382 erster
1469 1343 1735 1379 Magazin-Aufseher,
1755 1341 1805 1371 mit

948 1401 1025 1428 4500.
1039 1392 1123 1427 Pfund
1142 1392 1253 1425 Gehalt,
1278 1391 1391 1422 werden,
1417 1398 1442 1419 u.
1454 1389 1472 1424 s.
1483 1389 1501 1423 f.
1515 1395 1539 1417 u.
1552 1388 1572 1420 f.
1609 1389 1663 1417 Der
1675 1385 1803 1415 Vorwand

949 1443 976 1468 zu
1001 1435 1081 1464 einem
1108 1434 1199 1469 solchen
1224 1433 1363 1465 Aufwands
1388 1440 1435 1462 von
1462 1444 1484 1459 r.
1506 1430 1564 1468 1/2.
1585 1429 1693 1461 Million
1717 1427 1803 1463 Pfund

950 1477 1035 1507 Sterl.
1048 1475 1233 1509 jährlich-mehr
1250 1474 1294 1509 ist,
1313 1474 1358 1507 daß
1375 1475 1420 1508 auf
1436 1474 1504 1507 jener
1516 1473 1606 1507 Insel,
1626 1472 1666 1500 die
1680 1469 1801 1505 höchstens

955 1527 1012 1553 150.
1024 1517 1237 1548 Quadratmeilen
1258 1516 1369 1549 enthalt,
1394 1522 1478 1545 wovon
1492 1521 1538 1543 nur
1557 1514 1597 1543 ein
1616 1512 1717 1544 Drittel
1732 1517 1804 1545 angc-

952 1562 1011 1590 baut
1029 1560 1125 1589 werden
1145 1561 1221 1591 kann,
1240 1559 1390 1593 vortrefiiche
1409 1557 1593 1591 Schiffswerste
1614 1556 1663 1584 und
1685 1553 1805 1587 Arsenale

952 1603 990 1636 für
1003 1602 1041 1631 die
1055 1602 1192 1636 ostindische
1205 1601 1343 1634 Schiffahrt
1359 1601 1471 1634 angelegt
1484 1599 1581 1627 werden
1594 1597 1707 1627 könnten.
1720 1594 1805 1625 Allein

951 1648 978 1673 es
995 1643 1022 1678 ist
1040 1643 1193 1677 aktenmäßkg
1213 1642 1345 1676 bewiesen,
1366 1641 1410 1674 daß
1427 1640 1465 1670 die
1485 1639 1668 1674 Schiffswerste
1690 1645 1718 1670 zu
1738 1638 1803 1667 Cal-

951 1690 1031 1717 cutta
1051 1688 1097 1715 alle
1118 1685 1250 1720 möglichen
1275 1682 1515 1718 Bequemlichkeiten
1539 1681 1588 1710 und
1609 1679 1735 1714 Ueberfluß
1757 1679 1802 1708 des

951 1729 1100 1764 herrlichsten
1118 1728 1263 1762 Bauholzes
1278 1728 1344 1760 nebst
1358 1725 1480 1760 treflichen
1502 1723 1636 1754 Arbeitern
1658 1721 1803 1752 darbieten,

951 1771 1001 1800 und
1011 1770 1056 1804 daß
1073 1771 1119 1804 auf
1128 1771 1169 1799 der
1182 1766 1482 1805 prinz-wales-Jnsel
1495 1767 1555 1795 alles
1567 1775 1609 1799 50.
1616 1767 1723 1800 Procent
1735 1764 1804 1797 theu-

952 1819 991 1842 rer
1011 1811 1053 1846 ist,
1073 1812 1114 1841 als
1134 1812 1161 1840 in
1180 1812 1225 1840 den
1243 1811 1308 1845 schon
1327 1810 1499 1842 vorhandenen
1522 1808 1678 1842 ostindischen
1698 1805 1809 1844 Schiffs

953 1854 1064 1887 werften.
1099 1856 1140 1888 In
1159 1854 1201 1883 der
1214 1852 1319 1886 Sitzung
1338 1859 1393 1880 vom
1412 1859 1436 1887 4.
1451 1850 1522 1885 Febr.
1537 1851 1606 1884 hatte
1619 1849 1739 1881 nunmehr
1758 1848 1804 1877 das

952 1896 1094 1929 Unterhaus
1109 1896 1254 1926 verordnet-,
1273 1895 1319 1928 daß
1333 1894 1384 1927 ihm
1397 1895 1443 1923 alle
1456 1892 1574 1926 aufdiese
1588 1897 1649 1922 neue
1662 1890 1804 1924 Niederlas¬

953 1940 1012 1972 sung
1025 1939 1112 1972 Bezug
1123 1938 1247 1971 habenden
1262 1937 1370 1972 Papiere
1388 1935 1510 1969 vorgelegt
1524 1935 1619 1964 werden
1633 1934 1728 1969 sollten.
1751 1932 1805 1963 Die

954 1980 1106 2015 ostindischen
1119 1980 1269 2011 Direktoren
1281 1980 1368 2011 hatten
1381 1978 1426 2008 den
1444 1976 1599 2011 diesfälligen
1619 1978 1700 2012 Plan,
1728 1981 1804 2010 gegen

953 2023 992 2052 die
1011 2022 1178 2057 Protestatiou
1194 2029 1240 2052 von
1264 2022 1332 2051 einer
1347 2019 1491 2051 Minorität
1510 2026 1558 2048 von
1578 2027 1638 2054 313.
1657 2016 1806 2053 Aktienbefi-

954 2069 1025 2097 zern,
1046 2064 1072 2093 in
1088 2064 1130 2093 der
1153 2065 1235 2099 letzten
1250 2062 1542 2097 Generalversammlung
1554 2060 1718 2095 durchgesetzt.

988 2106 1040 2138 Die
1053 2106 1191 2141 Gerüchte,
1205 2106 1250 2140 daß
1266 2107 1298 2141 H.
1307 2105 1374 2141 Pitt
1384 2105 1425 2140 sich
1440 2107 1488 2134 aus
1499 2105 1554 2134 dem
1563 2102 1738 2138 Ministerium
1751 2104 1804 2132 ent¬

952 2150 1036 2182 fernen
1048 2148 1146 2181 würde,
1165 2149 1253 2183 hatten
1274 2149 1462 2182 abgenommen,
1483 2147 1585 2182 seitdem
1603 2153 1628 2177 er
1641 2153 1682 2176 am
1694 2148 1719 2174 6.
1731 2145 1804 2181 Febr.

948 2191 1033 2225 einem
1044 2190 1072 2224 in
1083 2193 1237 2226 Gegenwart
1252 2190 1298 2223 des
1309 2189 1409 2227 Königs
1424 2190 1570 2227 gehaltenen
1582 2191 1709 2228 geheime«
1719 2192 1806 2229 Rache
