3137 4606
431 370 617 393 Vbonncmtni.

620 398 729 425 JLtzrli».-
747 400 760 419 6
766 398 835 421 Moll.
858 400 870 419 8
876 397 943 420 Mcn.

108 429 196 452 üuriO
212 428 426 459 <»enn»i»ZeiluiiA
439 425 654 455 adgkyoltwirdlKr,
662 427 721 447 18.—
742 424 834 450 Kr.».—
854 424 944 450 Kr.»HO

108 450 223 483 i?»««iz
238 455 279 481 <d»>
293 453 351 477 allrn
366 454 528 480 Postdureaui)
629 453 638 478 ,
660 453 720 478 21.—
751 469 761 478 ,
773 453 833 474 10^0
864 468 873 478 .
897 453 944 474 5.60

108 482 216 507 Ztali»n
225 481 362 510 (Bestellung
370 481 401 504 bei
411 483 446 503 der
455 480 595 506 Cibedltirnl
629 496 638 505 ,
661 481 723 500 81^-
752 496 762 505 .
774 480 834 502 15.50
864 495 874 505 .
897 480 944 501 ».»0

109 508 261 532 tiatifiti*
277 505 613 537 (®tfttflungb.b.wt»tbitlim)
630 523 639 532 ,
662 508 721 527 88.—
753 508 834 532 .1».—
865 523 875 532 ,
886 507 943 527 10—

236 546 347 572 Deuts»
359 555 369 563 -
380 544 489 571 «sterre!
498 543 597 571 chis«er
628 542 813 569 Dostverband

120 585 147 606 zu
162 579 280 600 adonniren
295 577 328 600 bei
341 580 381 600 den
394 576 493 604 dortigen
506 575 656 602 V'stbureoui
667 580 694 603 zu
703 574 817 603 folgende»
826 574 917 605 Pretsen
926 578 934 596 i

108 605 205 630 Jtttli«
232 607 244 626 7
253 604 317 633 Thlr.
329 607 355 626 io
362 604 419 633 egt.
435 606 460 624 n
467 602 562 629 ff.25kr.
572 603 627 629 füdd.
636 600 673 624 W-
689 603 714 623 18
721 601 743 625 ff.
750 601 945 631 28kr.östr.«tze»

109 636 120 654 ,
128 632 224 657 Monate
232 634 243 653 S
272 649 281 657 .
325 634 352 657 20
385 649 393 657 ,
450 632 463 650 7
475 647 483 656 „
501 631 526 651 18
542 646 551 656 ,
590 646 599 655 .
643 645 652 655 ,
702 630 735 655 8.
752 631 778 650 14
793 646 803 655 .
833 646 844 655 .
902 646 912 657 .

110 662 120 681 1
128 659 226 682 Monate
233 662 242 681 1
272 676 282 684 ,
325 661 351 680 28
386 676 394 685 .
450 659 463 679 8
474 674 483 683 „
499 659 526 678 4*
541 673 551 682 „
590 674 599 683 „
704 657 737 681 4.
751 657 779 677 87
793 672 803 682 .
834 672 844 683 .
903 672 913 683 ,

376 696 431 722 Für
455 697 551 717 andere
576 694 675 717 Länder

162 728 203 754 find
219 726 372 756 Bestellung»»
383 733 410 749 an
425 726 455 749 die
471 725 602 753 Cxpedition
616 725 638 747 in
652 725 729 751 Zürich
745 727 890 755 »lnzusende».

1191 481 1630 538 AttMunkMmfzitzkler
1654 478 1881 538 7'ührgL^

2143 404 2185 425 fan
2207 410 2237 425 an
2258 404 2436 430 Haasenstetn
2467 407 2517 426 und
2537 404 2645 432 Vogler
2671 406 2692 428 in
2717 406 2799 431 Zürich,
2822 405 2897 431 Basel,
2919 405 2979 429 Go»

2191 431 2323 459 eruttgart.
2335 430 2464 457 Kranksurr,
2479 430 2567 457 Berlin,
2580 434 2699 462 Hamburg
2714 438 2741 454 >e-
2754 438 2781 455 ,c-
2796 432 2936 461 rinzusende».

2143 457 2395 482 ffnsertionlvrel»
2415 456 2454 480 kür
2473 458 2505 480 di,
2517 458 2613 488 Schweiz
2626 462 2655 481 20
2670 459 2755 484 Rv-die
2772 459 2913 485 »itrftaUia,
2921 460 2983 486 JUU

2257 485 2294 508 für
2309 485 2348 507 da»
2362 482 2463 507 Aulland
2479 487 2506 506 26
2521 485 2576 511 Cu.,
2590 488 2603 508 7
2615 487 2714 515 Kreuzer
2727 488 2776 510 oder
2791 489 2805 508 2
2819 486 2876 516 Sgr.

2325 559 2420 582 Bureau
2434 562 2473 582 »er
2488 559 2617 582 Redaktion:
2633 560 2774 588 Marktgaffe,
2787 561 2807 582 ».

1267 637 1556 708 Zweites
1594 636 1818 698 Blatt.

2142 633 2188 656 Kür
2202 636 2242 655 de«
2256 633 2353 661 Montag
2369 633 2424 656 wird
2438 633 2471 656 di»
2489 634 2585 663 Zeitung
2598 634 2687 660 tinmal,
2705 634 2743 661 für
2757 631 2802 656 all«
2821 633 2911 661 übrige,
2924 634 2981 661 r»z»

2432 661 2535 688 zweimal
2548 662 2691 690 »»»gegeben.

2350 731 2456 761 einzelne
2471 731 2599 755 Nummern
2612 733 2681 759 koste,
2694 734 2721 756 10
2733 732 2777 757 Rb,

170 809 431 869 Zürich,

1095 799 1341 871 Dienstag,
1390 803 1451 854 10
1513 797 1816 872 September
1860 802 1995 854 1872
2000 847 2011 858 .

2662 801 2781 871 M
2809 807 2927 870 461

313 969 794 1028 Tagesbericht

409 1048 469 1069 vom
492 1040 520 1068 9.
544 1037 706 1078 September

161 1088 232 1123 Das
260 1090 380 1133 wichtige
410 1088 549 1132 Ereigniß
583 1090 630 1122 des
665 1088 781 1132 Tagest
809 1098 862 1123 vor
894 1090 1015 1131 welchem

90 1134 296 1177 augenblicklich
329 1134 405 1177 jedes
431 1135 530 1168 andere
562 1134 698 1176 politische
729 1133 869 1176 Interesse
900 1134 930 1167 in
964 1136 1016 1168 den

92 1179 288 1222 Hintergrund
310 1181 380 1221 tritt,
404 1178 437 1220 ist
459 1179 501 1212 die
517 1178 906 1222 Dreikaiserzusammenkunft
927 1179 958 1213 in
969 1180 1017 1213 der

92 1223 227 1266 deutschen
244 1224 425 1268 Hauptstadt.
472 1223 531 1258 Die
541 1223 776 1266 Aufmerksamkeit
794 1226 842 1257 der
850 1224 1016 1267 gesammten

93 1269 279 1312 europäischen
303 1269 400 1311 Presse
418 1268 451 1310 ist
475 1270 660 1312 gegenwäriig
674 1268 725 1309 auf
747 1269 851 1303 Berlin
885 1270 1015 1311 gerichtet,

91 1315 150 1348 und
172 1314 380 1357 unerschöpflich
402 1315 459 1348 und
483 1315 584 1348 endlos
615 1314 674 1355 sind
705 1315 747 1347 die
779 1313 931 1357 politischen
956 1314 1015 1348 Be¬

89 1359 274 1402 trachtungen,
299 1361 339 1393 die
362 1360 410 1402 sich
433 1368 470 1393 an
494 1359 576 1400 dieses
603 1358 741 1402 Ereigniß
763 1358 889 1400 knüpfen.
937 1359 1015 1401 Nach

90 1405 152 1437 dem
174 1404 289 1447 ziemlich
312 1405 492 1448 allgemeinen
501 1404 608 1446 Urtheil
623 1406 669 1437 der
686 1403 793 1445 Presie,
819 1405 877 1437 und
888 1408 1015 1438 nament¬

90 1449 139 1491 lich
162 1450 228 1490 nach
250 1450 301 1482 den
315 1449 555 1492 hochpathetischen
568 1448 706 1491 Ergüssen
721 1449 876 1487 inspirirter
887 1449 1017 1491 deutscher

91 1493 206 1527 Blätter
227 1494 325 1536 möchte
346 1504 412 1528 man
435 1493 486 1534 fast
509 1494 647 1536 glauben,
687 1494 727 1526 die
762 1493 842 1527 Welt
874 1493 952 1534 feiere
986 1495 1016 1527 in

90 1538 176 1578 diesen
199 1538 299 1582 Tagen
320 1540 435 1582 zugleich
466 1540 517 1571 mit
548 1540 593 1571 der
624 1538 1016 1581 Dreikaiserzusammenkunft

91 1585 144 1617 den
169 1584 298 1625 Anbruch
321 1587 371 1617 des
387 1583 623 1626 tausendjährigen
636 1583 882 1626 Friedensreiches.
915 1583 1016 1625 Selbst

90 1629 133 1661 die
156 1628 228 1669 sonst
250 1629 279 1669 so
302 1629 446 1671 nüchterne
467 1631 527 1661 und
550 1629 701 1670 umsichtige
726 1628 834 1670 „Köln.
857 1628 948 1671 Ztg."
974 1639 1014 1661 er¬

90 1674 151 1716 geht
173 1674 220 1716 sich
243 1674 272 1706 in
295 1673 447 1717 folgendem
464 1673 693 1716 Dithyrambus:
734 1673 851 1715 „Wenn
862 1674 918 1706 drei
929 1673 1014 1717 Him¬

90 1719 267 1761 melskörper,
304 1720 334 1752 in
359 1720 429 1753 Eine
467 1717 547 1752 Linie
569 1719 689 1759 rückend,
725 1718 1013 1760 zusammenkommen,

89 1763 117 1804 so
140 1764 238 1805 richten
260 1773 316 1797 von
347 1765 422 1797 allen
453 1763 582 1805 Punkten
619 1766 666 1796 des
702 1762 855 1797 Erdballes
889 1764 936 1804 sich
973 1764 1014 1797 die

89 1809 199 1851 Augen,
222 1809 272 1842 mit
295 1809 469 1852 Fernröhren
494 1808 648 1849 bewaffnet,
678 1808 728 1844 aus
750 1809 791 1841 die
815 1808 1011 1851 merkwürdige

89 1852 282 1896 Erscheinung.
330 1854 382 1888 So
404 1853 546 1896 neugierig
566 1854 680 1886 wenden
702 1854 750 1895 sich
782 1853 824 1886 die
858 1853 946 1886 Blicke
969 1855 1014 1886 der

90 1899 247 1940 civilisirten
271 1899 350 1932 Welt
371 1899 429 1942 jetzt
451 1899 499 1932 der
520 1897 652 1940 deutschen
678 1897 936 1940 Rei_,shauptstadt
968 1908 1012 1940 zu,

90 1945 148 1976 und
171 1953 238 1976 man
260 1944 356 1977 könnte
386 1945 436 1977 den
469 1943 608 1986 Vergleich
643 1943 708 1985 noch
742 1942 906 1984 fortsetzen."
954 1943 1012 1985 Im

89 1988 227 2031 Uebrigen
249 1989 390 2030 konstatirt
412 1989 466 2023 das
489 1992 624 2030 genannte
636 1988 721 2021 Blatt
743 1989 784 2020 die
799 1988 918 2020 eminent
928 1987 1010 2029 fried¬

89 2034 152 2074 liche
174 2033 340 2077 Bedeutung
364 2035 411 2067 des
435 2032 613 2075 Ereignisses.
662 2032 719 2065 Die
741 2033 796 2065 drei
820 2032 929 2074 Kaiser,
953 2032 1013 2074 sagt

87 2077 216 2119 dasselbe,
240 2079 325 2121 haben
350 2080 420 2111 keine
444 2077 652 2120 Streitigkeiten
676 2080 757 2110 unter
779 2078 828 2118 sich
851 2086 884 2119 zu
907 2077 1010 2120 schlich¬

87 2126 141 2164 ten,
167 2126 224 2156 und
247 2125 311 2159 noch
333 2124 451 2165 weniger
478 2122 616 2163 wünschen
649 2122 686 2163 sie
722 2122 928 2164 Streitigkeiten
961 2123 1012 2155 mit

88 2168 203 2201 Andern
226 2167 419 2210 anzusangen;
458 2168 516 2200 und
538 2176 619 2200 wenn
641 2166 779 2207 einerseits
806 2167 849 2200 bei
882 2167 933 2200 den
966 2176 1013 2209 ge¬

85 2213 220 2255 waltigen
241 2212 445 2255 Kriegsheeren,
481 2212 549 2244 über
579 2211 678 2253 welche
701 2211 742 2244 die
765 2211 941 2252 Monarchen
966 2221 1011 2253 ge¬

84 2258 184 2297 bieten,
219 2257 261 2290 die
284 2256 443 2298 Beforgniß
466 2255 628 2296 auftauchcn
662 2256 768 2295 könnte,
802 2255 859 2298 daß
881 2255 925 2296 sie,
960 2256 1013 2289 wie

86 2301 212 2343 ehemals
234 2302 274 2333 die
299 2302 394 2343 heilige
417 2300 540 2342 Allianz,
565 2299 609 2341 für
633 2300 674 2333 die
696 2299 844 2342 Ordnung
866 2310 912 2333 am
923 2300 1012 2342 besten

88 2345 167 2386 durch
178 2345 401 2388 Unterdrückung
423 2346 469 2379 der
489 2345 608 2388 Freiheit
630 2354 665 2387 zu
687 2345 781 2387 sorgen
805 2345 947 2388 glaubten,
983 2345 1011 2386 so

93 2390 123 2430 sei
145 2390 325 2431 andererseits
349 2391 419 2433 nicht
440 2400 472 2432 zu
503 2389 648 2432 vergeffen,
684 2390 739 2430 daß
762 2390 804 2423 die
828 2389 1011 2432 Thcilnahme

90 2437 132 2467 der
157 2434 257 2468 Völker
280 2445 317 2468 an
341 2437 418 2477 ihren
449 2436 558 2477 eigenen
593 2435 837 2476 Angelegmheiten
871 2434 916 2474 seit
950 2436 1009 2467 dem

88 2479 177 2521 letzten
201 2479 418 2522 Menschenalter
440 2480 468 2520 so
499 2488 695 2522 zugmommen
725 2479 804 2521 habe,
840 2479 894 2520 daß
928 2479 1010 2521 solche

88 2524 261 2567 Besorgniffe
284 2526 404 2568 voreilig
425 2524 478 2564 sein
502 2525 627 2557 würden.

154 2578 213 2612 Ein
242 2579 310 2621 nicht
340 2580 461 2623 weniger
483 2578 650 2621 begeistertes
674 2577 872 2611 Willkommen
895 2578 943 2611 als
967 2579 1009 2611 die

91 2623 197 2665 „Köln.
213 2623 303 2667 Ztg."
328 2624 387 2665 ruft
408 2625 472 2666 auch
496 2625 538 2656 die
563 2623 623 2666 „N.
637 2623 714 2665 Allg.
726 2622 816 2665 Ztg."
842 2624 888 2656 der
899 2622 1008 2663 Kaiser-

87 2668 261 2711 Begegnung
283 2679 327 2712 zu,
357 2671 411 2703 das
434 2669 471 2711 sie
492 2670 544 2701 mit
573 2668 718 2710 folgenden
741 2667 863 2701 Worten
883 2667 1009 2709 schließt:

90 2712 177 2755 „Wie
197 2723 232 2756 zu
254 2714 346 2757 hoher,
377 2714 503 2756 festlicher
525 2713 590 2756 Zeit
619 2714 728 2746 werden
751 2713 780 2745 in
803 2712 889 2753 diesen
912 2712 1010 2755 Tagen

87 2758 245 2792 Millionen
266 2768 322 2792 von
344 2764 436 2793 treuen
459 2758 593 2801 deutschen
609 2758 715 2801 Herzen
738 2758 788 2790 den
811 2758 937 2800 Himmel
958 2766 1010 2791 an-

84 2803 175 2844 rusen,
198 2803 253 2844 daß
276 2813 306 2837 er
327 2805 371 2837 die
391 2803 534 2848 Herrscher
556 2804 640 2846 segne,
677 2803 719 2836 die
748 2802 841 2842 beseelt
863 2811 919 2836 von
942 2802 1010 2845 glei¬

84 2849 145 2889 chen
168 2849 244 2881 edlen
267 2847 468 2892 Gesinnungen
499 2850 530 2881 in
553 2848 654 2881 Berlin
678 2848 725 2889 sich
749 2848 883 2889 vereinigt
904 2847 1008 2889 finden,

83 2894 142 2926 und
165 2892 221 2932 daß
243 2903 270 2925 er
294 2894 345 2926 mit
367 2894 463 2935 seinem
486 2893 677 2934 allmächttgen
700 2891 849 2934 Beistände
871 2892 914 2924 die
931 2892 1008 2931 Sep¬

80 2937 244 2979 tembertage
272 2947 306 2979 zu
329 2938 434 2971 Berlin
464 2947 529 2979 zum
554 2937 814 2979 Ausgangspuntte
845 2936 918 2969 einer
940 2937 1008 2978 recht

81 2984 185 3023 langen
199 2981 356 3024 glücklichen
372 2983 446 3015 Aera
459 2983 510 3014 des
525 2981 749 3023 Völkerfriedens
770 2982 882 3014 werden
903 2980 1006 3022 lasse."

81 3045 126 3051 —
151 3025 218 3058 Wie
247 3025 389 3070 erfreulich
420 3035 481 3060 nun
504 3026 569 3067 auch
593 3026 633 3059 die
655 3034 707 3058 vor
730 3025 808 3058 Aller
832 3025 930 3068 Augen
954 3026 1003 3067 sich

80 3069 317 3111 manifestirenden
340 3070 462 3112 Beweise
483 3072 534 3104 des
557 3074 637 3112 guten
657 3069 897 3111 Einoernehmms
920 3070 1007 3103 dreier

82 3116 227 3158 mächtiger
247 3114 391 3159 Herrscher
414 3116 483 3158 sind,
518 3117 577 3148 und
599 3115 651 3148 wie
673 3124 753 3157 gerne
775 3124 843 3147 man
866 3114 1006 3155 denselben

83 3162 140 3194 eine
162 3160 232 3203 nicht
263 3169 298 3203 zu
319 3161 544 3203 unterschätzende
569 3160 737 3202 Bedeutung
763 3158 811 3201 für
833 3159 876 3192 die
900 3159 1006 3201 Erhal¬

85 3210 152 3248 tung
175 3207 224 3238 des
245 3204 467 3247 Völkerfriedens
490 3205 639 3248 zuerkennt,
675 3203 703 3246 so
736 3205 809 3238 wird
843 3213 911 3237 man
944 3205 1006 3246 doch

87 3255 131 3294 gut
155 3251 234 3293 thun,
270 3251 317 3291 sich
341 3251 408 3292 bloß
431 3260 467 3283 an
491 3253 546 3283 das
568 3259 600 3293 zu
623 3249 724 3290 halten,
755 3252 821 3282 was
844 3248 916 3291 offen
939 3258 1005 3282 vor¬

1080 913 1154 955 liegt,
1179 912 1237 946 und
1260 912 1307 954 sich
1330 912 1401 952 nicht
1429 912 1503 954 allzu
1534 911 1638 953 kühnen
1662 911 1848 955 Hoffnungen
1871 912 2008 956 bezüglich

1079 959 1151 991 einer
1174 957 1296 997 ferneren
1319 956 1445 999 Zukunft
1468 956 1646 999 hinzugeben.
1684 956 1737 990 Ob
1759 958 1821 991 und
1844 958 1939 1000 welche
1962 967 2007 1000 ge¬

1079 1001 1232 1045 schichtliche
1246 1001 1353 1045 Folgen
1377 1002 1425 1044 sich
1447 1004 1505 1035 aus
1519 1003 1566 1034 der
1582 1000 1770 1043 Monarchen-
1784 1003 1845 1036 und
1857 1001 2007 1040 Minister-

1078 1046 1312 1090 znsammenkunft
1328 1047 1440 1089 ergeben
1460 1047 1579 1085 werden,
1604 1044 1638 1082 ist
1660 1045 1710 1087 erst
1734 1048 1798 1087 noch
1815 1047 2006 1090 abzuwarten.

1080 1092 1162 1126 Man
1185 1100 1250 1134 mag
1273 1091 1341 1133 jetzt,
1363 1093 1417 1125 wie
1440 1093 1486 1125 der
1511 1090 1668 1133 „Schwäb.
1685 1091 1801 1125 Merk."
1828 1092 1886 1134 sehr
1910 1092 2006 1136 richttg

1079 1137 1206 1178 bemerkt,
1242 1137 1308 1178 noch
1331 1136 1358 1179 so
1382 1136 1549 1179 harmonisch
1571 1136 1623 1169 den
1646 1135 1830 1178 Weltfrieden
1854 1137 2007 1179 einläuten,

1079 1183 1147 1223 diese
1171 1181 1250 1216 Töne
1273 1183 1379 1215 werden
1403 1182 1433 1215 in
1455 1183 1501 1215 der
1524 1179 1589 1222 Luft
1610 1181 1758 1223 verhallen,
1792 1183 1851 1216 und
1885 1182 1926 1216 die
1950 1181 2007 1216 Er¬

1079 1228 1199 1271 haltung
1221 1228 1270 1259 des
1292 1225 1491 1266 Weltfriedens
1513 1225 1586 1260 wird
1608 1226 1676 1268 nach
1697 1227 1749 1260 wie
1770 1236 1825 1261 vor
1858 1228 1928 1270 nicht
1949 1236 2007 1261 von

1079 1274 1131 1306 den
1166 1272 1231 1313 noch
1265 1271 1293 1312 so
1328 1272 1527 1314 vrrsöhnlichen
1551 1270 1690 1313 Absichten
1725 1273 1770 1305 der
1792 1272 1910 1316 Fürsten
1946 1273 2005 1305 und

1080 1317 1307 1351 Staatsmänner
1330 1316 1486 1358 abhangen,
1520 1316 1637 1358 sondern
1672 1325 1727 1350 von
1761 1318 1809 1351 der
1832 1317 1934 1361 Frage,
1969 1317 2005 1351 ob

1079 1364 1120 1395 die
1142 1361 1301 1405 Jntereffen
1336 1363 1383 1395 der
1415 1361 1540 1395 Staaten
1574 1361 1644 1403 ohne
1668 1360 1781 1395 Gewalt
1812 1363 1878 1404 nach
1904 1361 2006 1404 Außm

1078 1408 1126 1450 sich
1150 1409 1191 1441 im
1210 1407 1357 1449 Ausgleich
1382 1407 1514 1447 erhalten.
1537 1405 1619 1439 Man
1642 1416 1708 1449 mag
1733 1408 1782 1440 dm
1806 1408 2006 1449 gemeinsamm

1077 1452 1221 1495 Kreuzzug
1245 1461 1329 1493 gegen
1351 1452 1393 1484 die
1414 1450 1662 1493 Umsturzversuche
1693 1451 1745 1493 auf
1766 1452 1923 1495 religiösem
1946 1453 2005 1486 und

1077 1497 1204 1539 sozialem
1222 1496 1322 1530 Gebiet
1344 1497 1408 1538 noch
1430 1497 1458 1535 so
1482 1497 1544 1529 laut
1565 1496 1702 1538 predigm,
1729 1498 1773 1529 der
1787 1497 1896 1539 Kampf
1918 1506 2002 1540 gegen

1077 1543 1119 1575 die
1141 1543 1297 1585 gährenden
1322 1541 1461 1575 Elemente
1494 1541 1567 1575 wird
1602 1541 1650 1582 sich
1684 1543 1714 1574 in
1747 1541 1831 1583 jedem
1863 1543 2004 1585 einzelnen

1079 1587 1173 1621 Staat
1196 1587 1259 1629 doch
1281 1588 1377 1619 immer
1402 1595 1456 1619 nur
1478 1586 1543 1628 nach
1559 1587 1611 1619 den
1631 1585 1776 1627 besonder»
1795 1586 2004 1629 Verhältnissen

1078 1632 1216 1670 desselben
1238 1632 1346 1673 richten.
1369 1631 1417 1674 In
1439 1631 1591 1673 ähnlichem
1608 1631 1705 1664 Sinne
1730 1632 1843 1674 urtheilt
1865 1633 1932 1673 auch
1961 1632 2004 1665 die

1080 1677 1232 1719 „Times",
1257 1677 1370 1719 obwohl
1395 1676 1428 1718 sie
1450 1677 1490 1709 im
1513 1676 1651 1719 Uebrigen
1675 1681 1724 1709 den
1747 1676 1903 1718 friedlichen
1926 1676 2004 1719 Cha-

1076 1723 1164 1755 ratter
1195 1723 1241 1755 der
1263 1721 1359 1763 Kaiser
1372 1736 1383 1749 -
1397 1721 1538 1755 Entrevue
1567 1722 1724 1754 anerkennt.
1772 1721 1872 1763 „Was
1897 1722 2003 1763 kann",

1076 1766 1151 1810 fragt
1189 1768 1231 1800 die
1257 1766 1408 1809 „Times",
1449 1767 1516 1808 „der
1549 1764 1654 1808 Besuch
1691 1771 1737 1799 der
1774 1766 1867 1799 beiden
1907 1766 2005 1807 Kaiser

1077 1812 1265 1854 Deutschland
1287 1813 1343 1844 viel
1366 1811 1489 1852 nützen?

1143 1857 1210 1890 Wie
1244 1857 1314 1890 kann
1348 1857 1391 1889 die
1418 1855 1621 1899 gegenwärtige
1644 1855 1808 1897 freundliche
1832 1856 2000 1899 Gesinnung

1074 1911 1131 1936 von
1156 1902 1231 1945 Czar
1253 1903 1312 1935 und
1334 1901 1430 1942 Kaiser
1463 1901 1524 1934 eine
1545 1899 1711 1943 Bürgschaft
1743 1901 1792 1941 für
1818 1901 1879 1942 ihre
1901 1902 2001 1935 Stim¬

1075 1957 1164 1989 mung
1188 1948 1251 1988 nach
1274 1948 1335 1979 dem
1358 1945 1481 1985 Verlauf
1502 1945 1606 1988 einiger
1628 1945 1722 1987 Jahre
1744 1945 1825 1986 sein?
1859 1946 2002 1989 Rußland

1074 1994 1132 2025 und
1155 1991 1321 2033 Oesterreich
1344 1991 1403 2032 sind
1426 1991 1494 2032 nicht
1516 2000 1578 2033 zum
1593 1989 1692 2033 Kriege
1714 1990 1841 2033 gerüstet,
1864 1994 1923 2024 und
1947 1999 1999 2025 na-

1074 2038 1155 2078 tülich
1180 2046 1270 2079 genug
1292 2037 1352 2077 sind
1377 2036 1411 2076 sie
1432 2037 1511 2078 heute
1533 2036 1673 2075 durchaus
1686 2034 1734 2076 für
1746 2036 1871 2079 Frieden.
1906 2036 2000 2069 Allein

1074 2082 1108 2123 sie
1130 2081 1219 2122 stehen
1242 2082 1323 2114 dabei
1345 2085 1427 2113 unter
1450 2082 1510 2113 dem
1533 2079 1675 2122 Einflüsse
1708 2090 1764 2113 von
1795 2081 2000 2122 widerstreiten¬

1073 2128 1124 2160 den
1148 2127 1289 2167 Ansichten
1313 2127 1371 2159 und
1394 2125 1560 2167 Jntereffen,
1585 2127 1680 2167 welche
1702 2126 1774 2158 keine
1798 2126 1999 2169 Friedenskon¬

1074 2171 1161 2214 ferenz
1185 2171 1334 2212 versöhnen
1364 2170 1469 2204 könnte.
1518 2169 1564 2204 Es
1587 2170 1648 2212 gibt
1681 2169 1765 2212 offene
1789 2171 1901 2213 Fragen
1933 2171 2001 2214 zwi¬

1074 2216 1144 2257 schen
1168 2216 1260 2259 ihnen,
1284 2215 1380 2257 welche
1402 2216 1487 2249 keiner
1520 2224 1576 2249 von
1611 2215 1705 2248 beiden
1730 2215 1856 2256 Anstand
1887 2217 2002 2258 nehmm

1075 2262 1182 2302 würde,
1206 2262 1254 2293 der
1277 2259 1475 2303 Entscheidung
1500 2262 1549 2293 des
1573 2259 1735 2301 Schwertes
1764 2270 1800 2302 zu
1822 2259 2000 2301 überweisen,

1074 2315 1157 2339 wenn
1193 2315 1221 2338 er
1255 2314 1311 2338 nur
1344 2304 1396 2346 erst
1418 2305 1585 2347 hinreichend
1619 2304 1745 2348 günstige
1767 2305 1934 2347 Aussichtm
1957 2314 2002 2347 ge-

1076 2351 1189 2384 winnm
1210 2350 1317 2384 könnte.
1342 2369 1385 2373 —
1410 2350 1467 2383 Die
1489 2349 1573 2393 große
1585 2349 1702 2391 Parade
1725 2351 1783 2383 und
1806 2350 1848 2383 die
1869 2350 2003 2383 militäri¬

1074 2396 1143 2436 schen
1168 2395 1315 2428 Manöver
1338 2397 1386 2428 des
1410 2394 1494 2435 ersten
1509 2394 1650 2438 Festtages
1675 2394 1849 2437 (Samstag)
1875 2394 1925 2435 auf
1941 2395 2002 2427 dem

1074 2439 1264 2481 Tempelhofer
1301 2439 1387 2481 Felde
1423 2440 1503 2472 boten
1535 2439 1593 2471 ein.
1616 2439 1784 2481 glänzendes
1821 2438 1999 2481 Schauspiel.

1073 2485 1131 2517 Die
1155 2484 1288 2524 Truppen
1322 2493 1418 2517 waren
1450 2484 1516 2524 nach
1538 2484 1586 2515 der
1617 2483 1827 2525 ausgegebenen
1849 2483 1945 2516 Ordre
1969 2483 2000 2515 de

1072 2528 1198 2562 Bataille
1220 2528 1251 2561 in
1273 2529 1340 2570 zwei
1355 2528 1468 2569 Treffen
1491 2527 1653 2569 aufgestellt,
1677 2537 1733 2560 von
1755 2528 1840 2560 denen
1863 2529 1917 2560 das
1932 2526 1998 2567 erste

1072 2574 1113 2607 die
1135 2574 1279 2616 gesammte
1302 2573 1466 2616 Infanterie
1487 2574 1545 2605 und
1568 2572 1608 2605 die
1633 2572 1788 2614 Pioniere,
1825 2573 1879 2606 das
1903 2572 1999 2615 zweüe

1072 2620 1113 2651 die
1134 2618 1305 2659 Kavallerie,
1330 2619 1371 2651 die
1395 2618 1534 2651 Artillerie
1567 2618 1625 2650 und
1662 2618 1711 2650 den
1735 2616 1830 2651 Train
1861 2616 1996 2658 umfaßte.

1072 2663 1131 2697 Die
1164 2672 1249 2706 ganze
1278 2663 1397 2705 Parade
1426 2663 1522 2696 wurde
1553 2671 1609 2695 von
1645 2664 1704 2695 dem
1735 2662 1998 2696 kommandirmden

1074 2708 1201 2742 General
1223 2710 1272 2741 des
1295 2708 1496 2748 Gardekorps,
1533 2706 1657 2749 Prinzen
1680 2706 1790 2749 August
1814 2716 1869 2741 von
1895 2706 1997 2740 Würt¬

1072 2753 1191 2796 temberg
1213 2753 1352 2796 befehligt.
1388 2753 1464 2794 Nach
1487 2754 1536 2785 den
1548 2751 1679 2785 Abreiten
1702 2753 1749 2785 der
1771 2751 1866 2785 beiden
1882 2750 1997 2794 Treffm

1073 2798 1173 2839 fanden
1207 2799 1249 2831 die
1279 2799 1376 2831 beiden
1400 2797 1618 2838 Vorbeimärsche
1653 2796 1727 2837 statt.
1774 2797 1831 2830 Se.
1856 2795 1998 2839 Majestät

1072 2846 1118 2877 der
1141 2842 1242 2883 Kaiser
1263 2845 1322 2876 und
1345 2843 1439 2885 König
1461 2842 1549 2883 führte
1582 2842 1622 2875 die
1655 2851 1739 2884 ganze
1761 2841 1881 2882 Parade
1905 2841 1996 2882 seinen

1072 2888 1239 2930 kaiserlichen
1264 2888 1371 2930 Gästen
1395 2889 1466 2921 beide
1489 2887 1575 2920 Male
1607 2888 1725 2927 vorbei,
1760 2887 1891 2929 währmd
1924 2885 1996 2926 diese

1072 2934 1102 2966 in
1125 2935 1167 2966 die
1190 2933 1449 2976 Frontaufstellung
1471 2933 1514 2966 bei
1534 2932 1609 2975 ihrm
1633 2931 1701 2973 resp.
1723 2931 1923 2974 Regimentern
1938 2930 1995 2964 ein¬

1071 2982 1160 3012 traten
1184 2980 1242 3012 und
1266 2979 1399 3019 dieselben
1428 2978 1494 3020 auch
1529 2977 1569 3010 bei
1602 2978 1663 3009 dem
1685 2975 1909 3018 Vorbeimärsche
1930 2983 1997 3009 vor¬

1071 3022 1259 3066 überführten.
1286 3024 1350 3057 Der
1372 3023 1513 3066 Zudrang
1535 3023 1583 3055 des
1598 3021 1773 3062 Publikums
1785 3030 1820 3064 zu
1835 3022 1882 3053 der
1895 3021 1999 3054 Revue

1071 3077 1132 3101 war
1154 3069 1198 3101 ein
1218 3067 1376 3110 kolossaler.
1413 3068 1475 3102 Der
1497 3067 1546 3108 auf
1569 3066 1666 3100 Abend
1684 3065 1826 3108 angesetzte
1847 3063 1998 3107 Monstre-

1069 3112 1274 3155 Zapfenstreich
1296 3113 1394 3154 verlies
1414 3112 1549 3154 ebenfalls
1567 3113 1597 3145 in
1615 3112 1779 3154 glänzender
1804 3110 1906 3152 Weise.
1939 3109 1998 3144 Die

1071 3158 1200 3199 Musiker
1217 3157 1340 3199 sämmtl.
1353 3158 1531 3201 Regimenter
1548 3157 1587 3189 im
1599 3156 1718 3199 Ganzen
1733 3156 1830 3197 1124,
1843 3154 1998 3197 einschließ¬

1070 3204 1119 3245 lich
1155 3204 1202 3236 der
1237 3202 1424 3244 Tambours,
1459 3203 1580 3245 begleitet
1601 3210 1659 3235 von
1689 3201 1756 3233 400
1779 3200 1996 3244 Fackelträgern,

1070 3248 1159 3289 setzten
1183 3247 1231 3289 sich
1254 3257 1302 3280 um
1327 3246 1389 3284 9Vs
1411 3249 1470 3290 Uhr
1492 3257 1555 3281 vom
1578 3245 1907 3289 Friedrichs-Denkmale
1929 3244 1996 3285 nach

2070 915 2131 947 dem
2147 913 2311 956 Lustgartm
2333 914 2363 947 in
2379 914 2554 959 Bewegung.
2589 916 2649 950 Die
2671 915 2722 953 auf
2743 917 2806 951 dem
2821 916 2996 959 Programm

2068 959 2258 1002 verzeichneten
2283 958 2473 1000 Musikstücke,
2482 961 2596 994 wurden
2618 961 2687 1004 aufs
2710 960 2877 1003 brillanteste
2898 969 2996 1005 vorge-

2069 1009 2165 1046 ttagm
2186 1004 2245 1037 und
2266 1004 2389 1044 machten
2409 1004 2519 1046 großen
2542 1005 2688 1041 Eindruck.
2735 1007 2795 1041 Die
2812 1006 2991 1045 Monarchen

2068 1050 2197 1091 wohnten
2220 1049 2266 1082 der
2278 1047 2463 1092 Aufführung
2485 1059 2540 1084 von
2563 1051 2612 1084 den
2625 1052 2753 1095 Fmstern
2776 1053 2826 1085 des
2847 1049 2996 1093 Schlosses

2068 1094 2120 1127 bei.
2168 1093 2229 1132 Auf
2261 1093 2404 1137 Sonntag
2436 1103 2520 1135 war,
2554 1097 2607 1130 wie
2630 1106 2698 1131 man
2721 1098 2780 1131 dem
2808 1095 2903 1140 „Frkf.
2926 1095 2986 1138 I."

2068 1139 2180 1179 meldet,
2217 1138 2288 1172 beim
2311 1138 2410 1180 Kaiser
2431 1138 2572 1182 Wilhelm
2605 1141 2638 1174 in
2669 1142 2769 1183 seinem
2793 1141 2904 1183 Palais
2936 1141 2996 1175 eine

2068 1183 2227 1226 Konferenz
2250 1184 2297 1216 der
2320 1184 2378 1217 drei
2389 1183 2489 1225 Kaiser
2511 1185 2652 1229 angesagt,
2675 1195 2713 1221 an
2736 1187 2782 1220 der
2805 1187 2847 1220 die
2859 1184 2997 1227 Minister

2070 1228 2149 1270 Graf
2172 1227 2328 1271 Andraffy,
2351 1228 2437 1271 Fürst
2460 1228 2651 1273 Gortschakoff
2672 1232 2731 1265 und
2752 1230 2838 1275 Fürst
2848 1230 2998 1265 Bismarck

2069 1274 2282 1316 theilzunehmm
2307 1274 2409 1315 hatttn.
2445 1273 2525 1308 Was
2538 1274 2716 1318 Gegenstand
2738 1275 2821 1318 dieser
2842 1275 2996 1318 Konferenz

2068 1318 2122 1361 sein
2146 1318 2233 1360 sollte,
2256 1317 2290 1359 ist
2312 1318 2456 1362 vorläufig
2480 1320 2545 1362 noch
2568 1319 2746 1363 Geheimniß.

2135 1372 2184 1415 In
2223 1372 2425 1415 England
2464 1374 2552 1415 haben
2585 1375 2626 1409 die
2661 1375 2851 1418 militärischen
2877 1374 2993 1418 Herbst-

2068 1418 2200 1451 manöoer
2236 1418 2265 1451 in
2288 1418 2371 1451 allem
2395 1417 2497 1460 Ernste
2519 1419 2662 1462 begonnen
2695 1421 2754 1454 und
2776 1419 2811 1462 ist
2833 1422 2864 1454 es
2887 1420 2916 1453 in
2938 1420 2992 1454 den

2069 1464 2164 1505 letzten
2188 1462 2288 1505 Tagen
2320 1462 2419 1496 bereits
2442 1464 2488 1497 bei
2510 1465 2703 1507 verschiedenen
2727 1464 2938 1508 Gelegenheiten
2960 1473 2996 1507 zu

2068 1508 2172 1541 kleinen
2196 1507 2309 1549 Treffen
2332 1508 2498 1550 gekommen,
2533 1509 2575 1542 bei
2608 1510 2723 1552 welchen
2756 1510 2918 1551 namentlich
2952 1509 2997 1543 die

2066 1553 2228 1587 Kavallerie
2250 1553 2278 1593 so
2302 1552 2359 1595 sehr
2397 1553 2426 1586 in
2461 1554 2504 1587 die
2526 1553 2602 1596 Hitze
2624 1555 2693 1597 kam,
2729 1555 2785 1596 daß
2808 1554 2843 1596 sie
2875 1564 2924 1588 um
2944 1554 2991 1588 ein

2066 1598 2153 1640 Haar
2180 1607 2219 1631 an
2243 1598 2375 1631 einander
2398 1599 2509 1641 gerieth.
2534 1617 2576 1623 —
2600 1599 2661 1641 Aus
2682 1601 2768 1634 einem
2792 1598 2942 1642 Pachthofe
2964 1598 2996 1633 in

2069 1642 2216 1685 Dorkshire
2248 1642 2282 1684 ist
2318 1643 2487 1685 neuerdings
2521 1644 2562 1677 die
2585 1644 2749 1687 Rinderpest
2779 1644 2994 1688 ausgebrochen.

2066 1688 2168 1730 Jndeß
2195 1688 2255 1730 find
2278 1689 2360 1729 durch
2385 1687 2598 1732 Abschlachtung
2632 1691 2683 1723 des
2718 1690 2887 1731 betroffenen
2909 1688 2997 1731 Bieh-

2066 1732 2179 1773 standes
2202 1734 2261 1766 und
2285 1733 2366 1774 durch
2390 1733 2592 1776 Abschließung
2620 1735 2670 1768 des
2693 1735 2831 1777 infizirten
2854 1734 2995 1768 Terrains

2066 1779 2108 1811 die
2132 1778 2263 1821 nöthigm
2288 1777 2594 1821 Vorsichtsmaßregeln
2625 1789 2710 1822 gegen
2732 1779 2839 1813 weitere
2862 1778 2996 1812 Verbrei¬

2066 1824 2136 1865 tung
2162 1824 2210 1855 der
2233 1822 2386 1865 Krankheit
2408 1823 2542 1865 gettoffen
2565 1827 2687 1858 worden.

2136 1867 2199 1901 Der
2222 1867 2405 1910 Kongreß
2427 1868 2475 1901 der
2496 1868 2904 1911 Internationalen
2934 1869 2994 1911 hat,

2066 1912 2119 1946 wie
2141 1913 2243 1946 bereits
2265 1913 2404 1955 gemeldet,
2439 1913 2489 1954 für
2526 1914 2610 1946 1872
2636 1915 2694 1947 und
2719 1914 2806 1946 1873
2829 1913 2996 1956 New-Dork

2065 1967 2128 1999 zum
2153 1957 2219 1999 Sitz
2242 1958 2292 1991 des
2317 1956 2540 2000 Generalrathes
2575 1958 2719 1996 bestimmt.
2765 1958 2900 2000 Derselbe
2920 1957 2994 1992 wird

2065 2005 2121 2036 aus
2149 2003 2189 2035 15
2214 2002 2405 2045 Mitgliedern
2429 2003 2678 2046 zusammengesetzt
2711 2004 2769 2037 und
2804 2003 2836 2045 ist
2859 2004 2994 2046 gehalten,

2064 2048 2119 2080 alle
2143 2047 2302 2090 Beschlüffe
2324 2048 2372 2080 des
2387 2047 2556 2090 Kongrefles
2578 2049 2767 2091 auszuführen
2789 2049 2848 2082 und
2871 2047 2991 2081 darüber

2063 2102 2097 2134 zu
2120 2093 2242 2134 wachen,
2265 2092 2323 2135 daß
2344 2092 2403 2135 jede
2418 2082 2541 2126 SÜtion
2562 2094 2603 2127 die
2626 2093 2859 2135 fundamentalen
2872 2093 2992 2127 Grund¬

2063 2137 2128 2178 sätze
2151 2138 2199 2170 der
2222 2137 2476 2179 Internationalen
2498 2138 2658 2181 beobachtet.
2704 2138 2769 2173 Der
2792 2138 2930 2180 Kongreß
2952 2146 2996 2171 er¬

2064 2182 2135 2215 klärt
2157 2192 2206 2224 zur
2217 2181 2439 2225 Hauptaufgabe
2454 2184 2504 2216 des
2516 2183 2720 2224 Proletariats,
2743 2182 2880 2225 politische
2894 2182 2995 2225 Macht

2065 2236 2099 2269 zu
2121 2228 2256 2270 erringen.
2305 2226 2372 2260 Wie
2406 2227 2475 2260 aber
2507 2227 2575 2270 diese
2598 2227 2728 2271 Aufgabe
2758 2228 2852 2270 gelöst
2885 2228 2995 2261 werden

2064 2272 2125 2313 soll,
2162 2271 2195 2311 ist
2219 2271 2385 2314 einstweilen
2412 2273 2485 2314 nicht
2505 2272 2655 2315 abzusehen
2688 2273 2746 2307 und
2768 2273 2819 2315 hat
2840 2281 2888 2306 am
2909 2272 2993 2306 aller¬

2065 2316 2215 2359 wenigsten
2239 2317 2284 2350 der
2308 2316 2414 2359 jüngst;
2435 2316 2571 2360 Kongreß
2593 2318 2703 2361 gezeigt.

3044 2134 3050 2157 i
3098 2138 3114 2157 f

2243 2456 2307 2489 Der
2330 2456 2675 2500 Truppenzusammenzug
2701 2457 2801 2490 1872.

2121 2513 2159 2544 E.
2180 2512 2238 2544 Die
2252 2512 2316 2552 Zeit
2335 2521 2400 2544 vom
2421 2515 2447 2544 1.
2470 2514 2516 2544 bis
2529 2515 2556 2544 6.
2572 2513 2736 2554 September
2756 2513 2848 2544 wurde
2868 2522 2923 2544 von
2943 2513 2995 2545 den

2061 2554 2192 2593 Truppen
2214 2562 2248 2593 zu
2267 2554 2442 2584 elemcntarm
2454 2553 2608 2594 Uebungen,
2640 2555 2690 2585 wie
2716 2553 2751 2591 sie
2782 2555 2812 2584 in
2833 2553 2891 2584 dem
2901 2553 2994 2592 fiüher

2060 2594 2217 2633 erwähnten
2248 2592 2488 2633 Divisionsbefehl
2519 2595 2682 2635 angeordmt
2712 2602 2819 2631 waren,
2850 2593 2993 2631 besonders

2060 2636 2121 2667 aber
2143 2643 2203 2674 zum
2225 2632 2359 2666 Erlernen
2388 2633 2432 2664 der
2453 2634 2590 2673 taktischen
2610 2634 2750 2673 Formen,
2776 2635 2868 2672 welche
2888 2634 2929 2664 die
2954 2643 2995 2666 er-

2059 2676 2156 2715 laffene
2166 2674 2306 2714 prattische
2315 2673 2495 2712 Instruktion
2516 2675 2699 2714 vorzcichnete»
2719 2675 2830 2713 benützt.
2850 2691 2890 2697 —
2910 2673 2996 2713 Diese

2059 2717 2204 2755 Uebungen
2226 2723 2319 2745 waren
2339 2715 2398 2754 sehr
2408 2714 2533 2753 lehrreich
2552 2715 2599 2754 für
2609 2715 2653 2746 die
2663 2715 2805 2755 Truppen,
2825 2714 2887 2754 doch
2907 2714 2996 2746 bieten

2060 2756 2103 2794 sie,
2124 2756 2160 2786 da
2180 2759 2211 2786 eS
2238 2755 2284 2792 sich
2314 2764 2361 2785 um
2383 2754 2552 2787 Elementar-
2580 2756 2637 2787 und
2659 2755 2943 2795 GefechtS-Uebungm
2964 2756 2996 2787 in

2060 2797 2176 2828 kleinern
2196 2795 2399 2835 Verhältniffrn
2419 2796 2550 2834 handelte,
2577 2805 2608 2835 zu
2634 2797 2722 2836 wenig
2743 2795 2915 2835 allgemeines
2935 2795 2994 2835 Jn-

2059 2836 2156 2875 teresie,
2188 2837 2236 2867 als
2266 2837 2321 2874 daß
2351 2835 2405 2866 wir
2432 2836 2492 2876 hier
2522 2836 2570 2875 auf
2597 2836 2726 2875 dieselben
2755 2835 2840 2876 näher
2867 2836 2993 2876 eingehen

2059 2877 2165 2916 sollten.

2121 2918 2177 2948 Am
2199 2918 2229 2948 5.
2249 2917 2432 2948 manöverirte
2453 2917 2496 2948 die
2515 2916 2759 2958 Schützenbrigade
2780 2925 2863 2956 gegm
2884 2917 2924 2948 die
2943 2918 2996 2949 22.

2059 2956 2331 2997 Jnfanteriebrigade
2351 2958 2383 2988 in
2395 2957 2441 2988 der
2452 2957 2568 2997 Gegend
2589 2966 2645 2988 oon
2655 2956 2770 2997 Goffau,
2793 2958 2834 2987 die
2849 2958 2898 2988 23.
2911 2965 2994 2997 gegen

2059 3000 2101 3030 die
2122 3000 2173 3029 24.
2193 2998 2320 3038 Brigade
2340 2997 2390 3036 auf
2409 2997 2455 3029 der
2478 2997 2588 3036 Straße
2606 3006 2662 3029 von
2682 2997 2792 3037 Flawyl
2812 3006 2893 3037 gegen
2903 2998 2995 3028 Ober-

2059 3039 2173 3079 Utzwyl.

2122 3084 2184 3116 Der
2206 3083 2343 3121 Gedanke,
2370 3083 2475 3120 welcher
2495 3084 2611 3120 letzteren
2633 3082 2793 3114 Manövern
2823 3091 2855 3123 zu
2875 3081 2993 3114 Grunde

2061 3127 2117 3165 lag,
2139 3133 2214 3155 war:
2237 3124 2278 3155 die
2301 3125 2329 3154 2.
2341 3123 2464 3163 Brigade
2485 3123 2554 3162 (Nr.
2575 3123 2630 3162 23)
2652 3123 2685 3161 ist
2704 3131 2758 3154 von
2780 3122 2857 3162 ihren
2868 3122 2994 3154 Cantoa-

2060 3169 2184 3196 nements
2206 3165 2236 3196 in
2247 3163 2517 3203 Oberglatt-Flawyl
2536 3163 2576 3193 im
2585 3162 2743 3202 Vormarsch
2764 3162 2815 3200 auf
2823 3162 2870 3194 der
2881 3162 2992 3203 Straße

2061 3207 2125 3244 nach
2147 3205 2330 3244 Oberutzwyl,
2351 3204 2474 3244 zwischen
2484 3203 2591 3243 Buchen
2611 3204 2667 3234 und
2677 3203 2853 3243 Oberutzwyl
2875 3203 2923 3241 auf
2942 3203 2994 3235 dm

2061 3246 2159 3285 Feind,
2190 3246 2232 3275 die
2258 3246 2288 3275 3.
2318 3243 2439 3283 Brigade
2472 3243 2542 3283 (Nr.
2563 3243 2618 3283 24)
2640 3244 2772 3283 gestoßen,
2805 3243 2859 3282 setzt
2888 3243 2935 3283 sich
2964 3244 2994 3275 in

380 3430 546 3478 /MÜUtlfi
581 3430 681 3467 1872

343 3582 601 3620 Schwurgericht
618 3581 747 3617 Zürich.

135 3624 293 3659 Prioarklage
317 3624 358 3652 der
377 3624 482 3660 Zürcher
499 3623 746 3658 Handwerksmeister
764 3622 792 3658 F.
812 3622 1005 3653 Brunner,

83 3666 216 3700 Spengler,
235 3668 287 3693 und
308 3667 376 3694 Gen.
395 3673 470 3701 gegen
489 3665 526 3692 die
548 3665 656 3693 Arbeiter
676 3664 710 3693 R.
729 3663 830 3697 Mors
857 3663 908 3691 und
930 3663 1006 3695 Gen.,

80 3706 174 3740 punkto
193 3706 379 3742 Beschimpfung
398 3714 427 3734 :c.

414 3745 453 3780 (6.
472 3745 526 3773 und
545 3744 571 3773 7.
590 3745 681 3780 Sept.)

133 3786 176 3821 Zu
189 3786 371 3823 Beurtheilung
390 3787 464 3819 diese?
483 3794 527 3821 zur
546 3794 631 3813 v»u»v
651 3786 765 3814 oelödro
784 3785 942 3821 gewordenen
960 3791 1005 3818 po¬

80 3826 182 3861 litischen
203 3827 386 3863 Preßprozesse?
404 3827 488 3855 wurde
507 3827 561 3854 eine
579 3825 706 3857 besondere
716 3827 786 3861 Jury
806 3826 916 3861 gebildet,
934 3823 1006 3859 wäh¬

78 3867 138 3894 rend
162 3869 200 3894 der
220 3867 375 3902 Gerichtshof
402 3867 502 3896 derlelbe
530 3866 556 3898 ist
583 3866 628 3893 wie
655 3866 683 3894 in
702 3865 839 3900 Pfäsfikon.
875 3865 924 3893 Die
943 3864 969 3893 G
984 3872 1005 3891 e.

79 3906 232 3941 schworcnen.
260 3908 344 3943 welche
364 3910 409 3936 daS
429 3906 577 3942 Vergnügen
596 3907 699 3939 hatten,
718 3906 745 3934 in
765 3906 863 3941 Sachen
882 3912 909 3940 zu
929 3905 1004 3939 fitzen,

86 3947 152 3979 find:

152 3989 215 4016 Beck,
235 3989 270 4016 alt
291 3988 562 4022 GemeindSpräfident,
581 3988 692 4020 Kefikon.

152 4029 276 4063 Boßhaid,
296 4029 364 4064 Hch.,
384 4028 714 4065 Eichthal-Hombrechtikon.

151 4069 215 4103 Egli,
233 4070 302 4105 Hch.,
322 4070 576 4100 Gemeindammann,
595 4068 744 4103 Herrliberg.

152 4109 292 4143 Schneider,
310 4110 352 4143 K.,
372 4109 570 4142 Gemeinderath,
590 4107 703 4136 Rorba?.

150 4150 236 4182 Beder,
255 4151 295 4179 £.,
315 4151 401 4187 Sohn,
419 4148 576 4182 Kaufmann,
597 4148 726 4182 RieSbach.

151 4190 254 4222 kleiner,
275 4191 365 4227 Ulrich,
383 4190 595 4222 Stadtammann,
613 4187 777 4223 Wintenhur.

152 4230 287 4265 Schnyder,
305 4232 338 4267 I.
356 4232 395 4267 I.,
413 4231 589 4267 Hauptmann,
608 4227 787 4256 Wödentweil.

150 4271 342 4306 Jenny-Ryfftl,
363 4273 403 4306 P.,
424 4269 625 4306 Gehren-Stöfs.

149 4310 237 4343 Ritter,
255 4312 323 4348 Hch.,
342 4310 545 4349 Zivilpräfident,
565 4310 720 4345 Marthalen.

148 4351 234 4384 Keller,
254 4352 295 4385 E.,
312 4354 350 4381 alr
368 4351 567 4386 Gemrindrrath,
584 4349 715 4379 Dorlikon.

148 4392 284 4425 Hofmann,
303 4393 343 4428 I.,
364 4392 630 4423 Gemeindeammann,
648 4388 906 4425 Unter-Schottikon.'

148 4430 340 4467 Fierz-Stapser,
360 4432 584 4470 Polizeipräsident,
603 4431 713 4466 Horgen.

1126 3331 1255 3364 Dieselben
1273 3339 1396 3358 ernennen
1414 3339 1443 3366 zu
1461 3331 1536 3365 ihrem
1546 3329 1668 3357 Obmann
1685 3328 1732 3356 den
1749 3328 1831 3363 Herrn
1851 3328 2003 3357 Kleiner.

1126 3372 1179 3399 Der
1197 3371 1354 3405 Gegenstand
1382 3372 1426 3398 des
1445 3370 1568 3405 ProzesieS
1597 3368 1624 3400 ist
1652 3368 1729 3400 jedem
1747 3368 1936 3403 ZeitungSleler
1965 3367 2002 3393 be¬

1072 3412 1146 3439 kannt
1155 3419 1164 3445 ;
1192 3414 1218 3437 eS
1247 3411 1274 3443 ist
1292 3411 1333 3438 der
1360 3411 1388 3439 S
1399 3411 1420 3446 ch
1430 3419 1443 3438 r
1452 3419 1464 3438 e
1472 3411 1481 3438 i
1490 3418 1508 3438 n
1518 3417 1529 3438 e
1539 3417 1551 3436 r
1561 3409 1578 3439 st
1588 3417 1600 3436 r
1608 3409 1617 3435 i
1628 3408 1639 3436 k
1649 3416 1660 3436 e
1685 3408 1713 3435 in
1731 3408 1833 3444 Zürich,
1862 3408 1903 3435 der
1923 3406 2003 3435 Mine

1073 3452 1150 3488 Mörz
1170 3453 1193 3480 d.
1211 3452 1242 3486 I.
1262 3452 1358 3486 begann
1387 3453 1438 3479 und
1465 3459 1507 3479 am
1533 3450 1575 3479 28.
1594 3449 1657 3477 Mai
1675 3449 1722 3476 mit
1739 3450 1793 3476 dem
1822 3447 2003 3482 vollständigen

1074 3493 1140 3528 Sieg
1159 3494 1199 3521 der
1218 3492 1329 3520 Arbeiter
1348 3493 1452 3528 endigte.

1127 3535 1175 3561 Am
1195 3533 1220 3561 4.
1242 3533 1318 3567 März
1338 3533 1361 3560 d.
1380 3534 1410 3567 I.
1428 3533 1538 3568 erhielten
1559 3531 1595 3559 die
1615 3530 1839 3564 Schreinermeister
1857 3530 1898 3557 der
1916 3528 2004 3558 Stadt

1071 3574 1123 3601 und
1150 3574 1297 3608 Umgebung
1326 3581 1377 3601 von
1406 3574 1494 3602 Seiten
1532 3573 1597 3600 einer
1625 3571 1932 3604 Arbeiter-Kommission
1964 3569 2003 3596 ein

1070 3615 1204 3650 Zirkular,
1232 3614 1312 3641 worin
1340 3614 1415 3649 ihnen
1442 3613 1564 3649 angezeigt
1582 3612 1675 3644 wurde,
1703 3611 1752 3644 daß
1788 3612 1827 3639 die
1857 3611 2003 3642 Schreiner«

1071 3655 1175 3683 arbeiter
1191 3663 1243 3683 von
1262 3655 1340 3683 Milte
1360 3654 1437 3690 Mörz
1454 3662 1487 3681 an
1507 3653 1556 3681 eine
1564 3651 1761 3686 Lohnerhöhung
1779 3659 1832 3679 von
1850 3650 1899 3679 20°
1912 3660 1932 3679 o.
1952 3650 2003 3677 mit

1072 3696 1148 3724 einem
1168 3695 1353 3730 Minimallohn
1372 3703 1423 3723 von
1442 3695 1483 3729 Fr.
1501 3693 1519 3722 3
1536 3693 1569 3720 im
1589 3691 1658 3726 Tag,
1686 3691 1831 3727 lOstündige
1850 3688 2002 3724 Arbeitszeit

1070 3737 1122 3763 und
1141 3737 1188 3764 alle
1205 3735 1257 3770 acht
1275 3735 1344 3770 Tage
1362 3735 1470 3771 Zahltag
1497 3732 1680 3766 beanspruchen.
1719 3732 1767 3759 Am
1797 3731 1839 3760 13.
1858 3731 1935 3766 März
1966 3738 2001 3757 er-

1070 3777 1197 3804 wiederren
1217 3776 1254 3804 die
1271 3775 1373 3807 Meister
1390 3775 1455 3808 jener
1473 3773 1644 3805 Kommission,
1663 3773 1713 3806 ihre
1728 3773 1844 3800 Antwort
1863 3773 1941 3799 werde
1959 3777 2001 3798 am

1070 3818 1114 3846 21.
1133 3816 1210 3851 März
1230 3816 1346 3852 ersolgen.
1384 3816 1449 3843 Aber
1475 3815 1541 3850 schon
1571 3821 1617 3841 vor
1636 3813 1724 3844 diesem
1741 3812 1786 3841 21.
1807 3811 1892 3847 März,
1921 3811 2002 3845 einige

1071 3858 1138 3893 Tage
1156 3857 1215 3892 nach
1234 3856 1287 3883 dem
1308 3856 1350 3884 13.
1371 3857 1498 3892 begannen
1516 3855 1552 3883 die
1571 3854 1682 3881 Arbeiter
1699 3853 1767 3887 ihren
1787 3853 1888 3885 Strikt,
1915 3852 2001 3880 indem

1069 3899 1101 3930 fie
1118 3900 1145 3926 in
1164 3898 1215 3925 vier
1233 3897 1392 3931 Werkstätten
1409 3899 1455 3924 den
1475 3895 1591 3928 Meistern
1610 3893 1736 3923 erklärten,
1763 3901 1837 3921 wenn
1857 3892 1914 3924 dies,
1933 3891 2001 3926 nicht

1068 3937 1198 3972 innerhalb
1217 3937 1227 3956 l
1228 3939 1254 3969 /t
1270 3938 1328 3965 oder
1346 3937 1362 3966 1
1383 3937 1485 3965 Stunde
1503 3935 1539 3963 die
1558 3934 1734 3969 Forderungen
1762 3934 1804 3961 der
1823 3933 1931 3961 Arbeiter
1952 3937 2000 3957 an-

1069 3980 1181 4014 nehmen,
1200 3978 1225 4012 so
1243 3978 1340 4005 werden
1358 3977 1410 4012 ihre
1418 3976 1572 4005 Werkstätten
1592 3974 1640 4001 leer
1658 3973 1743 4008 stehen.
1767 3974 1818 4002 Dir
1835 3974 1887 4001 vier
1897 3971 2001 4007 Mejster

1069 4021 1146 4055 gaben
1165 4019 1229 4053 nicht
1246 4018 1316 4053 nach,
1334 4018 1387 4052 ihre
1405 4018 1514 4046 Arbeiter
1530 4016 1628 4051 führten
1647 4015 1685 4042 die
1693 4015 1821 4050 Drohung
1842 4017 1904 4042 aul.
1935 4008 2000 4048 Jetzt

1069 4060 1146 4096 schritt
1163 4060 1201 4088 die
1219 4059 1350 4094 Mehrzahl
1378 4059 1418 4086 der
1444 4056 1606 4091 sämmtlichen
1634 4055 1736 4086 Meister
1763 4063 1820 4091 zum
1840 4052 2000 4087 Contrestrike

1068 4101 1120 4129 und
1138 4100 1214 4135 schloß
1233 4106 1275 4127 am
1294 4098 1337 4127 18.
1351 4098 1428 4134 März
1446 4098 1484 4126 die
1492 4095 1659 4128 Werkstätten.
1682 4095 1727 4123 So
1744 4095 1829 4123 wurde
1846 4095 1887 4123 der
1898 4092 1999 4129 Schrri-

1068 4141 1176 4176 nerstrike
1193 4141 1286 4175 nahezu
1305 4139 1346 4167 rin
1363 4138 1525 4174 allgemeiner,
1543 4137 1597 4165 und
1618 4144 1644 4164 er
1661 4135 1761 4164 dauerte
1778 4135 1867 4169 selten?
1887 4134 1927 4163 d«
1946 4133 1996 4161 Ar¬

1068 4184 1141 4211 beiter
1158 4188 1234 4218 gegen
1252 4179 1386 4214 diejenigen
1405 4178 1505 4208 Meister
1522 4178 1579 4210 sort.
1597 4175 1683 4211 welche
1700 4176 1739 4204 die
1756 4176 1937 4211 Forderungen
1957 4173 1999 4200 d«r

1070 4223 1179 4253 Arbeiter
1196 4221 1260 4256 nicht
1277 4220 1427 4255 annahmen.
1463 4219 1514 4247 Die
1531 4218 1586 4250 Art,
1605 4217 1653 4244 wie
1670 4216 1758 4248 seiten?
1787 4217 1829 4244 der
1846 4217 1939 4250 letztem
1957 4213 2000 4241 der

1069 4265 1154 4294 Sttike
1172 4261 1303 4297 organifirt
1321 4260 1411 4292 wurde,
1430 4258 1573 4291 veranlaßte
1593 4257 1665 4285 Ende
1682 4256 1759 4292 März
1788 4257 1826 4285 dir
1843 4255 1949 4288 Meister
1968 4261 1999 4289 zu

1068 4307 1132 4334 einer
1152 4302 1263 4339 Eingabe
1279 4302 1340 4329 an'?
1358 4300 1566 4334 Siatthalteramt
1576 4297 1677 4334 Zürich,
1695 4305 1777 4325 wann
1797 4297 1828 4331 fie
1837 4295 1904 4332 Hilfe
1921 4300 1998 4330 gegm

1068 4346 1105 4374 die
1119 4344 1250 4381 Agitation
1267 4342 1309 4370 der
1319 4340 1564 4374 Strikekommisfion,
1580 4338 1728 4374 Einleitung
1739 4338 1805 4366 einer
1813 4335 1999 4371 Untersuchung

1066 4394 1141 4422 gegen
1161 4385 1198 4413 die
1206 4382 1442 4420 Hauptagitatoren,
1461 4380 1499 4408 die
1517 4378 1636 4414 theilwei?
1656 4378 1800 4414 Fremd«
1819 4379 1909 4412 ohne
1926 4376 1998 4405 Pa¬

1066 4428 1167 4462 piere
1193 4425 1256 4457 sein,
1283 4423 1337 4450 und
1366 4420 1546 4456 »angemessene
1565 4418 1735 4454 Maßregeln"
1752 4426 1782 4454 zu
1812 4419 1887 4454 ihrem
1908 4415 1998 4451 Schutz

2066 3325 2195 3358 fordertm.
2233 3324 2292 3351 Das
2313 3323 2523 3357 Statthalteramt
2540 3322 2601 3350 wie?
2620 3326 2720 3350 unterm
2738 3321 2782 3349 17.
2803 3322 2875 3356 April
2891 3322 2929 3350 die
2940 3322 2994 3349 An¬

2066 3365 2134 3399 träge
2153 3364 2193 3391 der
2212 3363 2313 3391 Meister
2330 3371 2382 3390 von
2400 3363 2440 3390 der
2458 3363 2543 3397 Hand,
2564 3363 2636 3395 »weil
2654 3363 2705 3398 ihm
2724 3361 2762 3389 die
2781 3362 2871 3390 Mittel
2887 3370 2930 3398 zur
2943 3362 2994 3389 Ab-

2065 3407 2121 3442 hilje
2140 3406 2202 3439 nicht
2221 3412 2250 3439 zu
2269 3404 2366 3433 Gebote
2387 3403 2490 3438 stehen,"
2508 3405 2561 3432 und
2578 3404 2641 3439 rieth
2658 3405 2741 3439 ihnm,
2770 3404 2814 3439 sich
2833 3411 2868 3432 an
2886 3404 2923 3432 die
2940 3404 2994 3438 Po-

2066 3445 2235 3481 lizeidireltion
2253 3453 2283 3479 zu
2302 3445 2411 3472 wenden.

2123 3486 2168 3514 Da
2185 3485 2225 3513 die
2243 3484 2402 3519 Möglichkeit
2420 3484 2486 3512 einer
2513 3484 2676 3513 bedeutmdm
2695 3485 2870 3520 Ausdehnung
2887 3483 2928 3512 der
2947 3485 2994 3512 Ar¬

2066 3526 2305 3560 beitseinstellungen
2323 3525 2381 3560 auch
2401 3524 2427 3552 in
2447 3524 2542 3553 andem
2562 3526 2699 3553 Gewerben
2717 3525 2780 3560 nahe
2798 3525 2848 3560 log,
2860 3524 2886 3558 so
2903 3524 2993 3558 fand«

2065 3566 2226 3602 verschieden«
2244 3565 2466 3600 Versammlungm
2485 3566 2526 3593 der
2545 3565 2647 3600 Meister
2660 3566 2720 3594 aller
2731 3565 2851 3594 Gewerbe
2868 3565 2923 3599 statt
2939 3564 2992 3593 und

2065 3608 2112 3635 da?
2122 3614 2175 3635 von
2189 3606 2265 3639 diesen
2278 3608 2399 3633 emannte
2417 3606 2607 3639 Meisterkomite
2618 3607 2720 3635 wandte
2738 3605 2780 3641 sich
2800 3605 2827 3633 in
2845 3605 2909 3633 einer
2927 3605 2991 3634 Ein¬

2065 3647 2126 3683 gabe
2136 3654 2194 3675 vom
2212 3646 2256 3675 23.
2270 3645 2342 3679 April
2360 3645 2463 3681 wirklich
2482 3653 2517 3674 an
2535 3646 2573 3674 die
2590 3647 2681 3683 Justiz-
2700 3646 2752 3674 und
2771 3644 2993 3681 Polizeidirektion.

2119 3688 2160 3722 In
2178 3687 2250 3720 dieser
2268 3686 2384 3722 Eingabe
2401 3686 2489 3715 wurde
2506 3687 2599 3722 betont,
2618 3687 2658 3716 die
2669 3687 2771 3720 Meister
2783 3686 2930 3714 anerkennm
2942 3685 2991 3713 da?

2065 3728 2238 3762 Vereinkrecht,
2261 3727 2322 3761 auch
2340 3726 2431 3761 behuf?
2455 3727 2498 3755 der
2516 3727 2702 3764 Organifirung
2730 3734 2782 3756 von
2800 3724 2992 3756 Arbeitseinstel¬

2064 3769 2158 3804 lungen
2170 3775 2178 3801 ;
2197 3768 2254 3795 aber
2272 3767 2306 3800 fie
2323 3766 2448 3799 bestreiten
2467 3767 2515 3796 dm
2535 3768 2662 3797 Arbritem
2680 3768 2728 3796 da?
2747 3766 2830 3802 Recht,
2849 3765 2919 3799 durch
2939 3765 2992 3792 Un¬

2064 3809 2221 3844 terdrückung
2240 3808 2280 3835 der
2305 3807 2468 3843 persönlichen
2487 3809 2591 3845 Freiheit
2609 3808 2711 3837 anderer
2728 3806 2846 3839 Arbeiter,
2874 3805 2920 3834 wie
2935 3805 2991 3833 die?

2063 3849 2162 3883 vielfach
2191 3848 2305 3883 geschehe,
2334 3848 2407 3883 durch
2435 3848 2579 3885 lügmhaste
2605 3848 2738 3884 Borgabm
2756 3854 2786 3875 u.
2802 3846 2820 3880 s.
2838 3853 2872 3873 w.
2889 3846 2990 3881 Zwang

2054 3889 2107 3932 ,auf
2125 3889 2163 3916 die
2182 3888 2282 3920 Meister
2302 3896 2332 3923 zu
2360 3888 2444 3923 üben;
2473 3889 2505 3923 fie
2532 3889 2661 3922 bestreiten,
2687 3887 2736 3921 daß
2753 3885 2920 3922 hergelaufme
2936 3885 2991 3913 und

2062 3928 2314 3964 profeflionSmäßige
2331 3928 2486 3965 Aufwiegler
2503 3929 2637 3963 unbestraft
2663 3926 2833 3962 unnatürliche
2859 3925 2985 3961 Unzufrie¬

2062 3970 2157 4003 denheit
2175 3969 2278 4004 pflegen,
2299 3968 2338 3997 die
2356 3969 2469 3998 Arbeiter
2496 3969 2543 3998 mit
2560 3969 2625 3997 allm
2644 3967 2748 3997 Mtttln
2775 3974 2828 3995 von
2846 3965 2887 3993 der
2904 3964 2991 3993 Arbeit

2062 4010 2176 4044 abhaltm
2195 4009 2249 4038 und
2267 4009 2363 4046 selbige,
2392 4018 2465 4038 wenn
2492 4010 2523 4044 fie
2539 4009 2603 4043 nicht
2619 4009 2696 4045 Folge
2714 4006 2803 4040 leistm,
2832 4005 2990 4040 beschimpft»

2061 4050 2158 4084 dürfen.
2194 4050 2245 4079 Die
2263 4050 2367 4083 Meister
2384 4050 2515 4083 verwirsm
2537 4050 2582 4083 auf
2597 4049 2649 4078 da?
2666 4047 2827 4083 Polizeigesetz
2845 4054 2897 4075 von
2915 4045 2989 4075 1844

2061 4090 2121 4119 über
2149 4090 2186 4118 die
2204 4090 2463 4127 HandwerkSgesellm
2492 4090 2545 4118 und
2570 4090 2715 4125 verlangten
2734 4087 2897 4122 Einschreiten
2914 4092 2990 4122 gegm

2061 4131 2100 4159 die
2118 4130 2390 4166 Sttike-Kommission
2406 4131 2460 4159 und
2471 4138 2546 4166 gegm
2558 4129 2676 4163 Arbeiter,
2688 4127 2773 4162 welche
2784 4125 2991 4162 vertragswidrig

2063 4174 2113 4200 au?
2131 4172 2174 4199 der
2193 4171 2279 4199 Arbeit
2298 4171 2393 4205 lauft».
2409 4171 2461 4199 Dft
2479 4169 2687 4205 PoUzeidirektion
2708 4168 2802 4204 machte
2818 4166 2908 4202 vorerst
2920 4166 2992 4196 einen

2063 4211 2320 4248 Ausgleich?»ersuch,
2337 4212 2380 4240 der
2397 4211 2519 4246 mißlang.
2549 4210 2598 4238 Am
2619 4209 2647 4239 2.
2668 4209 2730 4238 Mai
2747 4209 2852 4237 wurdm
2869 4215 2921 4237 von
2938 4207 2992 4236 der-

2062 4252 2141 4287 selbm
2160 4252 2243 4282 Stelle
2260 4252 2300 4281 dft
2318 4252 2417 4285 Meister
2441 4251 2490 4279 mit
2506 4251 2574 4286 ihren
2592 4250 2718 4287 Begehren
2747 4249 2815 4278 rund
2833 4247 2991 4284 abgrwirsm.

2062 4293 2110 4322 Bei
2128 4293 2306 4330 Begründung
2323 4293 2392 4327 ihre?
2416 4290 2569 4327 Entschefte?
2597 4290 2697 4320 erklätte
2724 4290 2761 4318 dft
2778 4288 2990 4325 Pollzeidircktion

2061 4334 2110 4362 da?
2129 4334 2295 4370 Polizeigesetz
2312 4341 2364 4362 von
2383 4332 2454 4362 1844
2471 4332 2513 4365 für
2531 4332 2629 4366 obsolet,
2658 4332 2807 4361 anerkaunft
2827 4328 2989 4363 ausdrücklich

2061 4375 2104 4403 al?
2133 4374 2246 4408 Ausfluß
2273 4375 2318 4402 de?
2336 4372 2533 4407 BereinSrecht«?
2560 4372 2608 4401 da?
2637 4372 2714 4409 Recht
2739 4371 2782 4401 der
2809 4370 2926 4403 Arbeiter,
2954 4376 2985 4404 zu

2062 4414 2155 4447 ürikm,
2175 4414 2280 4443 Ettikm
2300 4421 2330 4449 zu
2345 4412 2497 4449 organifirm
2515 4412 2567 4441 und
2585 4421 2615 4449 zu
2633 4412 2718 4448 dftftm
2736 4411 2830 4448 Zwecke
2850 4408 2987 4446 »handelnd

2927 4602 2995 4605 -_
