3915 5551
251 240 442 288 Sonntag

169 303 244 347 12.
274 306 385 358 Juni
413 303 541 345 1927

242 366 366 411 Blatt
395 367 456 410 10

82 523 367 577 „Einigung"
394 527 500 568 oder
526 521 838 576 „Untergang"

233 583 311 625 des
339 582 694 624 Abendlandes?

263 643 331 672 Von
354 641 406 671 Dr.
428 641 474 670 M.
498 641 659 676 Sztern.

94 690 168 727 Liest
193 699 264 723 man
290 694 337 723 die
364 693 607 728 Ausführungen,
639 693 684 721 die
713 692 810 726 Henry
840 693 874 721 de

39 727 257 761 Jouvenel
284 733 315 761 in
344 731 397 762 Nr.
422 733 474 761 942
497 732 548 761 der
576 731 628 764 »N.
656 731 689 766 Z.
716 730 765 766 Z.-
792 733 876 760 unter

39 765 107 796 dem
125 769 205 800 Titel
223 771 391 805 „Einigung
409 770 462 799 dcS
480 769 705 800 Abendlandes-
724 769 878 804 veröfsent-

40 805 132 842 lichte,
152 809 183 843 so
199 811 272 839 kann
292 814 325 842 es
343 809 417 845 nicht
434 808 617 843 ausblciben,
634 808 691 844 daß
711 815 780 838 man
799 808 875 842 schon

43 843 122 875 beim
142 847 222 878 Titel
244 856 281 877 an
303 848 350 879 die
372 849 619 883 entgegengesetzte
641 847 738 883 These,
762 855 799 877 an
821 848 877 876 das

42 883 178 920 berühmt
196 888 366 922 gewordene
383 888 467 918 Wort
481 886 612 917 Oswald
629 887 793 921 Spenglers
810 889 879 915 vom

43 922 247 961 »Untergang-
291 928 344 957 des
374 926 584 956 Abendlandes
627 926 755 955 erinnert
795 925 878 954 wird.

44 961 232 1000 »Einigung-
258 966 291 1001 ist
323 966 424 995 immer
459 965 581 999 zugleich
612 964 678 999 auch
702 964 880 993 Wieder-

44 1003 317 1040 ausrichiung,
342 1004 400 1034 wie
424 1004 583 1038 anderseits
609 1004 809 1037 .Untergang-
834 1009 881 1037 zu.

44 1039 133 1076 gleich
153 1043 256 1078 immer
275 1042 440 1078 Zerfall
458 1042 597 1072 bedeutet.
626 1042 691 1071 DaS
711 1042 793 1071 Wort
813 1045 879 1070 vom

47 1078 236 1118 »Untergang
255 1083 310 1113 deS
329 1081 567 1115 Abendlandes-,
586 1082 644 1111 daS
667 1080 813 1115 Spengler
837 1087 882 1114 ge¬

44 1118 133 1154 prägt
155 1121 242 1157 hatte,
266 1122 297 1158 ist
317 1119 425 1156 freilich
445 1121 476 1149 in
496 1120 551 1150 den
575 1120 668 1154 letzten
692 1118 808 1155 Jahren
829 1125 881 1153 gar

45 1155 151 1193 häufig
177 1161 223 1191 als
249 1161 295 1190 ein
319 1159 510 1195 gedankenlos
532 1158 738 1193 wiederholtes
765 1157 882 1192 Schlag¬

45 1198 135 1233 wort,
156 1201 204 1229 als
224 1199 413 1235 Feldgeschrci
431 1198 512 1227 einer
531 1196 758 1232 oberflächlichen
779 1196 882 1231 Cligne

47 1237 108 1265 von
140 1238 372 1273 »Enttäuschten-
406 1236 554 1272 gebraucht
589 1237 666 1271 oder,
703 1237 787 1270 sagen
827 1236 883 1265 wir

48 1273 147 1310 besser,
186 1277 365 1312 mißbraucht
403 1277 531 1306 worden.
582 1275 688 1305 Davon
730 1275 883 1309 abgesehen

47 1313 151 1350 fpricht
169 1317 219 1352 sich
239 1318 306 1346 aber
325 1316 392 1350 doch
410 1315 442 1344 in
461 1314 521 1350 ihm
543 1314 609 1349 auch
628 1315 683 1343 das
704 1314 772 1348 echte
795 1313 885 1347 Sym¬

47 1352 101 1382 bol
126 1355 208 1385 eines
235 1354 393 1390 Zeitalters
418 1356 486 1389 aus,
508 1354 564 1382 das
587 1352 655 1387 nach
677 1353 756 1382 einer
778 1351 884 1387 Epoche

52 1391 251 1429 beispiellosen
278 1394 499 1425 Relativismus
523 1392 667 1427 nunmehr
692 1392 745 1421 den
774 1390 886 1425 Katzen¬

51 1428 177 1462 jammer
194 1433 243 1463 bis
263 1440 313 1469 zur
332 1433 420 1467 Neige
436 1430 612 1467 durchkostet;
632 1433 663 1460 es
680 1431 756 1460 wird
775 1430 805 1459 in
823 1432 885 1459 dem

53 1468 280 1508 Spcnglerschen
302 1471 527 1508 Kassandrarufe
550 1470 601 1505 auf
623 1470 705 1499 einen
728 1468 886 1506 plastischen

51 1508 202 1540 Ausdruck
229 1510 354 1546 gebracht
381 1511 438 1540 das
465 1509 550 1539 müde
577 1508 685 1544 Gefühl
712 1508 789 1538 einer
815 1511 886 1537 matt

52 1550 118 1578 und
139 1548 349 1585 altersschwach
365 1548 416 1586 sich
434 1548 590 1584 fühlenden
610 1547 888 1583 Lebensstimmung,

52 1587 101 1616 die
128 1590 199 1619 eben
223 1590 290 1624 doch
313 1590 374 1619 eine
401 1588 647 1621 weitverbreitete,
670 1590 719 1616 wo
742 1585 813 1620 nicht
837 1592 888 1619 gar

55 1628 288 1664 vorherrschende
310 1627 603 1662 Gemütsverfassung
626 1626 741 1660 unserer
763 1623 827 1659 Zeit
850 1625 889 1660 ist.

54 1664 116 1694 Als
138 1668 188 1697 der
208 1668 355 1697 Ausdruck
375 1668 453 1696 einer
475 1671 546 1700 ganz
569 1665 743 1700 bestimmten
765 1662 891 1694 Lebens»

55 1704 213 1741 siimmung
237 1707 353 1741 unserer
376 1704 442 1741 Zeit
466 1703 533 1739 also,
560 1704 607 1732 als
632 1704 689 1733 das
712 1701 889 1732 Bekenntnis

59 1742 141 1777 ihres
163 1746 395 1780 Unvermögens,
413 1745 470 1773 das
490 1743 547 1773 mit
564 1744 631 1772 dem
651 1741 801 1776 Weltkrieg
820 1741 892 1770 über

58 1782 182 1818 Europa
207 1783 482 1820 hereingebrochene,
506 1781 593 1817 bezw.
617 1782 687 1810 dank
712 1781 814 1815 diesem
842 1786 892 1815 zur

59 1821 185 1859 höchsten
202 1822 314 1859 Potenz
332 1820 468 1857 entfachte
486 1819 771 1857 politisch-kulturelle
791 1818 892 1853 Chaos

61 1863 120 1890 auS
138 1862 250 1897 eigener
267 1862 350 1897 Kraft
367 1861 474 1891 wieder
490 1860 684 1894 einzurenlen,
701 1860 733 1887 es
752 1866 785 1893 zu
801 1858 893 1887 einem

62 1899 196 1931 Kosmos
223 1908 256 1937 zu
283 1901 425 1937 gestalten,
446 1915 482 1920 —
504 1899 551 1928 als
576 1899 624 1928 der
647 1897 793 1927 Ausdruck
816 1897 893 1926 einer

61 1939 179 1974 solchen,
214 1947 251 1970 an
282 1940 332 1976 sich
362 1938 442 1974 selbst
473 1936 711 1972 verzweifelnden
735 1935 895 1971 Ohnmacht

60 1978 112 2007 der
132 1979 196 2014 Zeit
215 1980 265 2015 soll
283 1980 344 2015 hier
362 1979 417 2007 das
437 1978 521 2007 Wort
538 1980 605 2006 vom
626 1976 823 2009 »Untergänge
842 1974 894 2004 des

61 2017 289 2048 Abendlandes-
325 2016 492 2053 verstanden
527 2016 589 2045 und
625 2014 681 2044 mit
715 2013 896 2048 demjenigen

66 2055 235 2088 Jouvenels
255 2061 314 2087 von
334 2056 383 2086 der
406 2054 575 2091 »Einigung
597 2053 648 2084 des
669 2052 895 2083 AbcndlandeS-

63 2095 253 2131 konfrontiert
273 2096 399 2126 werden.

118 2133 270 2170 Jouvenel
291 2134 388 2170 knüpft
410 2133 484 2169 seine
506 2131 615 2168 Parole
637 2139 674 2161 an
696 2130 742 2160 ein
765 2130 897 2160 aktuelles

65 2172 306 2210 Tagesereignis,
343 2172 466 2207 nämlich
502 2172 556 2202 den
594 2171 724 2206 zwischen
762 2169 898 2203 England

66 2214 129 2242 und
155 2212 403 2248 Sowjetrußland
425 2212 610 2246 vollzogenen
636 2210 730 2243 Bruch
756 2215 808 2243 an;
832 2209 900 2237 aber

68 2251 100 2279 in
117 2252 168 2282 der
189 2252 278 2287 Reihe
297 2254 347 2282 der
364 2250 483 2286 Thesen,
500 2250 547 2280 die
567 2257 596 2279 er
615 2248 722 2284 hierbei
741 2247 900 2281 entwickelt,

66 2291 165 2321 deutet
178 2299 210 2321 er
225 2289 453 2327 Gesichtspunkte
470 2295 509 2318 an
524 2288 585 2318 und
602 2287 731 2322 entwirft
748 2286 901 2321 Problem¬

69 2330 219 2366 lösungen,
242 2331 287 2360 die
312 2329 380 2361 weit
406 2328 477 2359 über
500 2327 554 2358 den
578 2326 641 2361 Tag
666 2326 776 2362 hinaus
799 2324 901 2359 liegen,

67 2368 114 2398 die
136 2368 271 2404 vielleicht
292 2367 544 2405 znkunftSträchtig
565 2366 626 2402 sind
648 2365 709 2395 und
729 2364 775 2394 die
797 2366 828 2393 es
851 2363 901 2398 auf

71 2408 125 2438 alle
149 2408 231 2443 Fälle
254 2407 418 2442 verdienen,
442 2406 520 2436 einer
544 2405 653 2440 nähern
678 2404 818 2439 Prüfung
843 2402 903 2432 und

69 2447 243 2483 Erwägung
268 2450 441 2482 unterzogen
468 2452 502 2480 zu
525 2444 650 2474 werden.
684 2441 765 2478 Zwei
790 2442 904 2471 bedeut¬

69 2486 148 2520 same
165 2485 419 2520 Gedankenreihen
437 2484 542 2519 treffen
560 2483 607 2512 bei
626 2482 777 2517 Jouvenel
795 2481 905 2516 zusam¬

70 2531 146 2555 men.
175 2527 266 2556 Seine
286 2526 350 2562 erste
369 2522 557 2560 Thesenreihc
576 2524 666 2552 lautet
686 2525 760 2552 etwa
779 2520 817 2557 so.
837 2521 904 2551 Seit

71 2564 189 2599 langem
210 2564 309 2600 spricht
331 2570 400 2593 man
423 2566 480 2592 von
505 2563 554 2592 der
577 2559 803 2595 Notwendigkeit
826 2560 903 2589 einer

71 2602 225 2638 Einigung
244 2604 296 2633 dcS
310 2601 529 2635 Abendlandes,
548 2600 619 2636 ohne
634 2600 690 2635 daß
708 2599 780 2635 diese
797 2597 822 2633 je
841 2605 905 2634 zum

74 2642 215 2676 Ereignis
233 2643 350 2672 werden
372 2642 480 2671 konnte.
501 2639 556 2670 Die
579 2639 696 2674 größten
717 2637 905 2674 Hindernisse,

72 2680 120 2710 die
134 2682 199 2711 dem
216 2679 480 2715 entgegcnstanden,
494 2680 595 2709 waren
612 2678 692 2713 stets:
710 2678 816 2713 erstens
836 2676 906 2708 »das

79 2718 207 2752 insulare
240 2718 392 2748 Vorurteil
425 2716 724 2751 Großbritanniens-,
752 2719 904 2745 worunter

76 2764 146 2786 man
187 2755 267 2791 wohl
304 2757 362 2788 das
387 2755 568 2790 Sichwiegen
589 2754 748 2789 Englands
788 2754 819 2783 in
858 2755 909 2783 der

81 2796 203 2831 eigenen,
222 2796 306 2831 durch
321 2796 368 2826 die
387 2795 514 2829 insulare
532 2794 608 2829 Lage
626 2794 779 2828 bedingten
798 2792 909 2827 Sicher-

77 2834 135 2867 heit
155 2836 216 2865 und
238 2834 484 2870 Unantastbarkeit
506 2839 540 2869 zu
560 2832 701 2868 verstehen
722 2832 785 2867 hat;
827 2831 909 2866 zwei¬

77 2876 144 2903 tens
167 2875 326 2909 Englands
352 2872 478 2908 »Politik
510 2873 562 2903 des
596 2870 827 2907 Gleichgewichts
860 2872 910 2900 der

79 2912 216 2948 Mächte-,
234 2914 278 2943 die
297 2914 358 2942 eine
379 2912 530 2948 Spaltung
550 2911 750 2947 Westeuropas
769 2910 799 2940 in
820 2909 911 2945 feind¬

78 2951 130 2986 lich
166 2952 305 2982 einander
340 2949 628 2986 gegenübcrstchende
664 2948 912 2983 Mächiegruppie-

80 2997 191 3025 rungen
212 2997 262 3027 zur
282 2990 372 3026 Folge
391 2990 481 3025 hatte;
502 2988 609 3024 endlich
625 2987 751 3018 drittens
770 2988 826 3017 das
847 2986 911 3021 grö-

80 3030 143 3063 ßcre
183 3030 326 3065 Interesse
366 3028 524 3064 Englands
563 3027 611 3063 für
649 3027 737 3062 Asien
777 3026 824 3056 als
864 3025 911 3060 für

81 3069 210 3105 Europa,
233 3071 333 3102 »unter
352 3068 417 3098 dem
438 3067 598 3101 Vorwand,
621 3066 677 3101 daß
698 3065 758 3101 sein
780 3064 912 3100 Schicksal

80 3111 138 3138 von
163 3109 269 3143 seinem
296 3106 434 3142 indischen
461 3105 730 3141 Herrschaftsgebiet
758 3103 913 3138 abhänge-.

81 3147 129 3177 All
152 3148 227 3183 diese
251 3146 432 3182 Hindernisie
475 3145 552 3180 seien
596 3143 678 3179 heute
702 3142 912 3178 weggcräumt:

84 3186 190 3221 »Heute
211 3186 262 3223 hat
284 3186 329 3220 die
352 3184 512 3220 Politik
552 3184 618 3213 der
642 3181 839 3216 Sowjet«,
868 3180 914 3210 die

83 3226 135 3261 auf
151 3226 213 3255 eine
231 3225 383 3260 Einigung
398 3223 507 3258 Asiens
525 3221 637 3258 abzielt,
654 3222 708 3252 den
724 3219 915 3256 Engländern

82 3265 198 3300 gezeigt,
223 3264 279 3299 daß
301 3263 347 3294 die
368 3262 505 3297 wirkliche
530 3261 640 3297 Gefahr
665 3261 711 3296 für
732 3260 768 3296 sie
791 3258 862 3295 nicht
885 3258 916 3289 in

83 3303 204 3338 Europa
243 3303 321 3338 liegt.
350 3299 693 3335 Unvermeidlicherweise
730 3298 805 3329 wird
844 3297 916 3333 diese

83 3342 194 3377 Politik
215 3342 284 3372 bald
305 3341 350 3372 die
372 3340 544 3375 Engländer
568 3347 618 3375 zur
638 3338 816 3369 Erkenntnis
838 3337 918 3367 brin¬

85 3388 147 3416 gen,
161 3381 218 3417 daß
236 3381 295 3416 ihre
313 3379 410 3416 wahre
430 3378 589 3414 Sicherheit
605 3379 653 3413 auf
672 3379 749 3408 einer
767 3377 917 3411 Einigung

85 3420 288 3458 Westeuropas
312 3420 438 3455 beruht.-
483 3419 550 3448 Und
572 3419 621 3448 der
646 3416 740 3451 Bruch
762 3416 918 3451 Englands

85 3461 140 3490 mit
167 3461 220 3490 den
247 3459 382 3494 Sowjets
407 3459 439 3495 ist
463 3456 609 3492 gleichsam
633 3458 689 3485 das
716 3457 780 3491 erste
805 3455 920 3484 bedeut¬

85 3500 162 3533 same
188 3498 357 3534 Vorzeichen
382 3497 472 3532 dieser
494 3497 539 3526 bet
563 3497 617 3526 den
642 3494 831 3530 Engländern
857 3499 918 3524 nun

89 3538 348 3575 aufdämmernden
371 3535 557 3567 Erkenntnis.

139 3581 186 3618 In
207 3581 303 3617 diesen
325 3580 435 3616 Thesen
460 3579 628 3614 Jouvenels
651 3578 751 3613 scheint
773 3577 829 3608 mir
851 3575 921 3612 Irr-

87 3624 151 3651 tum
169 3622 228 3651 und
246 3619 397 3657 Wahrheit
415 3619 446 3649 in
465 3618 609 3654 seltsamer
625 3616 776 3653 Mischung
796 3617 921 3651 gepaart.

89 3661 134 3690 Es
157 3660 189 3696 ist
214 3664 300 3696 zwar,
327 3666 420 3695 genau
444 3657 601 3692 betrachtet,
626 3657 697 3692 nicht
721 3662 793 3691 ganz
817 3655 922 3690 richtig,

87 3699 145 3735 daß
167 3699 308 3735 England
330 3698 463 3728 allein
486 3696 587 3731 bisher
607 3695 664 3726 das
686 3695 849 3730 Hindernis
872 3694 923 3728 auf

89 3740 155 3769 dem
180 3738 265 3774 Wege
294 3745 328 3774 zu
354 3737 432 3767 einer
457 3735 609 3771 Einigung
638 3735 689 3765 des
714 3732 923 3763 Abendlandes

89 3781 162 3808 war.
202 3777 269 3812 Daß
292 3777 415 3813 indessen
439 3776 483 3810 die
507 3774 703 3810 »größten
727 3772 923 3809 Hindernisse-

91 3818 189 3852 htcrzu
230 3819 286 3847 von
312 3815 450 3850 England
492 3814 666 3849 ausgingcn,
707 3812 795 3848 dieser
836 3810 924 3847 These

90 3856 261 3891 Jouvenels
278 3855 355 3886 wird
372 3862 441 3885 man
461 3851 658 3887 unbedenklich
676 3852 841 3888 zusttmmen
858 3850 926 3880 dür-

93 3897 149 3931 fen.
181 3895 296 3930 Ebenso
313 3894 391 3929 trifft
411 3896 443 3924 eS
464 3900 508 3929 zu,
529 3892 586 3927 daß
604 3892 662 3922 das
685 3890 828 3926 »insulare
851 3890 927 3920 Vor-

92 3935 196 3965 urteil-
222 3933 379 3969 Englands
421 3933 482 3963 eine
516 3929 791 3967 Prinzipalstellung
832 3928 926 3963 hierin

94 3973 232 4010 cinnahm
272 3974 332 4003 und
370 3972 428 4008 daß
460 3974 493 4001 es
515 3971 598 4006 heute
620 3970 693 4005 nicht
715 3969 796 4004 mehr
815 3967 927 4003 besteht.

93 4014 172 4043 Aber
197 4014 246 4043 der
274 4012 418 4048 Umstand,
442 4011 493 4041 der
516 4009 657 4044 England
684 4014 749 4044 zum
776 4007 927 4043 Aufgeben

911 504 1004 539 dieses
1029 502 1232 537 »Vorurteils-
1259 505 1368 536 zwang,
1391 502 1454 528 war
1477 498 1653 532 keineswegs
1679 496 1739 529 »die

914 543 1021 578 Politik
1048 543 1097 573 der
1126 541 1290 575 Sowjets-;
1319 539 1385 573 auch
1415 537 1444 574 ist
1471 537 1562 571 dieses
1590 534 1741 566 Vorurteil

914 581 985 617 nicht
1025 582 1073 617 erst
1113 580 1226 616 »heute-
1265 577 1394 613 gefallen.
1432 576 1498 606 Das
1519 575 1645 609 insulare
1667 575 1741 604 Vor¬

914 620 1002 650 urteil
1022 619 1179 654 Englands
1202 617 1330 653 zerbrach
1350 616 1380 645 in
1401 615 1465 644 dem
1487 614 1630 647 Moment,
1650 613 1688 642 da
1709 613 1741 641 es

914 660 963 696 sich
988 660 1043 688 den
1068 657 1259 692 Engländern
1295 656 1342 684 als
1380 655 1484 689 »pures
1519 652 1685 683 Vorurteil-
1712 652 1742 680 ad

914 700 996 728 oculos
1014 698 1132 727 erwies:
1151 693 1274 729 nämlich
1291 694 1337 723 als
1359 693 1403 722 die
1422 690 1564 726 deutschen
1583 689 1741 725 Luftschiffe

916 736 1048 772 englische
1070 734 1250 771 Hafenstädte
1274 735 1330 762 aus
1352 731 1400 761 der
1422 731 1491 765 Luft
1512 729 1742 759 bombardierten

916 775 975 805 und
1001 775 1047 804 ein
1072 771 1409 809 Aeppclin-Gescbwadcr
1433 768 1481 806 sich
1507 768 1652 803 anschickte,
1675 767 1744 797 wei¬

917 819 960 844 ter
984 814 1034 843 ins
1058 812 1174 849 Innere
1197 813 1250 841 des
1273 810 1426 845 sakrosankt
1449 807 1620 842 geglaubten
1646 805 1746 841 Jnscl-

917 853 1021 882 landcs
1041 851 1234 887 vorzustoßen.
1263 849 1330 878 Und
1359 849 1458 883 ebenso
1486 847 1518 882 ist
1548 847 1593 875 die
1613 844 1744 880 englische

918 891 1028 926 Politik
1047 890 1101 924 des
1123 891 1243 924 »dalaneo
1263 891 1289 924 vk
1309 888 1405 924 power*
1429 904 1461 908 —
1483 885 1554 914 über
1574 884 1660 913 deren
1683 888 1745 913 ver¬

917 930 1121 966 hängnisvolle
1141 928 1223 959 Rolle
1242 927 1289 963 für
1307 928 1363 956 daS
1383 924 1514 960 Schicksal
1534 923 1671 958 Europas
1688 922 1746 952 wir

919 970 971 999 mit
988 969 1138 1003 Jouvenel
1154 967 1242 1001 völlig
1260 966 1336 1000 einig
1356 965 1443 999 gehen
1458 980 1493 984 —
1508 961 1580 996 nicht
1598 962 1646 997 erst
1664 960 1746 995 durch

919 1009 964 1038 die
984 1007 1093 1043 Politik
1113 1008 1161 1036 der
1182 1005 1315 1038 Sowjets
1336 1005 1365 1033 ad
1387 1005 1519 1032 absurdum
1540 1001 1651 1036 geführt
1673 1004 1748 1029 wor¬

921 1048 987 1076 den:
1010 1045 1077 1081 auch
1095 1046 1130 1081 sie
1152 1044 1184 1080 ist
1205 1045 1235 1074 in
1255 1044 1320 1073 dem
1342 1041 1529 1076 allgemeinen
1554 1040 1674 1069 Debakel
1695 1039 1747 1068 des

921 1085 1105 1119 Weltkrieges
1129 1087 1370 1117 untergegangen,
1394 1087 1444 1110 um
1471 1080 1521 1109 der
1542 1078 1667 1113 Einsicht
1690 1082 1748 1107 von

921 1126 970 1154 der
997 1122 1224 1156 Notwendigkeit
1261 1122 1338 1150 einer
1376 1116 1571 1153 europäischen
1603 1115 1750 1147 Solidari-

920 1162 1083 1198 tätspolitik
1097 1162 1178 1196 Platz
1194 1168 1228 1196 zu
1243 1161 1363 1194 machen.
1387 1158 1460 1188 Was
1479 1157 1545 1186 aber
1561 1157 1615 1185 das
1632 1155 1749 1190 größere

922 1202 1064 1237 Interesse
1089 1200 1246 1235 Englands
1272 1199 1320 1233 für
1343 1198 1430 1232 Asien
1456 1196 1533 1225 denn
1559 1195 1605 1230 für
1630 1194 1750 1228 Europa

924 1241 1088 1275 anbelangt,
1106 1241 1136 1274 so
1153 1239 1256 1273 glaube
1276 1237 1315 1272 ich
1331 1236 1493 1270 überhaupt
1511 1234 1591 1268 nicht,
1608 1233 1663 1267 daß
1682 1233 1751 1262 das¬

924 1280 996 1315 selbe
1018 1279 1167 1314 aufgchört
1204 1278 1255 1313 hat
1294 1283 1329 1311 zu
1349 1275 1501 1311 existieren,
1539 1274 1605 1302 oder
1625 1272 1674 1308 sich
1694 1278 1752 1301 nur

925 1318 1081 1354 irgendwie
1102 1316 1265 1352 verschoben
1305 1315 1366 1349 hat;
1407 1313 1473 1347 auch
1511 1312 1574 1345 darf
1596 1310 1751 1345 Englands

925 1358 1080 1392 Meinung,
1097 1357 1153 1391 daß
1172 1356 1228 1385 daS
1247 1353 1380 1389 Schicksal
1398 1353 1450 1381 deS
1469 1350 1615 1384 britischen
1634 1349 1752 1384 Reiches

927 1399 966 1427 im
987 1396 1180 1431 wesentlichen
1203 1398 1259 1423 von
1282 1394 1345 1422 dem
1371 1390 1510 1426 indischen
1533 1388 1754 1424 Herrschaftsge¬

926 1437 984 1465 biet
1002 1435 1141 1470 abhänge,
1161 1434 1338 1466 keineswegs
1360 1432 1407 1460 alS
1427 1430 1473 1459 ein
1496 1428 1678 1463 »Vorwand-
1708 1427 1754 1456 be¬

928 1474 1045 1510 zeichnet
1061 1474 1184 1503 werden.
1203 1472 1259 1501 Die
1275 1471 1379 1505 Frage,
1393 1469 1440 1498 die
1457 1467 1594 1502 England
1608 1466 1657 1502 sich
1672 1465 1754 1501 heute

928 1514 1098 1547 vorzulegen
1120 1511 1178 1546 hat,
1197 1511 1227 1546 ist
1247 1516 1304 1539 nur
1324 1507 1377 1542 die,
1415 1507 1449 1537 ob
1488 1508 1520 1536 eS
1540 1507 1598 1541 sein
1619 1504 1754 1540 indisches

928 1550 1197 1587 Herrschaftsgebiet
1217 1549 1303 1584 besser
1321 1549 1363 1577 im
1382 1547 1489 1577 Verein
1509 1545 1563 1575 mit
1582 1546 1674 1574 einem
1694 1550 1757 1578 ge¬

930 1591 1115 1624 einigten
1138 1589 1205 1619 oder
1229 1589 1296 1617 aber
1320 1588 1412 1616 einem
1435 1586 1614 1620 gespaltenen
1636 1584 1757 1617 Europa

928 1629 1023 1664 wahrt
1061 1629 1120 1658 und
1156 1626 1316 1660 verteidigt.
1344 1626 1409 1655 Und
1447 1625 1475 1658 so
1504 1625 1588 1657 lange
1617 1622 1756 1656 Rußland

931 1668 1089 1704 außerhalb
1120 1668 1168 1696 der
1199 1663 1394 1699 europäischen
1426 1661 1631 1696 Gemeinschaft
1661 1659 1758 1694 bleibt,

929 1709 1006 1737 wird
1031 1706 1168 1740 England
1196 1705 1355 1740 zweifellos
1383 1704 1431 1732 der
1459 1702 1576 1736 ersteren
1606 1700 1758 1734 Annahme

933 1746 1079 1782 zuneigen.
1106 1745 1183 1774 Sein
1209 1743 1317 1779 jetziger
1342 1742 1437 1775 Bruch
1463 1741 1518 1769 mit
1543 1740 1598 1769 den
1624 1739 1759 1772 Sowjets

932 1786 1026 1819 dürfte
1047 1786 1147 1819 gerade
1171 1783 1200 1812 in
1219 1784 1284 1812 dem
1306 1781 1466 1817 Festhalten
1488 1787 1525 1808 an
1546 1779 1640 1813 seinen
1663 1777 1760 1812 asiati¬

933 1824 1007 1859 schen
1030 1821 1334 1858 Herrschaftsgebieten
1366 1822 1426 1848 und
1459 1819 1490 1847 in
1520 1818 1570 1847 der
1591 1818 1687 1850 Sorge
1710 1823 1760 1845 um

934 1863 1005 1897 diese
1029 1862 1147 1892 Gebiete
1170 1861 1243 1895 seine
1265 1859 1455 1894 Hauptguelle
1478 1857 1578 1891 haben.
1610 1856 1674 1889 Daß
1698 1855 1762 1890 hin¬

934 1908 1020 1937 gegen
1042 1900 1181 1934 England
1217 1899 1310 1929 damit
1349 1898 1411 1927 eine
1433 1902 1504 1931 ganz
1544 1895 1761 1927 neuartige

936 1940 1044 1975 Politik
1066 1939 1224 1974 gegenüber
1247 1938 1301 1968 den
1326 1936 1461 1969 Sowjets
1484 1934 1641 1967 einerseits,
1663 1940 1763 1967 gegen¬

935 1981 1005 2010 über
1030 1980 1150 2013 Europa
1174 1976 1333 2010 anderseits
1357 1974 1540 2009 inauguriert
1562 1972 1653 2007 haben
1678 1972 1763 2005 sollte,

936 2019 992 2053 daß
1014 2021 1046 2047 es
1069 2018 1116 2047 die
1139 2016 1239 2052 Fahne
1262 2016 1352 2050 seiner
1374 2013 1484 2048 Politik
1506 2014 1569 2041 dem
1590 2010 1764 2041 Abendland

936 2056 991 2087 wie
1043 2057 1105 2086 dem
1158 2054 1357 2089 Morgenland
1411 2051 1570 2087 gegenüber
1623 2049 1764 2083 nunmehr

938 2103 1009 2131 ganz
1063 2096 1169 2125 anders
1224 2094 1272 2123 als
1325 2091 1424 2126 bisher
1476 2090 1627 2125 eingestellt
1679 2089 1764 2124 hätte,

938 2136 1010 2170 diese
1070 2133 1158 2169 These
1218 2131 1348 2167 erscheint
1405 2130 1463 2160 mir
1521 2128 1592 2163 nicht
1651 2127 1767 2162 gerecht¬

939 2173 1047 2210 fertigt;
1085 2173 1185 2207 gerade
1221 2172 1266 2201 die
1295 2169 1506 2204 Bemühungen
1523 2167 1679 2202 Englands
1716 2173 1765 2195 um

938 2214 983 2243 die
1016 2211 1303 2248 Ausrechtcrhaltung
1337 2209 1419 2239 eines
1453 2208 1601 2241 legitimen
1634 2205 1766 2239 Handels

940 2252 993 2282 mit
1022 2251 1161 2285 Rußland
1199 2247 1416 2284 widersprechen
1454 2246 1507 2281 ihr.
1554 2246 1658 2275 Davon
1695 2251 1767 2279 ganz

940 2291 1129 2326 unabhängig
1169 2290 1259 2318 bleibt
1298 2288 1367 2317 aber
1388 2287 1434 2316 die
1460 2286 1553 2320 Frage
1577 2284 1709 2320 bestehen,
1732 2283 1767 2311 ob

940 2329 1011 2366 nicht
1025 2328 1109 2364 durch
1125 2330 1179 2358 den
1196 2326 1325 2363 zwischen
1342 2325 1463 2357 London
1479 2324 1538 2353 und
1556 2324 1681 2353 Moskau
1699 2321 1769 2351 voll¬

943 2376 1065 2405 zogenen
1089 2366 1182 2403 Bruch
1206 2366 1328 2399 dennoch
1351 2364 1413 2394 eine
1438 2363 1642 2396 Wendung
1666 2362 1695 2390 in
1720 2361 1769 2390 der

945 2403 1462 2443 allgemeineuropäischcn
1550 2400 1771 2433 Stellung¬

942 2446 1080 2482 nahme
1101 2446 1164 2475 dem
1186 2443 1431 2480 Bolschewismus
1453 2439 1613 2475 gegenüber
1636 2439 1771 2473 eingetre¬

941 2490 990 2516 ten
1008 2486 1047 2521 ist.
1073 2485 1158 2514 Denn
1173 2487 1238 2513 war
1254 2479 1392 2517 vielleicht
1409 2479 1477 2515 auch
1492 2480 1537 2510 die
1552 2479 1581 2508 A
1591 2479 1608 2508 b
1619 2477 1631 2513 s
1640 2478 1649 2507 i
1660 2477 1686 2512 ch
1695 2481 1707 2508 t
1722 2477 1772 2507 der

944 2524 1096 2559 englischen
1126 2521 1359 2553 Staatsmänner
1397 2527 1448 2554 gar
1485 2517 1556 2553 nicht
1594 2518 1698 2552 daraus
1728 2523 1773 2551 ge¬

943 2563 1046 2599 richtet,
1060 2562 1090 2598 so
1105 2562 1176 2591 kann
1190 2561 1255 2590 dies
1269 2560 1401 2595 trotzdem
1417 2558 1478 2594 sehr
1493 2556 1572 2591 wohl
1584 2556 1631 2590 die
1649 2556 1772 2590 Folge

945 2604 996 2634 des
1024 2599 1299 2637 englisch-rnssischen
1326 2598 1453 2632 Bruches
1481 2597 1548 2632 sein.
1576 2596 1623 2631 Ist
1653 2597 1684 2624 cs
1710 2594 1774 2629 doch

946 2642 992 2671 ein
1016 2641 1066 2676 seit
1092 2640 1207 2674 langem
1234 2637 1384 2672 allgemein
1409 2636 1562 2666 bekanntes
1590 2632 1767 2669 »psychologb

946 2679 1018 2715 sches
1039 2680 1147 2713 Gesetz-
1169 2679 1310 2713 (genannt
1332 2675 1537 2711 »Heterogonie
1556 2675 1607 2703 der
1629 2672 1776 2708 Zwecke-),

946 2719 1002 2753 daß
1025 2719 1070 2748 die
1093 2717 1266 2751 Wirkungen
1307 2715 1421 2750 unserer
1442 2712 1637 2749 Handlungen
1678 2714 1776 2740 weiter

947 2757 1052 2791 reichen
1071 2757 1119 2785 als
1136 2756 1183 2786 die
1198 2753 1432 2790 ursprünglichen
1447 2751 1605 2787 Absichten,
1621 2750 1712 2780 denen
1731 2750 1777 2778 die

949 2796 1143 2831 Handlungen
1165 2793 1356 2829 entspringen.
1397 2791 1499 2822 Damit
1520 2791 1645 2820 kommen
1667 2789 1722 2818 wir
1744 2795 1777 2823 zn

949 2837 998 2865 der
1017 2834 1135 2870 zweiten
1154 2833 1342 2868 Thesenreihe
1360 2830 1537 2866 Jouvenels.

1001 2873 1131 2909 Dieselbe
1150 2872 1212 2907 läßt
1229 2870 1279 2908 sich
1296 2875 1370 2901 etwa
1389 2867 1640 2905 folgendermaßen
1660 2865 1772 2896 wieder-

950 2912 1046 2947 geben.
1089 2911 1147 2941 Der
1173 2901 1295 2946 russische
1322 2907 1575 2943 Bolschewismus,
1603 2905 1689 2940 bezw.
1723 2904 1777 2934 das

949 2952 1043 2986 jetzige
1066 2949 1167 2985 Chaos
1190 2950 1221 2978 in
1243 2947 1384 2982 Rußland
1414 2948 1486 2976 kann
1516 2952 1573 2975 nur
1603 2944 1687 2978 durch
1716 2944 1778 2973 eine

949 2990 1101 3024 Einigung
1124 2989 1176 3018 des
1199 2987 1416 3020 Abendlandes,
1446 2991 1503 3014 nur
1535 2985 1585 3018 aus
1608 2984 1671 3013 dem
1694 2982 1778 3016 Wege

951 3030 1032 3059 eines
1061 3026 1253 3062 einheitlichen
1282 3024 1476 3060 solidarischen
1504 3022 1682 3057 Verhaltens
1709 3027 1780 3056 ganz

952 3069 1090 3102 Europas
1117 3065 1315 3096 überwunden
1342 3064 1465 3094 werden.
1509 3061 1611 3092 Damit
1637 3061 1687 3095 soll
1715 3059 1782 3090 aber

953 3107 1129 3140 keineswegs
1159 3104 1204 3135 die
1241 3102 1375 3139 Rückkehr
1405 3108 1454 3137 zur
1487 3100 1695 3136 gemeinsamen
1728 3098 1776 3127 Be-

952 3145 1108 3180 kämpfung
1134 3144 1187 3174 des
1216 3142 1472 3178 Bolschewismus,
1499 3140 1537 3175 sei
1565 3140 1598 3168 eS
1628 3138 1679 3174 auf
1706 3137 1777 3167 mild

954 3183 1106 3219 tärischem,
1146 3182 1182 3218 sei
1221 3184 1253 3211 eS
1293 3181 1342 3216 aus
1362 3178 1612 3215 wirtschaftlichem
1635 3177 1718 3212 Wege
1741 3182 1777 3210 gc-

955 3223 1068 3259 predigt
1086 3222 1216 3257 werden;
1238 3220 1310 3255 nicht
1330 3219 1439 3249 einmal
1461 3218 1506 3248 die
1527 3216 1661 3251 Rückkehr
1682 3223 1716 3251 zu
1736 3215 1786 3245 der

955 3262 1124 3298 berühmten
1151 3257 1418 3294 Clemenceauschen
1446 3254 1787 3292 .Stacheldrahtpolitik-,

955 3300 1088 3335 wodurch
1115 3300 1256 3336 Rußland
1282 3298 1487 3333 zwangsweise
1514 3297 1544 3326 in
1572 3296 1632 3325 eine
1660 3295 1787 3329 »splendid

957 3341 1088 3374 iaolation-
1112 3339 1250 3374 gedrängt
1273 3337 1380 3368 würde.
1424 3335 1485 3371 »ES
1507 3336 1538 3371 ist
1561 3334 1636 3369 Zeit,
1657 3333 1719 3363 eine
1744 3339 1781 3367 ge-

957 3380 1111 3415 metnsame
1131 3379 1225 3414 Front
1245 3383 1330 3412 gegen
1349 3377 1404 3407 den
1423 3374 1669 3409 Bolschewismus
1689 3372 1781 3407 aufzn

958 3418 1070 3453 richten,
1085 3416 1158 3452 nicht
1174 3423 1224 3446 um
1240 3415 1293 3452 ihn
1310 3413 1506 3451 anzugreifen,
1523 3412 1596 3447 nicht
1613 3411 1723 3442 einmal
1739 3417 1789 3439 um

959 3459 1018 3488 uns
1037 3463 1123 3492 gegen
1143 3455 1192 3492 ihn
1213 3462 1246 3491 zu
1264 3453 1448 3489 verteidigen,
1467 3453 1589 3487 sondern
1608 3448 1721 3486 einfach,
1740 3456 1789 3479 um

960 3496 1009 3533 ihn
1032 3503 1066 3532 zu
1087 3495 1255 3525 erwarten.-
1295 3494 1355 3523 Mit
1377 3493 1479 3527 diesem
1504 3490 1691 3526 »Erwarten-
1714 3488 1791 3518 wird

960 3541 1017 3566 von
1038 3533 1188 3570 Jouvenel
1210 3540 1262 3568 gar
1283 3532 1373 3568 nichts
1396 3530 1518 3561 anderes
1541 3530 1589 3560 alS
1611 3529 1671 3559 eine
1694 3528 1771 3559 Ver

959 3574 1200 3611 ständigung
1220 3572 1356 3607 gemeint;
1379 3571 1445 3600 aber
1466 3570 1543 3603 »eine
1563 3567 1711 3604 ernsthafte
1732 3567 1791 3596 und

960 3612 1123 3649 tragfähige
1153 3611 1403 3647 Verständigung-
1430 3608 1492 3639 und
1517 3609 1579 3638 eine
1606 3607 1691 3642 solche
1721 3610 1792 3640 »von

962 3659 1059 3689 ganz
1078 3652 1271 3685 Europa-:
1290 3649 1361 3684 nicht
1379 3649 1441 3678 eine
1459 3647 1691 3683 Verständigung
1709 3648 1723 3675 &
1740 3649 1794 3674 tont

963 3696 1018 3729 prix
1038 3692 1100 3722 und
1119 3695 1177 3721 von
1198 3690 1290 3724 jedem
1312 3689 1417 3719 Staate
1440 3687 1551 3722 einzeln
1572 3685 1709 3721 probiert.
1747 3684 1794 3718 Zu

963 3732 1041 3762 einer
1068 3729 1238 3766 ernsthaften
1263 3729 1323 3758 und
1349 3725 1532 3762 tragfähigcn
1562 3724 1794 3761 Verständigung

963 3770 1017 3800 mit
1040 3768 1181 3805 Rußland
1203 3769 1276 3798 kann
1300 3769 1331 3797 eS
1356 3765 1448 3801 jedoch
1470 3771 1527 3795 nur
1550 3764 1686 3797 kommen,
1710 3767 1794 3792 wenn

964 3809 1009 3841 die
1033 3807 1167 3843 Sowjets
1210 3805 1281 3842 nicht
1320 3805 1400 3841 mehr
1440 3804 1490 3839 auf
1512 3803 1558 3834 die
1581 3801 1796 3836 Streitigkeiten

965 3848 1113 3884 Europas,
1137 3846 1187 3882 auf
1208 3846 1263 3876 das
1286 3844 1460 3879 AuSsplelcn
1483 3844 1532 3873 der
1554 3840 1715 3877 Interessen
1747 3841 1796 3870 der

966 3885 1143 3923 Wcstmächte
1161 3884 1389 3921 gegeneinander
1406 3881 1508 3918 zählen
1524 3882 1642 3915 können,
1658 3883 1745 3909 wenn
1762 3879 1797 3914 sie

968 3927 1028 3961 »die
1052 3924 1279 3959 Notwendigkeit
1311 3923 1456 3955 erkennen,
1489 3922 1533 3951 die
1567 3918 1798 3953 abendländische

968 3966 1076 3997 Kultur
1094 3966 1167 4000 ernst
1184 3971 1219 3999 zu
1235 3962 1383 3998 nehmen-.
1408 3960 1469 3995 Aus
1487 3960 1559 3995 diese
1579 3958 1644 3994 Zeit
1661 3958 1730 3993 also,
1749 3958 1800 3992 auf

967 4006 1023 4036 das
1048 4004 1152 4039 Reifen
1175 4003 1264 4038 dieser
1286 4000 1464 4032 Erkenntnis
1487 3999 1557 4035 muß
1580 3999 1636 4029 das
1661 3997 1799 4032 geeinigte

1780 493 1839 523 und
1859 501 1892 528 zu
1910 491 2115 526 solidarischem
2132 488 2266 524 Handeln
2286 483 2476 520 entschlossene
2492 481 2607 511 Abend¬

1780 533 1850 562 land
1873 535 2034 561 warten.
2075 529 2158 562 Diese
2180 526 2245 562 Zeit
2266 525 2366 561 scheint
2387 531 2449 552 nun
2473 521 2540 550 aber
2563 527 2608 554 ge¬

1781 573 1908 600 kommen
1925 569 1992 599 oder
2008 568 2074 603 doch
2090 567 2158 602 recht
2175 566 2248 601 nahe
2267 571 2300 600 zu
2318 563 2385 598 sein,
2401 563 2439 591 da
2456 560 2500 590 die
2521 560 2609 589 Sow¬

1780 610 1838 645 jets
1854 608 1944 638 neben
1957 608 2008 638 der
2026 606 2204 641 »drohenden
2221 603 2323 639 Faust-
2341 600 2407 635 auch
2421 601 2482 629 eine
2499 598 2608 633 »offene

1783 647 1973 683 Bcttelhand-
1996 645 2063 681 nach
2085 646 2148 675 dem
2169 640 2395 678 kapitalistischen
2420 638 2527 673 Westen
2559 636 2609 670 hin

1784 687 1959 721 ausstreücn.
1997 685 2062 714 Und
2099 684 2149 712 der
2168 683 2194 713 V
2206 683 2222 710 ö
2233 682 2243 711 l
2254 683 2265 711 k
2275 688 2288 709 e
2299 687 2313 708 r
2324 680 2340 708 b
2352 686 2370 708 u
2382 686 2401 707 n
2411 678 2438 713 d,
2476 677 2523 705 als
2561 676 2610 703 der

1784 726 1891 760 einzige
1930 723 2121 759 maßgebende
2152 716 2433 756 gesamteuropäische
2463 714 2612 749 Organis¬

1784 766 1862 799 mus,
1888 763 1982 798 dürste
2012 762 2098 791 allein
2125 761 2197 794 dazu
2224 759 2343 792 berufen
2371 756 2437 790 sein,
2469 754 2529 787 »die
2555 752 2611 781 Be¬

1785 802 1943 839 ziehungen
1965 801 2096 837 zwischen
2116 799 2237 833 Europa
2256 797 2316 827 und
2337 796 2402 825 dem
2421 791 2613 827 bolschewisti¬

1785 841 1859 877 schen
1884 840 2023 875 Rußland
2049 847 2082 874 zu
2108 836 2328 872 organisieren-,
2352 835 2406 864 den
2434 829 2613 866 »wirtschaft¬

1785 881 1872 915 lichen
1897 880 2121 913 Wiederaufbau
2150 874 2361 910 Rußlands...
2387 872 2454 904 nach
2476 871 2530 899 den
2557 868 2613 898 Re¬

1787 919 1861 955 geln,
1884 918 1928 949 die
1950 918 2025 953 schon
2047 919 2077 946 in
2100 913 2266 951 Oesterreich
2286 914 2346 942 und
2367 912 2398 940 in
2420 911 2540 943 Ungarn
2563 914 2613 936 an¬

1787 958 1920 994 gewandt
1940 956 2087 989 wurden-,
2106 954 2137 983 in
2156 953 2201 983 die
2222 952 2306 985 Wege
2326 958 2359 986 zu
2378 950 2475 979 leiten.

1839 996 1942 1031 Diesen
1968 993 2234 1027 Gcdankengängen
2257 988 2425 1026 Jouvenels
2450 989 2521 1016 kann
2545 984 2614 1014 weit

1787 1035 2010 1069 vorbehaltloser
2053 1032 2227 1068 zugestimmt
2276 1029 2400 1057 werden.
2450 1025 2515 1059 Daß
2566 1024 2615 1052 der

1787 1073 2043 1109 Bolschewismus,
2061 1076 2146 1101 wenn
2164 1068 2335 1103 überhaupt,
2350 1067 2381 1101 so
2396 1073 2453 1094 nur
2469 1062 2553 1097 durch
2569 1061 2614 1090 ein

1789 1109 2153 1148 einheitlich-solidarisches
2175 1107 2306 1143 Handeln
2328 1110 2384 1135 von
2406 1110 2477 1138 ganz
2497 1103 2616 1135 Europa

1790 1159 1840 1188 zur
1857 1151 2037 1185 Erledigung
2056 1148 2132 1181 oder,
2147 1145 2284 1180 vielleicht
2301 1143 2429 1180 richtiger
2447 1142 2549 1176 gesagt,
2567 1146 2616 1174 zur

1790 1189 2007 1223 Umwandlung
2026 1186 2152 1222 gebracht
2168 1185 2282 1216 werden
2300 1185 2382 1216 kann,
2399 1182 2429 1217 ist
2447 1181 2546 1214 ebenso
2564 1185 2618 1207 un¬

1789 1228 1962 1264 bestreitbar,
1982 1228 2037 1257 wie
2055 1227 2100 1256 die
2118 1224 2257 1259 Tatsache,
2276 1222 2331 1257 daß
2349 1221 2395 1251 die
2414 1219 2514 1254 jetzige,
2533 1217 2618 1252 zuerst

1790 1273 1848 1299 von
1877 1267 1969 1301 Lloyd
1997 1266 2109 1299 George
2138 1262 2361 1297 eingeschlagene
2391 1258 2529 1292 Methode
2570 1256 2619 1284 der

1792 1310 2035 1343 getrennten
2077 1301 2354 1336 Unterhandlungen
2398 1298 2451 1327 mit
2492 1295 2619 1325 Moskau

1794 1353 1843 1381 „zu
1865 1344 1956 1380 nichts
1977 1344 2175 1378 Greifbarem-
2198 1341 2285 1375 sührt,
2306 1339 2332 1368 d.
2354 1336 2380 1373 h.
2402 1336 2520 1369 reinsten
2543 1333 2620 1368 Zeit¬

1793 1385 1896 1419 verlust
1921 1384 2057 1415 bedeutet,
2086 1381 2146 1410 und
2173 1378 2329 1410 obendrein
2356 1375 2443 1410 »nicht
2469 1374 2540 1409 ohne
2566 1372 2622 1401 Ge¬

1794 1423 1874 1460 fahr-
1893 1423 1932 1457 ist,
1947 1422 2003 1451 wie
2020 1423 2083 1450 dies
2100 1427 2160 1448 nun
2179 1418 2224 1448 ein
2244 1418 2331 1447 Staat
2349 1414 2415 1449 nach
2432 1414 2494 1443 dem
2511 1415 2621 1441 andern

1796 1470 1842 1493 am
1864 1463 1981 1496 eigenen
2005 1460 2090 1490 Leibe
2112 1457 2245 1492 erfahren
2268 1455 2347 1489 muß.
2380 1453 2426 1487 Zu
2451 1452 2501 1482 der
2525 1449 2623 1485 These,

1795 1501 1851 1534 daß
1874 1501 1919 1530 die
1943 1500 2007 1533 Zeit
2030 1505 2092 1527 nun
2117 1496 2214 1531 erfüllt
2237 1495 2283 1529 sei,
2307 1500 2356 1522 um
2381 1493 2434 1521 den
2459 1488 2623 1524 Wirtschaft-

1795 1540 1883 1574 lichen
1904 1537 2131 1572 Wiederaufbau
2152 1534 2312 1569 Rußlands
2354 1532 2404 1565 auf
2444 1531 2506 1559 dem
2538 1528 2622 1560 Wege

1797 1580 1874 1609 einer
1916 1572 2385 1607 Völkerbunds-Rettungsaktion,
2426 1567 2536 1603 ähnlich
2575 1566 2625 1594 der

1797 1616 2025 1652 österreichischen
2045 1615 2106 1644 und
2127 1611 2319 1647 ungarischen,
2341 1609 2417 1644 schon
2440 1608 2498 1641 jetzt
2520 1613 2557 1635 an
2580 1605 2624 1633 die

1798 1657 1884 1690 Hand
1904 1662 1937 1690 zu
1956 1654 2086 1689 nehmen,
2122 1651 2187 1686 darf
2224 1657 2293 1679 man
2329 1640 2379 1683 sich
2401 1646 2558 1678 allerdings
2578 1644 2624 1671 ein

1798 1694 1999 1731 Fragezeichen
2019 1691 2168 1725 erlauben;
2189 1687 2361 1723 wenngleich
2379 1693 2446 1715 man
2465 1684 2532 1717 auch
2547 1683 2627 1717 prin¬

1799 1734 1893 1770 zipiell
1914 1738 2001 1766 gegen
2019 1732 2093 1765 diese
2113 1730 2202 1763 These
2222 1730 2304 1757 kaum
2322 1724 2565 1756 Einwendungen
2585 1728 2627 1749 er-

1800 1773 1888 1809 heben
1916 1773 1988 1801 kann
2016 1772 2077 1799 und
2106 1759 2172 1802 auch
2197 1769 2251 1797 den
2280 1764 2453 1799 Fortschritt,
2479 1763 2533 1790 den
2562 1759 2627 1793 nach

1800 1812 1888 1846 dieser
1908 1810 2050 1844 Richtung
2069 1809 2119 1843 hin
2142 1808 2185 1837 die
2208 1805 2362 1834 Mitarbeit
2383 1803 2431 1832 der
2451 1801 2556 1835 Russen
2578 1799 2628 1833 auf

1801 1851 1849 1881 der
1873 1850 1981 1884 Genfer
2004 1844 2399 1881 Weltwirtschastskonfcrcnz
2424 1838 2549 1875 gebracht
2571 1838 2629 1872 hat,

1801 1888 1872 1923 nicht
1911 1887 2039 1922 leichthin
2080 1882 2232 1919 übersehen
2271 1882 2342 1917 darf.
2373 1879 2450 1910 Aber
2478 1878 2522 1907 die
2555 1875 2629 1911 »Zu¬

1802 1927 1985 1963 geständnisse
2005 1926 2057 1955 des
2076 1924 2266 1959 Marxismus
2286 1928 2325 1950 an
2345 1920 2391 1949 die
2411 1915 2630 1952 wirtschaftliche

1803 1965 1979 2002 Wahrheit",
2005 1968 2063 1994 von
2090 1963 2179 1993 denen
2207 1960 2356 1991 Jouvenel
2385 1958 2414 1987 in
2441 1956 2544 1990 diesem
2573 1954 2631 1988 Zu¬

1804 2003 2024 2042 sammenhänge
2044 2001 2150 2038 spricht,
2168 2000 2277 2035 müssen
2297 1997 2375 2032 wohl
2394 1996 2460 2030 noch
2479 1995 2540 2024 eine
2561 1993 2631 2026 nicht

1804 2033 2033 2078 unbeträchtliche
2070 2038 2270 2075 Vermehrung
2306 2038 2366 2066 und
2389 2034 2559 2070 Erstarkung
2591 2039 2633 2061 er¬

1805 2082 1914 2119 fahren,
1950 2082 2043 2111 damit
2077 2080 2128 2109 der
2147 2079 2216 2112 Weg
2253 2077 2301 2112 für
2337 2076 2398 2105 eine
2418 2071 2633 2104 Völkerbunds-

1805 2120 2048 2155 Rettungsaktion
2069 2118 2229 2152 Rußlands
2250 2114 2396 2149 freigclcgt
2417 2111 2558 2148 erscheine.
2578 2109 2633 2139 Tie

1807 2159 2058 2197 „Umwandlung-
2100 2157 2152 2186 des
2193 2154 2448 2190 Bolschewismus,
2489 2154 2545 2179 von
2586 2149 2635 2177 der

1807 2200 1957 2236 Jouvenel
1975 2197 2028 2228 mit
2048 2196 2132 2232 Recht
2152 2196 2200 2225 als
2218 2198 2276 2224 von
2295 2193 2373 2222 einer
2391 2192 2500 2220 conditio
2515 2192 2571 2218 sino
2588 2197 2638 2223 qua

1807 2240 1853 2274 non
1870 2238 1976 2274 spricht,
1990 2236 2058 2272 steckt
2075 2236 2156 2271 heute
2172 2233 2239 2267 noch
2255 2233 2283 2262 in
2299 2232 2353 2261 den
2370 2231 2456 2265 ersten
2471 2228 2636 2262 Anfängen.

1860 2277 1925 2307 Und
1943 2284 2004 2306 nun
2023 2276 2121 2310 fragen
2137 2274 2193 2304 wir
2211 2276 2268 2302 von
2285 2276 2399 2300 neuem:
2418 2268 2480 2298 Wie
2500 2268 2558 2302 ist'S
2577 2266 2637 2300 also

1809 2323 1859 2348 um
1892 2318 1951 2345 uns
1984 2312 2202 2344 Abendländlcr
2236 2307 2359 2346 bestellt?
2402 2308 2638 2339 Untergang

1810 2355 1921 2390 durch
1970 2351 2134 2389 Zersall
2183 2348 2250 2380 oder
2300 2345 2637 2380 Wiederaufstieg

1809 2393 1919 2429 durch
1957 2388 2197 2426 Einigung?
2238 2388 2286 2424 Ist
2327 2386 2426 2421 unsere
2464 2382 2640 2418 europäische

1812 2431 2006 2467 Staatlichkeit
2045 2431 2104 2460 und
2144 2430 2197 2458 mit
2220 2427 2265 2463 ihr
2287 2426 2332 2456 die
2357 2431 2443 2460 ganze
2465 2420 2640 2457 europäische

1812 2473 1921 2504 Kultur
1937 2469 2059 2505 wirklich
2075 2469 2104 2504 so
2120 2466 2222 2497 mürbe
2239 2466 2299 2496 und
2316 2466 2389 2494 matt
2407 2463 2568 2498 geworden,
2585 2460 2641 2493 daß

1811 2512 1846 2549 sie
1881 2510 2032 2541 unrettbar
2068 2510 2131 2537 dem
2152 2507 2318 2540 Untergang
2355 2502 2476 2538 geweiht
2511 2500 2549 2536 ist,
2585 2499 2641 2528 wie

1814 2549 1960 2586 Spengler
1980 2550 2012 2578 eS
2031 2546 2141 2577 meint?
2180 2544 2260 2575 Oder
2279 2543 2338 2579 sind
2359 2541 2414 2572 wir
2436 2539 2586 2574 Europäer
2608 2544 2641 2573 zn

1814 2590 1892 2620 einer
1914 2587 2107 2621 „Einigung-,
2144 2585 2236 2614 einem
2276 2578 2553 2618 Zusammenschluß,
2582 2576 2644 2605 und

1813 2628 1906 2659 damit
1928 2627 1977 2657 der
1999 2621 2293 2659 Wiederausrichtung
2316 2619 2377 2650 und
2401 2618 2545 2648 Neublüte
2578 2615 2644 2649 noch

1815 2665 1915 2703 fähig?
1952 2666 2010 2700 Hat
2029 2664 2119 2698 dieser
2138 2656 2475 2696 Regenerationsprozcß
2496 2662 2547 2690 gar
2566 2654 2644 2688 schon

1816 2707 1974 2741 begonnen,
1995 2703 2050 2734 wie
2072 2701 2220 2737 Jouvenel
2241 2702 2273 2729 eS
2295 2696 2459 2728 annimmt?
2499 2692 2645 2727 Vielleicht

1817 2746 1850 2781 ist
1868 2740 2014 2780 Spengler
2036 2750 2069 2775 z»
2092 2739 2283 2776 pessimistisch,
2305 2736 2455 2771 Jouvenel
2476 2741 2509 2767 zu
2531 2732 2646 2768 oprimi-

1817 2784 1896 2820 stisch.
1914 2781 2061 2815 Vielleicht
2077 2782 2154 2813 liegt,
2170 2778 2224 2808 wie
2241 2778 2271 2812 so
2288 2777 2336 2811 oft.
2352 2775 2397 2804 die
2415 2773 2564 2808 Wahrheit
2581 2770 2647 2804 auch

1817 2823 1878 2858 hier
1900 2822 1930 2852 In
1953 2822 2002 2851 der
2025 2820 2122 2849 Mitte.
2153 2815 2300 2850 Vielleicht
2322 2815 2383 2850 sind
2407 2814 2462 2842 wir
2488 2811 2554 2845 noch
2575 2808 2646 2843 nicht

1817 2863 1848 2897 so
1868 2859 2081 2896 hoffnungslos
2103 2857 2224 2891 kraftlos
2246 2853 2399 2889 geworden
2420 2850 2481 2881 und
2502 2851 2567 2879 dem
2589 2849 2648 2878 Un-

1818 2904 1951 2934 tcrgange
1968 2895 2170 2931 unweigerlich
2185 2893 2385 2928 ausgeliefert;
2405 2891 2472 2920 aber
2490 2888 2648 2922 anderseits

1818 2939 1883 2971 doch
1903 2938 1970 2972 auch
1987 2937 2055 2971 noch
2073 2934 2145 2969 nicht
2164 2940 2214 2969 zur
2233 2930 2495 2964 Micdercrhebung
2514 2925 2650 2958 innerlich

1819 2980 1879 3007 und
1905 2975 2046 3011 äußerlich
2070 2973 2191 3008 wirklich
2215 2972 2269 3006 reis
2294 2972 2355 2999 und
2380 2968 2468 3003 sähig.
2512 2967 2567 2996 Die
2593 2965 2652 3000 Zu¬

1820 3018 1897 3051 kunft
1916 3015 1984 3050 ruht
2000 3030 2036 3036 —
2051 3015 2107 3043 wie
2143 3013 2249 3046 Homer
2284 3010 2344 3044 sagt
2361 3024 2396 3030 —
2431 3006 2592 3036 unbekannt
2611 3005 2651 3033 im

1822 3055 1931 3090 Schoße
1946 3055 1997 3084 der
2012 3053 2124 3083 Götter.
2158 3050 2227 3084 Sich
2242 3049 2311 3083 aufs
2327 3046 2523 3082 Prophezeien
2540 3051 2574 3079 zu
2591 3047 2653 3073 ver-

1823 3095 1912 3129 legen,
1930 3094 1960 3129 ist
1979 3094 2024 3122 ein
2042 3091 2243 3121 undankbares
2260 3087 2397 3122 Geschäft.
2413 3086 2496 3115 Alles
2512 3085 2578 3113 was
2596 3083 2652 3111 wir

1824 3135 1932 3163 können
1954 3132 2015 3162 und
2036 3130 2153 3163 wollen,
2174 3128 2242 3158 aber
2265 3126 2332 3160 auch
2353 3127 2420 3155 was
2443 3125 2503 3153 uns
2526 3124 2654 3158 frommt,

1825 3174 1855 3208 ist
1873 3172 1960 3206 daher
1981 3178 2049 3200 nur:
2071 3168 2203 3199 unbeirrt
2222 3168 2281 3196 und
2299 3164 2513 3194 unbekümmert
2533 3168 2581 3191 um
2602 3161 2654 3189 alle

1825 3209 2131 3245 Widerspenstigkeiten
2150 3207 2209 3236 und
2228 3204 2421 3235 betrübenden
2441 3199 2654 3235 Sturmzeichen

1826 3252 1875 3281 der
1893 3248 1957 3285 Zeit
1974 3247 2019 3283 die
2037 3245 2170 3283 Fahne
2189 3245 2254 3276 der
2273 3243 2493 3276 Einigung,
2510 3240 2563 3269 des
2580 3238 2657 3268 Wie¬

1826 3289 2014 3324 deraufstiegs
2059 3284 2233 3322 Hochhalten,
2277 3282 2313 3318 sic
2358 3282 2413 3311 den
2460 3278 2656 3315 Zeitgenossen

1827 3331 2031 3362 vorantragcn,
2053 3326 2084 3355 in
2108 3325 2157 3354 der
2178 3321 2345 3358 Zuversicht,
2365 3319 2422 3355 daß
2444 3317 2516 3352 nicht
2536 3318 2582 3347 ein
2604 3324 2658 3345 un¬

1829 3366 2034 3398 entrinnbares
2062 3364 2191 3400 finsteres
2217 3359 2349 3396 Schicksal
2373 3359 2409 3395 sie
2434 3357 2553 3393 unseren
2579 3355 2658 3390 Hän¬

1828 3408 1883 3437 den
1902 3405 2069 3436 entwindet.

1988 3496 2145 3538 Kleine
2171 3492 2508 3538 Mitteilungen.

1885 3565 2078 3602 „Politische
2099 3560 2320 3597 Rundschau".
2357 3559 2423 3590 Das
2445 3561 2469 3588 6.
2491 3557 2556 3592 Heft
2575 3555 2662 3596 dieser

1833 3604 1874 3633 im
1892 3605 1917 3632 6.
1936 3601 2096 3637 Jahrgang
2116 3604 2184 3629 vom
2202 3594 2448 3632 Zcntralsckretär
2469 3597 2518 3623 der
2538 3590 2663 3626 Freisin¬

1832 3640 2132 3678 nig-demokratischen
2156 3639 2259 3674 Partei
2283 3637 2332 3666 der
2356 3634 2484 3669 Schweiz
2507 3632 2664 3667 heransgc-

1834 3680 1957 3714 gebenen
1969 3676 2126 3713 Zeitschrift
2151 3673 2260 3709 enthält
2270 3670 2402 3708 folgende
2414 3668 2563 3703 Beiträge:
2590 3666 2665 3701 Par¬

1833 3716 1931 3749 teitag,
1959 3716 2027 3743 vom
2053 3710 2266 3746 Herausgeber.
2293 3706 2416 3742 Soziale
2442 3704 2665 3738 Bildungspro¬

1834 3751 1934 3783 bleme,
1965 3753 2022 3778 von
2044 3749 2138 3777 einem
2160 3744 2359 3775 Mitarbciicr.
2389 3742 2445 3771 Die
2474 3738 2585 3775 Politik
2615 3741 2664 3767 der

1834 3785 2063 3819 Donaustaaten,
2094 3786 2153 3812 von
2176 3781 2274 3816 Franz
2306 3778 2410 3810 Burri,
2441 3776 2584 3806 Redaktor
2616 3775 2665 3803 der

1836 3821 2013 3856 »Schweizer
2036 3819 2178 3853 Heimat-,
2202 3817 2290 3850 Graz.
2314 3811 2505 3848 Deutschland
2528 3813 2588 3840 und
2620 3810 2665 3839 die

1834 3857 1996 3892 Ostsragen,
2018 3858 2076 3884 von
2099 3853 2116 3874 *
2128 3853 2145 3873 *
2157 3853 2183 3886 *,
2206 3851 2321 3882 Berlin.
2343 3849 2457 3884 Prolog
2479 3854 2529 3882 zur
2552 3848 2666 3876 ordent¬

1835 3892 1923 3928 lichen
1946 3886 2376 3926 Delegierten-Versammlung
2408 3884 2458 3913 der
2488 3881 2667 3918 Freisinnig-

1836 3926 2071 3962 demokratischen
2091 3924 2196 3959 Partei
2218 3922 2267 3953 der
2287 3921 2425 3956 Schweiz,
2445 3923 2502 3949 von
2523 3917 2666 3952 Fräulein

1835 3963 1871 3998 I.
1895 3962 2007 3997 Weber,
2032 3955 2222 3996 Präsidentin
2247 3958 2296 3988 der
2322 3955 2511 3993 freisinnigen
2535 3952 2668 3988 Fraucn-

1838 4000 1946 4035 gruppe
1965 3998 2014 4029 St.
2033 3997 2148 4027 Gallen.

2874 228 3025 280 Zweite
3053 216 3437 270 Sonntagausgabe.

3064 302 3119 342 J\2
3147 296 3246 341 991

2738 502 2995 548 Memoiren
3024 497 3147 538 eines
3175 489 3386 542 Gehilfen

2931 553 3196 597 Bismarcks.

2701 639 2762 674 Erst
2797 636 2890 673 jüngst
2933 633 2993 669 sind
3037 631 3066 660 in
3099 629 3194 663 diesen
3229 625 3363 656 Blättern
3402 620 3481 653 (1925

2650 680 2702 709 Nr.
2739 679 2817 713 1914)
2857 677 2901 705 die
2940 674 3161 705 Erinnerungen
3197 667 3251 697 des
3290 661 3481 698 Botschasters

2650 723 2707 748 von
2729 716 2876 752 Nadowitz
2900 711 3061 750 gewürdigt
3080 710 3208 739 werden.
3247 706 3310 735 Mit
3332 705 3397 732 dem
3417 704 3484 729 vor¬

2651 758 2798 794 liegenden
2819 754 2931 789 Werk*)
2955 752 3051 787 reihen
3074 748 3123 785 sich
3144 745 3302 779 demselben
3326 743 3370 772 die
3395 740 3484 771 Denk¬

2649 797 2852 832 würdigkeiten
2876 794 2959 823 eines
2984 792 3093 821 andern
3119 782 3349 823 diplomatischen
3375 781 3485 817 Haup:-

2651 838 2774 874 gehilfen
2794 833 2959 866 Bilmarcks
2981 839 3026 860 an.
3064 828 3207 861 Vielleicht
3227 826 3259 861 ist
3278 824 3323 859 ihr
3344 822 3424 852 Wert
3443 827 3483 848 im

2652 875 2776 913 Hinblick
2809 876 2862 909 auf
2886 873 2931 903 die
2960 870 3141 904 Stellungen,
3174 864 3221 895 die
3256 860 3485 898 Schweinitz

2652 918 2797 951 einnahm,
2817 914 2885 948 noch
2904 912 2992 949 höher
3013 907 3220 944 cinzuschätzen.
3258 904 3326 933 Von
3347 902 3411 931 1861
3436 900 3485 928 bis

2651 958 2720 987 1863
2739 957 2799 985 rmd
2818 958 2875 983 von
2895 953 2962 982 1865
2981 951 3031 980 bis
3052 949 3119 978 1869
3140 939 3487 976 Militärbevollniächtig-

2654 1000 2696 1026 tcr
2718 997 2749 1026 in
2773 995 2858 1025 Wien
2885 992 2944 1021 und
2967 991 2998 1020 in
3022 987 3213 1022 Petersburg,
3247 988 3304 1013 von
3337 981 3405 1011 1869
3438 979 3488 1008 bis

2656 1038 2722 1067 1876
2749 1035 2894 1065 Vertreter
2931 1031 2982 1060 des
3019 1026 3244 1060 Norddeutschen
3269 1022 3392 1053 Bundes
3429 1019 3489 1047 und

2654 1077 2709 1105 des
2733 1073 2887 1108 Deutschen
2911 1069 3029 1104 Reiches
3063 1068 3095 1096 in
3120 1066 3214 1097 Wien,
3247 1066 3304 1092 von
3338 1060 3407 1091 1876
3441 1058 3489 1087 bis

2656 1117 2724 1145 1892
2746 1114 2796 1143 als
2820 1111 2992 1146 Botschafter
3017 1107 3124 1139 wieder
3148 1106 3178 1134 in
3203 1102 3385 1138 Petersburg
3408 1099 3490 1133 tätig,

2657 1156 2733 1190 hatte
2759 1161 2790 1183 er
2813 1149 3007 1186 Gelegenheit,
3030 1155 3069 1176 an
3094 1145 3208 1180 einigen
3241 1142 3289 1171 der
3321 1134 3489 1175 wichtigsten

2657 1194 2816 1230 politischen
2845 1190 3031 1224 Wendungen
3059 1184 3277 1221 teilzunehmen.
3320 1180 3379 1209 Als
3407 1177 3491 1212 solche

2657 1235 2731 1268 seien
2763 1233 2891 1268 genannt
2924 1229 2969 1259 die
3002 1225 3192 1259 Einwirkung
3225 1223 3275 1257 aus
3309 1221 3361 1249 den
3396 1217 3491 1254 Zaren

2658 1274 2819 1309 Alexander
2843 1271 2878 1299 II.
2905 1269 3056 1305 zugrinsten
3081 1264 3238 1300 Preußens
3263 1265 3318 1291 vor
3341 1260 3402 1289 und
3428 1257 3494 1292 nach

2658 1314 2708 1343 der
2731 1311 2859 1346 Schlacht
2884 1313 2942 1339 von
2969 1305 3147 1342 Königgrätz,
3172 1304 3222 1333 der
3249 1310 3279 1331 er
3305 1301 3346 1329 im
3373 1298 3493 1333 Gefolge

2661 1354 2756 1388 König
2776 1350 2934 1384 Wilhelms
2953 1346 3124 1381 beiwohnte,
3143 1344 3189 1373 die
3207 1341 3396 1376 Anbahnung
3416 1339 3495 1367 einer

2662 1392 2853 1428 Versöhnung
2882 1391 2932 1418 der
2964 1386 3073 1422 Häuser
3102 1384 3263 1420 Habsburg
3291 1380 3351 1410 und
3383 1378 3496 1414 Hohen-

2661 1433 2776 1468 zollern,
2796 1431 2841 1460 die
2872 1430 2920 1458 bis
2952 1434 3004 1462 zur
3025 1424 3152 1459 Schlacht
3173 1427 3230 1452 von
3254 1421 3356 1451 Sedan
3389 1416 3496 1454 freilich

2664 1470 2828 1508 gefährliche
2854 1468 2973 1503 Proben
3000 1473 3034 1502 zu
3071 1464 3195 1501 bestehen
3230 1461 3315 1496 hatte,
3349 1459 3396 1488 die
3423 1457 3498 1486 Mit¬

2662 1512 2753 1542 arbeit
2779 1518 2816 1540 an
2845 1510 2894 1538 der
2920 1503 3205 1540 Micderhcrstcllimg
3239 1502 3291 1530 des
3327 1497 3498 1531 Dreikaiser-

2663 1552 2786 1585 bundcs,
2808 1548 2875 1583 nach
2894 1548 2989 1582 dessen
3010 1542 3120 1581 Zerfall
3141 1542 3200 1576 sein
3223 1540 3324 1576 heißes
3346 1537 3499 1571 Bemühen

2664 1591 2768 1626 darauf
2788 1588 2918 1625 abzielte,
2940 1587 2984 1615 die
3008 1584 3110 1619 völlige
3133 1581 3347 1618 Entfrentdung
3369 1576 3499 1612 Deutsch¬

2665 1631 2753 1660 lands
2773 1630 2833 1658 und
2852 1625 3012 1662 Rußlands
3033 1630 3068 1659 zu
3086 1622 3221 1653 mildern.
3256 1620 3315 1649 Als
3333 1618 3407 1653 diese
3429 1616 3500 1647 Ent¬

2667 1671 2816 1706 fremdung
2834 1667 2882 1704 sich
2899 1664 3062 1700 verschärfte
3081 1662 3141 1692 und
3161 1659 3301 1695 Rußland
3319 1657 3378 1692 sein
3399 1657 3501 1688 Bünd¬

2666 1711 2716 1740 nis
2735 1710 2789 1740 mit
2809 1705 2974 1743 Frankreich
2991 1702 3186 1736 vorbereitete,
3205 1701 3267 1730 kam
3287 1706 3317 1728 er
3335 1697 3385 1733 sich
3405 1696 3499 1730 seinen

2668 1752 2783 1786 eigenen
2834 1747 2952 1778 Worten
3002 1743 3069 1778 nach
3116 1747 3168 1772 vor
3218 1741 3288 1774 „wie
3336 1739 3384 1766 ein
3433 1737 3501 1766 Don

2670 1790 2796 1825 Quixote
2820 1786 2869 1817 der
2896 1782 3091 1820 Legitimität-
3120 1781 3181 1810 und
3206 1779 3289 1809 erbat
3314 1778 3383 1807 1892
3408 1776 3502 1811 seinen

2667 1828 2808 1865 Abschied.
2845 1825 2895 1861 In
2918 1824 3023 1859 Kassel,
3046 1826 3095 1852 wo
3116 1828 3146 1850 er
3167 1818 3217 1856 sich
3238 1826 3289 1854 zur
3312 1817 3397 1853 Ruhe
3420 1816 3504 1851 setzte,

2669 1876 2766 1899 waren
2793 1867 2852 1903 ihm
2880 1865 2946 1900 noch
2971 1869 3047 1893 nenn
3073 1861 3170 1897 Jahre
3196 1856 3378 1895 glücklichsten
3406 1855 3505 1890 Fanii-

2670 1908 2830 1939 lienlebens
2855 1906 2987 1941 gegönnt,
3010 1902 3147 1937 während
3170 1900 3255 1929 deren
3281 1905 3310 1927 er
3334 1897 3425 1932 seiner
3449 1895 3505 1925 Ge¬

2671 1947 2815 1985 wohnheit
2839 1948 2904 1976 treu
2931 1943 3017 1977 blieb,
3043 1941 3093 1977 sich
3117 1938 3220 1976 täglich
3247 1935 3504 1970 Kalcndernotizen

2672 1996 2704 2024 zu
2724 1986 2843 2022 machen.
2879 1985 2940 2020 Auf
2958 1984 3053 2018 diesen
3073 1980 3199 2014 beruhen
3220 1979 3263 2007 die
3283 1977 3352 2011 noch
3369 1977 3401 2005 in
3422 1975 3505 2005 Wien

2672 2029 2856 2064 begonnenen
2878 2023 3128 2059 Auszeichnungen
3149 2020 3201 2049 der
3223 2017 3508 2048 LebenScrinneru-.,-

2670 2075 2733 2104 gen,
2767 2068 2812 2096 die
2845 2066 2893 2094 bis
2925 2064 2993 2093 1867
3024 2060 3131 2092 reichen
3162 2058 3223 2089 und
3256 2058 3303 2092 für
3334 2056 3379 2085 die
3410 2054 3507 2089 Jahre

2673 2109 2784 2138 187677
2803 2106 2960 2140 vorliogen,
2977 2102 3065 2137 sowie
3082 2102 3134 2130 der
3152 2107 3191 2128 an
3212 2098 3273 2133 ihre
3293 2096 3386 2127 Stelle
3405 2097 3510 2124 treten¬

2672 2150 2727 2177 den
2763 2144 2949 2182 Tagebücher.
3002 2141 3093 2172 Beide
3130 2140 3290 2174 zusammen
3327 2136 3426 2165 bilden
3464 2141 3511 2162 eia

2673 2187 2835 2222 allerdings
2856 2184 2928 2218 nicht
2950 2180 3116 2215 lückenloser
3137 2179 3266 2214 Ganzes,
3287 2176 3342 2206 das
3364 2175 3418 2205 mit
3439 2173 3511 2203 eini¬

2675 2236 2729 2263 gen
2754 2223 3012 2258 unvermeidlichen
3040 2220 3212 2255 Kürzungen
3250 2217 3314 2246 dem
3340 2215 3427 2250 Sohn
3462 2214 3511 2242 als

2677 2266 2847 2302 Grundlage
2877 2264 2967 2300 seiner
2994 2258 3203 2296 vortresslichen
3231 2256 3370 2292 Ausgabe
3400 2255 3512 2290 gedient

2678 2308 2734 2343 hat.

2730 2345 2825 2381 Schon
2845 2345 2904 2374 aus
2926 2343 2991 2372 dem
3013 2340 3095 2372 Werk
3115 2338 3188 2370 Otto
3209 2335 3324 2369 Beckers
3351 2331 3514 2369 »BiSmarck

2679 2387 2738 2416 >md
2757 2386 2804 2415 die
2823 2383 3012 2417 Einkreisung
3030 2376 3254 2415 Deutschlands-
3278 2377 3310 2412 (s.
3332 2375 3385 2409 ,N.
3407 2373 3442 2409 Z.
3462 2372 3512 2408 Z-

2679 2428 2747 2457 1926
2769 2425 2820 2455 Nr.
2841 2424 2929 2459 1968),
2952 2422 3001 2452 der
3022 2421 3079 2450 auS
3101 2421 3166 2449 dem
3188 2415 3366 2453 schriftlichen
3388 2412 3513 2447 Nachlaß

2680 2468 2732 2496 des
2756 2464 2902 2495 Generals
2926 2466 2986 2492 von
3010 2459 3177 2495 Schweinitz
3200 2457 3275 2493 hatte
3300 2454 3424 2491 schöpfen
3448 2452 3516 2482 dür¬

2682 2507 2735 2542 fen,
2755 2509 2817 2535 war
2837 2505 2881 2533 die
2902 2502 3075 2535 Bedcrttung
3093 2497 3243 2533 desselben
3263 2503 3297 2531 zn
3317 2494 3451 2524 erkennen
3470 2498 3517 2527 ge¬

2682 2546 2782 2582 wesen.
2822 2542 2904 2578 Nicht
2926 2541 3036 2576 wenige
3059 2539 3152 2575 seiner
3173 2536 3310 2571 Berichte,
3333 2534 3378 2563 die
3402 2531 3519 2567 demsel¬

2683 2587 2735 2615 ben
2757 2591 2808 2619 zur
2827 2582 3004 2618 Ergänzung
3023 2579 3136 2612 dienen,
3155 2576 3256 2613 finden
3276 2573 3325 2611 sich
3342 2575 3375 2603 in
3396 2572 3518 2603 Eduard

2684 2631 2739 2655 von
2769 2622 2975 2657 Wcrthcimers
3001 2617 3233 2650 monumentaler
3259 2612 3439 2649 Biographie
3466 2613 3518 2641 des

2684 2665 2795 2700 Grafen
2815 2662 2961 2697 Andrassy
2981 2658 3140 2690 verwertet.
3179 2658 3243 2687 Vor
3260 2655 3346 2685 allem
3366 2654 3470 2682 kommt
3491 2657 3521 2680 er

2685 2706 2735 2741 auf
2767 2704 2860 2733 vielen
2896 2701 2999 2732 Seiten
3031 2700 3081 2728 der
3125 2695 3333 2732 unschätzbaren
3377 2691 3521 2727 deutschen

2685 2742 2951 2779 Aktcnpublikation
2977 2738 3048 2774 „Die
3070 2737 3158 2773 große
3182 2728 3292 2771 Politik
3316 2734 3365 2763 der
3390 2730 3522 2766 europäi¬

2686 2785 2758 2820 schen
2785 2782 2936 2813 Kabinette
2961 2777 3147 2810 1871—1914-
3174 2782 3239 2811 znm
3264 2775 3354 2805 Wort.
3378 2771 3522 2807 Indessen

2686 2822 2837 2858 entbehren
2876 2819 3005 2854 amtliche
3045 2817 3219 2848 Dokumente
3261 2812 3429 2846 notwendig
3470 2811 3522 2840 des

2688 2861 2896 2894 individuellen
2946 2859 3052 2894 RcizcS
3102 2856 3232 2892 privater
3282 2851 3525 2887 Niederschriften.

2689 2903 2788 2938 Dieser
2807 2901 2907 2938 erhöht
2927 2899 2974 2936 sich
2992 2898 3059 2933 noch
3075 2895 3161 2931 durch
3178 2896 3224 2925 die
3243 2893 3445 2929 Einsiechttmg
3462 2895 3525 2919 vcr-

2688 2942 2839 2978 trmllichcr
2872 2938 3151 2975 Korrespondenzen,
3181 2937 3268 2965 unter
3299 2932 3391 2963 denen
3424 2930 3526 2964 Briese

2692 2984 2789 3019 Kaiser
2808 2981 2974 3016 Wilhelms,
2991 2979 3086 3014 seines
3106 2975 3237 3011 SohneS,
3256 2971 3423 3004 Bismarcks
3443 2971 3525 3000 einen

2691 3023 2860 3058 Hauptplatz
2881 3020 3060 3055 einnehmcn.

2744 3063 2810 3094 Von
2846 3063 2895 3091 der
2929 3057 3145 3095 Persönlichkeit
3178 3056 3233 3085 deS
3267 3049 3529 3085 Memoirenschrei-

2692 3104 2761 3133 bcrS
2784 3101 2877 3137 erhält
2900 3107 2969 3130 man
2994 3099 3040 3128 ein
3066 3095 3272 3132 gewinnendes
3294 3092 3376 3124 Bild.
3421 3090 3463 3120 Er
3487 3096 3529 3119 er¬

2692 3142 2791 3179 scheint
2811 3142 2858 3172 als
2880 3141 2926 3170 ein
2945 3139 3042 3168 Mann
3063 3138 3191 3173 sttengen
3210 3130 3444 3170 Pflichtgefühls,
3463 3133 3530 3159 vor¬

2695 3184 2810 3218 nehmer
2847 3180 3023 3216 Gesinnung,
3060 3176 3232 3211 vielseitiger
3268 3173 3410 3206 Bildung,
3448 3169 3531 3199 durch

2693 3224 2760 3256 daS,
2786 3223 2852 3251 was
2879 3228 2909 3250 er
2934 3220 3049 3254 eigener
3075 3215 3238 3252 Begabung
3272 3211 3334 3242 und
3368 3210 3531 3247 glücklichen

2696 3262 2867 3299 Umständen
2910 3259 3067 3290 verdankte,
3111 3255 3288 3288 keineswegs
3334 3258 3384 3287 zur
3428 3251 3533 3279 Ueber-

2697 3303 2834 3338 fchätzung
2856 3300 2947 3335 seiner
2969 3298 3136 3334 Leisttmgen
3159 3293 3314 3330 verführt«.
3354 3291 3533 3320 Unverkenn-

2697 3343 2750 3372 bar
2780 3343 2812 3377 ist
2833 3341 2881 3370 der
2913 3340 3005 3375 streng
3036 3335 3227 3371 konservative
3250 3333 3412 3366 Gnindzug
3442 3331 3533 3365 seiner

2697 3381 2858 3418 politischen
2903 3379 3170 3413 Ueberzeugungen.
3215 3373 3271 3404 Die
3315 3371 3441 3406 Periode
3485 3370 3534 3398 der

2697 3422 2836 3453 Berliner
2852 3418 3014 3455 Ereignisse
3035 3415 3166 3452 zwischen
3185 3414 3272 3448 März
3291 3412 3353 3442 nnd
3371 3409 3534 3440 November

2699 3463 2766 3492 1848
2783 3461 2845 3496 galt
2864 3460 2924 3492 ihm
2941 3459 2991 3488 alS
3014 3455 3228 3492 »schmachvoll-.
3266 3454 3320 3483 Die
3339 3452 3416 3486 Idee
3439 3450 3534 3483 »eines

2700 3501 2893 3536 Parlamenis
2914 3499 2969 3529 mit
2991 3497 3188 3533 allgemeinem
3210 3484 3408 3525 Stimmrecht-
3434 3490 3536 3519 wider¬

2700 3542 2797 3577 strebte
2818 3541 2885 3573 ihnr.
2905 3538 2960 3569 Die
2981 3536 3172 3570 Verbindung
3191 3535 3245 3564 mit
3265 3532 3364 3563 Viktor
3384 3529 3536 3561 Emanuel,

2702 3580 2857 3611 Garibaldi
2893 3579 2954 3608 und
2990 3576 3105 3611 Klapka,
3141 3575 3186 3603 die
3219 3572 3437 3607 Aufforderung
3474 3574 3538 3603 zum

2703 3619 2866 3655 Trcubruch
2886 3626 2926 3648 an
2949 3618 2992 3647 die
3014 3614 3195 3651 ungarischen
3220 3613 3375 3645 Soldaten,
3396 3610 3441 3640 die
3462 3601 3539 3643 Pro¬

2704 3661 2857 3691 klamation
2885 3666 2925 3688 an
2953 3659 3000 3687 die
3031 3653 3196 3691 »glorreiche
3227 3653 3339 3682 Nation
3367 3652 3416 3680 der
3446 3649 3539 3685 Tsche¬

2702 3701 2781 3730 chen-
2799 3701 2843 3730 im
2857 3698 2955 3733 Jahre
2972 3697 3040 3727 1866
3056 3700 3120 3726 war
3138 3694 3197 3728 ihm
3215 3694 3246 3723 in
3263 3693 3368 3728 tiefster
3385 3690 3473 3721 Seele
3491 3695 3540 3724 zu.

2704 3741 2803 3771 wider.
2825 3741 2857 3774 (I.
2876 3738 2947 3772 222.)
2971 3737 3082 3772 Später
3100 3733 3272 3769 mißbilligte
3294 3739 3323 3762 er
3344 3732 3398 3761 den
3420 3729 3540 3759 Kultur-

2706 3782 2806 3816 kämpf,
2821 3780 2868 3809 die
2887 3779 3102 3813 Bevorzugung
3118 3776 3169 3805 der
3187 3772 3398 3808 Republikaner
3416 3774 3469 3799 vor
3486 3770 3540 3798 den

2706 3819 2914 3855 Monarchisten
2958 3818 2988 3847 in
3030 3814 3203 3851 Frankreich,
3246 3813 3291 3842 die
3331 3811 3542 3843 Anerkennung

2750 3878 2781 3917 *)
2811 3876 3223 3912 Denkwürdigkeiten
3251 3874 3323 3905 des
3348 3871 3544 3908 Botschaf¬

2704 3918 2790 3948 ters
2835 3915 3015 3947 General
3058 3918 3134 3943 von
3177 3909 3412 3947 Schweinitz.
3459 3907 3538 3943 Zwei

2707 3953 2819 3983 Bände.
2838 3952 2886 3981 XI.
2906 3952 2964 3981 444.
2985 3951 3035 3979 479
3055 3949 3094 3979 S.
3114 3949 3169 3979 mit
3191 3947 3261 3983 zwei
3282 3945 3449 3981 Porträten.
3472 3944 3544 3975 Brr-

2708 3990 2760 4023 lin,
2782 3987 2891 4023 Verlag
2911 3990 2968 4016 von
2991 3985 3112 4016 Rcimar
3133 3984 3269 4019 Hobbing
3291 3982 3366 4012 1927.

311 4120 420 4163 Alte
446 4117 719 4160 Anekdoten.

378 4185 445 4215 Von
467 4183 538 4213 Karl
557 4181 658 4212 LerbS.

277 4247 355 4278 Der
376 4247 474 4277 Tote
495 4245 563 4275 als
587 4243 759 4274 Mörder.

152 4307 198 4342 In
215 4308 308 4337 einem
324 4304 468 4342 russischen
485 4303 575 4338 Dorfe
591 4302 668 4338 hatte
683 4307 752 4331 man
769 4307 802 4336 zu
819 4299 935 4335 Beginn

101 4348 153 4378 des
172 4351 372 4383 vergangenen
392 4343 618 4380 Jahrhunderts
637 4341 746 4372 einmal
764 4340 831 4374 nach
850 4340 937 4370 altem

101 4388 213 4423 Brauch
231 4388 314 4418 einen
333 4386 427 4415 Toten
446 4386 477 4414 in
494 4386 544 4415 der
565 4383 659 4418 Kirche
677 4380 858 4417 aufgebahrt,
876 4380 936 4409 und

104 4429 133 4458 in
164 4429 213 4458 der
237 4426 324 4462 Nacht
356 4426 444 4456 betet«
466 4426 517 4455 der
540 4424 622 4459 Pope
646 4424 699 4452 mit
729 4423 823 4451 einem
846 4420 937 4455 Chor-

103 4468 208 4498 knaben
231 4475 269 4498 an
293 4469 342 4497 der
364 4465 465 4501 Leiche.
505 4465 563 4494 Am
586 4464 694 4493 «»den,
719 4462 845 4496 Morgen
869 4459 937 4496 fand

103 4515 171 4539 man
193 4510 248 4538 den
271 4508 375 4543 Popen
407 4506 534 4540 erwürgt
566 4509 613 4533 am
635 4503 751 4537 Boden;
775 4502 824 4531 der
848 4500 939 4536 Chor¬

103 4549 188 4579 knabe
210 4550 259 4583 lag
283 4546 462 4583 ohnmächtig
486 4545 517 4575 in
540 4545 634 4574 einem
657 4542 776 4577 Winkel,
798 4541 860 4571 und
882 4547 939 4570 nur

104 4590 152 4620 der
176 4589 248 4619 Tote
273 4592 337 4618 war
362 4587 483 4622 gelassen
509 4586 568 4615 und
595 4584 788 4614 unverändert
814 4589 851 4611 an
876 4582 939 4610 dem

106 4631 209 4665 Platze,
233 4629 283 4659 der
307 4627 368 4663 ihm
391 4627 496 4662 zukam.
538 4625 599 4655 Mit
623 4623 716 4659 Mühe
739 4621 848 4657 brachte
871 4627 940 4650 man

106 4670 158 4701 den
184 4668 372 4706 Chorknaben
398 4673 448 4703 zur
472 4665 649 4703 Besinnung,
673 4663 733 4693 und
756 4664 794 4692 da
818 4661 940 4697 erzählte

107 4718 143 4745 er,
163 4709 271 4740 bebend
291 4712 344 4739 vor
364 4707 508 4743 Entsetzen
529 4706 572 4735 bei
593 4707 643 4735 der
663 4704 864 4736 Erinnerung:
885 4701 941 4732 Um

108 4749 291 4785 Mitternacht
309 4748 380 4785 habe
399 4749 448 4778 der
465 4747 539 4777 Tote
556 4745 604 4782 sich
622 4742 744 4780 plötzlich
761 4746 818 4773 von
837 4742 941 4778 seinem

108 4791 198 4826 Lager
213 4789 336 4826 erhoben
353 4789 412 4818 und
429 4788 465 4823 sei
480 4787 532 4821 ans
547 4786 600 4816 den
618 4785 720 4820 Popen
736 4782 942 4819 zugeschritten,

108 4832 167 4861 und
184 4832 259 4861 keine
277 4829 428 4859 bannende
446 4826 665 4863 Beschwörung,
682 4825 742 4855 kein
760 4824 942 4858 Besprengen

108 4873 160 4902 mit
177 4870 362 4906 Weihwasser
378 4868 450 4904 habe
469 4867 528 4903 ihm
545 4866 668 4902 Einhalt
685 4868 778 4900 getan,
793 4862 842 4898 ehe
859 4866 943 4892 unter

109 4911 203 4946 seinen
226 4909 404 4945 würgenden
427 4907 550 4943 Händen
573 4907 624 4936 der
646 4905 771 4940 Priester
793 4902 945 4938 verröchelt

111 4954 179 4982 >var.
216 4950 332 4986 Danach
350 4949 422 4985 habe
442 4949 496 4977 das
516 4946 649 4983 Gespenst
668 4945 716 4982 sich
734 4944 819 4980 ruhig
838 4942 944 4973 wieder

110 4993 160 5028 ans
182 4993 227 5023 die
252 4991 349 5026 Bahre
372 4989 464 5023 gelegt
486 4987 546 5017 und
570 4987 615 5016 die
638 4984 738 5020 Hände
761 4983 891 5020 gefaltet;
916 4989 945 5011 er

113 5033 188 5069 selbst
205 5033 281 5067 aber,
298 5031 346 5061 der
363 5027 539 5065 Chorknabe,
556 5027 592 5062 sei
610 5026 640 5056 in
657 5025 786 5055 blindem
803 5023 945 5059 Entsetzen

113 5074 171 5103 eine
191 5072 281 5103 Weile
297 5069 382 5105 durch
396 5070 444 5099 die
463 5066 558 5103 Kirche
576 5067 673 5102 geirrt,
689 5066 739 5096 bis
758 5072 786 5095 er
805 5064 835 5094 in
853 5065 945 5094 einem

114 5112 220 5144 Winkel
260 5109 437 5148 ohnmächtig
476 5106 684 5143 niedcrstiirzte.
731 5105 787 5135 Die
826 5104 946 5134 Bauern

115 5157 245 5189 rannten,
279 5152 326 5182 als
360 5150 394 5187 sie
428 5148 492 5179 dies
527 5147 711 5182 vernahmen,
744 5145 801 5174 voll
828 5144 947 5174 Grauen

116 5192 217 5229 davon,
234 5193 294 5224 und
312 5193 344 5222 eS
361 5194 425 5221 war
441 5189 500 5218 kein
517 5188 639 5218 anderer
655 5185 725 5220 Rat,
740 5185 789 5215 als
806 5185 862 5220 daß
878 5190 947 5213 man

118 5232 167 5263 den
192 5233 303 5269 Bischof
336 5231 421 5269 holte,
452 5228 502 5259 der
533 5228 588 5257 mit
619 5227 666 5256 ein
698 5229 770 5262 paar
802 5224 948 5260 beherzten

118 5273 222 5304 Leuten
240 5274 272 5304 in
289 5273 335 5303 die
355 5268 449 5306 Kirche
466 5269 536 5304 ging
553 5267 616 5297 und
631 5266 665 5303 sie
684 5270 742 5296 von
759 5267 823 5296 dem
841 5264 950 5295 Greuel

120 5314 241 5350 befreite,
260 5321 310 5343 um
326 5312 362 5349 sie
380 5309 486 5345 danach
505 5308 573 5344 aufs
593 5314 663 5338 neue
683 5313 716 5342 zu
735 5305 855 5341 weihen.
874 5304 951 5335 Aber

121 5356 202 5386 wenn
236 5356 270 5385 eS
307 5352 373 5388 auch
406 5351 497 5388 seiner
531 5347 715 5384 machtvollen
742 5345 951 5382 Beschwörung

123 5396 230 5431 gelang,
247 5394 284 5431 sie
301 5394 358 5424 den
377 5392 498 5423 Bauern
517 5389 566 5428 für
584 5388 630 5419 die
652 5386 751 5417 Dauer
769 5386 822 5417 des
840 5384 953 5421 Tages¬

970 4097 1051 4132 lichts
1085 4096 1191 4126 wieder
1224 4100 1289 4130 zum
1322 4095 1451 4123 vertraut
1483 4089 1687 4126 ehrwürdigen
1711 4086 1804 4123 Hause

971 4138 1077 4169 Gottes
1093 4143 1128 4172 zu
1143 4134 1265 4170 machen,
1282 4135 1311 4169 so
1326 4133 1403 4169 hätte
1419 4138 1488 4162 man
1503 4130 1569 4166 doch
1586 4131 1616 4159 in
1630 4129 1680 4159 der
1695 4135 1805 4163 ganzen

971 4178 1102 4213 Provinz
1121 4176 1259 4206 niemand
1277 4174 1377 4209 finden
1394 4173 1507 4207 mögen,
1525 4172 1574 4200 der
1591 4170 1639 4205 ihr
1656 4170 1700 4198 bei
1720 4167 1807 4203 Nacht

973 4217 1208 4253 nahcgekommen
1230 4215 1322 4250 wäre;
1345 4214 1420 4243 denn
1441 4211 1501 4247 jede
1525 4208 1807 4245 Wahrscheinlichkeit

972 4258 1065 4295 sprach
1082 4256 1177 4292 dafür,
1194 4255 1251 4291 daß
1267 4255 1324 4284 daS
1340 4253 1483 4289 gebannte
1500 4250 1632 4286 Gespenst
1648 4250 1698 4286 sich
1713 4250 1809 4278 beute¬

973 4298 1063 4334 gierig
1083 4298 1113 4326 in
1133 4296 1210 4332 ihrer
1229 4294 1310 4330 Nähe
1330 4292 1463 4324 umtrieb.

1026 4337 1101 4374 Nach
1119 4337 1213 4367 vielen
1233 4334 1349 4371 Jahren
1369 4333 1420 4370 erst
1439 4332 1538 4362 wurde
1557 4331 1614 4360 das
1635 4329 1808 4365 Geheimnis

975 4379 1053 4415 jener
1075 4376 1274 4413 schauerlichen
1299 4374 1384 4409 Nacht
1416 4373 1551 4408 enthüllt:
1577 4372 1635 4401 Ein
1668 4369 1809 4405 durchaus

976 4417 1161 4454 angesehener
1184 4418 1244 4447 und
1269 4415 1424 4450 zeitlebens
1447 4412 1679 4447 unverdächtiger
1703 4410 1809 4442 Mann,

976 4460 1039 4489 dem
1058 4459 1104 4489 die
1123 4457 1303 4491 Todesangst
1322 4456 1368 4485 die
1388 4453 1491 4488 Zunge
1510 4453 1585 4489 löste,
1605 4450 1739 4481 bekannte
1759 4451 1811 4485 auf

977 4501 1040 4530 dem
1061 4497 1252 4531 Sterbebette,
1281 4503 1311 4525 er
1332 4494 1403 4531 habe
1423 4484 1471 4529 sich
1500 4492 1617 4522 damals
1648 4490 1759 4520 abends
1783 4497 1811 4519 >n

977 4540 1021 4570 die
1043 4537 1139 4573 Kirche
1159 4535 1330 4573 geschlichen,
1349 4534 1394 4565 die
1415 4532 1508 4568 Leiche
1528 4535 1614 4563 unter
1633 4531 1712 4562 einer
1731 4529 1813 4561 Bank

978 4579 1096 4616 versteckt
1132 4579 1190 4608 und
1216 4577 1264 4613 sich
1290 4577 1367 4612 selbst
1401 4583 1439 4604 an
1474 4574 1559 4603 deren
1587 4572 1677 4602 Stelle
1713 4571 1812 4606 gelegt,

977 4618 1082 4654 danach
1102 4618 1156 4649 den
1176 4617 1301 4653 Priester
1321 4622 1371 4646 um
1392 4615 1472 4644 eiueö
1495 4615 1571 4643 alten
1593 4612 1693 4648 Hasses
1714 4611 1811 4640 willen

979 4661 1114 4695 erwürgt,
1139 4660 1192 4689 den
1218 4656 1431 4693 ohnmächtigen
1457 4653 1645 4689 Chorknaben
1670 4652 1737 4681 aber
1761 4658 1814 4679 un¬

980 4701 1104 4735 versehrt
1124 4699 1253 4734 gelassen.
1291 4697 1335 4726 Es
1355 4696 1391 4732 sei
1413 4695 1472 4731 ihm
1492 4695 1570 4724 dann
1591 4693 1741 4728 gelungen,
1761 4692 1815 4720 den

981 4741 1074 4771 Toten
1098 4740 1190 4775 später
1222 4736 1319 4773 richtig
1351 4736 1457 4766 wieder
1491 4742 1527 4764 an
1549 4734 1646 4768 seinen
1668 4732 1749 4767 Platz
1782 4738 1815 4766 zu

981 4781 1103 4815 bringen
1126 4778 1185 4810 und
1205 4777 1284 4814 selbst
1307 4775 1465 4811 ungesehen
1488 4775 1546 4810 sein
1568 4774 1653 4807 Hmis
1676 4779 1709 4807 zu
1730 4771 1817 4802 errei¬

982 4821 1053 4858 chen.
1094 4820 1169 4854 Nach
1191 4819 1295 4853 diesem
1317 4816 1495 4852 Geständnis
1516 4814 1625 4848 verließ
1647 4813 1696 4842 der
1719 4812 1817 4842 Mann

983 4862 1036 4892 den
1059 4858 1261 4895 Machtbereich
1292 4857 1340 4887 der
1373 4854 1505 4892 irdischen
1529 4853 1726 4889 Gerechtigkeit
1757 4853 1817 4881 und

984 4906 1049 4936 trug
1065 4900 1111 4931 die
1127 4899 1227 4930 Bürde
1244 4898 1335 4934 seiner
1349 4896 1408 4927 Tat
1423 4899 1477 4926 vor
1490 4895 1572 4930 jener
1590 4893 1711 4928 Gericht,
1725 4892 1816 4927 dessen

984 4940 1096 4978 Spruch
1118 4939 1190 4975 nicht
1213 4946 1247 4974 zu
1269 4938 1322 4967 den
1345 4937 1445 4972 Ohren
1468 4936 1517 4966 der
1540 4933 1689 4970 Menschen
1711 4933 1818 4967 dringt.

1109 4978 1185 5010 Der
1210 4978 1374 5008 Witwer
1398 4979 1472 5006 von
1498 4974 1691 5010 EphcsuS.

1039 5022 1101 5052 Vor
1123 5019 1247 5057 hundert
1270 5018 1337 5047 oder
1359 5017 1440 5053 mehr
1459 5015 1577 5052 Jahren
1607 5031 1642 5035 —
1672 5014 1738 5043 was
1760 5012 1821 5048 sind

986 5061 1098 5098 Zahlen
1123 5059 1181 5091 und
1206 5058 1307 5093 Zeiten
1331 5058 1371 5087 im
1394 5053 1621 5093 Htstorienbnche
1645 5054 1693 5083 der
1716 5051 1820 5083 Liebe?

985 5118 1020 5125 —
1051 5102 1147 5132 verlor
1178 5100 1226 5129 ein
1250 5098 1485 5132 Gcwürzkrämcr
1517 5096 1576 5132 sein
1608 5094 1715 5128 junges
1739 5092 1821 5122 Werk»

986 5143 1069 5177 durch
1087 5142 1140 5171 den
1159 5139 1231 5170 Tod.
1268 5138 1322 5168 Die
1341 5137 1467 5172 Trübsal
1485 5136 1560 5171 warf
1580 5135 1629 5170 ihn
1648 5134 1719 5169 nicht
1737 5133 1822 5168 gänz¬

988 5183 1039 5218 lich
1062 5184 1119 5212 aus
1143 5182 1207 5211 dem
1231 5177 1402 5214 gewohnte»
1425 5176 1599 5211 Gleichgang
1621 5175 1712 5211 seiner
1735 5173 1823 5207 Tage,

990 5224 1056 5253 aber
1078 5222 1114 5259 sie
1136 5219 1232 5256 löschte
1254 5221 1307 5249 vor
1330 5218 1435 5253 seinem
1458 5216 1533 5246 Blick
1555 5216 1608 5245 alle
1633 5214 1748 5249 Farben
1771 5214 1823 5243 deS

989 5263 1101 5294 Lebens
1126 5262 1192 5295 aus,
1215 5258 1272 5295 ließ
1298 5258 1354 5293 sein
1379 5257 1481 5288 derbes
1506 5254 1611 5291 Lachen
1634 5256 1823 5290 verstummen

990 5304 1050 5334 und
1072 5303 1131 5337 traf
1156 5301 1213 5337 sein
1238 5300 1350 5329 Denken
1375 5299 1430 5328 wie
1453 5298 1508 5327 mit
1531 5295 1713 5331 lähmendem
1736 5293 1823 5329 Hieb:

987 5344 1050 5379 also
1073 5342 1130 5377 daß
1153 5348 1184 5372 er
1208 5341 1282 5376 seine
1306 5339 1415 5369 kleinen
1440 5336 1659 5373 Hantierungen
1685 5335 1716 5364 in
1742 5333 1824 5368 abge¬

988 5383 1104 5415 rücktem
1130 5380 1298 5418 Schweigen
1324 5381 1367 5410 tat
1391 5378 1452 5409 und
1477 5377 1523 5407 die
1549 5374 1699 5412 Nachbarn
1724 5373 1823 5409 nachts

1842 4087 1895 4117 den
1921 4085 2084 4122 Lichtschein
2119 4085 2211 4121 feiner
2238 4083 2323 4118 Kerze
2356 4082 2442 4117 durch
2475 4080 2520 4111 die
2547 4079 2677 4116 Zimmer

1842 4128 1935 4163 seine»
1953 4126 2065 4162 Hauses
2083 4126 2223 4156 wandern
2242 4123 2335 4160 sahen.
2369 4121 2463 4152 Eines
2482 4121 2626 4156 Morgens
2646 4120 2675 4149 in

1843 4168 1912 4197 aller
1933 4165 2031 4203 Frühe
2051 4166 2121 4196 aber
2140 4165 2331 4195 übermannte
2354 4163 2404 4199 ihn
2425 4163 2470 4192 die
2491 4160 2677 4197 Hilflosigkeit

1843 4211 1895 4237 vor
1912 4208 1962 4238 der
1980 4206 2063 4237 Leere
2082 4206 2175 4242 seines
2194 4203 2319 4238 LobenS;
2340 4211 2368 4233 er
2386 4203 2474 4237 nahm
2493 4201 2576 4231 einen
2595 4201 2677 4236 festen

1845 4248 1944 4282 Strick,
1962 4247 2029 4284 stieg
2048 4246 2079 4276 in
2099 4246 2154 4276 den
2175 4244 2268 4275 Keller
2285 4243 2376 4280 hinab
2396 4242 2457 4272 und
2475 4242 2534 4277 traf
2551 4240 2598 4271 die
2617 4240 2677 4270 An¬

1844 4288 1952 4324 stalten,
1974 4287 2018 4318 die
2041 4286 2091 4323 ihn
2114 4287 2241 4320 geeignet
2263 4283 2393 4318 dünkten,
2415 4289 2464 4312 um
2485 4282 2529 4311 die
2553 4279 2678 4311 Wieder¬

1846 4327 2036 4362 vereinigung
2060 4327 2114 4357 mit
2138 4326 2244 4362 feinem
2270 4323 2368 4355 Weibe
2394 4326 2460 4352 vom
2488 4320 2620 4356 Schicksal
2645 4326 2678 4356 zu

1846 4367 2017 4404 erzwingen.

1899 4407 1994 4443 Schon
2031 4406 2107 4443 hatte
2145 4413 2173 4436 er
2208 4405 2254 4435 die
2283 4404 2417 4438 Schlinge
2453 4401 2584 4438 geknüpft
2621 4401 2680 4430 und

1846 4448 1946 4484 schickte
1964 4447 2014 4484 sich
2033 4455 2080 4482 an,
2100 4446 2230 4482 zwischen
2250 4444 2413 4481 Oelsässern
2432 4443 2492 4473 und
2513 4441 2607 4478 Kisten
2627 4441 2681 4471 den

1850 4490 1973 4524 Sprung
1994 4488 2064 4518 über
2083 4488 2128 4518 die
2148 4487 2233 4522 große
2253 4486 2364 4520 Grenze
2384 4490 2418 4519 zu
2437 4487 2548 4517 wagen,
2567 4483 2615 4512 als
2636 4482 2681 4511 ein

1848 4529 1946 4559 lautes
1963 4527 2076 4564 Pochen
2094 4535 2131 4557 an
2148 4527 2206 4562 sein
2223 4525 2288 4561 Ohr
2304 4525 2398 4559 klang:
2417 4523 2535 4553 Droben
2552 4521 2683 4557 begehrte

1851 4569 2020 4605 Kundschaft
2043 4567 2162 4603 Einlaß.
2201 4567 2300 4602 Dieser
2322 4565 2482 4600 mahnende
2506 4563 2567 4599 Ruf
2590 4562 2683 4597 seines

1850 4610 1966 4643 Alltags
1987 4609 2063 4644 hatte
2086 4607 2173 4643 soviel
2193 4606 2287 4641 Macht
2308 4605 2378 4635 über
2399 4604 2458 4639 ihn,
2478 4603 2533 4638 daß
2554 4609 2591 4637 er,
2612 4601 2684 4637 ohne

1853 4653 1884 4680 es
1908 4649 2054 4684 eigentlich
2079 4655 2112 4683 zu
2136 4648 2243 4684 wissen,
2267 4647 2311 4676 die
2336 4643 2471 4680 Schlinge
2496 4643 2595 4679 fahren
2620 4641 2686 4677 ließ,

1852 4691 1917 4725 nach
1941 4690 2014 4719 oben
2046 4690 2124 4723 ging,
2146 4688 2191 4718 die
2215 4685 2361 4717 Ladcntür
2384 4684 2525 4720 anfschloß
2557 4682 2616 4712 und
2640 4683 2685 4712 ein

1851 4730 1959 4765 junges
1978 4729 2118 4764 Mädchen
2139 4727 2253 4763 etnlicß,
2271 4728 2328 4757 das
2348 4726 2410 4756 eine
2430 4724 2531 4754 Kanne
2550 4723 2608 4753 Oel
2625 4726 2687 4752 ver¬

1852 4771 1957 4805 langte.
1993 4768 2052 4799 Der
2071 4768 2192 4799 Krämer
2208 4767 2315 4803 mußte,
2330 4772 2380 4796 um
2398 4765 2453 4795 das
2470 4763 2526 4795 Oel
2544 4769 2577 4799 zu
2594 4761 2688 4798 holen,

1854 4812 1884 4841 in
1904 4812 1958 4840 den
1980 4810 2073 4840 Keller
2092 4809 2195 4845 hinab;
2216 4808 2284 4837 aber
2302 4814 2333 4836 er
2352 4805 2400 4842 sah
2420 4806 2465 4835 die
2484 4805 2553 4834 eben
2573 4803 2640 4837 noch
2658 4803 2689 4838 so

1856 4850 2048 4887 schicksalhafte
2073 4849 2207 4885 Schlinge
2230 4847 2315 4883 nicht:
2339 4847 2398 4876 Der
2422 4845 2516 4879 Glanz
2540 4846 2596 4874 aus
2620 4842 2688 4878 zwei

1856 4891 2009 4926 blitzenden
2034 4890 2137 4924 Augen
2162 4889 2238 4924 hatte
2263 4888 2313 4922 ihn
2339 4887 2479 4922 getrosscn
2504 4886 2562 4914 und
2587 4883 2688 4918 machte

1857 4932 1906 4968 ihn
1924 4931 2010 4961 blind
2031 4931 2077 4966 für
2099 4931 2127 4965 so
2145 4928 2245 4958 dnnkle
2267 4927 2370 4961 Dinge.

1908 4970 1964 5000 Am
1995 4969 2119 5006 nächsten
2141 4968 2219 5003 Tage
2250 4967 2338 5003 nahm
2371 4973 2407 5001 er,
2428 4965 2534 4996 wieder
2556 4963 2627 4999 ohne
2659 4963 2690 4993 cs

1858 5011 1926 5047 recht
1947 5018 1981 5046 zu
2002 5011 2111 5047 wissen,
2131 5010 2184 5039 mit
2205 5008 2296 5037 einem
2318 5008 2486 5040 verlegenen
2507 5003 2625 5039 Lächeln
2644 5002 2691 5033 die

1858 5051 1993 5087 Schlinge
2023 5053 2090 5080 vom
2113 5048 2204 5084 Haken
2236 5049 2295 5078 nnd
2326 5047 2401 5082 warf
2422 5047 2456 5082 sic
2487 5045 2518 5074 in
2549 5044 2592 5074 die
2614 5043 2690 5078 Ecke;

1856 5092 2007 5122 abermals
2035 5092 2118 5120 einen
2144 5089 2208 5124 Tag
2233 5089 2328 5123 später
2354 5086 2475 5121 dröhnte
2502 5091 2566 5119 zum
2593 5083 2692 5119 ersten¬

1858 5133 1918 5162 mal
1940 5131 2047 5161 wieder
2069 5131 2127 5166 sein
2149 5129 2252 5160 derbes
2275 5127 2378 5162 Lachen
2401 5125 2484 5161 durch
2505 5126 2558 5154 den
2581 5123 2692 5157 Laden;

1858 5173 1919 5202 vier
1939 5171 2057 5207 Wochen
2078 5171 2183 5205 daraus
2202 5169 2271 5199 aber
2289 5171 2353 5198 war
2372 5173 2402 5197 er
2421 5166 2474 5196 mit
2492 5164 2585 5200 jene»»
2606 5163 2692 5194 Mäd¬

1861 5212 1921 5248 chen
1946 5211 2117 5248 verheiratet
2141 5210 2200 5240 und
2224 5208 2315 5244 dachte
2339 5208 2391 5237 mit
2414 5206 2519 5236 keinem
2543 5205 2693 5235 Gedanken

1860 5253 1940 5288 mehr
1956 5253 2056 5285 daran,
2073 5251 2129 5285 daß
2144 5258 2174 5280 er
2191 5249 2263 5285 seine
2280 5247 2413 5283 Rückkehr
2429 5254 2463 5281 zu
2479 5253 2565 5276 neucr
2583 5244 2694 5279 Freude

1863 5301 1899 5323 an
1928 5293 2014 5322 altem
2040 5291 2109 5321 Tun
2137 5297 2193 5320 nur
2218 5289 2268 5319 der
2295 5287 2551 5323 tausendnamigen
2579 5291 2696 5315 namen¬

1861 5333 1939 5369 losen
1959 5331 2055 5367 Macht
2073 5330 2230 5365 verdankte,
2249 5329 2294 5359 die
2315 5327 2466 5362 überlegen
2485 5325 2610 5362 lächelnd
2630 5323 2697 5361 nach

1863 5371 1996 5410 Gefallen
2013 5371 2067 5402 mit
2085 5370 2221 5407 Zufällen
2240 5368 2357 5406 schaltet.

2939 4090 3094 4133 Kleine
3123 4088 3321 4137 Ehronik.

2768 4159 2897 4195 Rudolf
2913 4156 3098 4192 Borchardt
3118 4157 3148 4193 ist
3165 4155 3256 4191 dieser
3275 4153 3355 4188 Tage
3373 4152 3484 4190 fünfzig
3504 4157 3547 4187 ge-

2715 4201 2843 4235 worden,
2880 4200 2942 4235 fen,
2980 4201 3047 4228 vom
3069 4198 3168 4227 lauten
3190 4196 3295 4231 Markt,
3334 4193 3374 4222 im
3412 4190 3551 4227 südlichen

2716 4241 2829 4271 Garten
2848 4238 2940 4276 seiner
2962 4238 3043 4269 Villa
3064 4236 3109 4266 bei
3130 4234 3252 4271 Pistoja,
3271 4236 3320 4263 wo
3340 4240 3369 4262 er
3389 4232 3434 4262 die
3457 4230 3552 4261 Weis¬

2717 4281 2774 4316 heit
2804 4279 2955 4310 CandideS
2992 4276 3045 4313 still
3083 4274 3235 4312 beherzigt,
3271 4274 3454 4307 Rittersporn
3493 4271 3554 4300 und

2717 4320 2810 4350 Akelei
2829 4320 2885 4349 auS
2903 4319 2966 4348 dem
2987 4317 3084 4351 fernen
3102 4315 3197 4351 Osten,
3217 4316 3272 4344 aus
3292 4314 3346 4343 den
3364 4311 3468 4342 Anden
3489 4312 3549 4340 und

2719 4361 2784 4389 dem
2809 4357 2957 4390 Kaukasus
2983 4355 3143 4391 friedfertig
3168 4352 3399 4383 nebeneinander
3426 4350 3550 4386 zaubert.

2720 4399 2790 4434 Hier
2800 4398 2830 4427 in
2842 4397 2890 4427 der
2900 4394 3090 4431 toskanischen
3101 4392 3266 4428 Landschaft
3285 4391 3332 4427 hat
3350 4390 3398 4426 sich
3415 4389 3475 4425 ihm
3486 4389 3552 4422 auch

2719 4439 2775 4468 das
2786 4436 2866 4467 Werk
2876 4436 3000 4470 DantcS,
3020 4435 3072 4465 dcS
3092 4432 3238 4466 männlich
3254 4430 3440 4466 kämpfenden
3451 4429 3557 4462 Dante,

2721 4478 2805 4508 Blatt
2827 4483 2877 4506 um
2898 4476 2982 4506 Blatt
3005 4473 3171 4509 erschlossen,
3211 4471 3301 4507 dessen
3325 4469 3490 4504 gcwalssam
3513 4474 3557 4502 ge¬

2720 4516 2855 4551 waltiger
2873 4515 2981 4545 Deuter
2999 4513 3059 4543 und
3080 4512 3269 4545 Nebcrtragcr
3288 4517 3317 4540 er
3336 4510 3375 4544 ist.
3411 4508 3552 4543 Dichtung

2722 4557 2783 4587 und
2805 4554 2965 4590 Forschung
3004 4553 3187 4588 entspringen
3211 4550 3279 4586 ihm,
3319 4550 3373 4579 wie
3396 4548 3455 4581 sein
3480 4547 3559 4577 Werk

2723 4596 2784 4626 und
2803 4595 2877 4636 seine
2899 4592 3020 4628 Zürcher
3041 4591 3118 4622 Rede
3156 4594 3207 4620 vor
3229 4589 3298 4625 zwei
3319 4587 3435 4624 Jahren
3457 4588 3558 4616 immer

2723 4635 2830 4666 wieder
2850 4633 2999 4667 bekennen,
3023 4633 3079 4662 auS
3103 4632 3181 4661 einer
3200 4629 3325 4665 Wurzel.
3366 4628 3433 4657 Wer
3453 4627 3509 4657 wie
3531 4633 3559 4655 er

2724 4675 2786 4710 spät
2807 4674 3044 4709 hcrvorgetreten,
3082 4672 3144 4701 dem
3184 4670 3215 4706 ist
3251 4670 3306 4698 das
3327 4665 3456 4702 erreichte
3477 4666 3559 4701 halbe

2724 4713 2930 4749 Jahrhundert
2960 4712 3019 4742 kein
3050 4708 3309 4745 Lebensabschnitt,
3347 4707 3423 4737 denn
3462 4714 3491 4736 er
3531 4706 3562 4740 ist

2725 4754 2814 4783 voller
2837 4751 2972 4788 Zukunft.
3011 4751 3057 4781 ES
3097 4751 3127 4786 ist
3151 4750 3226 4779 denn
3253 4748 3320 4783 auch
3341 4745 3562 4782 Gcwichttgsics,

2726 4794 2817 4829 dessen
2838 4792 3023 4825 Vollendung
3060 4791 3117 4820 wir
3156 4793 3212 4818 von
3235 4787 3295 4823 ihm
3317 4789 3467 4820 erwarten,
3509 4785 3562 4814 den

2727 4832 2870 4868 deutschen
2908 4832 3012 4865 Dante,
3048 4830 3112 4859 dem
3133 4829 3248 4864 Pindar
3286 4827 3381 4863 folgen
3420 4826 3478 4861 soll,
3515 4825 3560 4854 die

2729 4872 2910 4905 Sammlung
2937 4870 3027 4906 seiner
3054 4869 3162 4903 Reden,
3197 4874 3247 4897 um
3281 4869 3338 4896 von
3376 4866 3430 4895 den
3466 4864 3564 4899 dichte¬

2728 4910 2830 4947 rischen
2858 4910 3155 4944 Hcrvorbringungcn
3193 4914 3227 4942 zu
3266 4906 3425 4941 schweigen,
3461 4904 3507 4934 die
3535 4911 3564 4933 er

2729 4952 2818 4987 selber
2836 4950 2903 4984 noch
2922 4948 3101 4984 verschleiert.
3140 4947 3185 4976 Es
3205 4946 3303 4981 bedarf
3333 4944 3492 4978 allerdings
3513 4944 3564 4972 des

2731 4990 2890 5026 Künftigen
2925 4988 3006 5023 nicht,
3041 4994 3092 5018 um
3112 4986 3185 5021 nicht
3201 4985 3278 5021 schon
3316 4985 3380 5015 dem
3398 4984 3490 5019 längst
3510 4984 3566 5014 Ge¬

2731 5029 2871 5064 währten,
2890 5032 2957 5058 vom
2978 5028 3128 5062 „Durant-
3141 5028 3199 5055 und
3211 5030 3276 5054 vom
3290 5023 3431 5060 »Joram-
3442 5024 3492 5053 bis
3514 5030 3563 5057 zur

2731 5069 2977 5104 „Halbgerettctcn
3008 5066 3120 5101 Seele-,
3161 5063 3347 5100 entschiedene
3379 5062 3567 5093 Dmikbarkcit

2732 5110 2792 5139 und
2810 5108 3037 5140 Bewunderung
3056 5104 3275 5141 cinzugestchen.
3475 5103 3478 5133 .
3504 5102 3532 5131 k.

2786 5160 2847 5189 Die
2869 5156 3154 5193 Bevormundung
3176 5156 3232 5186 der
3258 5154 3427 5192 russischen
3450 5154 3563 5188 Kunst.

2734 5203 2767 5232 A.
2789 5201 2838 5231 Ch.
2875 5199 2921 5235 In
2949 5199 3004 5230 den
3024 5198 3134 5234 Tage»,
3154 5198 3191 5227 da
3221 5197 3264 5227 die
3295 5198 3334 5227 im
3355 5196 3421 5231 Exil
3451 5195 3566 5225 lebende

2735 5242 2863 5277 »Prager
2883 5240 3017 5275 Gruppe-
3037 5239 3089 5269 des
3109 5238 3268 5268 Moskauer
3279 5235 3566 5272 Kitnstlcr-TheatcrS

2735 5284 2828 5313 einem
2860 5281 3040 5317 begeisterten
3065 5278 3186 5316 Zürcher
3210 5277 3369 5313 Publikum
3401 5276 3568 5312 cxguisttcstc

2737 5321 2858 5359 russische
2882 5319 3085 5357 Bühnenkunst
3110 5319 3189 5355 zeigt,
3213 5318 3278 5354 hört
3302 5323 3370 5347 man
3394 5320 3451 5346 von
3475 5323 3568 5347 neuen

2737 5361 2965 5399 Verfolgungen,
2989 5360 3081 5390 denen
3105 5360 3163 5389 das
3188 5357 3311 5395 russische
3337 5356 3461 5394 Theater
3486 5356 3570 5393 durch
