3906 5551
362 199 540 247 Montag

219 253 292 298 29.
315 255 551 302 September
579 258 695 301 1941

379 333 497 374 Blatt
518 335 545 375 «

3049 221 3389 273 Mittagausgabe

3119 303 3181 346 J\2
3201 300 3322 343 1533

902 154 1330 362 Neue
1406 154 2046 418 Zürcher
2114 158 2786 418 Zeitung

2613 3193 2689 3221 Nach
2717 3193 2921 3228 mehrjährigem
2951 3195 3116 3229 Unlcrbruch
3143 3196 3207 3229 ging
3233 3195 3281 3227 auf
3306 3194 3353 3222 der
3380 3194 3533 3222 Zollikoncr

2548 3264 2557 3279 t
2556 3230 2581 3268 (i
2615 3237 2742 3265 Allmend
2763 3238 2860 3265 wieder
2881 3238 2923 3266 ein
2945 3238 3061 3267 Zürcher
3082 3238 3216 3267 Concours
3238 3238 3372 3272 Hil>f)iquc
3395 3239 3421 3265 in
3443 3238 3530 3265 Szene.

2616 3280 2716 3308 Unsere
2737 3280 2815 3309 Leser
2836 3282 2928 3313 finden
2949 3282 3034 3310 rechts
3056 3286 3135 3310 unten
3157 3283 3208 3310 den
3230 3282 3420 3315 Doppelsicgcr
3441 3282 3531 3314 Hptm.

2548 3324 2583 3352 «U
2615 3323 2688 3355 Fehr,
2704 3325 2751 3351 der
2767 3325 2812 3353 mit
2829 3325 2904 3357 Josef
2919 3326 2967 3353 das
2982 3325 3269 3358 Eröffnungsspringen
3286 3326 3340 3352 und
3355 3326 3402 3354 das
3419 3325 3532 3352 schwere

2552 3374 2582 3394 m
2614 3366 2744 3400 Springen
2764 3377 2806 3395 um
2826 3369 2877 3396 den
2897 3369 2968 3396 Preis
2988 3369 3035 3397 der
3053 3369 3128 3397 Stadt
3148 3369 3244 3396 Zürich
3264 3378 3385 3402 gewann:
3404 3369 3452 3396 das
3473 3369 3533 3396 Bild

2614 3409 2692 3437 Mitte
2718 3410 2802 3437 rechts
2828 3412 2894 3445 zeigt
2921 3412 3011 3445 Hptm.
3037 3412 3123 3439 Frank
3149 3412 3192 3439 bei
3216 3412 3263 3439 der
3290 3411 3460 3445 Vorführung
3485 3412 3532 3439 der

2548 3448 2582 3484 fe
2615 3452 2699 3482 hohen
2721 3453 2815 3482 Schule
2834 3454 2850 3481 ä
2870 3455 2897 3482 la
2918 3455 3083 3485 Guerimere;
3103 3456 3170 3483 links
3191 3456 3258 3482 oben
3278 3455 3321 3483 die
3341 3455 3532 3489 Siegerehrung

2548 3492 2583 3536 M
2665 3497 2699 3524 im
2721 3497 2972 3533 Soldatenspringen
2993 3509 3035 3527 um
3057 3500 3107 3527 den
3128 3499 3200 3527 Preis
3220 3508 3280 3526 vom
3301 3499 3483 3531 Pfanncnstiel

165 3687 555 3755 SPORT
597 3685 737 3753 m
785 3687 1083 3753 BILD

162 3794 214 3821 Der
239 3795 356 3827 Sonntag
381 3793 487 3821 brachte
511 3793 569 3821 eine
594 3792 722 3824 Hochflut
746 3792 902 3826 sportlicher
927 3792 1080 3820 Veranstal¬

162 3839 267 3867 tungen.
286 3833 345 3862 Wir
362 3834 450 3866 zeigen
468 3833 555 3866 einige
573 3833 606 3859 im
625 3832 707 3859 Bilde,
725 3832 755 3859 ln
773 3832 820 3859 der
837 3832 915 3860 Mitte
932 3834 996 3861 zwei
1013 3833 1080 3864 Auf¬

163 3874 275 3901 nahmen
299 3883 359 3900 vom
382 3871 657 3905 Zii'ilgepäckmarsch
681 3872 707 3899 in
731 3871 827 3898 Zürich
850 3871 929 3902 (oben
952 3881 999 3899 vor
1022 3873 1081 3899 dem

164 3910 503 3938 Wchrmänner-Denkmal
532 3911 580 3942 auf
609 3911 655 3937 der
685 3909 776 3940 Förch,
807 3915 886 3938 unten
916 3911 964 3937 der
992 3911 1082 3944 Sieger

163 3950 296 3984 Vokinger
316 3950 361 3978 mit
380 3950 440 3977 dem
460 3948 698 3976 Zweitklassierten
718 3948 884 3982 Ermalinger
904 3959 947 3977 zur
967 3949 1081 3976 Rechten

162 3992 216 4018 und
232 3991 291 4018 dem
310 3988 534 4016 Drittklassierten
551 3988 637 4016 Sidler
654 3998 698 4015 zur
714 3988 823 4016 Linken.
841 3988 935 4015 Rechts
951 3989 1017 4015 oben
1035 3991 1081 4016 der

164 4028 349 4057 Tcnnislehrer
374 4027 488 4057 Wisard.
512 4028 559 4055 der
581 4028 635 4055 sich
660 4027 818 4061 neuerdings
841 4028 893 4055 den
918 4027 987 4056 Titel
1009 4028 1081 4055 eines

162 4069 282 4099 Meisters
313 4070 360 4096 der
391 4068 581 4099 Professionals
612 4067 692 4094 holte.
724 4067 804 4094 Links
835 4072 915 4094 unten
947 4068 1080 4095 Moment¬

161 4109 322 4141 aufnahmen
343 4118 402 4135 vom
422 4107 633 4139 Fußballtreffen
654 4106 750 4141 l/oung
769 4107 1005 4140 Fellows-Lugano
1023 4107 1082 4139 (der

162 4148 374 4181 ausgezeichnete
393 4147 509 4174 Zürcher
528 4147 612 4174 Hüter
631 4145 731 4174 Rüesch
751 4146 794 4174 bei
811 4147 857 4174 der
878 4147 992 4174 Abwehr
1010 4148 1081 4174 eines

162 4186 248 4215 hohen
270 4187 368 4216 Balles)
388 4187 442 4213 und
462 4195 522 4212 x'om
544 4185 655 4218 Angriff
675 4185 785 4212 Kühlers
805 4186 853 4217 auf
872 4186 922 4214 den
943 4186 1081 4213 schweize¬

163 4226 263 4253 rischen
281 4223 495 4252 Stundenrekord
510 4224 588 4256 (Paul
605 4224 684 4257 F.ngli
700 4224 805 4257 geleitet
822 4225 873 4252 den
890 4224 1080 4257 erfolgreichen

453 4263 552 4291 Fahrer
571 4263 597 4290 in
617 4263 661 4290 die
680 4263 794 4292 Kabine)
