2120 2480
285 459 531 507 Dienstag

1482 464 1544 505 den
1568 472 1605 510 9>
1630 460 1846 505 November.

169 595 292 629 Spanien
314 595 506 629 (Stiergefecht
520 603 548 628 »u
563 598 648 629 Ehren
661 598 704 628 der
716 598 821 633 ALnigl.
831 600 947 634 Braut).
985 599 1211 633 Großbritannien
1230 599 1347 634 (Gefahr
1359 599 1403 628 der
1416 598 1538 633 Fr«,heit
1550 599 1623 629 durch
1635 596 1758 627 Anarchie
1771 597 1951 627 oderDespo«

206 632 332 666 tismuS).
370 632 518 667 Frankreich
538 634 591 667 (Er
607 634 664 668 gibt
679 634 748 664 reine
763 635 890 665 B-illi'«,
911 644 929 665 u
946 643 971 666 a.
982 636 1033 671 dgl.
1046 636 1135 671 Dioge
1150 636 1216 666 nicht
1228 637 1321 669 mehr).
1360 635 1532 668 Deutschland
1553 630 1672 666 (Gericht
1686 634 1748 662 über
1760 634 1807 661 alle
1820 631 1951 663 Gerichte.

206 669 230 699 C
260 670 285 699 L.
303 670 390 698 Saud.
427 669 513 703 Wuth
532 674 610 700 unter
629 670 832 707 den'Füchsen).
867 672 1003 706 Rußland.
1042 673 1147 708 Jtalieu
1167 672 1273 706 (Wofür
1294 674 1363 703 Rom
1383 671 1423 700 die
1443 670 1620 705 Evaugelische
1637 668 1952 703 Meligioosvereinigung

205 704 233 734 in
249 705 421 738 Deutschland
441 704 563 740 ansiebt).
602 708 718 740 Gchweii
737 710 844 741 (Lutera
862 709 954 739 erklärt
970 716 1047 744 gegen
1062 710 1131 739 Rom
1144 709 1215 743 jedes
1234 715 1298 738 neue
1311 707 1491 743 Provisorium
1507 707 1535 736 io
1548 709 1591 736 der
1606 706 1796 740 Bischofssache
1812 704 1853 736 für
1870 712 1953 734 uuau«

208 741 343 776 oehmlich.
380 743 439 773 Der
457 742 629 777 »ersplitterte
648 744 698 773 und
712 744 807 776 wieder
827 745 937 779 geheilte
954 746 1151 780 Echweiterschr
1169 746 1324 778 Löwevkopf.
1363 745 1520 779 Demoiselle
1540 744 1699 779 Hartmever
1718 742 1747 772 in
1768 742 1873 774 Wien).

458 828 704 862 Spanien.

172 870 226 901 Die
243 871 358 906 Königin
376 870 445 901 reist
461 871 593 907 langsam;
614 871 646 906 sie
663 874 761 907 brachte
780 875 827 911 den
849 885 866 911 7
868 897 875 905 .
889 883 916 910 u.
927 884 944 910 8
948 897 954 905 .
964 878 1027 907 vct.

134 921 164 948 tu
175 915 316 946 vittoria
327 923 373 948 »u,
393 922 431 944 wo
443 914 475 947 sie
486 915 535 944 das
548 915 588 948 ihr
601 923 638 948 tu.
644 918 729 949 Ehkeo
742 920 923 954 veranstaltete
937 919 1028 950 Stier,

134 958 229 992 gefecbk
245 959 320 993 gleich
339 960 402 987 nach
418 958 478 987 dem
490 959 625 994 Fallendes
645 962 723 994 ersten
742 962 857 993 Stiers»
877 963 924 997 der
938 963 1031 998 vorher

136 1001 196 1035 fünf
215 1002 309 1036 Pferde
327 1001 440 1036 -elidtet
459 1002 561 1034 hatte,,
576 1002 690 1037 verließ»
717 1006 773 1035 und
792 1005 863 1036 nicht
878 1005 973 1037 wieder
991 1012 1030 1036 er«

137 1045 226 1078 schien.
265 1045 319 1078 Sie
338 1046 423 1075 wollte
444 1051 491 1073 am
503 1056 515 1074 »
520 1055 536 1072 0
539 1065 546 1074 .
566 1052 598 1077 rn
618 1047 752 1083 Zekada,
771 1056 814 1079 am
838 1057 927 1082 ,«.»«
945 1049 1031 1082 Luv»

135 1096 212 1125 goo,
234 1094 270 1117 wo
288 1087 363 1121 große
379 1088 513 1120 Anstalten
535 1088 564 1120 ju
580 1088 663 1122 ihrem
678 1091 829 1125 feverlichen
848 1094 977 1128 Empfang
990 1100 1030 1128 ge»

135 1136 217 1162 ma«l
232 1132 351 1162 wnrdeu,
371 1131 423 1161 und
439 1138 487 1160 am
499 1141 535 1160 20
539 1154 543 1160 .
558 1128 755 1166 wahrscheinlich
772 1143 802 1168 »u
820 1136 1030 1167 Madrid'ein«

135 1175 240 1210 treffen.
258 1189 293 1196 —
314 1174 364 1204 Ein
378 1174 499 1205 Cirkular
513 1174 558 1204 dis
569 1175 857 1212 Fiuanimiuisteriums
870 1178 969 1213 befrevt
981 1179 1033 1209 die«

133 1217 1033 1254 jenr»e»,«-lche«adrb»Utor,i,derevenürbarm-cheu>hktm

136 1260 231 1292 Ruhan
251 1267 300 1290 von
320 1257 446 1291 Getreide
466 1260 514 1295 auf
533 1266 549 1295 4
558 1276 567 1292 ,
587 1262 633 1292 dev
652 1262 856 1298 Fruchtbäumeu
868 1260 1033 1300 uuh.Weiu«

116 1311 126 1317 -
136 1304 214 1334 rede«
232 1303 279 1338 auf
299 1312 314 1338 7
322 1319 331 1335 ,
352 1303 397 1336 de»
416 1304 496 1333 Maul
502 1303 669 1336 beekbäumeo
689 1306 742 1342 auf.
754 1320 785 1337 ,2
796 1324 806 1339 ,
836 1307 882 1341 bep
900 1308 963 1338 Oel«
981 1308 1033 1337 «ud

125 1346 444 1382 -Zohannisbrodbäuwen
456 1347 504 1379 auf
515 1357 549 1375 20
569 1349 653 1383 Jahre
664 1350 859 1386 „mI,Horen.
891 1350 1033 1386 DerPapst

137 1391 184 1428 hat
203 1391 276 1426 dnrch
296 1390 337 1422 ein
357 1392 447 1421 Breve
470 1389 496 1419 in
518 1391 585 1423 diese
605 1393 792 1427 Verfügungen
812 1392 948 1428 gewilligt.

131 1448 137 1468 :
196 1466 201 1470 .
348 1437 377 1465 G
395 1440 409 1463 r
428 1441 443 1463 0
464 1433 478 1467 ß
498 1435 517 1467 d.
532 1441 546 1463 r
566 1435 583 1465 i.
597 1440 608 1464 t
628 1443 643 1464 a
662 1443 680 1465 0
698 1435 890 1469 nie».'/
928 1443 1016 1471 -7'/-'.

129 1494 135 1503 '
176 1481 326 1513 London,
353 1486 380 1515 r-
399 1481 462 1510 Ott.
500 1478 593 1514 Unsere
615 1482 678 1514 Lage
702 1478 766 1508 wird
785 1473 836 1509 mit
856 1478 939 1514 jedem
958 1480 1033 1515 Tagt

138 1523 315 1555 bedenklicher.
354 1524 413 1553 Der
417 1522 501 1556 Geist
517 1524 559 1551 der
570 1522 795 1556 Unrüfriedenheit
807 1524 861 1552 und
871 1524 913 1553 der
923 1521 1033 1557 Wunsch

137 1569 197 1598 nach
217 1566 288 1596 einer
310 1566 476 1598 Umwältung
495 1566 641 1597 verbreiten
665 1565 706 1601 sich
732 1567 823 1597 immer
845 1567 916 1600 wehr
939 1566 965 1596 in
986 1567 1034 1596 den

138 1610 247 1640 »ledern
257 1608 404 1642 Stünden;
424 1611 501 1638 Unter
521 1608 577 1637 dem
597 1611 687 1648 hakten
709 1611 791 1640 Druck
808 1610 851 1639 der
864 1611 975 1647 Zeiten,
994 1604 1034 1640 di«

139 1653 245 1688 sonders
263 1656 340 1682 unter
358 1652 400 1680 der
416 1649 522 1685 Menge
536 1658 584 1681 von
600 1653 718 1687 Abgaben
733 1653 879 1688 erliegend,
900 1654 979 1688 seuf»t
991 1654 1034 1684 der

139 1695 243 1730 größere
259 1695 337 1729 Theil
356 1695 400 1724 der
417 1694 519 1725 Ration
538 1698 595 1724 na»
616 1695 686 1725 einer
699 1697 906 1733 Veränderung,
926 1696 967 1727 die
981 1697 1034 1728 ihm

140 1739 332 1775 Erleichterung
353 1738 487 1773 gewähren
508 1738 563 1773 soll.
601 1737 696 1772 Dieser
714 1741 834 1773 Teydeut
852 1741 963 1771 arbeirer
982 1749 1034 1770 nun

128 1780 242 1815 -ßreylich
257 1783 298 1812 die
317 1782 468 1816 Regierung
483 1782 534 1811 mit
549 1782 630 1816 ihrem
647 1784 807 1818 Ungeheuern
827 1785 937 1819 Anhang
955 1784 1035 1817 heim¬

138 1824 185 1855 lich
205 1827 258 1856 und
280 1825 406 1859 öffentlich
424 1826 557 1860 entgegen.
599 1826 657 1856 Die
673 1827 788 1864 Whig»
797 1843 805 1858 »
827 1824 923 1857 denen'
939 1830 1034 1857 es-nur

1057 832 1233 866 scheinen-sich
1254 832 1383 866 bestimmt
1405 831 1562 863 entschieden
1586 839 1616 865 ru
1641 831 1722 863 haben
1742 845 1776 852 —
1798 830 1853 859 eine
1875 828 1952 864 große

1055 876 1160 909 Masse,
1190 877 1250 906 aber
1272 875 1328 908 doch
1339 904 1343 908 ,
1353 877 1411 906 noch
1436 875 1503 905 nicht
1522 875 1563 905 di«
1586 874 1676 910 größte
1700 888 1736 895 —
1762 873 1802 903 di«
1825 872 1952 908 Üebrige»

1055 920 1198 952 schwanken
1212 918 1328 952 »wischen
1346 918 1476 951 Loyalität
1496 919 1547 947 und
1562 918 1689 950 Reform»
1710 917 1822 951 mäßiger
1840 916 1956 949 Reform

1055 964 1105 992 und
1120 962 1363 994 Radikal.Refom«.
1402 959 1452 991 Eia
1469 962 1559 994 solcher
1571 954 1710 999 Zeitpunkt
1723 961 1811 996 mußte
1825 962 1952 993 kommen»

1054 1007 1103 1035 da-
1127 1011 1181 1036 war
1206 1005 1431 1041 vorausrusehen;
1459 1005 1503 1034 die
1528 1004 1693 1040 «nglücklite
1716 1003 1895 1039 Begebenheit
1921 1010 1954 1036 r»

1057 1047 1255 1085 Mnnchrstev
1270 1044 1357 1083 führte
1377 1048 1421 1082 ihn
1438 1054 1491 1080 nur
1506 1047 1596 1082 früher
1618 1048 1719 1081 herbe».
1738 1054 1745 1088 ;•
1757 1046 1954 1082 vnglückiichere

1055 1090 1130 1127 weise
1151 1095 1205 1123 kam
1229 1094 1272 1123 der
1291 1092 1492 1128 Friedeusbruch
1512 1098 1563 1120 von
1581 1090 1651 1120 einer
1665 1089 1763 1121 Seite»
1781 1096 1832 1120 von
1847 1090 1956 1119 welcher

1056 1140 1084 1166 er
1103 1136 1145 1166 nie
1165 1136 1238 1169 hätte
1258 1138 1371 1166 kommen
1396 1136 1491 1170 sollen!
1518 1133 1600 1165 Wäre
1622 1134 1666 1163 der
1691 1135 1753 1167 erste
1776 1133 1883 1169 Angriff
1902 1140 1952 1164 »0»

1056 1180 1138 1210 Seit«
1151 1181 1196 1218 d;r
1205 1180 1407 1214 Reformatoren
1420 1171 1717 1218 steschttzZst^-K^UWa
1718 1166 1803 1215 W-
1804 1182 1817 1205 a
1819 1178 1828 1206 l
1828 1179 1844 1212 g
1845 1184 1858 1212 e
1859 1185 1876 1207 »
1886 1180 1956 1211 «a»h

1056 1220 1367 1257 herschredensgewesen;
1399 1212 1454 1251 die-
1463 1219 1732 1256 Sigenthum-besitzer
1757 1220 1862 1249 würde»
1881 1219 1953 1249 davü

1057 1265 1165 1297 deutlich
1177 1266 1232 1299 Heu
1251 1265 1332 1302 Feind
1351 1266 1485 1296 erkannt»,
1500 1265 1552 1293 und
1568 1264 1642 1296 durch
1658 1263 1714 1294 eine
1730 1263 1832 1297 schnelle
1846 1263 1954 1299 Infam«

1057 1307 1233 1343 Mtuwirkung
1251 1307 1302 1339 mit
1317 1309 1361 1337 der
1385 1307 1552 1342 Me-ieruv-,
1572 1308 1636 1339 ohne
1653 1307 1701 1345 daß
1719 1308 1750 1336 eS
1765 1306 1854 1341 uölhig
1873 1308 1955 1341 gewt»

1058 1351 1221 1384 fe».wären,
1241 1350 1282 1382 die
1301 1350 1378 1386 Hand
1394 1350 1523 1384 derselben
1545 1357 1574 1382 »u
1591 1350 1704 1383 stärke»,
1723 1349 1775 1380 und
1795 1350 1859 1380 ohne
1877 1349 1954 1387 grxße

1054 1394 1162 1426 Mühe,
1190 1394 1236 1427 ihn
1255 1393 1333 1428 außer
1355 1394 1446 1423 Stand
1468 1394 1554 1428 gefetzt
1570 1395 1650 1426 haben
1674 1401 1702 1426 »n
1721 1394 1832 1429 schaden.
1883 1395 1955 1429 Jetzt

1057 1437 1118 1467 aber
1135 1436 1188 1472 sind
1204 1437 1246 1469 die
1254 1437 1456 1469 Reformatoren
1473 1436 1513 1466 die
1526 1437 1747 1472 Angegriffenen»
1766 1433 1793 1467 in
1810 1437 1887 1469 ihnen
1902 1435 1956 1473 sind

1057 1479 1098 1510 die
1112 1478 1222 1515 Gesetze
1239 1477 1406 1511 desLandes
1421 1480 1540 1515 verletzt,
1561 1482 1612 1509 und
1633 1481 1677 1509 der
1697 1481 1774 1517 Fürst
1794 1479 1889 1513 nimmt
1914 1477 1957 1511 die

1059 1524 1219 1553 Uebertreter
1239 1524 1265 1552 in
1286 1523 1390 1557 Schutz.
1408 1529 1411 1534 '
1428 1523 1529 1554 Welche
1548 1523 1712 1555 anscheinend
1727 1522 1957 1557 triftigeGründe

1059 1566 1100 1599 für
1122 1566 1162 1597 die
1182 1565 1410 1600 Rothweadigkeit
1432 1566 1503 1595 einer
1519 1564 1632 1600 Reform
1641 1584 1649 1597 ,
1678 1567 1733 1596 und
1751 1564 1839 1602 welche
1862 1561 1958 1601 aüsgt«

1061 1610 1142 1644 suchte
1157 1611 1256 1642 Mittel
1265 1627 1273 1641 ,
1294 1617 1338 1640 um
1354 1611 1430 1639 deren
1440 1611 1557 1645 Freunde
1575 1617 1605 1643 iu
1624 1611 1773 1644 vermehren
1782 1610 1789 1640 !
1809 1610 1878 1639 Aber
1893 1611 1955 1642 an»

1059 1655 1106 1688 auf
1128 1655 1172 1684 der
1192 1655 1287 1685 andern
1306 1654 1389 1684 Seite
1410 1653 1566 1686 hinwieder,
1602 1656 1690 1694 welche
1712 1651 1894 1691 llrsachenfür
1915 1652 1957 1684 die

1059 1697 1211 1733 Regierung
1221 1697 1296 1727 «ine»
1305 1695 1429 1734 Zuwachs
1439 1704 1472 1726 an
1481 1699 1614 1730 Machte«
1624 1697 1744 1732 fordern!
1764 1697 1852 1729 Schon
1864 1696 1956 1730 spricht
1961 1710 1970 1715 -

1061 1741 1100 1771 di«
1131 1740 1172 1771 ihr
1200 1741 1319 1775 ergebene
1340 1740 1424 1776 Presse
1451 1738 1503 1770 und
1532 1741 1574 1775 ihr
1593 1741 1695 1776 übriger
1717 1742 1826 1775 Anhang
1845 1738 1955 1772 deutlich

1059 1792 1108 1815 von
1122 1784 1205 1821 dieser
1217 1783 1446 1818 Roihwendigkeit
1454 1791 1464 1818 ;
1483 1785 1536 1815 und
1551 1787 1580 1815 es
1595 1785 1650 1820 gibt
1666 1785 1747 1815 leider
1762 1790 1812 1813 nur
1826 1784 1952 1816 »u-Viele,

1061 1829 1100 1858 die
1122 1829 1201 1858 daran
1219 1829 1329 1862 glauben
1343 1844 1352 1859 »
1370 1827 1443 1857 '«der
1466 1824 1521 1858 doch
1543 1835 1574 1862 »«
1594 1821 1712 1863 glauben'
1727 1828 1850 1861 scheinen.
1899 1823 1957 1857 Die

137 1875 184 1899 um
203 1870 308 1905 Einfluß
324 1877 358 1902 in
372 1870 435 1901 thuu
453 1869 566 1904 scheint,
586 1869 674 1904 suchen
693 1871 741 1899 den
761 1871 892 1905 wichtigen
909 1868 1051 1904 Moment'!
1061 1871 1154 1905 nächste
1171 1871 1430 1910 Parlamrutssitzung
1443 1871 1508 1901 wird
1519 1871 1625 1907 »eigen,
1645 1873 1676 1901 ob
1690 1871 1759 1906 diese
1773 1871 1958 1903 Subalterne»

137 1919 169 1946 »u
189 1912 305 1947 benutzen
317 1934 325 1947 ,
354 1919 399 1943 um
420 1919 459 1943 «0
481 1911 585 1948 möglich
609 1909 651 1945 sich
672 1912 765 1942 wieder
787 1912 832 1944 ins
853 1913 1036 1947 Ministerium
1062 1916 1110 1945 da«
1137 1916 1221 1948 wahre
1248 1916 1311 1948 Echo
1342 1914 1412 1951 ihrer
1437 1915 1544 1951 Ober»;
1562 1928 1598 1937 —
1617 1917 1691 1947 kaum
1712 1911 1779 1951 darf'
1794 1922 1854 1946 «an
1876 1914 1958 1945 dara«

133 1963 169 1989 »u
190 1954 338 2001 schwingen.
356 1970 364 1990 ^
377 1955 433 1987 Die
452 1957 537 1990 wahre
548 1955 670 1993 Frerheit
686 1957 816 1993 kann-hetz
837 1956 931 1990 diesem
942 1957 1039 1991 Kampf

139 1998 224 2032 »icht«
244 1997 395 2033 gewinnen,
413 2000 539 2035 vielmehr
557 1999 632 2031 droht
650 1999 689 2041 ihr
709 2000 894 2036 Vernichtung,
904 2002 1039 2032 von-alle»

140 2041 261 2073 Seiten»
280 2042 408 2071 entweder
425 2043 500 2074 durch
521 2044 645 2076 Anarchie
662 2044 721 2072 öder
738 2033 810 2074 durch
832 2043 1037 2076 Despotismus.

138 2085 223 2122 Zider
248 2084 433 2121 LngkSnbee
455 2086 546 2119 fühlt,
577 2088 625 2122 haß
654 2093 681 2117 er
711 2087 738 2117 in
770 2084 853 2122 dieser
872 2087 956 2122 Krisis
983 2088 1039 2119 eine

137 2129 237 2165 Parte»
257 2127 382 2164 ergreifen
403 2128 495 2163 müsse,
516 2130 581 2160 und-
591 2131 647 2168 doch
667 2131 751 2168 wissen
771 2131 812 2161 die
833 2131 1038 2168 «eiste»'nicht,

135 2216 250 2252 Das«»»
267 2222 320 2246 »vn
344 2216 389 2248 der
406 2215 708 2259 -ßs-r«mküstl«..HUe
731 2218 775 2251 der
797 2218 887 2254 Dinge
910 2218 1039 2258 abhängt«

138 2260 192 2296 «uh
212 2260 271 2299 die,
289 2261 379 2299 «eiche
397 2262 445 2298 auf
461 2261 533 2296 feine
546 2263 633 2300 Weist
655 2266 737 2297 etwa«
753 2272 784 2299 »u
803 2261 930 2298 »erliete»
947 2261 1038 2302 HM»,

1062 1958 1188 1993 »weistla.
1235 1980 1237 1982 ^
1255 1956 1315 1994 "7-
1333 1956 1419 2002 <i<-f
1430 1986 1432 1988 .
1444 1955 1521 1996 7K
1637 1964 1650 1991 7

1061 1991 1164 2050 DK
1211 2019 1220 2031 .
1357 2003 1447 2038 Fra
1465 2004 1547 2035 «kr
1566 2002 1664 2036 ei«.
1839 2018 1843 2028 .
1892 1997 1905 2003 "

1100 2047 1158 2077 Der
1176 2047 1347 2078 Moniteur
1367 2045 1438 2082 sagt,
1470 2046 1499 2077 in
1518 2045 1602 2077 einem
1621 2054 1670 2076 von
1690 2045 1742 2077 ihm
1766 2045 1835 2081 selbst
1850 2044 1963 2079 herrüh«

1064 2088 1158 2120 rendeu
1178 2089 1282 2121 Artikel
1300 2090 1354 2122 (als
1375 2096 1451 2120 wen»
1472 2096 1499 2120 er
1517 2090 1565 2123 auf
1586 2090 1635 2120 Ei«
1656 2089 1761 2125 ginge):
1805 2088 1884 2124 »Die
1904 2090 1961 2119 De«

1066 2132 1162 2167 satüss«
1181 2133 1225 2164 der
1244 2133 1418 2168 Deutschen
1433 2133 1737 2168 Bnadesversammlung
1754 2132 1815 2162 über
1833 2132 1874 2162 dir
1892 2132 1961 2164 Ce»«

138 2172 200 2205 auf,
208 2172 296 2205 «eich«
312 2171 394 2203 Seite
418 2170 451 2207 sie
468 2171 513 2207 sich
531 2174 641 2208 schlagen
660 2174 746 2207 sollen.
796 2168 858 2205 Riir
879 2174 936 2207 die,
946 2201 951 2206 .
957 2176 1046 2210 Here«-
1057 2173 1498 2211 -trastUntersuchnugskömmisst»»
1510 2177 1563 2207 «od
1577 2176 1618 2207 die
1633 2175 1807 2213 Preßanfsicht
1819 2175 1845 2205 in
1856 2173 1963 2210 sämmt»

2024 1764 2072 1788 'Vg-'

1063 2220 1144 2254 licht»
1159 2220 1332 2256 Deutschen
1342 2222 1484 2252 Staaten,
1503 2220 1611 2256 gehören
1627 2220 1764 2255 unstreitig
1782 2229 1812 2253 ,n
1825 2220 1874 2248 den
1890 2219 1963 2252 wich«

1064 2264 1155 2302 tigstta
1176 2264 1352 2302 Ereignisse»;
1383 2270 1428 2296 ««
1450 2261 1482 2301 sie
1503 2272 1534 2301 »«
1553 2264 1716 2301 beurlheiie»
1735 2264 1795 2300 darf
1810 2264 1869 2295 aber
1889 2261 1962 2295 keine

1999 2241 2033 2268 m
