2609 3484
2308 0 2369 22 BBC

219 82 509 113 Qor<iti*bc}aMmtft.

157 117 269 144 ZLbriicb
282 115 306 141 in
320 115 404 144 Zürich
417 113 526 140 Schwirl
548 114 565 137 8

153 150 199 178 2m
216 155 307 181 ftanzrn
328 147 467 178 Postravon
485 145 572 175 Zürich

221 181 305 212 franko
322 180 372 209 Krk.
384 182 399 206 9
418 180 468 211 Btz.
479 180 508 206 2.

1128 83 1260 159 Nr.
1298 84 1480 158 »58.

2143 83 2345 115 Bestellung»»

2033 118 2147 143 »»>-rqrn
2165 119 2214 142 alle
2233 120 2293 144 lobl.

2072 146 2414 182 VinrückungSaebühr:

2054 179 2104 206 Li»
2117 180 2249 217 Perirjrile
2263 188 2275 209 i
2288 185 2344 218 £rj.
2357 186 2377 208 Z
2397 186 2430 211 V.

472 264 848 408 Neue
920 261 2148 443 Zürcher-Zeitung.

143 554 456 620 Mittwoch

997 499 1385 548 Krrbenundzwanzigsttt
1414 499 1606 547 Jahrgang.

857 618 960 652 Druck
982 619 1047 651 und
1074 616 1195 660 Verlag
1219 621 1282 652 von
1307 614 1415 658 Orell,
1440 614 1539 655 Füßli
1561 616 1625 648 und
1648 615 1766 652 Komp.

1832 551 1909 601 den
1930 552 2025 599 *15.
2050 548 2308 613 September
2339 548 2495 599 1847.

559 781 878 827 Schweiz.

204 897 360 942 Zürich.
407 899 455 933 Es
480 898 544 942 gibt
568 897 771 940 konservative
794 897 936 937 Blätter,
965 895 1067 935 welche
1089 899 1121 930 es
1143 897 1199 930 den
1220 894 1293 929 libe¬

145 951 222 985 ralen
245 950 392 986 Blättern
416 951 570 996 gleichsam
593 960 662 991 zum
684 948 841 992 Vergehen
864 950 1038 989 anrechnen,
1061 957 1148 982 wenn
1170 948 1206 990 sie
1231 947 1290 981 Ar¬

145 1003 203 1038 tikel
226 1003 259 1037 in
282 1004 345 1045 ihre
367 1003 503 1042 Spalten
528 1003 719 1044 aufnehmen,
751 1002 852 1043 welche
874 1001 921 1035 die
944 1001 1065 1041 Ansicht
1088 999 1290 1041 aussprechen,

147 1060 173 1089 es
195 1059 312 1090 werden
336 1055 378 1090 die
402 1055 617 1098 Regierungen
640 1058 690 1088 der
712 1052 1072 1088 Sonderbundskantone
1094 1054 1125 1085 es
1147 1052 1226 1094 nicht
1241 1052 1296 1092 auf

146 1106 222 1141 einen
252 1108 349 1152 Krieg
385 1116 488 1149 wegen
524 1109 576 1141 des
610 1104 854 1140 Svnderbundes
888 1104 1070 1138 ankommen
1106 1103 1195 1145 lassen
1230 1105 1293 1137 und

146 1158 184 1193 die
214 1159 311 1203 Segel
341 1159 493 1202 streichen,
529 1158 586 1199 ehe
618 1158 663 1192 die
694 1158 847 1193 Kanonen
869 1159 1008 1191 donnern
1068 1155 1172 1196 Durch
1203 1155 1293 1197 solche

146 1209 252 1245 Artikel
276 1212 364 1246 wolle
387 1221 461 1246 man
484 1210 680 1253 denjenigen,
717 1209 821 1249 welche
851 1208 1005 1251 angreifen
1035 1206 1161 1249 sollten,
1194 1206 1292 1245 Muth

147 1263 334 1306 einsprechen.
393 1263 476 1305 Nach
511 1264 560 1297 der
590 1261 745 1304 Meinung
780 1261 887 1302 solcher
921 1259 1139 1296 konservativer
1172 1259 1294 1293 Blätter

147 1317 219 1349 wäre
243 1320 274 1350 es
299 1317 437 1357 demnach
461 1315 539 1355 nicht
564 1313 696 1354 erlaubt,
731 1311 954 1357 anzunehmen,
987 1311 1045 1352 daß
1069 1312 1100 1344 in
1124 1309 1294 1345 decksSon-

147 1367 444 1404 derbundskantonen
469 1370 563 1401 etwas
587 1366 747 1405 Vernunft
769 1374 805 1409 zu
827 1364 928 1406 Hause
951 1363 1004 1406 sei;
1028 1363 1101 1404 diese
1123 1362 1295 1402 Konserva¬

147 1420 220 1454 tiven
242 1422 404 1464 verlangen
427 1426 489 1453 von
513 1422 586 1459 uns,
609 1418 667 1458 daß
691 1417 749 1451 wir
771 1419 817 1451 die
839 1415 1094 1450 Sonderbündler
1110 1415 1218 1455 sammt
1233 1421 1295 1447 und

148 1472 263 1510 sonders
289 1473 340 1514 für
362 1471 417 1507 toll
440 1473 503 1505 und
536 1469 663 1504 verrückt
692 1469 805 1513 halten.
862 1468 957 1502 Denn
989 1466 1045 1502 toll
1075 1468 1136 1499 und
1168 1466 1296 1501 verrückt

148 1525 264 1566 müßten
286 1525 323 1568 sie
346 1524 423 1568 sein,
462 1531 549 1557 wenn
581 1523 614 1564 sie
638 1520 802 1565 gegenüber
824 1523 873 1555 der
898 1519 1187 1563 Eidgenossenschaft
1210 1519 1294 1553 einen

148 1576 261 1618 Kampf
280 1577 337 1611 mit
360 1575 541 1621 glücklichem
565 1574 675 1617 Erfolg
699 1582 734 1614 zu
757 1572 886 1615 bestehen
910 1572 1034 1614 hofften.
1081 1571 1185 1605 Wenn
1207 1571 1295 1614 gleich

148 1628 186 1663 die
216 1627 558 1664 Sonderbundsblättcr
588 1629 671 1660 dann
700 1626 762 1659 und
793 1632 885 1658 wann
911 1625 966 1664 auf
988 1626 1043 1658 den
1066 1623 1294 1667 Kappelerkrieg

149 1687 202 1715 von
227 1683 310 1717 1531
335 1684 397 1716 und
422 1683 477 1714 den
499 1678 761 1722 Villmergerkrieg
786 1682 850 1712 von
877 1676 960 1711 1656
985 1675 1204 1717 triumphirend
1228 1675 1295 1716 Hin¬

148 1734 244 1775 weisen
276 1735 341 1768 und
369 1734 425 1770 auf
458 1731 529 1773 diese
556 1732 613 1764 mit
641 1730 825 1772 glücklichem
855 1729 984 1771 Erfolge
1007 1728 1164 1770 geführten
1187 1727 1296 1769 Kriege

150 1784 196 1826 hin
216 1784 318 1828 schöne
339 1784 544 1828 Hoffnungen
568 1783 617 1824 für
639 1781 772 1823 künftige
794 1780 904 1822 Kriege
928 1780 1042 1819 bauen,
1077 1779 1107 1820 so
1136 1777 1237 1821 wissen
1261 1779 1295 1821 sie

149 1838 287 1882 dennoch,
327 1838 384 1881 daß
414 1836 446 1870 in
470 1837 555 1877 jenen
580 1834 650 1879 zwei
673 1831 802 1876 Kriegen
826 1836 857 1867 es
879 1831 926 1866 die
949 1832 1021 1874 fünf
1040 1830 1121 1865 Orte
1144 1831 1294 1874 eigentlich

148 1897 203 1924 uur
224 1891 281 1926 mit
305 1890 428 1926 einem
450 1888 594 1923 Kantone
619 1897 653 1928 zu
678 1885 754 1929 thun
778 1884 878 1928 hatten
902 1900 943 1908 —
976 1886 1033 1917 das
1058 1884 1119 1917 eine
1143 1883 1217 1917 Mal
1240 1883 1296 1917 mit

148 1939 261 1986 Zürich,
285 1944 341 1978 das
365 1943 471 1976 andere
493 1939 552 1973 mit
575 1938 673 1973 Bern.
718 1938 775 1976 Im
799 1936 894 1978 Jahre
913 1936 996 1970 1712
1011 1935 1109 1978 schlug
1126 1936 1194 1969 aber
1209 1935 1294 1969 Bern

150 1993 231 2029 allein
254 1995 300 2030 die
323 1994 395 2035 fünf
415 1992 504 2027 Orte.
563 1991 636 2025 Das
667 1989 769 2024 waren
793 1986 1100 2032 Bürgerkriege.
1162 1988 1222 2022 So
1247 1997 1295 2030 ge¬

147 2045 250 2086 staltete
280 2048 334 2092 sich
365 2047 437 2088 auch
468 2047 518 2078 der
549 2042 814 2086 Freischaarenzug
844 2045 908 2076 von
945 2040 1039 2076 1845.
1099 2038 1196 2083 Jetzt
1226 2039 1297 2082 steht

147 2098 239 2141 jedoch
272 2103 339 2135 dem
375 2096 605 2133 Sonderbunde
637 2096 697 2138 die
736 2103 857 2138 ganze
895 2092 1296 2136 Eidgenossenschaft

149 2157 301 2197 entgegen,
335 2156 412 2188 denn
447 2150 615 2192 Basclstadt
638 2151 699 2183 und
723 2147 909 2191 Neuenburg
934 2147 1051 2181 werden
1076 2146 1169 2180 einem
1195 2147 1296 2182 Trup¬

148 2207 359 2250 penaufgebote
381 2207 430 2239 der
457 2203 646 2245 Tagsatzung
670 2202 700 2242 so
725 2206 779 2243 gut
803 2198 897 2243 Folge
921 2209 957 2243 zu
980 2197 1078 2239 leisten
1109 2197 1204 2239 haben
1234 2201 1296 2232 und

147 2255 250 2300 leisten,
272 2260 322 2294 als
346 2258 433 2293 Bern
455 2257 517 2289 und
533 2254 654 2295 Zürich.
702 2251 796 2296 Jetzt
818 2251 937 2294 handelt
954 2255 985 2286 es
1002 2250 1054 2294 sich
1072 2252 1189 2289 darum,
1213 2251 1296 2284 einen

150 2309 284 2354 Aufruhr
317 2321 351 2355 zu
389 2308 550 2348 dämpfen;
588 2308 653 2341 dem
688 2304 799 2339 Bunde
833 2303 888 2346 soll
926 2303 971 2337 die
1009 2302 1296 2345 Eidgenossenschaft

150 2360 280 2408 Geltung
305 2361 489 2404 verschaffen.
558 2359 667 2393 Einen,
707 2358 730 2391 T
748 2367 764 2390 a
780 2367 798 2400 g
812 2357 851 2398 sa
864 2360 947 2400 tzun
962 2365 979 2398 g
994 2359 1009 2391 s
1023 2355 1153 2397 beschluß
1192 2354 1299 2395 wohnt

148 2414 207 2448 eine
239 2417 345 2458 Macht
381 2416 472 2454 inne,
510 2411 613 2453 welche
650 2410 887 2454 wegzuläugnen
928 2412 990 2441 und
1029 2407 1297 2451 wegzudisputiren

146 2475 216 2501 man
249 2467 407 2513 vergeblich
447 2463 569 2504 bemüht
607 2464 649 2505 ist.
706 2462 795 2504 Diese
833 2461 940 2502 Macht
978 2459 1053 2494 wird
1092 2460 1143 2501 sich
1183 2458 1311 2503 geltend'

147 2521 271 2561 machen.
317 2519 458 2561 Umsonst
487 2516 639 2557 versuchen
670 2519 701 2550 es
731 2516 775 2548 die
807 2513 924 2555 Führer
955 2514 1006 2547 des
1040 2511 1297 2550 Sonderbundes,

145 2570 187 2605 die
217 2572 324 2613 Zeiten
355 2577 405 2608 der
439 2568 699 2611 Religionskriege
735 2566 841 2601 wieder
879 2563 1226 2609 heraufzubeschwören;
1263 2565 1299 2607 sie

145 2625 256 2668 müssen
294 2626 327 2660 in
365 2626 472 2665 lichten
517 2619 733 2664 Augenblicken
770 2617 924 2660 einsehen,
971 2616 1049 2657 daß,
1094 2624 1183 2650 wenn
1229 2617 1300 2656 einst

146 2678 205 2711 eine
234 2678 388 2723 gesetzliche
421 2670 775 2719 Tagsatzungsmehrheit
805 2670 866 2705 eine
897 2669 1068 2705 Erekution
1098 2671 1148 2703 des
1182 2667 1298 2711 Aufhe¬

146 2727 419 2774 bungsbeschlusses
443 2727 601 2769 beschließt,
625 2725 687 2765 ihre
703 2721 854 2765 Stellung
877 2722 922 2756 die
939 2729 1001 2756 von
1026 2720 1222 2765 Aufrührern
1238 2724 1299 2755 und

145 2782 200 2815 mit
223 2782 300 2817 allen
325 2784 381 2817 den
404 2781 562 2822 Gefahren
585 2777 753 2813 verbunden
777 2775 837 2816 sein
859 2774 954 2814 wird,
991 2774 1095 2814 welche
1126 2773 1188 2808 eine
1209 2774 1300 2815 solche

146 2832 295 2879 Stellung
321 2835 379 2870 mit
402 2833 455 2876 sich
478 2832 600 2875 bringt;
639 2831 672 2874 sie
695 2828 808 2870 müssen
833 2826 984 2869 einsehen,
1021 2827 1080 2868 daß
1103 2827 1149 2860 ein
1173 2826 1299 2870 einziger

143 2885 259 2931 Schlag
282 2888 340 2922 mit
361 2887 456 2922 einem
480 2885 569 2919 Male
590 2884 635 2926 ihr
650 2884 770 2927 ganzes,
796 2879 933 2922 mühsam
949 2878 1175 2920 aufgerichtetes
1193 2879 1298 2922 Trug¬

143 2938 219 2972 werk
238 2942 457 2984 zertrümmern
480 2937 578 2976 kann,
611 2936 827 2980 zertrümmern
847 2932 943 2973 wird,
975 2939 1065 2964 wenn
1086 2929 1165 2972 nicht
1188 2932 1299 2975 eigent¬

143 2990 211 3034 liche
235 2992 375 3027 Wunder
397 2990 488 3029 ihnen
513 2999 549 3033 zu
572 2989 665 3029 Hülfe
690 2988 837 3023 kommen.

207 3043 269 3078 Die
299 3043 555 3078 Sonderbündler
581 3042 709 3082 scheinen
741 3040 811 3074 aber
842 3037 926 3077 mehr
957 3036 1013 3079 auf
1034 3035 1079 3069 die
1103 3034 1300 3079 gewöhnliche

143 3094 237 3136 Hülfe
259 3105 296 3138 zu
319 3096 428 3136 bauen,
451 3098 530 3128 denn
553 3093 588 3135 sie
611 3093 704 3135 lassen
725 3092 822 3133 nichts
846 3090 1034 3132 unversucht,
1060 3097 1112 3123 um
1136 3088 1179 3122 die
1195 3087 1300 3129 Zwöl-

146 3146 335 3190 fermehrheit
356 3157 392 3192 zu
415 3148 541 3189 spalten.
589 3145 674 3187 Noch
698 3143 805 3179 immer
828 3143 930 3185 hoffen
954 3143 999 3182 fie,
1024 3145 1055 3176 es
1080 3139 1191 3183 möchte
1211 3142 1302 3184 ihnen

144 3199 292 3243 gelingen,
315 3199 348 3233 in
369 3199 474 3238 diesem
497 3201 567 3232 oder
588 3198 686 3240 jenem
707 3195 849 3229 liberalen
872 3194 1019 3229 Kantone
1042 3186 1127 3228 einen
1154 3194 1302 3229 Ereku-

143 3250 399 3295 tionsbeschluß
432 3260 471 3295 zu
500 3249 691 3293 verhindern.
746 3245 832 3280 Bald
862 3246 932 3289 geht
960 3249 993 3281 eS
1023 3246 1083 3286 auf
1104 3245 1160 3280 St.
1178 3246 1302 3289 Gallen,

1335 743 1404 778 bald
1428 743 1485 784 auf
1505 742 1715 777 Graubünden
1739 742 1801 777 los.
1818 760 1823 767 -
1851 741 1935 776 Bald
1959 741 2036 785 hofft
2058 752 2132 776 man
2155 742 2310 781 Kantone,
2341 741 2385 776 die
2408 741 2497 784 schon

1335 804 1389 839 zur
1417 793 1584 830 Erekution
1608 793 1756 837 gestimmt
1777 793 1892 836 haben,
1919 794 2027 828 wieder
2047 796 2149 828 davon
2172 792 2390 838 abzubringen.
2447 791 2495 830 In

1335 846 1438 889 diesem
1462 846 1566 880 Sinne
1588 845 1663 879 wird
1681 844 1839 886 besonders
1854 848 1903 879 der
1918 845 2049 879 Kanton
2065 845 2165 888 Tessin
2187 844 2354 880 bearbeitet.
2400 844 2498 888 Mehr

1336 899 1406 932 oder
1427 898 1558 941 weniger
1579 906 1666 940 regen
1690 897 1742 940 sich
1765 897 1809 930 die
1832 896 2071 938 Konservativen
2095 897 2126 931 in
2150 896 2226 931 allen
2243 896 2387 931 liberalen
2408 896 2498 931 Kan¬

1336 955 1427 985 tonen
1452 959 1488 994 zu
1512 949 1650 990 Gunsten
1672 951 1724 983 des
1749 948 2006 984 Svnderbundes.
2051 948 2113 982 Die
2136 947 2271 987 Freunde
2288 950 2338 982 der
2355 948 2499 983 Sonder¬

1337 1002 1461 1036 bündler
1496 1002 1527 1035 in
1558 1003 1612 1036 den
1642 1000 1784 1035 liberalen
1814 1001 1981 1035 Kantonen
2014 1000 2073 1040 sind
2105 1000 2168 1042 sehr
2190 1000 2325 1042 bemüht,
2365 1000 2419 1043 sich
2440 1002 2497 1035 den

1336 1054 1408 1094 HH.
1425 1054 1640 1097 Siegwart
1662 1054 1724 1087 und
1746 1053 1863 1092 Komp,
1880 1052 2000 1095 nützlich
2022 1062 2058 1096 zu
2082 1053 2226 1093 ermessen.
2287 1052 2352 1087 Wo
2376 1057 2408 1086 es
2431 1058 2496 1087 Nur

1337 1106 1440 1149 irgend
1463 1105 1584 1149 angeht,
1617 1105 1694 1138 wird
1717 1106 1879 1148 gepredigt,
1912 1103 2048 1146 geeifert,
2080 1104 2234 1147 gewühlt,
2262 1113 2316 1138 um
2337 1107 2396 1138 das
2420 1104 2499 1139 Bild

1338 1158 1416 1192 einer
1429 1160 1615 1201 getrennten,
1632 1156 1831 1199 gespaltenen,
1841 1155 1937 1199 wenig
1952 1166 1987 1200 zu
2004 1156 2189 1199 fürchtenden
2204 1155 2348 1190 liberalen
2355 1156 2498 1202 Schweiz

1338 1220 1374 1254 zu
1396 1210 1518 1244 Stande
1542 1219 1579 1251 zu
1606 1208 1743 1251 bringen.

1402 1261 1504 1305 Ginge
1536 1265 1567 1295 es
1599 1262 1668 1299 nach
1700 1264 1764 1294 dem
1795 1259 1911 1294 Willen
1941 1259 2030 1301 dieser
2057 1260 2172 1299 Herren
2191 1285 2200 1301 ,
2232 1259 2281 1293 ein
2314 1259 2503 1303 eigentlicher

1338 1313 1538 1356 Bürgerkrieg
1570 1312 1666 1353 dürfte
1690 1311 1777 1345 kaum
1802 1310 1989 1346 ausbleiben.
2039 1311 2111 1346 Das
2136 1311 2241 1355 einige,
2265 1311 2390 1353 kräftige
2414 1311 2497 1353 Auf¬

1339 1370 1430 1399 treten
1453 1367 1502 1399 der
1533 1364 1674 1399 liberalen
1704 1364 1863 1401 Kantone,
1903 1363 1948 1397 die
1979 1363 2041 1407 jetzt
2070 1363 2115 1397 die
2146 1363 2503 1407 Tagsatzungsmehrheit

1339 1416 1449 1459 bilden,
1473 1417 1572 1460 schützt
1595 1426 1647 1450 am
1668 1416 1812 1458 sichersten
1834 1420 1895 1450 vor
1908 1413 2127 1458 Bürgerkrieg,
2151 1415 2321 1458 überhaupt
2334 1423 2392 1450 vor
2405 1417 2501 1457 jedem

1340 1469 1576 1512 Waffenkampf.
1639 1468 1711 1502 Nur
1737 1468 1835 1502 indem
1858 1469 1903 1501 die
1925 1465 2077 1501 Liberalen
2101 1467 2172 1502 aller
2195 1467 2345 1502 Nüancen
2371 1469 2422 1512 sich
2444 1478 2501 1503 um

1339 1521 1384 1554 die
1407 1521 1594 1565 Tagsatzung
1619 1521 1764 1561 schaaren,
1795 1519 1872 1553 wird
1897 1522 1927 1553 cs
1953 1518 2102 1562 möglich,
2132 1520 2189 1560 daß
2212 1520 2257 1554 die
2281 1519 2502 1563 obschwebende

1340 1571 1437 1616 Frage
1461 1573 1538 1615 ohne
1562 1573 1704 1615 Schwert
1727 1570 1826 1614 gelöst
1849 1573 1966 1606 werden
1989 1569 2094 1606 könne.
2154 1571 2245 1607 Wird
2270 1572 2338 1607 aber
2362 1573 2432 1615 auch
2455 1572 2502 1608 die

1340 1623 1543 1668 Anwendung
1567 1629 1631 1660 von
1654 1623 1891 1667 Waffengewalt
1911 1622 2117 1666 nothwendig,
2143 1624 2174 1662 so
2192 1624 2266 1666 muß
2284 1624 2330 1658 ein
2345 1630 2408 1659 von
2422 1625 2504 1660 einer

1340 1677 1457 1721 einigen
1479 1678 1623 1711 liberalen
1647 1675 1785 1719 Schweiz
1810 1674 1964 1719 geführter
1985 1675 2107 1716 Kampf
2127 1675 2195 1711 bald
2218 1676 2330 1717 enden,
2355 1676 2498 1719 während

1339 1737 1430 1765 unter
1451 1729 1529 1763 allen
1552 1732 1665 1762 andern
1689 1728 1873 1768 Umständen
1894 1729 1944 1760 der
1967 1726 2089 1767 Kampf
2108 1727 2170 1761 eine
2190 1727 2262 1761 weit
2284 1728 2431 1769 ernstere,
2450 1739 2504 1773 ge¬

1341 1780 1511 1825 fährlichere
1535 1779 1652 1823 Gestalt
1674 1778 1844 1820 annehmen
1866 1780 1977 1814 würde.
2035 1778 2113 1814 Wer
2133 1780 2272 1820 demnach
2297 1781 2352 1814 den
2376 1780 2504 1820 Frieden

1341 1833 1472 1873 ernstlich
1495 1831 1569 1871 will,
1602 1831 1774 1873 unterstütze
1804 1831 1877 1874 nach
1900 1831 2032 1872 Kräften
2053 1830 2097 1865 die
2119 1830 2344 1875 Bestrebungen
2368 1833 2418 1867 der
2439 1840 2503 1869 von

1340 1886 1428 1920 Bern
1451 1883 1681 1928 heimgekehrten
1706 1881 1853 1917 liberalen
1878 1882 2061 1924 Gesandten.
2107 1883 2187 1922 Hüte
2201 1883 2252 1925 sich
2270 1884 2349 1925 jeder
2371 1883 2504 1921 Liberale

1340 1940 1444 1978 davor,
1468 1935 1629 1980 irgendwie
1652 1935 1826 1978 denjenigen
1851 1935 1883 1969 in
1908 1935 1952 1969 die
1975 1936 2082 1974 Hände
2106 1945 2140 1979 zu
2165 1934 2307 1975 arbeiten,
2330 1936 2434 1977 welche
2457 1937 2505 1972 die

1341 1990 1459 2025 liberale
1482 1989 1619 2032 Schweiz
1644 1988 1690 2021 als
1718 1988 1867 2030 gespalten
1891 1989 1952 2022 und
1977 1988 2153 2031 unschlüssig
2176 1988 2328 2029 darstellen
2352 1988 2500 2032 möchten,

1342 2053 1395 2077 um
1418 2045 1483 2076 dem
1506 2040 1718 2076 Sonderbund
1741 2040 1841 2081 Muth
1867 2038 2075 2083 einzuflößen!
2102 2039 2237 2074 Bedenke
2261 2042 2336 2080 jeder
2359 2040 2504 2084 Liberale,

1341 2096 1398 2135 daß
1421 2094 1530 2134 Feinde
1552 2098 1602 2127 der
1625 2091 1741 2136 jetzigen
1765 2091 1925 2135 Ordnung
1949 2093 1997 2125 der
2022 2091 2126 2133 Dinge
2149 2092 2206 2132 auf
2227 2093 2276 2126 der
2300 2091 2395 2127 Lauer
2410 2094 2505 2136 stehen

1342 2151 1404 2181 und
1428 2149 1506 2187 jedes
1531 2145 1740 2186 unbesonnene
1764 2144 1860 2178 Wort
1883 2142 2006 2188 gehörig
2029 2153 2064 2188 zu
2089 2143 2299 2184 mißbrauchen
2321 2145 2411 2180 bereit
2427 2146 2503 2188 find.

1343 2199 1419 2235 Wer
1442 2203 1495 2233 den
1520 2197 1645 2236 Frieden
1668 2196 1744 2237 will,
1766 2197 1842 2238 rüste
1866 2197 1917 2239 sich
1940 2205 2009 2239 zum
2038 2195 2147 2239 Krieg!

1407 2303 1572 2347 Luzern.
1617 2300 1663 2337 In
1698 2301 1831 2341 welchem
1864 2299 1971 2334 Sinne
2000 2300 2044 2334 die
2071 2300 2247 2344 Regierung
2271 2301 2326 2335 den
2355 2301 2507 2346 eidgenös¬

1345 2357 1446 2398 sischen
1479 2355 1594 2398 Bettag
1629 2353 1748 2397 gefeiert
1778 2353 1877 2395 wissen
1909 2351 1994 2394 will,
2032 2352 2107 2396 zeigt
2139 2354 2274 2396 folgende
2300 2354 2399 2388 Stelle
2423 2355 2506 2396 ihres

1344 2407 1445 2450 jüngst
1468 2407 1627 2449 erlassenen
1652 2405 1810 2444 Aufrufes.
1875 2403 1991 2440 »Beten
2026 2403 2117 2445 sollen
2145 2405 2203 2439 wir
2226 2405 2278 2444 für
2301 2407 2356 2440 den
2380 2404 2507 2444 Frieden

1344 2463 1395 2494 des
1420 2459 1637 2498 Vaterlandes,
1660 2459 1740 2499 nicht
1764 2457 1814 2497 für
1837 2455 1964 2494 Frieden
1988 2456 2045 2491 mit
2066 2458 2132 2490 dem
2148 2457 2285 2499 Unrecht,
2309 2458 2438 2500 sondern
2454 2461 2506 2501 für

1345 2513 1428 2547 einen
1457 2513 1513 2553 auf
1535 2510 1690 2553 Religion,
1717 2508 1877 2552 Wahrheit
1901 2509 1964 2543 und
1987 2508 2082 2550 Recht
2098 2509 2251 2552 ruhenden
2267 2508 2404 2547 Frieden.
2442 2512 2520 2550 Ge-,

1345 2569 1425 2599 treue
1457 2564 1528 2599 liebe
1566 2561 1760 2604 Mitbürger!
1799 2561 1910 2599 Unsere
1943 2560 2147 2604 ehrwmdige,
2186 2561 2509 2608 fünfhundertjährige

1346 2614 1632 2660 Eivgenossenschaft
1662 2614 1697 2657 ist
1729 2612 1762 2647 in
1795 2612 1851 2656 sich
1885 2612 2016 2656 getheilt.
2076 2611 2182 2657 Gegen
2213 2613 2266 2648 die.
2288 2614 2432 2650 Gründer
2451 2618 2509 2652 des

1347 2667 1630 2712 Schweizerbundes
1653 2664 1750 2708 haben
1773 2666 1824 2707 sich
1848 2667 1973 2709 jüngere
1996 2665 2194 2709 Eidgenossen
2218 2667 2275 2705 ans
2300 2666 2390 2701 einem
2409 2667 2506 2707 feind¬

1346 2722 1450 2764 seligen
1476 2719 1543 2760 Fuß
1568 2717 1710 2761 erhoben,
1741 2718 1866 2761 jüngere
1891 2717 2092 2760 Eidgenossen
2116 2717 2257 2752 erlauben
2279 2718 2329 2761 sich
2354 2718 2508 2765 Eingriffe

1347 2774 1380 2809 in
1402 2775 1445 2808 die
1468 2770 1699 2807 Souveränität
1722 2773 1771 2805 der
1795 2770 1895 2805 älter«
1920 2770 2053 2809 Stünde,
2077 2770 2180 2810 welche
2204 2770 2264 2813 ihre
2286 2770 2512 2819 Unabhängig¬

1346 2827 1399 2861 keit
1422 2828 1477 2860 mit
1501 2825 1571 2860 Gut
1595 2824 1656 2858 und
1679 2822 1762 2857 Blut
1777 2823 1828 2863 seit
1844 2821 2091 2864 Jahrhunderten
2108 2823 2270 2864 verfochten
2285 2821 2399 2865 haben;
2423 2825 2513 2871 selbst:

1346 2879 1402 2915 auf
1423 2878 1532 2920 unfern
1553 2885 1615 2911 von
1639 2879 1694 2910 den
1721 2876 1841 2911 Vätern
1866 2875 1995 2910 ererbten
2019 2874 2162 2909 Glauben
2179 2873 2329 2916 geschehen
2347 2874 2491 2922 Angriffe
2499 2890 2515 2922 x

1346 2931 1448 2969 unsere
1480 2929 1641 2965 kantonale
1675 2931 1739 2963 und
1772 2926 1991 2971 konfessionelle
2029 2924 2304 2968 Selbstständigkeit
2336 2928 2414 2964 wird
2445 2938 2510 2967 von

1347 2983 1425 3017 einer
1449 2980 1698 3017 Bundeswillkür
1722 2980 1856 3020 bedroht.
1900 2979 1971 3015 Der
1994 2977 2116 3016 Frieden
2140 2977 2246 3018 scheint
2270 2983 2329 3015 aus
2354 2983 2411 3016 den
2433 2984 2513 3023 Her¬

1348 3044 1398 3080 zen
1422 3041 1471 3069 der
1494 3033 1694 3079 Eidgenossen
1719 3033 1877 3078 gewichen.
1924 3032 1995 3065 Das
2019 3028 2053 3070 ist
2067 3030 2119 3063 des
2135 3027 2345 3067 Vaterlandes
2363 3035 2509 3079 Unglück.

1348 3087 1459 3128 Flehen
1481 3089 1539 3123 wir
1560 3087 1652 3131 daher
1675 3096 1712 3131 zu
1736 3085 1826 3127 Gott,
1850 3085 1907 3124 daß
1932 3092 1962 3115 er
1984 3084 2036 3115 den
2060 3079 2190 3117 Lenkern
2211 3084 2330 3119 unserer
2345 3086 2513 3133 Miteidge¬

1347 3141 1450 3185 nossen
1471 3144 1527 3176 den
1549 3140 1729 3185 Rechtssinn
1752 3138 1858 3172 wieder
1878 3133 1997 3176 schenke,
2030 3134 2114 3168 dann
2137 3135 2214 3171 wird
2239 3140 2312 3181 auch
2334 3140 2384 3174 der
2406 3141 2508 3184 wahre

1349 3193 1472 3232 Frieden
1495 3194 1528 3229 in
1550 3194 1594 3228 die
1617 3187 1862 3231 wunderschönen
1885 3185 1995 3221 Gauen
2019 3189 2071 3221 des
2085 3186 2367 3235 Schweizerlandes
2383 3192 2508 3230 wirder-

1347 3247 1452 3291 kehren
1474 3248 1537 3281 und
1557 3246 1605 3280 die
1628 3239 1916 3285 Eidgenossenschaft
1938 3238 2072 3280 erhalten
2093 3243 2245 3279 werden.«
