3989 5551
310 184 494 235 Freitag,
522 186 561 228 1.
579 187 744 237 Januar
762 187 880 229 1937
929 190 1050 233 Blatt
1079 193 1099 233 !
1601 192 1672 230 Der
1696 191 1836 239 Zürcher
1861 191 2008 240 Zeitung
2037 193 2119 231 158.
2133 192 2313 237 Jahrgang
3015 193 3429 245 Neujahrsausgabe
3466 195 3520 233 .J®
3540 194 3564 234 1

275 256 1051 633 Neue
1147 258 2331 649 Zürcher
2403 258 3427 651 Zeituu

796 667 1602 750 .und
1632 661 2010 745 schweizerisches
2040 661 2390 743 Handrlsblatt
3270 714 3350 770 »?■
3472 745 3502 747 -

313 749 383 775 Durch
394 752 610 779 dl-AuMr-g»in«
621 756 685 780 tz-u,
695 757 1013 782 „bracht.SJO
1051 758 1096 777 8.00
1135 759 1191 778 10.20
1233 754 1289 788 Sl.-
1709 755 1873 788 Tälllick
1902 756 1928 788 3
1957 743 2184 789 AusaabtN
2600 744 2676 767 Eofal«
2690 745 2771 770 StWa
2781 745 2976 773 u-mpftWtmflm
3003 759 3010 765 .
3037 749 3295 768 ..50
3307 748 3350 772 «p.

274 779 381 807 «chwrlz
395 782 517 809 Dtüellung
533 785 589 806 beim
604 785 1013 811 Posibureau.3.30
1136 788 1193 808 i«jo>
1231 802 1235 807 ,
1234 790 1256 809 12
1255 798 1288 810 ._
1710 776 1740 789 *
1775 781 1795 796 ’
1840 776 1872 796 ^
2055 776 2075 796 s
2600 781 2714 806 «uzrlgen
2729 780 2896 805 -«»ILndischen
2911 780 3295 806 Ariprun,».7»
3307 783 3351 807 <Kp.

310 811 386 836 »e.iufl
402 814 466 834 unter
482 813 646 837 «Drloatabrefje
665 816 817 837 (Stretfbanb)
852 830 855 833 .
873 830 876 833 .
894 830 898 834 .
927 817 937 840 .
1038 817 1062 836 11
1062 817 1095 836 JO
1132 818 1189 837 22.50
1365 814 1502 834 «ebofH»«
1510 818 1535 834 «t.
1545 813 1703 838 «JpeMrte«!
1719 812 1885 836 ^«Umftr.U
2096 814 2230 838 »»ethrfkr.
2238 814 2283 837 I«,
2291 815 2405 839 Postscheck
2422 813 2533 840 VNI/3I44
2597 815 2716 836 ReNmnen
2729 819 2769 839 per
2782 815 3293 841 Zeile.Fr.
3305 817 3352 837 2jo

273 836 296 856 W
296 837 329 857 “*
330 838 339 857 ,
340 839 534 887 “nbÄ?f.
527 845 539 860 r
547 840 690 888 üf«*?dV
691 855 698 862 -
700 867 714 887 b
715 871 726 887 t
728 866 758 887 l«
763 842 771 863 ,
771 840 910 889 VoX«^
1358 847 1642 872 Für,-rqe.«b.ett»»g>
1653 846 1766 869 Postscheck
1775 845 1886 867 VI,1/50«
1937 848 2344 873 «b«.uis»-a.u-Dhe-.erstr.».
2359 864 2375 873 ..
2422 846 2520 874 V11I/64S
2761 859 3063 883 «nn°n-.«.Ab..Uung.
3077 860 3221 884 X*„«er«r.
3232 860 3259 884 ».
3273 858 3386 884 Postscheck
3395 860 3437 880 «r.
3447 859 3565 883 XIII/,761

308 887 384 913 *«,»«
398 890 463 911 unter
476 890 641 913 Privatadresse
655 891 809 913 (Strelsdund)
930 907 938 915 .
966 893 1010 913 OJO
1036 894 1060 913 18
1061 903 1092 913 .—
1130 895 1186 915 31.50
1224 897 1250 916 08
1250 905 1282 916 .—
1514 886 1689 920 Telephon:
1708 884 1844 918 27.100,
1863 888 2092 922 Hcniptpostfach
2112 889 2169 917 Nr.
2188 890 2238 915 660
2257 890 2320 917 und
2338 891 2388 917 922
2956 893 3062 916 Filiale-
3081 893 3238 918 «ahaholftr.
3254 899 3286 916 .»

440 1011 878 1081 Jahreswende

311 1104 379 1135 Das
402 1105 524 1143 siebente
547 1106 723 1146 Krisenjahr
746 1109 812 1146 geht
835 1117 868 1146 zu
891 1110 981 1143 Ende,
1005 1112 1066 1141 und

253 1152 340 1179 wenn
356 1150 414 1180 wir
430 1153 491 1181 uns
508 1152 559 1182 der
577 1152 730 1190 biblischen
748 1154 990 1195 Ncbcrliefcrung
1008 1164 1064 1186 von

252 1192 308 1223 den
341 1193 434 1231 sieben
469 1204 593 1234 magern
625 1198 745 1235 Jahren
781 1198 812 1229 in
836 1199 987 1238 Aegypten
1022 1210 1064 1231 er¬

253 1236 372 1273 innern,
405 1241 514 1278 möchte
537 1249 609 1273 man
631 1243 739 1280 hoffen,
772 1244 830 1281 daß
853 1248 884 1275 cs
907 1246 977 1282 auch
1009 1249 1065 1276 daS

253 1282 334 1314 Ende
350 1285 401 1315 der
418 1285 500 1323 Krise
518 1286 647 1318 bedeute.
663 1288 720 1319 Die
737 1288 894 1326 Anzeichen
913 1290 994 1320 einer
1012 1292 1064 1322 Er¬

251 1327 364 1367 holung
381 1330 431 1360 der
445 1331 684 1370 Weltwirtschaft
702 1333 762 1370 sind
780 1334 941 1373 tatsächlich
956 1342 1063 1367 unver¬

251 1371 390 1408 kennbar.
407 1376 469 1406 und
486 1379 518 1406 es
536 1375 570 1413 ist
587 1377 673 1407 kaum
691 1385 724 1415 zu
743 1378 919 1416 bezweifeln,
937 1381 995 1418 daß
1013 1383 1063 1411 der

250 1417 534 1458 Eenesungsprozeß
556 1422 625 1460 noch
647 1422 779 1460 schneller
801 1425 863 1454 und
894 1424 1063 1462 wirksamer

251 1462 448 1501 fortfchrciten
468 1466 580 1499 würde,
599 1473 685 1497 wenn
706 1467 781 1505 nicht
801 1468 847 1498 die
866 1469 984 1507 heillose
1005 1471 1062 1501 Un¬

251 1506 394 1546 sicherheit
414 1510 466 1547 ans
483 1510 662 1550 politischem
680 1512 800 1543 Gebiete
817 1514 867 1543 der
884 1514 913 1551 so
930 1517 1063 1545 notwen¬

250 1551 336 1590 digen
362 1554 501 1592 Rückkehr
537 1556 588 1586 des
624 1557 815 1588 Bertraucns
841 1559 973 1597 zwischen
1007 1563 1061 1590 den

250 1596 378 1629 Völkern
397 1599 440 1630 im
458 1601 546 1637 Wege
564 1600 675 1639 stünde.
693 1602 750 1633 Die
768 1603 995 1643 Erschütterung
1012 1607 1062 1635 der

249 1642 405 1682 Verträge,
437 1644 482 1676 die
503 1645 657 1684 Schwäche
677 1647 729 1677 des
750 1648 984 1683 Völkerbundes,
1017 1650 1062 1680 die

249 1686 474 1728 militaristische
495 1690 703 1729 Machtpolitik
724 1693 785 1723 und
806 1692 847 1724 im
867 1694 1061 1731 Zusammen¬

249 1732 330 1772 hang
348 1734 443 1765 damit
462 1735 507 1765 die
525 1735 767 1775 Verkrampfung
784 1737 815 1768 in
834 1739 888 1768 den
907 1739 1062 1769 Autarkie¬

248 1778 338 1816 wahn
354 1779 470 1818 nähren
487 1779 532 1810 die
548 1780 656 1819 Furcht
674 1787 728 1812 vor
744 1781 840 1814 einem
855 1792 950 1814 neuen
963 1784 1061 1822 Krieg,

249 1822 299 1859 für
320 1824 375 1854 den
399 1825 448 1862 sich
471 1825 528 1855 alle
549 1825 693 1860 Staaten,
725 1827 770 1857 die
792 1828 904 1865 großen
928 1829 984 1859 wie
1017 1829 1062 1859 die

249 1867 394 1906 kleinsten,
435 1870 505 1907 nach
547 1870 674 1909 Kräften
712 1872 820 1909 rüsten,
863 1874 933 1910 auch
975 1879 1061 1903 wenn

249 1912 285 1949 sie
317 1918 376 1944 von
400 1915 450 1945 der
473 1914 701 1955 Ucberzcugung
724 1917 798 1955 nicht
821 1918 912 1955 lasien
944 1918 1061 1951 wollen,

248 1958 306 1996 daß
338 1958 412 1997 diese
445 1961 643 1999 grauenhafte
664 1961 861 1999 Katastrophe
893 1962 1062 1994 vermieden

248 2004 365 2034 werden
386 2004 477 2036 könne
496 2006 558 2036 und
579 2006 678 2044 müsse.
718 2006 791 2040 „Tie
812 2007 946 2038 Staaten
966 2008 1061 2045 haben

248 2048 333 2085 heute
352 2052 412 2080 aus
433 2049 518 2087 ihren
540 2050 789 2089 Existenzmittcln
810 2052 874 2082 eine
895 2052 1061 2090 Organisa¬

249 2092 313 2123 tion
334 2094 385 2124 der
406 2094 515 2125 Sünde
535 2095 690 2134 gemacht,"
722 2096 784 2134 sagt
806 2096 853 2126 ein
876 2096 1062 2135 katholischer

248 2137 454 2177 Schriftsteller
474 2139 516 2170 im
534 2140 611 2172 Blick
641 2141 694 2178 auf
712 2141 759 2171 die
778 2141 974 2179 Möglichkeit,
1003 2142 1062 2180 daß

248 2182 321 2221 diese
339 2184 600 2223 ungeheuerlichen
619 2186 871 2223 Machtapparate
888 2191 947 2217 von
966 2187 1061 2218 einem

248 2226 314 2267 Tag
350 2229 403 2266 auf
439 2230 493 2260 den
531 2231 647 2261 andern
684 2230 885 2268 aufeinander
920 2232 1060 2270 losgchen

247 2272 382 2304 könnten.
403 2274 477 2308 „Die
495 2274 575 2306 Welt
593 2276 656 2305 und
673 2275 720 2306 die
737 2275 847 2307 Seelen
865 2276 927 2314 sind
946 2276 978 2306 in
997 2277 1061 2307 eine

246 2317 329 2355 Zone
348 2319 398 2349 der
418 2319 532 2357 Gefahr
552 2321 614 2351 und
635 2321 685 2351 der
705 2320 797 2358 Nacht
816 2320 1005 2359 cingetretcn.
1028 2322 1059 2352 in

245 2363 296 2393 der
312 2363 347 2400 sic
362 2364 412 2394 der
427 2364 507 2401 Geist
522 2365 574 2396 des
591 2365 788 2403 Wahnwitzes
805 2367 866 2396 und
883 2366 928 2397 die
944 2367 1059 2397 andern

246 2407 369 2445 finstern
391 2408 504 2446 Geister
527 2410 609 2448 leicht
631 2410 786 2448 angrcifen
810 2411 951 2441 können."
983 2412 1059 2443 Dem

246 2452 425 2492 Theologen,
450 2455 501 2484 der
528 2454 561 2485 in
589 2455 682 2493 seiner
707 2455 812 2493 Zunge
838 2455 926 2493 solche
952 2456 1059 2494 beäng¬

246 2496 371 2535 stigende
394 2499 589 2536 Wahrheiten
614 2500 686 2538 sagt,
719 2499 795 2530 wird
820 2500 882 2530 kein
905 2500 1059 2538 Sehender

245 2542 479 2581 widersprechen.
497 2544 574 2574 Was
590 2545 640 2574 der
659 2544 756 2582 „Geist
774 2545 825 2575 des
841 2545 1057 2583 Wahnwitzes"

245 2591 377 2625 vermag,
414 2593 501 2618 wenn
529 2596 560 2619 er
586 2588 632 2619 die
658 2588 767 2620 Seelen
794 2589 924 2627 ergreift,
962 2591 1058 2628 zeigen

245 2634 306 2662 uns
336 2632 382 2663 die
402 2633 514 2664 Greuel
545 2633 597 2664 des
629 2633 794 2672 spanischen
816 2634 1058 2672 Bürgerkrieges,

244 2677 295 2707 der
311 2677 360 2714 für
371 2677 494 2715 Europa
511 2685 544 2715 zu
560 2677 656 2709 einem
672 2678 867 2717 gefährlichen
878 2680 1058 2717 Brandherd

245 2722 401 2758 geworden
421 2721 465 2758 ist,
486 2730 526 2752 an
546 2722 611 2753 dem
631 2722 680 2759 sich
701 2723 746 2753 die
768 2722 975 2761 ideologischen
997 2725 1058 2754 und

246 2765 509 2804 machtpolitischen
525 2766 695 2805 Gegensätze
713 2766 782 2804 stets
799 2772 857 2799 von
874 2776 979 2798 neuem
998 2769 1059 2799 ent¬

246 2810 359 2847 zünden
374 2833 420 2842 ...

302 2854 349 2886 So
383 2855 448 2886 tritt
482 2855 553 2895 auch
587 2865 637 2887 am
660 2856 741 2895 Tage
765 2857 816 2887 der
839 2857 1059 2896 Jahreswende

246 2898 321 2930 alles
339 2901 448 2931 andere
467 2900 537 2932 weit
554 2901 652 2939 zurück
671 2907 725 2932 vor
743 2902 793 2932 der
811 2910 825 2932 e
837 2901 845 2932 i
859 2911 878 2932 n
891 2911 905 2933 e
916 2911 935 2933 n
952 2903 1059 2941 Frage,

245 2943 291 2974 die
325 2945 448 2983 zugleich
482 2945 527 2976 die
551 2946 794 2985 Schicksalsfrage
820 2947 963 2985 Europas
997 2950 1058 2978 und

245 2989 295 3019 der
312 2989 574 3028 abendländischen
592 2992 704 3022 Kultur
722 2991 765 3029 ist:
783 2991 872 3031 Krieg
889 2993 959 3023 oder
975 2993 1058 3031 Frie¬

245 3034 317 3064 den?
352 3034 410 3066 Die
436 3035 467 3066 in
491 3035 538 3066 die
562 3037 692 3074 Zukunft
718 3036 883 3074 spähenden
908 3037 1058 3075 Sibyllen,

245 3078 332 3109 deren
357 3079 466 3110 Orakel
489 3080 535 3111 die
559 3081 727 3119 Zeitungen
752 3082 802 3112 der
825 3082 1058 3113 ViNe-Dumiörc

246 3124 299 3161 auf
328 3124 422 3161 diesen
441 3124 508 3163 Tag
527 3125 579 3162 hin
600 3126 676 3164 nicht
694 3126 795 3164 missen
815 3127 932 3160 wollen,
962 3128 1057 3165 haben

246 3168 301 3199 mit
324 3169 523 3207 auffallender
546 3170 853 3210 Nebereinstimmung
876 3172 923 3203 die
945 3172 1058 3210 Gefahr

246 3213 328 3244 eines
353 3214 498 3252 „großen"
521 3214 646 3254 Krieges
669 3216 717 3253 für
742 3218 814 3246 1937
838 3217 974 3248 verneint
996 3218 1057 3248 nnd

245 3259 297 3296 auf
320 3258 377 3293 die.
389 3259 483 3297 bange
505 3259 603 3298 Frage
624 3260 670 3291 die
692 3261 833 3292 Antwort
856 3262 989 3300 gegeben,
1011 3262 1057 3293 die

245 3303 301 3334 das
317 3303 478 3341 Publikum
497 3310 555 3336 von
573 3305 662 3343 ihnen
680 3307 836 3337 erwartete
853 3309 914 3338 und
932 3307 977 3338 die
993 3307 1056 3338 eine

244 3356 335 3386 ganze
351 3349 529 3387 Menschheit
547 3355 604 3381 von
624 3352 675 3381 der
693 3351 824 3389 Zukunft
843 3352 956 3390 erfleht.
975 3352 1056 3389 Nicht

245 3393 287 3424 im
309 3393 426 3432 Spruch
448 3395 499 3425 der
519 3394 899 3433 Kristallbcschaucrinncn,
931 3398 1002 3428 aber
1026 3405 1056 3427 in

245 3438 309 3469 dem
337 3439 431 3476 diesen
459 3439 576 3478 Spruch
604 3441 782 3478 fordernden
809 3441 1056 3480 Friedenswillen

245 3482 279 3520 ist
298 3483 344 3514 die
363 3483 519 3522 Hoffnung
539 3484 714 3523 beschlossen,
734 3486 793 3523 daß
814 3488 864 3517 der
883 3487 982 3525 Krieg,
1002 3488 1056 3518 den

245 3528 302 3558 alle
319 3528 458 3565 fürchten,
478 3530 645 3561 vermieden
665 3531 782 3561 werden
801 3531 886 3565 kann,
905 3538 992 3562 wenn
1012 3532 1057 3562 die

245 3571 489 3603 Staatsmänner
523 3573 603 3612 ihrer
636 3575 897 3614 Verantwortung
938 3577 1056 3611 bewußt

245 3616 306 3654 sind
327 3618 388 3648 und
410 3617 454 3648 die
474 3618 682 3658 Regierungen
712 3637 750 3641 —
779 3620 835 3651 wie
856 3621 976 3659 kürzlich
1007 3622 1056 3651 der

245 3661 370 3700 deutsche
394 3663 737 3703 Propagandaminister
761 3665 789 3701 so
815 3665 895 3703 schön
921 3666 998 3704 sagte
1020 3683 1056 3687 —

246 3705 308 3743 ihre
327 3707 434 3738 Völler
454 3715 519 3745 zum
539 3707 665 3747 Frieden
684 3709 822 3747 erziehen.
863 3711 933 3742 Wer
953 3710 1056 3742 könnte

245 3750 294 3789 sich
318 3752 372 3782 den
397 3751 520 3790 Wunsch
546 3754 615 3791 nach
640 3755 811 3794 Erhaltung
835 3755 887 3787 des
910 3756 1055 3794 Friedens

246 3795 286 3827 im
303 3804 396 3827 neuen
412 3797 494 3835 Jahr
512 3797 701 3837 aufrichtiger
719 3807 752 3837 zu
770 3799 852 3837 eigen
870 3801 987 3837 machen
1006 3802 1055 3831 als

245 3841 332 3879 unser
356 3841 464 3873 kleines
487 3842 578 3876 Land,
612 3844 678 3876 das.
714 3844 755 3875 im
778 3844 888 3883 Herzen
913 3846 1055 3883 Europas

245 3886 371 3923 gelegen,
392 3886 446 3917 mit
465 3887 519 3917 den
539 3886 649 3925 großen
669 3888 819 3920 Kulturen
839 3890 981 3927 Europas
1001 3897 1055 3927 eng

245 3930 425 3965 verbunden,
464 3931 545 3969 schon
573 3932 626 3962 den
656 3932 812 3964 Gedanken
841 3934 923 3965 eines
960 3942 1054 3965 neuen

1103 987 1225 1025 Krieges
1244 989 1294 1018 als
1314 986 1494 1022 Verbrechen
1517 994 1556 1016 an
1579 987 1630 1015 der
1650 986 1911 1024 abendländischen

1103 1028 1463 1069 Schicksalsgcmcinschaft
1488 1028 1656 1066 empfinden
1682 1028 1771 1065 muß?

1159 1151 1227 1182 Das
1266 1148 1496 1188 Schweizcrvolk
1534 1149 1586 1187 hat
1625 1148 1667 1179 im
1706 1155 1911 1186 vergangenen

1100 1192 1198 1229 Jahre
1225 1195 1275 1223 der
1301 1191 1411 1222 bereits
1436 1189 1617 1230 weichenden
1643 1191 1912 1229 Weltwirtschafts¬

1102 1235 1170 1272 krise
1208 1235 1277 1272 noch
1313 1234 1398 1264 einen
1437 1233 1647 1271 schnicrzlichcn
1673 1234 1783 1265 Tribut
1821 1236 1911 1269 zollen

1101 1278 1222 1315 müssen.
1253 1277 1310 1309 Die
1331 1276 1587 1314 Schwieriglcitcn
1609 1278 1659 1307 der
1679 1276 1912 1316 Durchführung

1100 1320 1181 1351 einer
1197 1321 1390 1359 genügenden
1407 1318 1582 1357 Anpassung
1597 1328 1638 1349 an
1654 1320 1710 1350 den
1726 1320 1909 1352 Weltmarkt,

1079 1362 1082 1391 !
1100 1363 1146 1393 die
1163 1363 1302 1400 vielleicht
1319 1362 1454 1399 identisch
1471 1361 1532 1399 sind
1549 1362 1604 1392 mit
1621 1363 1671 1392 der
1686 1362 1833 1399 seinerzeit
1852 1369 1910 1392 von

1079 1399 1082 1433 !
1099 1405 1196 1436 einem
1210 1404 1364 1443 dänischen
1380 1404 1768 1442 Bvllerbundsdelegicrtcn
1786 1405 1816 1435 in
1834 1404 1911 1435 Genf

1078 1452 1082 1486 j
1102 1448 1331 1484 proklamierten
1350 1446 1576 1485 Unmöglichkeit
1596 1447 1676 1477 einer
1695 1447 1835 1484 massiven
1854 1449 1911 1477 Ab-

1079 1493 1081 1520 !
1100 1490 1267 1529 baupolitik
1289 1490 1321 1521 in
1346 1491 1395 1519 der
1420 1489 1617 1523 Temolratic,
1652 1490 1782 1525 machten
1805 1490 1855 1527 sich
1879 1490 1910 1520 in

1079 1533 1081 1567 j
1099 1534 1150 1563 der
1177 1532 1270 1571 ersten
1296 1532 1507 1570 Jahreshälfte
1534 1533 1691 1570 zusehends
1719 1532 1825 1570 stärker
1853 1535 1910 1571 gel>

1079 1571 1081 1607 !
1100 1576 1177 1609 tend,
1193 1577 1255 1606 und
1271 1575 1415 1613 während
1431 1576 1487 1605 das
1503 1575 1732 1613 wirtschaftliche
1747 1575 1840 1606 Leben
1859 1577 1910 1605 ocs

1079 1622 1081 1644 !
1098 1618 1216 1649 Landes
1240 1617 1422 1656 asthmatisch
1446 1626 1479 1655 zu
1502 1619 1620 1648 werden
1645 1618 1758 1655 drohte,
1782 1617 1910 1648 vcrbrci»

1079 1654 1081 1710 j
1100 1661 1154 1691 tetc
1176 1660 1226 1700 sich
1247 1660 1290 1691 im
1311 1661 1401 1692 Volke
1424 1660 1471 1690 ein
1493 1659 1578 1697 tiefes
1600 1660 1778 1698 Unbehagen
1801 1661 1838 1691 ob
1860 1662 1909 1690 der

1079 1691 1081 1751 j
1100 1702 1247 1741 scheinbar
1287 1703 1491 1740 ausweglosen
1523 1703 1696 1734 Situation.
1734 1703 1780 1740 In
1820 1703 1910 1740 dieser

1079 1755 1081 1776 >
1098 1746 1175 1784 Lage
1194 1746 1342 1776 bedeutete
1363 1745 1409 1776 die
1430 1745 1535 1777 Kunde
1554 1752 1613 1776 von
1634 1746 1684 1776 der
1705 1746 1909 1784 französischen

1099 1788 1283 1826 Abwertung
1304 1788 1368 1818 eine
1389 1796 1462 1818 neue
1481 1787 1717 1826 Hiobsbotschaft
1737 1789 1787 1825 für
1807 1788 1910 1827 unsere

1100 1830 1201 1867 schwer
1220 1831 1362 1869 ringende
1380 1830 1547 1867 Wirtschaft
1567 1832 1628 1861 nnd
1648 1831 1712 1861 eine
1729 1831 1843 1868 Gefahr
1862 1832 1910 1866 für

1079 1880 1081 1895 l
1099 1873 1144 1904 die
1168 1874 1337 1911 Währung,
1373 1873 1419 1903 die
1443 1872 1501 1903 wir
1525 1873 1627 1909 bisher
1663 1874 1717 1904 den
1743 1873 1909 1911 Beispielen

1078 1903 1081 1947 I
1099 1915 1210 1954 fünfzig
1226 1918 1352 1946 anderer
1368 1916 1484 1947 Länder
1500 1923 1565 1953 zum
1582 1916 1665 1954 Trotz
1681 1916 1910 1954 ausrcchtcrhal-

1079 1950 1081 1985 !
1100 1959 1147 1989 ten
1169 1959 1280 1996 hatten.
1310 1959 1371 1989 Ter
1389 1959 1576 1992 Bundesrat.
1597 1960 1662 1989 dem
1682 1960 1732 1989 der
1752 1959 1839 1996 Ernst
1860 1960 1910 1989 der

1099 2000 1218 2032 Stunde
1243 2001 1361 2038 bewußt
1386 2006 1461 2033 war.
1485 2002 1633 2036 handelte;
1658 2010 1688 2031 er
1713 2001 1840 2040 beschloß
1864 2002 1909 2032 die

1098 2043 1283 2082 Abwertung
1311 2044 1362 2074 des
1390 2043 1703 2081 Schwcizcrfrankcns,
1740 2046 1801 2074 und
1830 2049 1909 2082 zwar

1099 2085 1173 2124 nicht
1196 2095 1265 2120 nur.
1298 2095 1351 2117 um
1374 2086 1476 2123 unsere
1499 2086 1659 2125 Währung
1682 2088 1747 2117 dem
1770 2087 1853 2124 sicher
1875 2095 1908 2125 zu

1098 2130 1304 2160 erwartenden
1323 2137 1417 2159 neuen
1434 2128 1577 2166 Ansturm
1593 2130 1644 2160 der
1659 2129 1859 2166 Spekulation
1876 2137 1908 2166 zu

1099 2171 1257 2209 entziehen,
1295 2172 1420 2208 sondern
1447 2176 1502 2201 vor
1529 2172 1617 2202 allem
1644 2172 1714 2209 auch
1740 2175 1799 2202 aus
1826 2173 1909 2203 wirt¬

1098 2213 1276 2252 schaftlichen
1298 2214 1539 2252 Uebcrleguugcn
1570 2216 1692 2252 heraus,
1725 2214 1770 2245 die
1794 2214 1855 2252 ihm
1878 2215 1909 2245 in

1098 2257 1203 2293 diesem
1229 2257 1402 2295 Augenblick
1438 2256 1483 2287 die
1511 2257 1744 2295 Durchführung
1772 2259 1822 2288 der
1848 2258 1908 2289 An¬

1098 2300 1221 2337 passung
1243 2300 1329 2337 durch
1351 2299 1397 2330 die
1417 2299 1739 2338 Wechselkurssenkung
1760 2308 1793 2337 zu
1815 2300 1907 2339 gebie¬

1098 2342 1145 2372 ten
1184 2342 1320 2380 schienen.
1368 2342 1430 2373 Ter
1467 2341 1802 2380 Abwertungsbeschluß
1839 2348 1907 2373 vom

1097 2386 1133 2414 26
1135 2385 1141 2416 .
1161 2384 1338 2422 September
1359 2384 1392 2421 ist
1410 2385 1466 2415 daS
1485 2385 1575 2423 große
1595 2385 1834 2423 innenpolitische
1855 2386 1907 2417 Er¬

1097 2426 1195 2466 eignis
1213 2429 1265 2458 des
1280 2427 1397 2465 JahreS
1416 2429 1489 2457 1936
1493 2428 1499 2463 ;
1519 2429 1576 2458 daS
1595 2427 1762 2466 Festhalten
1780 2429 1831 2459 des
1850 2428 1907 2458 Ab-

1097 2470 1382 2508 wcrtungsvortcils
1421 2470 1471 2500 als
1500 2471 1550 2501 der
1580 2470 1820 2508 Voraussetzung
1859 2471 1908 2507 für

1096 2512 1150 2543 den
1168 2512 1476 2550 Wicderanfschwllng
1495 2513 1614 2551 unserer
1632 2513 1800 2551 Wirtschaft
1817 2513 1907 2544 bildet

1095 2555 1171 2585 das
1201 2555 1344 2592 Problem
1369 2556 1420 2586 des
1443 2555 1560 2592 Jahres
1587 2557 1669 2586 1937.
1702 2556 1850 2594 Technisch
1874 2555 1907 2593 ist

1095 2597 1141 2628 die
1162 2597 1341 2635 Operation,
1361 2597 1436 2635 nicht
1455 2598 1550 2635 zuletzt
1571 2599 1647 2629 dank
1668 2599 1718 2629 der
1739 2598 1825 2636 Ruhe
1846 2599 1907 2629 und

1093 2640 1313 2678 Besonnenheit
1351 2641 1402 2670 des
1439 2640 1710 2677 Schwcizervolkes,
1748 2643 1907 2679 gelungen;

1095 2690 1147 2714 um
1166 2683 1229 2720 ihre
1246 2682 1400 2721 günstigen
1418 2683 1659 2721 Auswirkungen
1678 2684 1731 2721 auf
1749 2684 1795 2714 die
1814 2684 1907 2715 Wirt¬

1096 2724 1180 2762 schaft
1205 2733 1238 2762 zu
1264 2724 1378 2764 sichern,
1413 2724 1490 2755 ivird
1517 2729 1548 2756 es
1573 2726 1644 2756 aber
1668 2726 1774 2764 gerade
1799 2726 1830 2757 in
1856 2727 1907 2756 der

1075 2770 1078 2809 j
1096 2767 1227 2805 nächsten
1251 2767 1381 2805 Zukunft
1405 2767 1455 2798 der
1477 2767 1663 2806 Ausbietung
1686 2769 1760 2799 aller
1784 2770 1908 2807 bchörd»

1100 2809 1189 2848 liehen
1212 2810 1358 2849 Energien
1383 2811 1444 2840 und
1467 2809 1764 2849 staatsbürgerlichen
1788 2812 1906 2850 Tugen¬

1095 2853 1159 2885 den.
1195 2853 1240 2884 die
1266 2853 1297 2884 in
1322 2854 1376 2884 den
1410 2852 1554 2891 kritischen
1580 2854 1847 2892 Septcmbcrtagen
1874 2855 1904 2884 in

1096 2895 1293 2934 Erscheinung
1320 2896 1448 2934 getreten
1477 2895 1547 2932 sind,
1575 2896 1605 2927 in
1634 2897 1785 2934 doppelter
1813 2897 1906 2935 Weise

1098 2937 1250 2977 bedürfen.
1302 2938 1358 2970 Die
1400 2938 1584 2976 Alnvertung
1636 2940 1687 2969 des
1728 2939 1903 2976 Schweizer¬

1096 2981 1235 3018 frankens
1256 2981 1328 3019 muß
1349 2981 1395 3012 ein
1418 2981 1596 3019 einmaliges
1619 2981 1759 3019 Ereignis
1780 2982 1903 3013 bleiben,

1095 3025 1156 3054 nnd
1181 3024 1388 3060 insbesondere
1409 3023 1464 3060 gilt
1487 3026 1518 3054 cs
1542 3025 1606 3055 dem
1629 3024 1770 3055 Ansland
1794 3032 1827 3061 zu
1851 3024 1903 3061 zei¬

1101 3074 1165 3104 gen.
1184 3067 1243 3104 daß
1261 3066 1520 3104 Schweizcrarbeit
1539 3067 1609 3105 auch
1630 3067 1699 3103 nach
1717 3068 1766 3097 der
1785 3067 1903 3098 Abivcr-

1095 3110 1169 3148 tung
1188 3110 1294 3141 immer
1314 3112 1381 3147 noch
1400 3113 1459 3140 ans
1478 3110 1556 3141 Gold
1575 3111 1626 3140 des
1646 3110 1756 3147 soliden
1776 3110 1903 3148 Schwci-

1094 3152 1224 3190 zersinns
1244 3153 1397 3191 gebunden
1419 3152 1461 3189 ist.

1151 3211 1361 3249 Neberschattet
1391 3211 1467 3242 wird
1500 3210 1595 3248 jedoch
1627 3212 1696 3248 auch
1728 3211 1819 3249 dieses
1851 3211 1904 3243 Er¬

1093 3252 1190 3291 eignis
1212 3254 1243 3284 in
1265 3255 1315 3284 der
1336 3253 1481 3291 Wirkung
1503 3255 1556 3292 auf
1575 3255 1633 3285 das
1652 3255 1762 3286 Gemüt
1782 3254 1904 3292 unseres

1092 3295 1200 3326 Volkes
1224 3302 1283 3326 von
1308 3297 1372 3327 dem
1395 3296 1656 3336 kontinuierlichen
1681 3296 1825 3335 seelischen
1850 3297 1902 3327 Er¬

1093 3338 1175 3369 leben
1197 3340 1246 3369 der
1268 3338 1504 3370 unmittelbaren
1528 3339 1831 3377 Existenzbedrohung
1852 3341 1903 3369 des

1093 3380 1212 3419 eigenen
1234 3381 1364 3412 Staates
1383 3382 1469 3419 durch
1490 3381 1535 3413 die
1555 3382 1585 3413 in
1606 3383 1655 3413 der
1676 3382 1809 3420 jüngsten
1830 3383 1902 3414 Ver¬

1092 3424 1269 3462 gangenheit
1296 3424 1441 3462 mehrfach
1466 3424 1515 3455 bis
1542 3433 1593 3462 zur
1618 3424 1834 3463 Zerreißprobe
1858 3433 1902 3463 ge¬

1093 3466 1233 3504 diehenen
1263 3465 1523 3498 internationalen
1550 3468 1775 3505 Spannungen.
1812 3468 1903 3505 Wäh¬

1093 3511 1164 3540 rend
1188 3509 1218 3540 in
1242 3509 1367 3547 ruhigen
1389 3509 1492 3546 Zeiten
1515 3511 1565 3540 der
1588 3510 1790 3547 elementarste
1813 3510 1902 3548 Zweck

1092 3552 1143 3582 des
1164 3552 1303 3585 Staates,
1326 3553 1379 3582 den
1403 3551 1505 3588 unsere
1529 3553 1826 3591 Bundesverfassung
1848 3553 1901 3584 mit

1092 3594 1146 3625 den
1168 3594 1325 3632 lapidaren
1347 3595 1470 3625 Worten
1494 3594 1714 3633 „Behauptung
1734 3597 1784 3626 der
1804 3596 1902 3626 Unab¬

1092 3636 1259 3674 hängigkeit
1278 3638 1329 3667 des
1349 3637 1552 3668 Vaterlandes
1571 3646 1661 3675 gegen
1681 3638 1797 3676 außen"
1819 3638 1901 3668 kenn¬

1092 3678 1222 3716 zeichnet.
1246 3679 1286 3710 im
1309 3678 1497 3717 Bewußtsein
1520 3681 1571 3710 der
1591 3681 1710 3718 Bürger
1734 3682 1783 3711 als
1805 3688 1901 3711 unan¬

1099 3721 1259 3758 gefochtene
1279 3722 1341 3754 und
1360 3722 1483 3759 deshalb
1504 3722 1578 3760 nicht
1599 3723 1720 3754 aktuelle
1740 3723 1903 3761 Selbstver¬

1093 3764 1287 3803 ständlichkeit
1315 3765 1395 3803 ruht,
1424 3765 1501 3802 fühlt
1530 3765 1615 3804 heute
1643 3766 1699 3796 das
1727 3766 1901 3804 Schwcizcr-

1092 3808 1156 3837 volk
1183 3808 1237 3838 mit
1264 3807 1345 3838 einer
1370 3806 1536 3845 Intensität
1563 3808 1619 3839 wie
1645 3808 1731 3840 kaum
1758 3809 1784 3846 je
1812 3816 1901 3846 zuvor

1091 3849 1136 3880 die
1158 3850 1400 3888 Notwendigkeit,
1422 3849 1480 3888 sei»
1503 3854 1610 3888 ganzes
1632 3851 1724 3882 Leben
1745 3853 1815 3890 nach
1837 3853 1900 3882 dem

1097 3892 1161 3929 Ziel
1184 3893 1233 3923 der
1256 3892 1423 3930 staatlichen
1447 3892 1771 3932 Eristcnzbchauptnng
1794 3898 1901 3932 anszn-

1091 3935 1198 3973 richtcn
1227 3937 1288 3967 und
1318 3936 1445 3974 dadurch
1465 3935 1511 3966 die
1532 3936 1758 3974 unerschüttcrte
1777 3937 1901 3969 Lebens¬

1928 986 1931 1022 !
1948 986 2022 1024 kraft
2045 987 2096 1017 des
2119 986 2354 1025 eidgenössischen
2379 988 2505 1018 Bundes
2528 994 2582 1019 vor
2604 990 2655 1019 der
2679 989 2756 1019 Welt

1928 1027 1931 1054 !
1948 1037 1981 1066 zu
2009 1029 2159 1067 bezeugen.
2197 1030 2264 1061 Das
2304 1030 2345 1060 iin
2374 1029 2541 1069 Politischen
2568 1032 2678 1068 Kampf
2707 1034 2757 1061 der

1949 1072 2043 1109 letzten
2068 1073 2165 1111 Jahre
2191 1072 2250 1102 viel
2274 1072 2474 1109 mißbrauchte
2499 1074 2596 1107 Wort,
2632 1074 2689 1111 daß
2716 1074 2757 1103 im

1928 1118 1931 1156 |
1948 1115 2139 1145 Völkcrleben
2167 1114 2245 1145 keine
2271 1115 2439 1152 Leichname
2466 1117 2600 1154 geduldet
2629 1121 2756 1148 werden.

1928 1167 1931 1199 ;
1948 1157 2015 1195 darf
2038 1158 2070 1188 in
2103 1157 2208 1194 diesem
2242 1157 2505 1197 Zusammenhang
2539 1160 2609 1195 auch
2643 1159 2757 1189 einmal

1928 1222 1931 1237 i
1949 1200 2043 1237 zitiert
2063 1201 2191 1232 werden,
2211 1207 2298 1230 wenn
2319 1204 2351 1231 es
2373 1200 2472 1231 keinen
2494 1202 2658 1239 gehäsiigcn
2680 1202 2757 1233 Vor¬

1948 1243 2035 1280 wurf,
2072 1244 2198 1274 sondern
2227 1242 2273 1274 die
2301 1243 2433 1281 freudige
2461 1243 2679 1282 Anerkennung
2706 1246 2757 1274 der

1928 1283 1931 1292 ‘
1949 1290 2016 1316 vom
2055 1285 2284 1324 Schwcizervolk
2332 1285 2419 1323 durch
2459 1287 2504 1317 die
2543 1287 2758 1324 Ausbringung

1948 1328 1998 1358 der
2034 1328 2210 1366 gewaltigen
2246 1327 2352 1359 Mittel
2387 1328 2437 1366 für
2474 1328 2519 1359 die
2556 1329 2757 1367 Verstärkung

1947 1371 1997 1401 der
2025 1370 2351 1409 Landesverteidigung
2378 1370 2556 1410 bewiesenen
2584 1372 2755 1409 lebendigen

1927 1409 1929 1439 !
1947 1413 2226 1452 Staatsgcsinnung
2262 1414 2387 1448 enthält.
2424 1413 2481 1445 Tic
2508 1414 2757 1452 Neberzcichnung

1947 1456 1997 1486 der
2018 1456 2228 1494 Wehranlcihc
2247 1464 2300 1486 um
2321 1456 2447 1493 hundert
2467 1456 2630 1488 Millionen
2650 1458 2754 1488 mitten

1947 1499 1979 1528 in
2018 1500 2072 1528 den
2109 1498 2429 1537 Abwertungswochen
2469 1500 2537 1537 ragt
2576 1501 2626 1530 als
2656 1500 2756 1538 Fanal

1947 1541 2193 1578 vaterländischer
2216 1541 2501 1579 Opserbercitschaft,
2524 1542 2570 1572 die
2592 1542 2636 1573 bei
2661 1543 2756 1573 einem

1927 1595 1929 1622 j
1947 1583 2067 1621 Angriff
2094 1589 2152 1614 von
2181 1584 2279 1621 außen
2307 1583 2362 1614 mit
2390 1584 2454 1614 dein
2483 1585 2545 1615 Gut
2571 1585 2666 1622 willig
2694 1585 2756 1615 und

1927 1628 1929 1669 j
1947 1626 2127 1664 entschlossen
2165 1627 2235 1664 auch
2270 1627 2327 1657 das
2352 1626 2428 1657 Blut
2465 1634 2530 1663 zum
2557 1627 2671 1665 Schutze
2706 1629 2756 1657 der

1927 1675 1930 1714 j
1947 1668 2080 1704 Grenzen
2096 1668 2229 1707 cinsctzrn
2247 1669 2359 1701 würde,
2377 1668 2450 1699 über
2469 1670 2525 1700 alle
2541 1670 2756 1707 Kümmernisse

1927 1739 1929 1750 ,
1947 1712 1998 1742 des
2024 1712 2143 1749 Alltags
2168 1716 2280 1749 empor,
2304 1713 2365 1741 und
2390 1710 2463 1748 diese
2489 1712 2594 1750 heilige
2619 1713 2756 1751 Flamme

1947 1753 2024 1784 wird
2049 1755 2114 1784 dem
2141 1753 2369 1792 Schweizcrvolk
2395 1753 2465 1789 auch
2492 1754 2533 1785 im
2559 1755 2657 1792 Jahre
2684 1757 2755 1785 1937

1947 1797 2001 1833 auf
2016 1797 2066 1827 der
2081 1796 2164 1834 Reise
2182 1796 2264 1827 eines
2282 1797 2465 1828 Wanderers
2484 1797 2514 1828 in
2532 1799 2581 1828 der
2598 1798 2688 1836 Nacht
2706 1799 2755 1828 der

1947 1839 2076 1877 Zukunft
2097 1839 2335 1877 voranleuchtcn.

2004 1937 2164 1975 Versuchen
2195 1937 2261 1970 wir,
2290 1937 2335 1967 die
2354 1937 2579 1976 mannigfachen
2599 1938 2755 1976 Aufgaben

1946 1979 2252 2018 zusainincnzufassen,
2291 1979 2336 2010 die
2376 1980 2497 2019 unseres
2537 1981 2654 2012 Landes
2694 1982 2755 2011 und

1947 2022 2054 2053 Volkes
2074 2022 2115 2053 im
2133 2031 2228 2053 neuen
2247 2023 2345 2060 Jahre
2363 2024 2489 2056 warten,
2507 2024 2535 2059 so
2556 2024 2631 2054 kann
2650 2027 2682 2054 cs
2701 2024 2754 2053 mit

1926 2058 1929 2095 I
1945 2066 1996 2095 der
2019 2065 2203 2103 schlichtesten
2228 2065 2349 2104 Formel
2372 2066 2519 2104 geschehen
2543 2084 2580 2088 —
2605 2066 2640 2104 sic
2664 2062 2756 2106 heißt:

1945 2108 2140 2146 Bewährung
2167 2109 2216 2138 der
2242 2108 2440 2140 Demokratie.
2466 2109 2661 2146 Bewährung
2686 2108 2756 2145 nach

1926 2158 1929 2186 >
1947 2151 2044 2189 außen
2065 2151 2105 2181 im
2125 2150 2173 2182 nie
2192 2152 2403 2188 erlahmenden
2420 2151 2545 2189 Kampfe
2564 2160 2616 2182 um
2635 2151 2682 2182 die
2699 2152 2756 2182 Be-

1926 2189 1929 2227 !
1946 2193 2104 2231 hauptung
2128 2193 2248 2231 uuserer
2272 2193 2537 2231 Unabhängigkeit,
2561 2194 2757 2232 Bewährung

1926 2230 1929 2275 j
1947 2235 1988 2266 im
2004 2237 2126 2274 Innern
2144 2237 2230 2274 durch
2248 2236 2427 2274 Gestaltung
2442 2238 2493 2267 des
2511 2236 2679 2274 staatlichen
2697 2236 2755 2274 Zu-

1925 2278 1928 2313 !
1946 2278 2182 2315 sammenlcbens
2216 2279 2259 2309 im
2294 2278 2530 2317 eidgenössischen
2564 2279 2669 2316 Geiste,
2705 2280 2756 2308 der

1925 2331 1927 2352 !
1946 2321 2023 2352 keine
2043 2321 2212 2360 Schranken
2233 2323 2283 2352 der
2305 2321 2399 2359 Rasse,
2422 2321 2562 2360 Sprache,
2584 2321 2754 2359 Konscssion

1945 2365 2014 2395 oder
2040 2364 2312 2402 Weltanschauung
2337 2363 2508 2396 anerkennt.
2544 2364 2601 2396 Tic
2626 2364 2755 2401 Schwei;

1945 2406 1979 2443 ist
2002 2406 2066 2437 eine
2088 2406 2275 2444 freiheitliche
2299 2405 2497 2439 Demokratie,
2520 2409 2581 2437 und
2605 2407 2650 2438 bei
2676 2408 2754 2437 allen

1944 2449 2201 2488 Veränderungen
2225 2450 2275 2479 der
2301 2450 2426 2480 Umwelt
2450 2449 2512 2480 will
2537 2451 2598 2480 und
2622 2450 2694 2486 muß
2719 2449 2755 2487 sic

1945 2495 1977 2522 cs
1993 2492 2117 2525 bleiben,
2136 2497 2223 2522 wenn
2242 2492 2278 2529 sie
2297 2492 2346 2529 sich
2365 2491 2446 2529 selbst
2466 2494 2526 2523 und
2548 2492 2594 2529 ihr
2612 2492 2754 2530 Existenz-

1945 2535 2017 2572 recht
2037 2534 2112 2572 nicht
2134 2534 2279 2573 aufgcben
2298 2534 2372 2570 will;
2403 2536 2453 2565 als
2474 2535 2662 2567 Demokratie
2684 2536 2753 2565 aber

1949 2578 2002 2614 hat
2023 2577 2058 2615 sie
2081 2577 2129 2615 sich
2150 2577 2243 2614 heute,
2266 2577 2297 2607 in
2318 2577 2452 2615 schwerer
2474 2579 2536 2608 und
2556 2578 2754 2615 gefahrvoller

1951 2620 2026 2658 Zeit,
2043 2621 2112 2658 stets
2128 2626 2187 2651 von
2206 2628 2311 2651 neuem
2330 2629 2362 2658 zu
2382 2621 2576 2658 bewähren,
2593 2627 2680 2651 wenn
2698 2622 2755 2651 das

1944 2664 2009 2695 Rad
2034 2665 2085 2694 der
2107 2663 2263 2702 Geschichte
2286 2663 2360 2698 nicht
2385 2664 2457 2694 über
2481 2664 2516 2702 sie
2540 2664 2753 2703 hinwcgrvllen

1943 2706 2004 2743 soll.
2036 2707 2097 2738 Der
2120 2707 2210 2745 ewige
2232 2706 2438 2744 Pendelschlag
2462 2706 2593 2745 zwischen
2617 2708 2671 2737 den
2695 2708 2753 2737 bei¬

1944 2749 1998 2779 den
2036 2748 2203 2786 politischen
2238 2750 2334 2786 Polen
2374 2748 2538 2787 „Freiheit"
2567 2750 2628 2780 nnd
2659 2749 2754 2783 „Ord¬

1944 2792 2044 2830 nung"
2063 2792 2114 2829 hat
2132 2791 2182 2828 seit
2199 2792 2263 2823 dem
2280 2791 2453 2829 Weltkriege
2468 2791 2545 2829 Maß
2562 2793 2622 2823 und
2640 2792 2752 2828 Rhyth¬

1944 2837 2013 2865 mus
2030 2835 2178 2869 verloren;
2197 2834 2227 2864 in
2245 2833 2372 2871 heftige»
2388 2833 2595 2872 Ausschlägen,
2611 2833 2657 2865 die
2674 2834 2751 2865 Ord¬

1943 2884 2026 2914 nung
2051 2877 2125 2913 ohne
2150 2876 2281 2914 Freiheit
2306 2878 2375 2906 oder
2399 2877 2455 2906 das
2480 2876 2642 2914 Gegenteil,
2669 2876 2751 2914 Frei¬

1942 2918 2000 2955 heit
2019 2920 2094 2956 ohne
2110 2918 2187 2950 Ordi
2201 2926 2271 2956 ung,
2291 2918 2353 2954 also
2372 2918 2417 2948 die
2437 2918 2580 2953 Anarchie
2599 2919 2751 2952 bedeuten,

1942 2960 2014 2998 folgt
2040 2969 2071 2991 er
2096 2961 2147 2991 der
2172 2961 2365 2999 Fieberkurve
2391 2961 2442 2991 der
2467 2961 2554 2999 durch
2580 2962 2634 2992 den
2661 2961 2751 2999 Krieg

1941 3003 2145 3041 geschwächten
2177 3003 2293 3034 Völker.
2334 3004 2402 3034 Das
2433 3003 2576 3040 Problem
2608 3005 2670 3034 und
2704 3012 2750 3041 zu¬

1940 3045 2027 3083 gleich
2045 3046 2090 3076 die
2108 3045 2322 3083 Eristeuzsragc
2339 3047 2389 3076 der
2407 3044 2528 3081 kleinen,
2545 3046 2587 3078 im
2603 3047 2750 3085 Zentrum

1940 3088 1990 3118 der
2010 3088 2119 3126 große»
2141 3089 2373 3126 UnNvülzungcn
2393 3088 2548 3126 gelegenen
2569 3089 2698 3126 Schweiz
2718 3089 2750 3124 ist

1940 3130 1990 3160 der
2014 3130 2170 3168 Ausgleich
2197 3130 2330 3168 zwischen
2356 3130 2487 3169 Freiheit
2513 3133 2574 3162 und
2601 3132 2751 3169 Ordnung

1942 3171 1973 3202 in
1998 3173 2048 3203 der
2074 3172 2263 3204 Demokratie
2299 3191 2335 3194 —
2371 3174 2421 3203 der
2448 3173 2604 3213 Ausgleich
2640 3174 2672 3204 in
2701 3178 2750 3205 der

1940 3214 2144 3252 Staatsform,
2170 3221 2228 3246 von
2254 3217 2304 3246 der
2330 3215 2388 3246 wir
2413 3215 2569 3254 überzeugt
2596 3217 2666 3253 sind,
2692 3217 2751 3253 daß

1941 3256 1976 3293 sie
1995 3257 2149 3295 schließlich
2169 3258 2234 3295 doch
2255 3259 2311 3289 das
2332 3258 2404 3295 beste
2422 3258 2525 3290 Mittel
2547 3259 2685 3296 darstellt,
2704 3259 2749 3290 die

1941 3299 2042 3331 beiden
2074 3300 2248 3337 Prinzipien
2289 3300 2491 3332 miteinander
2522 3310 2556 3338 zu
2587 3302 2749 3339 versöhnen

1940 3343 2001 3373 und
2018 3343 2082 3373 eine
2100 3343 2206 3380 höhere
2224 3343 2317 3381 Form
2335 3343 2536 3382 menschlichen
2556 3345 2749 3382 Zusammen¬

1940 3385 2041 3416 lebens
2063 3394 2096 3422 zu
2120 3385 2345 3423 verwirklichen.
2378 3386 2455 3417 Weil
2479 3387 2550 3417 aber
2572 3387 2617 3417 die
2640 3388 2749 3419 Demo¬

1940 3427 2031 3458 kratie
2054 3428 2124 3466 auch
2148 3427 2254 3459 immer
2277 3428 2322 3459 die
2346 3428 2509 3466 natürliche
2532 3430 2666 3467 Tendenz
2688 3430 2749 3467 hat,

1939 3470 1985 3500 die
2005 3470 2156 3509 Ordnung
2178 3472 2228 3501 der
2249 3470 2380 3509 Freiheit
2403 3471 2655 3510 hintanzustellc»,
2679 3472 2749 3505 muß

1939 3512 2033 3549 heute,
2048 3522 2088 3543 an
2106 3514 2156 3544 der
2172 3513 2311 3551 Schwelle
2329 3513 2410 3544 eines
2427 3522 2521 3546 neuen
2539 3515 2663 3552 Jahres,
2680 3515 2748 3552 noch

1939 3555 2053 3586 einmal
2070 3556 2167 3594 gesagt
2185 3557 2312 3588 werden,
2332 3556 2390 3593 daß
2408 3556 2465 3587 wir
2484 3557 2528 3587 die
2549 3563 2617 3588 vom
2636 3557 2748 3589 Sturm

1939 3597 1989 3628 der
2016 3598 2081 3635 Zeit
2108 3599 2241 3629 umtobte
2268 3598 2548 3636 Schweizerfrcihcit
2576 3608 2635 3630 nur
2662 3600 2748 3634 durch

1939 3640 2090 3680 Ordnung
2115 3642 2177 3672 und
2202 3640 2348 3678 Disziplin
2384 3641 2478 3673 retten
2504 3643 2631 3673 werden.
2667 3643 2748 3678 Nicht

1938 3683 2027 3713 unter
2045 3684 2123 3714 allen
2145 3683 2323 3720 Umständen
2345 3685 2395 3714 der
2416 3684 2748 3722 svrmaldcmokratische

1937 3725 2166 3765 Jnstanzcnzug,
2193 3726 2264 3757 aber
2290 3727 2340 3756 der
2366 3726 2446 3763 Geist
2471 3727 2531 3757 und
2557 3727 2670 3765 Inhalt
2698 3729 2747 3757 der

1937 3767 2126 3799 Demokratie
2151 3768 2223 3806 muß
2247 3768 2288 3799 im
2311 3769 2448 3806 Handeln
2473 3769 2523 3800 der
2546 3770 2747 3808 Regierenden

1939 3809 2006 3846 stets
2032 3810 2165 3849 gewahrt
2189 3812 2317 3846 ivcrde»;
2354 3811 2417 3842 eine
2444 3811 2623 3849 substantiell
2650 3813 2746 3843 demo¬

1939 3852 2070 3890 kratische
2091 3853 2203 3890 Politik
2221 3853 2297 3884 wird
2320 3857 2380 3885 uns
2402 3853 2471 3888 auch
2494 3854 2533 3885 im
2554 3854 2652 3893 Jahre
2675 3856 2746 3885 1937

1937 3895 2015 3926 allen
2037 3895 2293 3933 Schwierigkeiten
2316 3897 2377 3927 und
2400 3896 2549 3935 Gefahren
2572 3900 2746 3935 gewappnet

1937 3938 2173 3976 entgcgcntrctc»
2195 3938 2294 3975 lasten.

2852 1020 2916 1050 Tic
2960 1020 3085 1056 nächste
3128 1020 3290 1056 Ausgabe
3334 1021 3493 1056 erscheint
3538 1028 3592 1050 am

2793 1067 2826 1097 2.
2854 1067 2999 1103 Januar
3027 1067 3325 1103 (Bcrchtoldstag)
3355 1076 3410 1097 um
3440 1067 3477 1097 11
3512 1067 3593 1101 Uhr.

2793 1197 2883 1246 Die
2897 1196 3074 1254 Politik
3088 1197 3169 1244 des
3184 1197 3432 1244 Kabinetts
3448 1195 3594 1244 Blum

2852 1280 2957 1318 Paris,
2980 1283 3026 1311 31.
3051 1281 3117 1317 Dez.
3142 1281 3218 1314 fTcl.
3243 1281 3362 1316 unseres
3385 1282 3529 1314 <-Korr.>
3555 1280 3596 1310 Es

2773 1323 2776 1342 i
2794 1326 2860 1351 war
2886 1320 3070 1358 geschrieben,
3098 1320 3157 1356 daß
3185 1321 3242 1350 das
3269 1319 3350 1356 Jahr
3379 1321 3451 1350 1936
3476 1320 3525 1356 für
3552 1318 3597 1348 die

2793 1359 2980 1397 Diplomatie
3005 1359 3195 1397 Frankreichs
3222 1358 3275 1388 mit
3301 1358 3380 1389 einer
3406 1359 3500 1395 letzten
3525 1358 3596 1389 Ent»

2773 1400 2775 1428 i
2794 1398 2952 1436 täuschung
2965 1401 3057 1428 enden
3070 1397 3168 1435 müsse.
3192 1397 3246 1428 Die
3258 1397 3379 1433 erhoffte
3392 1398 3597 1434 Annäherung

2773 1431 2775 1466 !
2793 1437 2931 1475 Italiens
2949 1446 2988 1467 an
3004 1437 3049 1467 die
3064 1436 3251 1473 Westmächte
3266 1436 3297 1466 in
3314 1436 3363 1467 der
3378 1436 3595 1472 Spanien-

2794 1476 2914 1513 frage
2941 1478 2992 1513 hat
3019 1476 3069 1512 sich
3097 1477 3146 1505 als
3173 1475 3219 1505 ein
3247 1475 3425 1513 Trugschluß
3452 1474 3596 1512 erwiesen,

2793 1516 2854 1545 und
2890 1514 2934 1545 die
2969 1514 3278 1552 französisch-britische
3312 1513 3476 1551 Initiative
3510 1514 3596 1547 droht

2793 1553 2913 1591 negativ
2928 1562 2961 1591 zu
2977 1555 3077 1583 enden.
3103 1553 3163 1583 Der
3180 1553 3211 1583 in
3228 1554 3277 1583 der
3292 1551 3487 1588 italienischen
3501 1551 3597 1590 Presse

2794 1592 2842 1630 seil
2856 1591 2924 1629 zwei
2938 1592 3041 1630 Tagen
3055 1592 3276 1629 angeschlagene
3289 1591 3354 1622 Ton
3369 1591 3425 1625 ließ
3439 1591 3502 1623 eine
3514 1591 3597 1621 aber¬

2794 1631 2903 1669 malige
2925 1631 3128 1668 Schwenkung
3150 1629 3326 1668 Mussolinis
3350 1632 3418 1664 nach
3441 1631 3490 1660 der
3514 1629 3597 1661 Seite

2792 1669 2906 1707 Hitlers
2919 1670 3028 1707 ahnen.
3050 1671 3092 1701 Es
3106 1669 3176 1707 zeigt
3192 1669 3250 1706 sich,
3264 1669 3321 1704 daß
3335 1669 3379 1698 die
3393 1669 3597 1710 Unterredung

2793 1711 2844 1739 des
2869 1709 3016 1745 deutschen
3040 1708 3239 1744 Botschafters
3263 1713 3289 1738 v.
3313 1707 3418 1744 Haffell
3442 1708 3495 1738 mit
3520 1705 3596 1741 Graf

2792 1747 2890 1779 Ciano
2904 1746 3025 1785 Italien
3039 1747 3147 1777 wieder
3162 1746 3338 1784 vollständig
3354 1746 3402 1783 für
3420 1748 3471 1777 de»
3487 1740 3596 1782 Kampf

2793 1795 2882 1824 gegen
2895 1787 2949 1817 den
2961 1785 3218 1817 Kommunismus
3230 1786 3261 1815 in
3274 1784 3412 1823 Spanien
3425 1783 3596 1822 mobilisiert

2793 1828 2855 1856 und
2881 1834 2930 1862 zur
2956 1826 3135 1862 Ablehnung
3161 1824 3238 1860 jeder
3263 1825 3414 1861 Regelung
3441 1824 3490 1854 der
3515 1822 3597 1860 Frei-

2793 1863 3009 1902 willigcnsrage
3031 1865 3169 1901 bewogen
3192 1864 3252 1898 hat.
3283 1862 3330 1893 Ob
3353 1862 3434 1892 dabei
3458 1861 3597 1896 wirkliche

2793 1903 2978 1940 Drohungen
3012 1903 3084 1933 über
3118 1901 3165 1932 ein
3199 1901 3422 1939 beschleunigtes
3455 1901 3597 1937 deutsches

2771 1952 2774 1966 -
2792 1941 2983 1979 Vordringen
3005 1941 3036 1971 in
3058 1940 3276 1977 Mitteleuropa
3298 1939 3469 1977 mitgespielt
3492 1941 3596 1977 haben,

2771 1984 2774 2010 !
2794 1980 2849 2011 ivir
2867 1980 2917 2018 sich
2934 1979 2982 2010 ein
3001 1980 3067 2011 Teil
3085 1981 3135 2010 der
3155 1978 3357 2017 französischen
3376 1978 3471 2017 Presse
3490 1978 3596 2014 trösten

2772 2018 2774 2046 !
2794 2028 2826 2055 zu
2847 2020 2959 2049 können
2980 2019 3094 2056 glaubt,
3116 2017 3208 2048 bleibe
3230 2017 3438 2055 dahingestellt.
3468 2017 3530 2054 Für
3551 2016 3596 2046 die

2771 2052 2774 2101 |
2792 2057 3363 2095 Freiwilligen-Entsendungen
3400 2057 3431 2086 in
3466 2055 3597 2091 Tcutsch-

2771 2097 2774 2132 j
2793 2097 2865 2127 land
2907 2096 3032 2133 scheinen
3075 2096 3329 2133 Versprechungen
3372 2095 3505 2132 Fraucos
3548 2093 3597 2131 für

2772 2133 2774 2163 !
2790 2135 2915 2173 deutsche
2926 2134 3060 2166 Vorteile
3071 2135 3102 2165 in
3114 2135 3255 2165 Marokko
3267 2134 3330 2164 eine
3341 2134 3423 2164 Rolle
3434 2142 3466 2172 zu
3480 2132 3597 2172 spielen,

2771 2166 2775 2215 j
2793 2174 2849 2205 Die
2878 2174 3003 2211 deutsche
3032 2175 3094 2203 und
3123 2173 3167 2203 die
3196 2172 3371 2210 italienische
3399 2172 3482 2205 Note,
3511 2173 3597 2202 deren

2792 2212 3045 2256 Argumentation
3061 2212 3198 2249 vielleicht
3213 2211 3286 2245 nicht
3301 2211 3512 2255 grundlätzlich.
3526 2210 3597 2240 aber

2795 2259 2847 2289 aus
2870 2252 2952 2289 jeden
2975 2251 3041 2289 Fall
3064 2251 3175 2288 faktisch
3197 2250 3250 2287 aus
3273 2251 3449 2288 Ablehnung
3471 2251 3596 2288 hinaus-

2793 2290 2894 2328 laufen
2925 2290 3031 2325 dürste,
3061 2291 3178 2320 werden
3209 2289 3283 2327 nicht
3314 2294 3368 2319 vor
3398 2290 3447 2319 der
3477 2287 3596 2326 zweiten

2793 2331 3012 2367 Jauuarivoche
3030 2330 3178 2359 erwartet.
3206 2328 3254 2359 Da
3271 2329 3320 2358 der
3339 2329 3382 2357 10.
3397 2327 3524 2365 Januar
3540 2328 3595 2357 den

2793 2369 2888 2405 letzte»
2905 2367 3029 2400 Termin
3047 2368 3095 2409 für
3113 2367 3158 2398 die
3175 2367 3331 2401 Annahme
3350 2367 3400 2396 des
3418 2364 3595 2403 französisch-

2792 2407 2941 2444 britischen
2954 2407 3147 2444 Vorschlages
3161 2405 3260 2438 bildet,
3274 2405 3337 2441 fällt
3352 2405 3405 2442 auf
3418 2403 3490 2442 diese
3503 2403 3595 2440 Weise

2792 2446 2836 2476 die
2853 2454 2942 2484 ganze
2958 2445 3063 2476 Aktion
3082 2445 3183 2482 dahin.
3209 2444 3265 2475 Die
3281 2443 3394 2479 Mächte
3410 2445 3524 2474 werden
3540 2447 3595 2472 vor

2793 2484 2872 2515 einer
2899 2493 2994 2515 neuen
3022 2483 3185 2515 Situation
3214 2483 3316 2521 stehen,
3344 2484 3392 2512 der
3420 2481 3595 2520 wenigstens

2792 2523 3052 2561 Großbritannien
3077 2522 3133 2553 mit
3157 2522 3251 2553 einen,
3276 2521 3406 2559 gewissen
3432 2520 3594 2554 Gleichmut

2791 2562 3051 2600 cntgegenzusehen
3064 2561 3175 2599 scheint.
3199 2560 3291 2592 Seine
3303 2559 3411 2597 Politik
3423 2559 3456 2596 ist
3468 2559 3517 2596 seit
3529 2560 3592 2589 dem

2792 2601 2994 2632 Gentlemcn's
3025 2600 3201 2639 Agreement
3230 2599 3301 2630 über
3331 2599 3386 2628 das
3414 2598 3593 2628 Mittelmeer

2792 2640 3024 2679 selbstbewußter
3041 2640 3206 2676 geworden.

2845 2681 3084 2720 Innenpolitisch
3125 2680 3227 2718 bringt
3266 2679 3311 2711 die
3338 2678 3502 2717 Beilegung
3540 2679 3590 2708 des

2794 2720 2969 2752 Streiks
3028 2721 3078 2751 der
3127 2720 3153 2750 N
3166 2728 3184 2749 a
3198 2721 3214 2754 h
3227 2727 3242 2749 r
3254 2727 3273 2749 u
3285 2726 3303 2748 n
3316 2721 3360 2756 gs
3372 2726 3400 2748 in
3413 2717 3421 2748 i
3435 2720 3444 2747 t
3458 2719 3467 2747 t
3479 2726 3492 2748 e
3505 2720 3513 2746 l
3526 2717 3542 2747 b
3554 2724 3590 2746 c*

2790 2759 2928 2789 triebe
2972 2758 3036 2790 eine
3069 2757 3160 2789 kleine
3192 2757 3410 2796 Erleichterung
3443 2757 3514 2787 über
3547 2754 3592 2785 die

2788 2798 3020 2836 Nenjahrstage.
3041 2799 3118 2832 Auch
3139 2798 3238 2828 wollte
3258 2797 3305 2835 sich
3328 2799 3376 2827 der
3397 2794 3590 2833 Innenmini¬

2789 2837 2842 2874 ster
2859 2838 2995 2875 Dormoy
3013 2837 3100 2875 durch
3118 2836 3163 2867 die
3179 2846 3266 2865 manu
3282 2835 3401 2865 militari
3417 2841 3590 2872 vvrgenoin-

2788 2884 2870 2907 mene
2893 2877 2919 2908 R
2932 2878 3024 2907 üum
3037 2884 3055 2906 u
3069 2884 3087 2905 n
3100 2885 3117 2913 g
3152 2874 3233 2905 einer
3254 2874 3366 2912 Anzahl
3388 2873 3512 2912 besetzter
3534 2873 3590 2904 Be¬

2789 2915 2880 2945 triebe
2897 2915 2945 2945 ein
2961 2916 3048 2953 gutes
3065 2913 3201 2953 Zeugnis
3219 2913 3383 2945 verdienen.
3404 2912 3456 2944 Dir
3471 2912 3590 2944 Blatter

2787 2953 3051 2992 beglückwünschen
3067 2953 3119 2991 ihn
3136 2962 3169 2991 zu
3185 2952 3287 2990 diesem
3303 2951 3483 2990 Energieakt.
3498 2950 3590 2987 dessen

2787 2992 2962 3031 unblutiger
2978 2993 3107 3029 Verlauf
3124 2991 3250 3029 beweise,
3264 2992 3321 3028 daß
3335 2999 3405 3022 man
3421 2993 3473 3021 den
3488 2988 3589 3020 Arbei¬

2788 3032 2852 3062 tern
2875 3040 2934 3061 nur
2956 3031 3001 3062 die
3023 3030 3183 3063 Autorität
3204 3030 3298 3069 zeigen
3321 3030 3417 3066 müsse,
3439 3028 3532 3060 damit
3553 3028 3588 3064 sie

2789 3070 2838 3108 sich
2855 3070 2950 3108 willig
2970 3071 3081 3108 fügten.
3099 3071 3160 3102 Der
3177 3070 3275 3101 Senat
3294 3067 3454 3107 seinerseits
3474 3068 3524 3104 hat
3544 3065 3588 3097 bei

2789 3109 2838 3139 der
2878 3110 3039 3147 Beratung
3081 3110 3131 3139 der
3173 3107 3410 3146 obligatorische»
3454 3106 3588 3141 Schieds¬

2787 3147 3023 3185 gerichtsbarkeit
3061 3148 3125 3178 dem
3163 3145 3485 3184 Ministerpräsidenten
3524 3144 3587 3174 eine

2787 3186 2959 3225 Konzession
2980 3187 3117 3225 gemacht,
3140 3186 3237 3217 indem
3260 3185 3329 3221 ihm.
3351 3187 3412 3215 dem
3436 3183 3587 3217 Minister¬

2787 3225 2983 3262 präsidenten,
3034 3225 3080 3256 die
3128 3226 3309 3261 Ernennung
3358 3225 3407 3254 des
3457 3222 3586 3260 obersten

2788 3264 3034 3301 Schiedsrichters
3060 3263 3286 3302 anheimgestellt
3312 3262 3352 3297 ist.
3377 3262 3452 3299 statt,
3475 3261 3530 3292 wie
3554 3262 3585 3290 cs

2787 3303 2836 3332 der
2867 3304 2966 3334 Senat
2994 3302 3096 3340 bisher
3122 3302 3258 3339 verlangt
3286 3301 3373 3336 hatte,
3404 3302 3464 3331 dem
3493 3299 3584 3335 ersten

2786 3342 2980 3379 Präsidenten
3000 3343 3051 3373 des
3068 3340 3371 3379 Kassationsgerichts.
3394 3340 3457 3370 Das
3474 3341 3500 3370 B
3514 3348 3531 3369 u
3545 3340 3561 3367 d
3574 3352 3584 3361 -

2786 3389 2803 3416 g
2815 3389 2828 3410 e
2841 3381 2850 3410 t
2882 3381 2958 3411 wird
2982 3381 3050 3418 noch
3072 3383 3125 3411 den
3150 3388 3257 3418 ganzen
3281 3379 3345 3417 Tag
3367 3377 3496 3416 zwischen
3519 3379 3582 3407 dem

2785 3419 2896 3456 Palais
2910 3419 3056 3452 Bourbon
3073 3421 3134 3450 und
3149 3420 3211 3450 dem
3224 3418 3426 3461 Luxembourg
3443 3417 3505 3451 hin-
3522 3416 3583 3447 und

2786 3459 2991 3493 herwandern.
3006 3458 3063 3489 Die
3076 3459 3215 3489 Kanmier
3231 3457 3280 3494 hat
3296 3461 3327 3486 es
3342 3455 3372 3486 in
3390 3454 3479 3493 dieser
3492 3455 3582 3489 Nacht

2787 3496 2817 3527 in
2835 3497 2948 3534 zweiter
2966 3497 3078 3535 Lesung
3096 3503 3318 3535 angenommen,
3337 3495 3363 3530 so
3382 3494 3439 3530 daß
3456 3500 3509 3525 vor
3526 3495 3581 3525 den

2785 3535 3028 3573 Neujahrstagen
3064 3538 3119 3566 das
3145 3534 3233 3573 Gesetz
3267 3527 3343 3567 wohl
3381 3532 3488 3564 votiert
3522 3532 3581 3569 sein

2785 3574 2870 3605 wird.
2897 3574 2952 3606 Die
2976 3574 3143 3618 Regierung
3167 3574 3257 3604 Blum
3283 3573 3333 3607 hat
3356 3571 3449 3602 damit
3472 3571 3581 3608 wenig¬

2785 3612 2861 3649 stens
2888 3613 2973 3644 einen
3000 3612 3221 3650 provisorischen
3249 3610 3491 3648 Budgetzwölstel
3517 3614 3580 3640 ver¬

2784 3650 2908 3683 mieden.
2927 3652 2982 3683 Tie
3003 3651 3212 3690 Fiskalrefvrm
3231 3649 3305 3681 ivird
3324 3648 3408 3687 heute
3427 3649 3495 3687 noch
3514 3647 3578 3685 zwi-

2787 3690 2861 3727 schen
2894 3692 2957 3722 dem
2981 3690 3079 3722 Senat
3112 3691 3170 3720 und
3205 3690 3253 3719 der
3276 3689 3415 3720 Kaminer
3447 3696 3478 3724 zu
3501 3688 3579 3719 Ans»

2784 3728 3071 3767 einandersetzungcu
3094 3726 3312 3766 Veranlassung
3332 3726 3428 3764 geben.

2918 3803 3104 3839 Räumung
3122 3803 3268 3838 besetzter
3286 3801 3446 3831 Betriebe

2842 3866 2945 3903 Paris,
2962 3868 3006 3895 01.
3023 3865 3087 3901 Dez.
3105 3869 3135 3902 pt
3152 3864 3211 3895 Der
3228 3863 3327 3894 Streik
3343 3861 3373 3893 in
3391 3863 3443 3893 den
3461 3861 3582 3900 Pariser

2782 3905 2808 3936 N
2820 3913 2838 3936 a
2851 3906 2867 3942 h
2880 3913 2895 3936 r
2907 3913 2925 3936 u
2938 3913 2956 3935 n
2969 3912 2985 3943 g
2996 3907 3012 3935 s
3025 3913 3052 3935 in
3065 3913 3073 3934 i
3087 3904 3096 3934 t
3109 3904 3118 3933 t
3130 3911 3143 3934 e
3154 3902 3166 3934 l
3176 3902 3192 3933 b
3204 3910 3218 3933 e
3230 3902 3239 3932 t
3251 3910 3266 3932 r
3277 3901 3285 3932 i
3299 3909 3312 3932 e
3323 3901 3340 3931 b
3352 3909 3365 3932 e
3377 3909 3396 3931 n
3440 3901 3473 3939 ist
3515 3903 3579 3931 be¬

2783 3944 2912 3975 endet.
2951 3943 3007 3974 Die
3037 3941 3170 3973 Arbeiter
3199 3941 3259 3971 und
3290 3939 3334 3970 die
3367 3940 3579 3977 Ilnternehmer

244 4084 258 4110 i
479 4050 815 4116 Feuilleton

598 4134 697 4138 -—-—
794 4125 924 4152 Nachdruck
938 4126 1052 4150 „ertöten

454 4162 522 4197 Die
539 4163 615 4206 Uhr
632 4164 702 4198 tickt
719 4165 845 4199 weiter

335 4224 439 4253 Noinan
454 4231 505 4252 von
529 4225 737 4254 Valentine
760 4225 960 4256 Williams

289 4271 462 4306 Autorisierte
479 4272 657 4308 Ucbcrsetznng
673 4273 723 4307 von
748 4273 855 4307 Felix
879 4275 1004 4303 Beran

292 4332 358 4365 Nach
377 4332 436 4366 fünf
453 4332 543 4366 Tagen
562 4334 645 4367 Fahrt
664 4338 714 4361 von
733 4332 933 4367 Southampton
952 4335 1052 4369 pflügte

242 4369 282 4397 die
299 4371 476 4404 „Megantic",
492 4372 539 4398 den
558 4372 686 4406 Schnabel
702 4371 747 4405 aus
763 4372 825 4399 New
841 4372 909 4405 Nork
924 4374 1051 4407 gerichtet,

242 4409 290 4435 das
311 4408 440 4443 friedliche
459 4410 543 4437 Meer.
572 4411 608 4439 Es
627 4416 685 4438 >var
705 4410 800 4443 neblig,
820 4411 873 4437 und
893 4411 933 4438 die
953 4411 1052 4440 Sirene

242 4448 286 4474 des
306 4447 403 4481 grosicn
424 4448 570 4481 Dampfers
592 4449 679 4482 sandte
699 4454 750 4477 von
769 4448 825 4482 Zeit
845 4455 877 4482 zu
897 4449 954 4482 Zeit
975 4450 1050 4483 ihren

242 4486 379 4519 klagenden
400 4486 454 4520 Ruf
474 4487 610 4519 dröhnend
639 4489 714 4521 durch
742 4487 782 4515 die
810 4487 964 4521 Jnninacht.
993 4489 1051 4517 Das

241 4524 395 4558 Abcndcssc»
414 4530 471 4552 war
488 4525 557 4559 schon
573 4526 619 4560 seit
633 4526 706 4554 einer
722 4526 825 4554 Stnndc
840 4525 938 4556 vorbei,
954 4529 1008 4554 und
1023 4529 1051 4554 eS

242 4564 332 4590 wurde
352 4563 388 4590 im
407 4563 505 4597 großen
525 4564 595 4592 Saal
615 4566 725 4599 getanzt.
753 4564 803 4592 Tie
821 4564 940 4592 Männer
959 4570 1049 4592 waren

242 4600 270 4628 in
283 4601 328 4628 der
341 4601 548 4635 Rancherkabinc
560 4610 625 4637 ganz
638 4604 715 4631 unter
729 4603 771 4637 sich
785 4602 811 4630 in
824 4603 868 4630 der
880 4606 940 4630 vom
952 4603 1049 4630 Tabnk-

241 4639 316 4674 ranch
333 4639 552 4674 geschwängerten
569 4642 628 4676 Lust
646 4642 698 4669 nnd
715 4643 770 4669 de»,
787 4641 939 4669 Gemurmel
957 4641 1050 4675 nichts¬

241 4676 364 4711 sagender
378 4679 582 4712 Bemerkungen.

291 4716 356 4744 Bier
370 4723 415 4745 um
430 4716 504 4745 einen
520 4717 621 4752 Ecktisch
637 4718 737 4752 sitzende
751 4717 892 4752 Fahrgäste
905 4716 1049 4747 verhielten

243 4754 285 4788 sich
307 4754 466 4789 schivcigcnd.
497 4755 578 4784 Einer
600 4757 645 4784 der
667 4757 794 4786 Männer,
816 4755 878 4789 seist,
899 4754 1049 4790 kahlköpfig,

241 4793 281 4820 die
297 4793 388 4827 Augen
406 4794 469 4821 über
486 4794 533 4821 den
550 4794 803 4828 Zigarrenstummel
821 4794 941 4828 gehoben,
958 4795 1004 4820 den
1023 4802 1049 4821 »r

241 4831 359 4865 zwischen
383 4833 430 4859 de»
453 4832 562 4866 Zähnen
586 4833 658 4865 hielt,
684 4835 726 4860 lad
748 4832 824 4862 einen
848 4833 960 4860 Roman.
984 4832 1049 4865 Ihm

241 4870 384 4903 gegenüber
403 4878 447 4897 am
467 4870 538 4904 Tisch
560 4872 680 4905 studierte
701 4873 745 4899 der
765 4872 854 4905 zweite
874 4871 930 4898 eine
950 4870 1049 4903 wissen¬

241 4898 377 4942 schaftliche
400 4909 605 4944 Wochenschrift,
627 4910 753 4944 während
778 4910 820 4944 sich
843 4911 887 4937 der
913 4908 992 4936 dritte
1014 4916 1049 4936 an

239 4948 323 4977 einem
333 4949 498 4983 Kartenspiel
516 4952 659 4985 vergnügte
676 4952 729 4978 und
746 4952 790 4978 der
809 4950 890 4978 vierte
901 4950 989 4977 Alaun
1005 4956 1049 4977 am

240 4985 319 5019 Tisch,
347 4986 389 5013 ein
409 4986 546 5020 Jüngling
575 4987 624 5015 mit
644 4987 850 5021 Angcngläscrn,
879 4986 1049 5019 nachdenklich

241 5023 307 5057 seine
323 5024 407 5057 Pfeife
423 5025 524 5057 rauchte
541 5026 593 5053 »nd
608 5030 657 5053 vor
674 5026 717 5059 sich
733 5025 778 5058 hin
795 5026 840 5053 inS
855 5025 928 5053 Leere
948 5024 1049 5057 starrte.

289 5064 345 5092 Mit
366 5064 450 5092 einem
470 5065 574 5100 Schlag,
594 5067 640 5093 der
657 5066 697 5094 die
715 5067 814 5094 Karten
833 5067 924 5098 tanzen
946 5064 1049 5098 machte,

241 5100 321 5134 schloß
335 5102 379 5128 der
393 5102 481 5129 Mann
497 5101 545 5129 mit
560 5104 604 5130 der
619 5103 703 5136 Glatze
719 5103 770 5136 sein
786 5103 855 5136 Buch
869 5103 922 5130 nnd
936 5102 1005 5134 warf
1022 5104 1048 5129 es

240 5144 288 5166 vor
303 5139 345 5173 sich
359 5139 404 5172 ans
419 5141 465 5166 den
479 5139 558 5175 Tisch.
574 5141 725 5174 „Onatsch!"
740 5141 790 5174 ries
804 5149 832 5168 er
845 5140 980 5175 ärgerlich.
995 5141 1049 5168 Der

240 5176 459 5211 Patieneespielcr
482 5178 526 5211 sah
549 5186 580 5212 z»
604 5179 658 5212 ihm
681 5179 735 5213 ans.
769 5179 872 5213 „Ruhig
895 5179 970 5209 Blut,
997 5179 1048 5206 Sir

239 5215 357 5249 Alfred!"
375 5216 506 5244 brummte
523 5223 551 5245 er
570 5217 705 5252 scherzend.

294 5254 350 5282 Der
366 5255 462 5282 anderc
478 5255 620 5289 schnaubte:
640 5257 708 5287 „Tut
725 5255 777 5284 mir
795 5256 855 5287 leid,
871 5256 1003 5286 Reardon,
1019 5258 1047 5284 es

240 5291 309 5320 wird
336 5293 398 5320 aber
426 5293 579 5328 heutzutage
606 5294 719 5329 wirklich
749 5294 792 5322 ein
820 5294 914 5329 solcher
941 5294 1047 5329 Schund

1088 4029 1212 4061 gedruckt!
1236 4029 1283 4062 Ich
1307 4028 1409 4063 glaube,
1433 4028 1467 4062 ich
1492 4028 1582 4056 könnte
1606 4029 1677 4063 selbst
1702 4029 1777 4057 einen
1802 4030 1897 4064 bessern

1087 4066 1322 4094 Kriminalroman
1339 4066 1654 4102 zusammenschmiere»!"

1140 4106 1177 4133 Er
1196 4106 1238 4138 sah
1260 4105 1302 4139 sich
1322 4106 1382 4138 nach
1401 4105 1540 4138 Zuhörern
1560 4114 1614 4136 um.
1632 4107 1686 4134 und
1705 4108 1736 4134 da
1756 4107 1801 4134 der
1821 4106 1898 4141 junge

1088 4144 1177 4172 Man»
1203 4144 1253 4172 mit
1277 4146 1320 4171 der
1344 4144 1427 4177 Pfeife
1452 4143 1497 4177 ihn
1521 4145 1717 4179 einigermaßen
1743 4145 1897 4179 interessiert

1087 4182 1178 4216 ansnh,
1202 4182 1304 4217 richtete
1327 4190 1355 4209 er
1379 4182 1447 4216 seine
1470 4182 1666 4217 Bemerkungen
1690 4191 1725 4211 an
1751 4184 1805 4217 ihn.
1832 4184 1896 4215 „Ein

1087 4221 1358 4254 Großunternehmer,
1375 4220 1425 4249 wie
1444 4220 1502 4254 ich."
1520 4221 1617 4250 meinte
1634 4229 1662 4249 er
1678 4222 1895 4257 wichtigtuerisch,

1089 4260 1166 4293 „muß
1184 4259 1250 4293 seine
1267 4260 1342 4288 Leute
1359 4260 1541 4292 durchschauen
1558 4260 1667 4291 können,
1682 4261 1812 4295 verstehen
1830 4261 1895 4289 Sie?

1087 4298 1134 4332 Ich
1152 4298 1220 4326 bilde
1237 4298 1290 4326 mir
1308 4298 1359 4328 ein,
1376 4297 1426 4330 daß
1442 4298 1496 4325 mir
1513 4298 1554 4326 ein
1575 4299 1644 4327 Blick
1661 4301 1765 4333 genügt,
1782 4307 1826 4327 um
1843 4300 1896 4327 mir

1086 4342 1137 4364 von
1157 4338 1202 4364 der
1221 4337 1345 4370 Eignung
1363 4335 1436 4365 eines
1454 4336 1572 4365 Mannes
1592 4339 1639 4365 das
1660 4337 1764 4372 richtige
1782 4338 1846 4366 Bild
1865 4345 1895 4372 zu

1086 4375 1197 4408 machen.
1226 4376 1272 4409 Ich
1293 4375 1440 4409 beschäftige
1460 4374 1524 4403 über
1545 4376 1775 4410 vierzchntauscnd
1796 4377 1896 4404 Leute",

1086 4421 1114 4441 er
1130 4414 1216 4445 blähte
1233 4414 1276 4448 sich
1292 4413 1396 4447 sichtlich
1411 4414 1466 4446 aus,
1483 4415 1551 4444 „und
1571 4414 1605 4448 ich
1622 4415 1697 4447 prüfe
1714 4415 1769 4447 ihre
1785 4415 1895 4449 Persön¬

1087 4452 1191 4486 lichkeit,
1216 4453 1315 4485 erhalte
1341 4451 1501 4486 regelmäßig
1526 4453 1629 4486 Bericht
1655 4453 1719 4481 über
1745 4453 1816 4486 jeden
1842 4453 1895 4481 ein¬

1086 4492 1185 4524 zelnen,
1211 4492 1263 4518 und
1290 4490 1377 4524 sobald
1404 4490 1437 4521 ich
1463 4488 1539 4519 einen
1565 4492 1653 4520 Mann
1680 4492 1741 4519 oder
1766 4492 1827 4526 auch
1853 4492 1895 4519 ein

1087 4529 1304 4563 Frauenzimmer
1337 4529 1453 4559 entdecke,
1487 4529 1535 4557 das
1567 4529 1637 4563 Hirn
1672 4530 1707 4557 im
1740 4530 1807 4564 Kopf
1844 4531 1895 4563 hat,

1086 4567 1219 4601 befördere
1239 4567 1272 4601 ich
1292 4568 1331 4601 sic.
1358 4567 1404 4601 Ich
1423 4566 1467 4594 bin
1487 4572 1538 4595 von
1557 4568 1756 4602 Birmingham,
1774 4570 1827 4596 und
1846 4569 1895 4596 alle

1085 4605 1170 4634 meine
1186 4606 1305 4640 Freunde
1321 4607 1379 4633 dort
1395 4606 1498 4633 werden
1514 4606 1605 4640 Ihnen
1621 4606 1769 4640 bestätigen,
1785 4607 1834 4641 daß
1849 4607 1895 4641 Als

1085 4644 1194 4673 Wclloiv
1213 4645 1254 4672 ein
1274 4645 1337 4677 recht
1356 4645 1431 4678 guter
1448 4645 1679 4678 Menschenkenner
1700 4644 1738 4678 ist.
1764 4645 1810 4679 Ich
1829 4646 1894 4673 kann

1085 4690 1133 4715 gar
1151 4682 1216 4716 nicht
1233 4683 1306 4716 mehr
1321 4683 1428 4713 anders,
1444 4682 1489 4710 bin
1507 4682 1576 4717 schon
1593 4690 1624 4717 zu
1642 4684 1718 4717 lange
1734 4683 1817 4715 dabei,
1832 4684 1894 4714 muß

1086 4720 1139 4747 mir
1159 4725 1210 4748 von
1232 4721 1313 4754 jedem
1334 4721 1375 4748 ein
1397 4720 1461 4748 Bild
1482 4721 1592 4755 ninchc».
1621 4722 1661 4755 In
1682 4722 1726 4749 der
1747 4722 1893 4755 Eisenbahn

1084 4762 1145 4788 oder
1162 4766 1239 4790 wenn
1257 4761 1290 4796 ich
1308 4762 1351 4789 des
1367 4762 1499 4796 Morgens
1517 4761 1544 4789 in
1560 4762 1661 4790 meiner
1676 4762 1753 4790 Nolls
1772 4763 1831 4796 nach
1849 4764 1894 4790 der

1085 4797 1181 4831 Fabrik
1195 4798 1277 4832 fahre,
1293 4797 1356 4825 liebe
1372 4798 1405 4831 ich
1420 4801 1456 4828 cs.
1471 4797 1524 4826 mir
1539 4798 1578 4826 die
1593 4799 1668 4827 Leute
1682 4799 1825 4833 nnzusehc»
1841 4801 1893 4827 und

1085 4835 1139 4862 mir
1158 4837 1342 4871 anszninalen,
1362 4842 1416 4864 >vcr
1437 4836 1468 4870 sie
1490 4836 1544 4869 sind
1565 4839 1618 4865 und
1638 4840 1696 4865 was
1717 4838 1748 4871 sic
1769 4838 1892 4865 treiben."

1084 4874 1121 4901 Er
1136 4876 1249 4902 ivackeltc
1265 4874 1444 4908 selbstgefällig
1459 4874 1506 4902 mit
1522 4877 1567 4903 der
1586 4875 1785 4909 schimmernden
1801 4876 1893 4910 Glatze.

1086 4911 1148 4946 „Ich
1164 4913 1233 4946 hätte
1249 4913 1290 4940 ein
1307 4920 1372 4947 ganz
1387 4914 1462 4946 gntcr
1478 4913 1592 4941 Detektiv
1608 4914 1711 4941 werde»
1728 4914 1892 4943 können..."

1135 4950 1177 4978 Ta
1209 4953 1257 4978 daS
1289 4951 1409 4984 offenbar
1441 4951 1481 4978 ein
1506 4952 1637 4985 Monolog
1659 4957 1726 4983 war.
1757 4954 1801 4980 der
1826 4952 1893 4981 keine

1084 4988 1255 5023 Beteiligung
1278 4995 1328 5017 von
1354 4989 1435 5022 seiner
1459 4989 1533 5018 Seite
1556 4991 1699 5024 verlangte,
1724 4991 1826 5025 schivieg
1849 4992 1893 5019 der

1084 5026 1163 5061 junge
1192 5028 1290 5056 Mann.
1321 5028 1402 5058 „WaS
1431 5035 1490 5061 zum
1519 5028 1634 5062 Beispiel
1665 5028 1713 5057 Sic
1742 5030 1892 5063 anbelangt,

1084 5064 1178 5098 junger
1192 5066 1261 5099 Herr
1275 5066 1370 5097 Dcnc,"
1386 5066 1470 5100 sprach
1485 5066 1536 5095 Sir
1550 5067 1642 5101 Alfred
1656 5067 1755 5098 weiter,
1771 5068 1892 5102 „begegne

1085 5102 1119 5137 ich
1138 5104 1228 5137 Ihnen
1249 5105 1305 5136 hier
1324 5104 1370 5138 auf
1390 5104 1481 5136 diesem
1502 5104 1584 5139 Schiss
1603 5113 1662 5139 zum
1681 5105 1819 5140 erstenmal
1840 5108 1892 5134 und

1084 5141 1151 5174 weiß
1171 5150 1218 5176 gar
1238 5143 1320 5176 nichts
1339 5148 1389 5170 von
1412 5142 1512 5177 Ihne».
1540 5145 1641 5172 Wollen
1662 5145 1715 5172 mal
1735 5144 1816 5178 fche».
1835 5146 1892 5172 wa8

1084 5179 1118 5212 ich
1133 5181 1186 5208 mir
1200 5180 1451 5215 zusannncnreiincn
1466 5181 1531 5210 kann
1547 5183 1611 5210 ..."
1633 5182 1689 5211 Mit
1703 5182 1775 5210 einer
1791 5183 1890 5218 raschen

1082 5219 1232 5253 Bewegung
1250 5220 1329 5253 nahm
1347 5221 1391 5247 der
1410 5219 1487 5253 junge
1504 5221 1592 5249 Alaun
1611 5221 1650 5248 die
1667 5220 1750 5255 Pfeife
1767 5224 1818 5249 aus
1835 5222 1890 5249 dem

1082 5257 1170 5285 Mund
1184 5259 1237 5286 und
1252 5257 1344 5292 starrte
1358 5258 1433 5292 durch
1448 5257 1514 5292 seine
1530 5259 1615 5287 Brille
1628 5259 1673 5293 aus
1687 5260 1735 5287 den
1749 5260 1890 5295 Sprcchcn-

1988 4030 2053 4061 „Sie
2085 4031 2156 4064 sehen
2190 4031 2337 4065 studentisch
2359 4031 2437 4062 ans",
2469 4032 2555 4066 sprack,
2579 4033 2630 4061 Sir
2653 4033 2745 4067 Alfred

1933 4071 2032 4101 weiter,
2070 4072 2138 4101 „nnd
2172 4071 2221 4099 Sic
2257 4072 2349 4105 tragen
2386 4071 2443 4099 eine
2477 4073 2742 4106 Hochschulkrawatte.

1934 4108 2008 4141 Fürs
2025 4108 2198 4142 Ghinnasium
2215 4108 2327 4142 scheinen
2343 4109 2392 4136 Sie
2408 4109 2462 4136 mir
2477 4117 2509 4144 zu
2524 4111 2572 4138 alt.
2587 4110 2637 4138 Sie
2654 4110 2742 4145 studie¬

1934 4153 1980 4174 ren
1997 4147 2059 4174 aber
2077 4146 2214 4180 jedenfalls
2232 4147 2360 4181 Medizin.
2377 4148 2443 4181 Hab'
2461 4147 2494 4183 ich
2513 4149 2610 4180 recht?"

1984 4185 2056 4213 Dcnc
2076 4186 2152 4219 lachte
2168 4188 2221 4213 nnd
2237 4188 2316 4219 nahm
2334 4185 2399 4219 seine
2414 4185 2497 4221 Pfeife
2512 4187 2609 4216 wieder
2623 4187 2741 4222 zivischcn

1933 4223 1974 4250 die
1990 4223 2087 4257 Zähne.
2107 4224 2275 4258 „Tatsächlich
2293 4224 2388 4252 bereite
2406 4224 2440 4258 ich
2457 4225 2520 4260 mich
2538 4226 2582 4260 für
2600 4226 2639 4253 die
2656 4227 2740 4253 Advo-

1931 4262 2123 4297 katcnprüsung
2140 4263 2214 4293 vor",
2231 4262 2298 4296 sagte
2314 4270 2351 4291 er.

1983 4300 2035 4328 Sir
2050 4301 2142 4334 Alfred
2158 4302 2272 4334 strahlte.
2290 4301 2392 4334 „Sehe»
2408 4301 2466 4332 Sie,
2481 4302 2515 4336 ich
2531 4303 2594 4336 habe
2609 4310 2657 4337 gar
2676 4302 2740 4336 nicht

1933 4339 2021 4371 soweit
2044 4339 2293 4373 vorbeigeschosscu."
2327 4340 2378 4368 Als
2402 4347 2430 4368 er
2453 4342 2524 4368 dann
2548 4341 2600 4375 sah.
2624 4341 2673 4373 daß
2696 4343 2740 4368 der

1931 4378 2020 4405 Mann
2041 4379 2185 4412 gegenüber
2207 4378 2273 4411 seine
2294 4378 2490 4413 Wochenschrift
2511 4381 2649 4414 wcggclcgt
2670 4380 2739 4413 halte

1932 4418 1985 4443 nnd
2001 4417 2117 4451 zuhörte,
2132 4417 2242 4444 erklärte
2258 4424 2286 4444 er
2303 4416 2366 4450 ihm,
2382 4417 2432 4450 daß
2450 4420 2477 4445 cs
2495 4418 2537 4453 sich
2555 4426 2606 4445 nur
2622 4425 2667 4445 um
2683 4418 2738 4444 eine

1933 4454 2012 4482 kleine
2035 4455 2121 4488 Probe
2143 4455 2246 4488 handle.

1983 4493 2045 4528 „Ich
2063 4495 2197 4528 verstehe,"
2216 4493 2312 4522 meinte
2331 4495 2375 4521 der
2393 4495 2497 4526 andere,
2517 4494 2566 4529 „ich
2584 4495 2653 4528 hatte
2670 4494 2737 4522 keine

1930 4531 2054 4566 Ahnung,
2068 4532 2118 4564 daß
2133 4532 2181 4560 Sic
2198 4532 2240 4566 sich
2258 4532 2306 4560 mit
2322 4532 2416 4566 solchen
2432 4532 2536 4567 Dingen
2550 4532 2671 4568 abgeben,
2685 4532 2736 4560 Sir

1930 4570 2022 4603 Alfred
2039 4591 2044 4598 .
2062 4592 2067 4598 .
2084 4571 2105 4598 ."
2124 4570 2191 4598 Sein
2208 4571 2265 4599 To»
2283 4576 2341 4598 war
2358 4572 2440 4598 etwas
2458 4570 2605 4605 sarkastisch.

1983 4609 2045 4643 „Ach
2067 4615 2119 4637 nur
2139 4611 2190 4636 aus
2211 4609 2386 4640 Liebhaberei,
2407 4609 2500 4640 Blain.
2522 4617 2573 4637 nur
2593 4611 2636 4637 als
2657 4609 2735 4637 Ama-

1930 4647 2014 4678 tcnr",
2030 4647 2079 4681 gab
2095 4647 2146 4675 Sir
2163 4647 2254 4681 Alfred
2271 4655 2311 4681 zn,
2328 4647 2376 4675 mit
2397 4647 2613 4682 selbstgefälligem
2630 4647 2734 4682 Lächeln

1930 4684 1966 4713 im
1990 4685 2076 4719 fetten,
2098 4687 2257 4720 glänzenden
2280 4686 2384 4720 Gesicht.

1981 4724 2071 4758 „Ganz
2090 4724 2180 4757 recht",
2199 4724 2266 4757 sagte
2284 4724 2368 4752 Blain
2388 4725 2441 4752 und
2460 4724 2502 4758 sah
2522 4725 2564 4759 sich
2583 4724 2619 4752 im
2638 4723 2733 4757 Rauch-

1930 4761 2003 4795 salvn
2024 4770 2076 4790 m».
2106 4763 2141 4790 Er
2161 4768 2219 4790 war
2241 4762 2284 4790 ein
2305 4764 2393 4792 Mann
2415 4762 2463 4790 mit
2484 4764 2575 4796 langer
2595 4762 2660 4796 Nase
2680 4763 2732 4790 und

1929 4800 2002 4828 einer
2026 4800 2139 4834 schrillen
2163 4800 2287 4830 Stimme.
2314 4801 2391 4835 „Jetzt
2415 4800 2470 4828 will
2495 4801 2529 4835 ich
2553 4801 2601 4828 Sic
2624 4800 2669 4834 auf
2693 4800 2732 4827 die

1929 4840 2015 4872 Probe
2031 4840 2123 4872 stellen.
2138 4839 2225 4873 Sehe»
2241 4839 2290 4867 Sic
2306 4841 2353 4867 den
2367 4840 2454 4868 Mann
2470 4840 2528 4867 dort
2544 4839 2658 4866 drüben?
2675 4838 2731 4866 Den

1928 4878 1999 4905 alten
2021 4878 2129 4906 Knaben
2151 4877 2186 4905 im
2208 4884 2308 4912 grauen
2329 4877 2422 4911 Anzug
2442 4890 2472 4895 —
2495 4884 2523 4905 er
2545 4877 2622 4905 trinkt
2644 4877 2730 4910 soeben

1929 4915 2049 4948 Wasser.
2066 4937 2071 4944 .
2088 4916 2109 4943 ."

1979 4954 2031 4982 Sir
2051 4954 2142 4987 Alsred
2165 4954 2243 4982 rückte
2264 4953 2349 4988 seinen
2370 4953 2478 4988 Zivickcr
2498 4954 2604 4986 zurecht,
2625 4960 2668 4981 in»
2691 4951 2731 4980 die

1928 4992 2079 5026 bezcichnetc
2102 4993 2202 5026 Person
2227 5000 2258 5026 zu
2282 4992 2433 5026 betrachten.
2459 4991 2539 5025 „Ah",
2562 4992 2670 5019 erklärte
2694 4998 2730 5018 er.

1930 5030 1995 5060 „Ein
2022 5030 2202 5064 sreundliches,
2227 5031 2382 5065 vornehmes
2408 5029 2509 5063 Gesicht.
2535 5030 2663 5063 Offenbar
2687 5029 2728 5056 ei»

1927 5069 2105 5097 Amerikaner.
2137 5069 2242 5097 Diskret
2274 5076 2430 5103 angezogen;
2463 5068 2552 5101 scheint
2584 5070 2667 5095 weder
2699 5074 2729 5100 zu

1929 5107 2029 5135 trinken
2051 5109 2110 5141 »och
2131 5115 2162 5140 zn
2186 5108 2303 5141 rauchen.
2326 5129 2331 5136 .
2352 5108 2373 5136 .'
2396 5108 2431 5135 Er
2453 5107 2531 5140 nahm
2554 5108 2600 5134 den
2622 5105 2729 5141 Zivickcr

1927 5145 1968 5173 ab.
1992 5146 2077 5176 „Nun,
2098 5146 2190 5177 Blain,
2213 5146 2246 5177 ich
2269 5146 2338 5179 halte
2361 5145 2406 5179 ihn
2429 5145 2472 5179 für
2494 5145 2597 5178 jemand
2619 5146 2663 5172 der
2684 5145 2728 5176 aus

1927 5183 2047 5217 sozialem
2086 5183 2177 5212 Gebiet
2215 5184 2282 5218 tätig
2322 5184 2360 5218 ist,
2398 5183 2520 5217 vielleicht
2559 5183 2600 5211 ein
2639 5182 2728 5211 Laicn-

1927 5222 2064 5255 pricster..
2083 5223 2105 5250 ."

1975 5260 2058 5289 Blain
2074 5261 2175 5295 kicherte
2190 5261 2278 5295 hässig.
2295 5260 2430 5291 „Arbeiter
2443 5260 2490 5293 auf
2504 5259 2624 5294 sozialem
2638 5259 2728 5289 Gebiet

1926 5298 1956 5334 ist
1971 5299 2036 5334 nicht
2052 5299 2156 5334 schlecht.
2180 5299 2216 5328 Es
2232 5299 2261 5334 ist
2275 5299 2336 5333 Jack
2350 5299 2498 5335 Finncgan,
2513 5298 2606 5327 immer
2620 5299 2666 5334 aus
2681 5300 2728 5326 den

2779 4032 2904 4067 Schiffe»,
2917 4039 2944 4059 er
2957 4031 3024 4059 wird
3037 4031 3097 4058 bald
3109 4029 3219 4064 herüber
3231 4029 3344 4056 kommen
3359 4029 3411 4054 und
3425 4028 3578 4061 behaupten,

2780 4079 2807 4099 er
2824 4072 2901 4099 könne
2921 4071 2974 4104 Ihr
2990 4070 3065 4098 Glück
3081 4068 3205 4102 machen."

2829 4110 2882 4138 Ter
2902 4107 3117 4143 Paticnccspicler
3138 4106 3242 4140 grinste,
3263 4106 3315 4133 nnd
3337 4105 3412 4139 sogar
3433 4105 3477 4133 der
3499 4105 3578 4139 junge

2779 4149 2866 4177 Mann
2893 4147 2972 4175 neben
2999 4146 3050 4174 Sir
3076 4146 3166 4179 Alfred
3194 4145 3283 4172 konnte
3310 4144 3351 4171 ein
3378 4143 3483 4174 Lächeln
3511 4143 3577 4178 nicht

2778 4186 2967 4215 unterdrücken.
2982 4185 3033 4213 Sir
3048 4184 3139 4219 Alfred
3156 4182 3288 4217 räusperte
3304 4182 3355 4217 sich.
3374 4182 3446 4212 „DaS
3463 4183 3492 4216 ist
3509 4184 3577 4209 keine

2778 4225 2880 4259 richtige
2898 4225 2991 4257 Probe.
3010 4245 3016 4251 .

2826 4264 2920 4294 „Gut",
2939 4263 2987 4295 ries
3006 4261 3096 4290 Blai».
3117 4260 3271 4294 „Versuchen
3291 4259 3339 4287 Sic
3358 4260 3413 4293 Ihr
3432 4260 3509 4287 Glück
3526 4259 3575 4287 mit

2775 4302 2836 4330 mir.
2860 4301 2905 4335 Ich
2921 4301 2984 4333 habe
2999 4301 3087 4333 Ihnen
3104 4299 3185 4333 nichts
3200 4303 3251 4326 von
3267 4297 3321 4326 mir
3337 4297 3429 4331 gesagt.
3446 4298 3501 4326 Mit
3517 4300 3574 4325 ivaS

2774 4340 2893 4368 verdiene
2912 4339 2945 4373 ich
2965 4338 3066 4367 meinen
3085 4337 3255 4370 Unterhalt?"

2824 4383 2874 4411 Sir
2892 4382 2983 4416 Alfred
3001 4389 3047 4415 zog
3066 4380 3216 4415 schweigend
3234 4387 3269 4407 an
3289 4379 3371 4412 seiner
3389 4377 3503 4414 Zigarre
3521 4382 3573 4406 und

2775 4422 2816 4455 sah
2838 4421 2882 4454 ihn
2903 4421 3014 4454 prüfend
3034 4428 3077 4447 an.
3108 4419 3210 4451 „')!»»",
3231 4418 3297 4451 sagte
3318 4425 3345 4444 er
3366 4419 3487 4450 zögernd.
3510 4417 3573 4449 „Sie

2773 4460 2853 4493 haben
2872 4458 2947 4488 einen
2966 4457 3210 4491 wissenschaftlichen
3231 4456 3321 4485 Berns,
3342 4455 3376 4487 ich
3399 4457 3493 4490 möchte
3511 4457 3573 4484 aber

2773 4498 2837 4531 nicht
2860 4497 3011 4531 behaupte»,
3035 4497 3084 4528 daß
3108 4496 3157 4523 Sic
3180 4495 3221 4523 ein
3245 4495 3308 4527 Arzt
3333 4495 3394 4521 oder
3418 4494 3460 4523 ein
3485 4494 3572 4529 Jurist

2771 4538 2869 4564 wären.
2895 4536 2943 4563 Sie
2961 4535 3031 4568 sehen
3048 4537 3106 4566 eher
3122 4533 3172 4562 wie
3190 4534 3292 4566 jemand
3309 4535 3368 4563 ans,
3386 4533 3430 4559 der
3447 4533 3573 4565 draußen,

2771 4583 2805 4602 a»
2830 4576 2873 4602 der
2899 4573 3003 4608 frischen
3028 4573 3086 4606 Lust
3111 4572 3177 4605 tätig
3205 4572 3243 4605 ist.
3276 4572 3332 4598 Und
3358 4570 3407 4599 Sie
3433 4572 3499 4605 lesen
3525 4573 3571 4598 den

2771 4613 2917 4646 .Scicntisic
2941 4611 3097 4640 America»'.
3130 4601 3342 4644 Wahrscheinlich
3368 4609 3422 4644 sind
3447 4610 3496 4638 Sic
3520 4609 3572 4643 In¬

2771 4651 2885 4686 genieur.
2906 4672 2913 4679 .
2933 4651 2954 4678 ."

2819 4690 2901 4718 Blai»
2935 4689 3060 4722 schüttelte
3092 4689 3138 4715 de»
3163 4687 3238 4721 Kopf.
3273 4686 3382 4720 „Falsch.
3418 4687 3481 4716 Will
3506 4686 3573 4721 sonst

2769 4728 2872 4761 jemand
2892 4726 3077 4761 mitmachcn?"

2817 4766 2946 4795 Niemand
2961 4766 3066 4793 meldete
3084 4765 3135 4798 sich.
3154 4764 3215 4798 „Ich
3230 4763 3276 4792 bin
3293 4763 3442 4798 Tierarzt",
3458 4764 3527 4798 sagte
3543 4772 3571 4793 er

2767 4805 2815 4832 mit
2836 4804 3061 4832 u»verkennl>arcr
3083 4803 3270 4837 Genugtlning.
3310 4801 3371 4835 „Ich
3392 4801 3455 4835 reise
3476 4802 3503 4830 in
3527 4805 3572 4830 der

2767 4844 2834 4871 Welt
2852 4842 2943 4876 herum
2962 4843 3015 4869 und
3033 4841 3172 4874 beschneide
3193 4840 3366 4873 Rennpferde.
3386 4840 3514 4872 Zweimal
3534 4840 3572 4869 im

2766 4881 2837 4914 Jahr
2857 4881 2952 4907 komme
2973 4880 3006 4912 ich
3026 4881 3086 4910 nach
3106 4880 3153 4906 den
3173 4878 3342 4912 Bereinigten
3363 4878 3487 4906 Staate».
3507 4879 3572 4912 Jetzt

2765 4919 2809 4947 bin
2830 4918 2864 4951 ich
2886 4919 3034 4951 unterivegs
3054 4917 3114 4951 nach
3134 4918 3189 4944 dem
3210 4916 3415 4950 RiedgraSland.
3437 4915 3573 4950 Kentucky,

2765 4956 2852 4990 wissen
2875 4956 2948 4984 Sie."
2991 4956 3027 4983 Er
3052 4957 3129 4988 lachte
3153 4954 3279 4988 höhnisch.
3321 4955 3372 4984 „Es
3398 4953 3428 4987 ist
3454 4954 3520 4988 nicht
3546 4955 3572 4986 so

2767 4994 2845 5025 leicht,
2866 4994 2914 5021 den
2934 4994 3018 5027 Beruf
3040 4998 3091 5021 von
3113 4993 3241 5026 Frcmde»
3262 4999 3294 5026 zu
3315 4992 3430 5022 erraten,
3452 4993 3505 5021 Sir
3525 4993 3572 5021 Al¬

2766 5032 2844 5066 fred."

2814 5070 2869 5098 Der
2891 5070 2986 5097 andere
3009 5069 3105 5103 streifte
3127 5069 3254 5102 ärgerlich
3279 5067 3346 5101 seine
3369 5067 3572 5103 Zigarrcnasche

2764 5108 2804 5136 ab.
2846 5107 2989 5140 „Biellcicht
3013 5107 3111 5135 können
3134 5106 3183 5135 Sic
3205 5107 3276 5141 selbst
3299 5109 3326 5133 es
3348 5106 3452 5140 besser."
3475 5108 3572 5135 meinte

2764 5154 2792 5174 er
2810 5147 2862 5174 und
2881 5146 2923 5179 sah
2942 5146 2985 5179 sich
3002 5152 3056 5174 um.
3076 5146 3206 5177 „Nehmen
3226 5145 3277 5173 wir
3295 5145 3470 5177 Hanptman»
3489 5147 3572 5174 Rear¬

2763 5185 2813 5212 don
2833 5184 2896 5218 hier.
2915 5183 3014 5212 Womit
3032 5183 3151 5211 verdient
3170 5191 3198 5211 er
3217 5182 3300 5217 seinen
3320 5182 3480 5216 Unterhalt?
3500 5184 3571 5213 Oder

2764 5223 2807 5256 hat
2823 5230 2852 5252 er
2867 5226 2895 5250 cs
2914 5222 3004 5256 Ihne»
3022 5222 3140 5256 gesagt?"

2813 5261 2866 5289 Ter
2901 5260 3095 5293 Kartcnspieler
3130 5259 3245 5293 verschob
3279 5257 3357 5287 einen
3394 5258 3481 5294 König
3517 5261 3570 5288 und

2763 5300 2873 5334 lächelte.
2913 5298 2963 5327 Ein
2987 5298 3125 5334 stattlicher
3145 5297 3281 5331 Bicrzigcr
3304 5301 3357 5325 von
3380 5296 3437 5331 sehr
3459 5299 3571 5334 gepslcg.
