3915 5551
327 199 391 242 M
415 198 531 243 1198

133 261 317 314 Zweites
343 264 645 316 Morgenblatt.

3169 195 3359 247 Montag.

3099 258 3169 301 19.
3199 260 3295 311 Juli
3323 260 3454 304 1929.

220 452 294 499 Are
319 454 677 507 Vapierpreisfrage
701 465 771 498 vor
797 455 879 498 dem

202 504 376 558 Schweiz.
398 507 895 560 Ieitnngsvertegerverei«.

589 566 626 600 Q
641 565 770 600 Bern,
786 564 831 595 17.
848 561 931 598 IM.

169 605 246 637 Eine
271 610 328 639 aus
352 609 423 640 allen
447 610 660 645 Lanldesteilen,
682 612 749 640 vom
768 609 797 644 st.
820 606 964 644 gallischen

130 643 233 679 Rhein
257 647 308 678 bis
331 651 398 686 nach
416 651 504 687 Genf,
524 650 588 688 sehr
611 652 662 685 gut
698 648 822 685 besuchte
864 647 966 682 außer-

130 685 306 725 orventliche
349 689 693 727 Generalversammlung
731 689 788 718 dtS
825 687 966 724 Schweiz.

130 723 395 761 DerlegervereiuS
412 731 456 762 im
476 730 584 766 großen
605 729 685 760 Saal
701 728 756 758 des
772 727 876 764 Hotels
895 727 966 757 Dri-

131 763 186 797 stol
207 766 238 795 in
258 768 367 800 Bern
388 771 463 807 hatte
487 771 635 804 Samstag
652 769 710 799 den
729 768 770 798 17.
790 767 864 803 IM
885 766 966 798 Siel-

130 804 208 842 lung
229 814 281 843 zur
302 809 586 847 Papierpreissrage,
603 810 632 839 d.
653 809 680 845 h.
702 814 738 844 zu
755 808 852 838 einem
871 813 965 837 neuen

128 844 397 882 Preisablommen
415 858 453 887 zu
473 851 603 887 nehmen,
624 850 681 879 das
706 848 746 879 im
765 848 893 884 Auftrag
911 848 964 878 de«

130 884 429 926 ZentralvorstandeS
451 893 508 920 von
527 890 579 920 der
597 890 655 925 sog.
675 888 965 924 Papierkommisston

131 928 222 956 unter
249 929 614 966 Ratisikationsvorbehalt
654 930 711 960 mit
733 929 786 959 der
810 927 966 963 Verkaufs¬

130 964 207 998 stelle
233 969 353 1006 schweiz.
376 970 667 1007 Papierfadrikanten
690 968 723 999 in
748 969 860 1004 Luzern
883 968 966 1003 abge¬

131 1005 268 1043 schlossen
285 1012 406 1041 worden
422 1014 495 1042 war.
516 1011 593 1041 Man
614 1009 743 1040 erinnert
762 1008 818 1045 sich,
834 1008 893 1044 daß
913 1014 967 1037 un-

130 1044 229 1082 längst
248 1050 296 1080 die
319 1051 632 1088 Papierkonsumenten
649 1049 736 1084 durch
756 1049 839 1079 einen
863 1048 965 1083 starken

129 1085 476 1129 Papierpreismrffchlag
523 1090 681 1127 überrascht
725 1089 844 1119 worden
892 1087 965 1124 find;

129 1126 211 1162 diese
242 1130 404 1167 Erhöhung
450 1131 526 1166 hatte
551 1132 610 1161 den
637 1128 965 1165 ZeitungspapierpreiS

129 1168 209 1203 nicht
230 1171 335 1207 tressen
352 1172 469 1206 können,
486 1173 524 1202 da
540 1171 630 1206 dieser
648 1170 698 1199 bis
712 1170 795 1200 Ende
814 1168 887 1205 IM
904 1171 966 1199 ver¬

130 1208 256 1245 traglich
282 1212 423 1249 festgesetzt
445 1216 518 1243 war.
557 1212 603 1242 Es
626 1210 728 1246 gehört
769 1208 892 1244 nämlich
916 1214 967 1244 zur

131 1247 358 1282 traditionellen
394 1251 607 1288 Papierpolittk
643 1252 697 1281 des
735 1249 966 1285 schweizerischen

131 1286 543 1328 ZeitungSverlegervereinS,
569 1292 621 1327 auf
644 1292 709 1321 dem
739 1290 823 1324 Wege
849 1289 967 1318 direkter

132 1326 390 1368 Verhandlungen
413 1332 468 1363 mit
486 1333 543 1362 den
563 1331 768 1367 Fabrikanten,
788 1330 818 1360 d.
838 1328 867 1364 h.
889 1328 968 1365 ihrer

132 1366 494 1409 Berkaufsorganifation,
541 1373 623 1402 einen
668 1368 966 1405 LandespapierpreiS

133 1407 185 1440 für
214 1411 279 1441 ein«
301 1413 444 1449 möglichst
467 1413 553 1447 lange
578 1413 678 1442 Dauer
705 1417 740 1445 zu
765 1408 965 1443 vereinbaren;

134 1448 188 1478 als
212 1451 317 1487 Basis-
338 1454 406 1483 oder
428 1453 549 1484 Grund«
572 1454 634 1482 und
655 1451 818 1486 Richtpreis
837 1449 896 1485 gilt
917 1450 968 1479 der

132 1487 231 1520 Preis
250 1493 298 1528 für
313 1493 370 1524 daS
390 1492 578 1529 gewöhnliche
592 1489 919 1526 ZettungSdnlckpapier
937 1488 968 1518 in

132 1527 245 1561 Rollen
277 1533 551 1569 (RolationNruck),
579 1531 673 1562 wobei
700 1531 746 1567 für
773 1530 894 1565 Format
920 1528 967 1558 ein

133 1568 281 1608 Zuschlag
292 1577 354 1604 von
364 1575 383 1603 8
396 1575 454 1609 Rp.
466 1576 521 1609 pro
531 1572 612 1607 Kilo,
626 1572 674 1608 für
687 1571 856 1607 satiniertes
866 1568 968 1599 Druck¬

135 1609 240 1644 papier
265 1613 311 1643 ein
332 1613 468 1650 Zuschlag
508 1617 568 1643 von
585 1612 622 1641 30
643 1612 698 1647 Rp.
720 1614 773 1645 Pro
795 1609 863 1640 Kilo
886 1608 966 1644 (neu)

135 1654 201 1684 und
261 1654 390 1686 satiniert
447 1652 647 1689 Formatdruck
702 1650 854 1686 Zuschläge
911 1652 969 1678 von

119 1712 125 1718 •
134 1689 172 1718 30
202 1690 231 1719 +
259 1694 278 1722 8
305 1694 361 1728 Rp.
403 1697 453 1728 per
498 1693 567 1723 Kilo
614 1692 694 1727 (neu)
741 1697 805 1726 zum
850 1689 968 1720 Grund¬

136 1731 222 1762 preis
267 1733 496 1771 hinzugerechnet
536 1733 661 1763 werden.
702 1730 777 1761 Laut
814 1730 867 1760 des
910 1728 969 1759 Ab-

137 1770 289 1803 kommcns
311 1777 376 1804 vom
395 1775 437 1804 31.
456 1774 577 1803 Oktober
598 1773 673 1806 ISIS,
707 1771 764 1799 daS
801 1769 852 1799 bis
887 1769 969 1804 heute

137 1813 274 1847 gegolten
289 1815 350 1850 hat,
363 1814 466 1851 betrug
479 1816 531 1843 der
544 1812 636 1848 Preis
653 1812 699 1846 für
717 1808 969 1842 Rotationsdruck-

137 1851 243 1886 Papier
261 1855 295 1884 88
313 1854 369 1889 RP.
387 1858 441 1890 pro
454 1852 536 1883 Kilo.
552 1852 609 1883 Die
625 1851 759 1887 Aufgabe
777 1851 828 1880 der
846 1849 970 1885 Papier-

137 1891 322 1928 kommission
345 1895 394 1924 der
417 1892 637 1929 Verlegerschast
661 1891 777 1926 bestand
799 1889 895 1922 darin,
920 1890 969 1919 der

138 1930 397 1970 Preisbewegung
416 1935 482 1969 nach
504 1934 576 1963 oben
598 1932 737 1967 nröglichst
757 1930 855 1966 zeitige
878 1930 970 1959 Gren-

141 1976 193 2003 len
215 1980 250 2008 zu
270 1976 360 2011 setzen.
395 1975 443 2005 Ob
464 1978 527 2007 und
541 1974 573 2002 in
590 1972 721 2006 welchem
741 1971 830 2004 Maße
848 1970 903 1998 das
927 1976 970 2004 ge-

141 2011 256 2047 schehcn
273 2018 346 2049 war,
363 2014 489 2045 darüber
509 2014 600 2048 gaben
618 2010 771 2047 Aufschluß
793 2010 900 2040 einmal
921 2010 970 2038 der

139 2053 329 2088 vorliegende
355 2056 425 2091 Text
449 2055 502 2085 des
533 2060 623 2083 neuen
651 2051 843 2082 Abkommens
873 2050 969 2084 selber,

141 2091 256 2123 sodann
284 2096 399 2125 weitere
427 2094 584 2131 schriftliche
610 2092 818 2126 Erklärungen,
864 2088 971 2124 endlich

140 2131 189 2161 die
207 2134 423 2170 erschöpfenden
439 2134 601 2168 Auskünfte
616 2133 667 2161 der
683 2129 969 2166 Papierkommission

140 2172 243 2205 selber.

195 2213 242 2244 Es
265 2222 334 2250 mag
355 2215 417 2250 hier
439 2215 534 2250 gesagt
551 2213 678 2246 werden,
696 2211 756 2245 daß
777 2211 827 2240 der
849 2209 972 2243 Papier-

143 2252 228 2283 preis
251 2255 371 2290 bedingt
394 2256 472 2285 wird
494 2254 579 2288 durch
603 2253 659 2282 den
689 2251 808 2287 größer»
836 2250 903 2278 oder
929 2255 973 2283 gc«

143 2292 266 2328 ringern
291 2293 603 2330 Beschäftigungsgrad
646 2293 697 2323 der
721 2287 870 2325 Fabriken.
917 2288 972 2318 Die

142 2333 305 2370 ehemalige
331 2335 432 2370 scharfe
457 2331 809 2368 ZeitungSrationierunfl
832 2329 883 2360 hat
910 2335 971 2358 nun

147 2371 261 2408 Folgen
282 2375 385 2410 gehabt
402 2396 411 2409 ,
427 2375 475 2406 die
492 2374 575 2410 heute
598 2372 663 2407 noch
684 2371 756 2404 nicht
776 2370 973 2399 überwunden

144 2411 215 2446 sind,
257 2415 378 2446 nämlich
402 2416 464 2445 eine
489 2413 549 2450 sehr
573 2412 704 2447 fühlbare
728 2409 879 2445 Abnahme
920 2409 970 2438 diS

144 2452 380 2491 schweizerischen
404 2455 552 2489 Konsums
577 2460 615 2482 an
637 2449 893 2486 ZeitungSpapier.
917 2447 973 2479 Bei

142 2492 237 2529 dieser
263 2495 403 2531 Sachlage
425 2495 497 2524 kann
521 2493 566 2523 di«
593 2491 801 2528 schweizerische
825 2489 973 2523 Verleger-

145 2531 231 2569 schaft
254 2542 343 2571 gegen
365 2535 447 2565 einen
470 2533 578 2569 Export
601 2531 691 2566 nichts
715 2529 819 2565 haben:
844 2528 880 2563 sie
904 2527 971 2562 muß

144 2573 289 2608 vielmehr
313 2576 349 2606 iv
372 2576 453 2604 einer
499 2573 679 2608 gesteigerten
703 2568 884 2606 Produktion
926 2567 973 2597 die

145 2613 328 2649 Möglichkeit
357 2622 392 2651 zu
402 2615 532 2650 stärkerer
539 2611 714 2646 Verteilung
721 2610 773 2639 der
780 2608 974 2644 GestehungS-

146 2654 236 2687 kosten
259 2655 404 2688 erblicken;
431 2654 532 2690 zudem
555 2652 616 2686 läßt
642 2651 688 2687 sich
710 2650 824 2683 d«nken,
846 2648 904 2682 daß
929 2647 973 2676 bei

144 2693 198 2723 der
218 2700 307 2729 regen
328 2693 546 2729 auSläUdischen
563 2692 725 2727 Rachftage
743 2690 791 2719 ein
811 2687 903 2723 Preis
928 2687 974 2721 für

147 2733 360 2771 Exportpapter
385 2734 484 2771 erzielt
506 2732 592 2767 wird,
632 2732 684 2761 der
708 2730 771 2759 eine
794 2729 893 2764 tiefere
916 2728 976 2757 An-

149 2773 260 2809 setzung
276 2775 333 2805 de»
350 2773 577 2809 JnlandpreiseS
598 2769 773 2805 ermSMcht;
795 2770 845 2799 der
868 2768 975 2803 Export

150 2812 200 2843 hat
231 2813 496 2849 selbstverständlich
524 2812 600 2846 seine
628 2811 743 2844 Grenze
772 2808 820 2838 bei
848 2808 901 2837 der
932 2813 976 2842 ge¬

150 2853 306 2888 nügenden
321 2854 624 2888 Landesversorgung.
641 2851 703 2886 Auf
716 2850 813 2883 diesen
829 2847 976 2883 primären

148 2892 387 2929 Ueberlegungen
402 2894 475 2923 baut
493 2892 541 2928 sich
559 2893 616 2921 das
635 2897 707 2920 neue
723 2889 895 2919 Abkommen
917 2887 975 2923 aus,

146 2932 207 2962 dar
229 2933 315 2964 einen
332 2933 502 2969 Basispreis
522 2935 580 2961 von
599 2930 634 2959 SS
652 2930 709 2965 Rp.
732 2929 778 2963 für
801 2927 976 2959 Rotations¬

149 2972 229 3002 druck
266 2977 336 3004 vom
354 2975 378 3003 1.
397 2972 508 3008 August
526 2972 575 3001 bi»
595 2972 638 2999 31.
660 2969 783 3000 Oktober
804 2968 879 2999 1920.
917 2970 975 2995 von

154 3014 203 3042 >00
222 3014 279 3048 Rp.
302 3018 354 3048 pro
374 3014 443 3043 Kilo
462 3017 529 3041 vom
547 3014 573 3041 1.
595 3009 758 3040 November
779 3008 847 3038 1920
864 3006 917 3035 bis
934 3007 976 3036 31.

149 3051 276 3084 Januar
299 3054 375 3088 ISA,
397 3054 457 3084 und
481 3053 566 3081 einen
591 3050 721 3080 Mittlern
744 3047 977 3081 DerrechnungS-

151 3093 233 3125 preis
255 3097 313 3123 von
331 3094 366 3123 93
383 3093 441 3129 Rp.
461 3096 517 3127 pro
534 3090 605 3121 Kilo
625 3090 674 3124 für
690 3089 738 3119 di«
757 3088 832 3124 sechs
852 3087 977 3116 Monate

151 3133 281 3168 Vorsicht.
303 3135 385 3169 Dazu
404 3132 515 3168 enthält
528 3132 585 3162 daS
603 3129 778 3160 Abkommen
792 3128 840 3157 die
859 3126 976 3161 nötige«

153 3172 380 3207 Stipulationen
419 3172 464 3207 für
505 3171 670 3207 genügende
695 3168 894 3202 Belieferung,
930 3165 977 3195 die

154 3204 317 3249 Sicherung
338 3214 389 3243 der
416 3211 718 3245 Landesversorgung,
740 3209 790 3238 die
814 3206 978 3243 Fortdauer

151 3255 206 3282 des
223 3253 427 3288 Abkommens,
441 3252 486 3283 die
505 3250 705 3285 Bonifikation
723 3249 791 3283 usw.

197 3293 291 3324 Wenn
308 3293 354 3327 die
371 3292 534 3330 Erhöhung
548 3292 604 3321 deS
623 3285 977 3324 ZeitungSpapierpreifeS

154 3333 223 3369 auch
249 3333 322 3370 nicht
343 3334 409 3363 ein«
433 3334 463 3368 so
486 3331 559 3367 hohe
580 3330 616 3365 ist
637 3330 695 3359 wie
718 3328 764 3358 bet
787 3328 844 3358 den
869 3326 979 3355 andern

151 3373 313 3409 Papieren,
329 3373 361 3410 so
377 3373 412 3408 ist
429 3373 462 3408 sie
479 3371 562 3408 hoch
581 3376 726 3406 genug,
744 3374 794 3396 um
812 3368 870 3396 daS
888 3364 980 3401 Zei.

152 3412 470 3449 tungögewerbe
499 3409 669 3447 fühlbar
707 3414 750 3444 zu
786 3406 969 3441 belasten.

153 3453 215 3483 Der
233 3453 426 3489 Papierpreis
444 3451 558 3486 beträgt
578 3450 663 3487 heute
679 3449 738 3479 daS
759 3446 904 3481 Dreifache
925 3445 977 3475 deS

151 3492 273 3529 Preises
299 3497 365 3524 vom
384 3492 481 3529 Jahre
506 3491 586 3526 1914;
610 3490 658 3519 die
681 3487 799 3525 schweiz.
821 3485 980 3522 ZeitungS-

154 3532 282 3568 Verleger
307 3533 400 3570 haben
423 3532 490 3561 aber
516 3531 581 3566 noch
606 3530 690 3564 lange
717 3528 796 3562 nicht,
822 3526 889 3561 auch
913 3525 979 3559 trotz

152 3574 211 3603 den
223 3573 362 3610 erhöhten
377 3570 670 3608 Herstellungskosten,
683 3569 733 3599 die
745 3565 979 3597 Abo-nnemcntS-

153 3613 247 3650 preise
266 3615 296 3643 in
317 3601 555 3649 entsprechendem
573 3609 664 3644 Maße
684 3608 790 3643 erhöht.
829 3606 883 3637 Die
905 3605 978 3640 Lage

153 3653 206 3684 der
227 3653 390 3688 Zeitungen
411 3653 444 3688 ist
462 3658 526 3681 nun
543 3651 614 3680 aber
631 3650 673 3686 so,
690 3648 748 3682 daß
771 3648 834 3677 eine
851 3645 980 3680 Deckung

154 3694 207 3723 der
241 3693 380 3731 erhöhten
417 3690 617 3728 Papierpreise
655 3687 814 3721 unbedingt
852 3685 980 3721 erfolgen

155 3733 235 3769 muß.
272 3734 349 3764 Mau
365 3733 416 3769 hat
432 3732 526 3768 jüngst
542 3731 619 3767 lesen
634 3729 752 3763 könne»,
768 3727 823 3761 daß
843 3732 913 3755 man
932 3724 982 3760 auf

156 3763 473 3810 sozialdemokratischer
499 3771 584 3803 Seite
614 3770 678 3799 eine
704 3767 851 3803 namhafte
880 3765 983 3796 Unter-

158 3814 282 3851 stützung
300 3816 350 3845 der
369 3811 561 3848 Parteipress«
580 3810 677 3846 plant;
714 3805 878 3843 hoffentlich
913 3805 982 3834 dür¬

159 3855 206 3889 fen
231 3855 279 3884 die
306 3853 501 3890 bürgerlichen
524 3851 689 3887 Zeitungen
718 3849 769 3882 auf
796 3846 898 3880 ebenso
924 3844 984 3875 viel

158 3894 350 3930 Verständnis
376 3894 424 3929 für
443 3892 491 3923 die
514 3890 611 3927 Press«
651 3890 711 3919 und
733 3887 797 3923 ihre
818 3886 898 3921 Lage
936 3883 983 3914 bei

158 3934 252 3970 ihrem
274 3934 433 3970 Publikum
455 3932 564 3969 zählen,
590 3930 639 3959 als
664 3931 696 3959 rS
721 3927 761 3957 im
785 3928 866 3956 roten
892 3923 982 3959 Lager

159 3964 313 4011 tatsächlich
331 3981 366 4011 zu
382 3974 482 4010 finden
501 3972 539 4008 ist.
559 3972 675 4002 Darum
688 3968 740 4004 hat
755 3968 835 3997 denn
853 3966 920 4001 auch
935 3964 984 3995 die

159 4014 504 4051 Generalversammlung
526 4018 560 4046 zu
585 4010 664 4041 Bern
687 4009 748 4038 eine
779 4004 984 4042 Beschlus-

157 4054 468 4092 seSrelsolulion
493 4056 711 4087 angenommen,
733 4048 781 4078 die
804 4047 909 4076 lautet:

214 4095 287 4130 »Die
312 4104 338 4126 a.
357 4102 384 4125 ».
404 4089 751 4128 Generalversammlung
770 4088 826 4119 de»
848 4085 984 4122 Schweiz.

161 4128 552 4168 ZeitungSverlegervereinS
569 4130 640 4157 vom
654 4126 696 4156 17.
710 4123 784 4161 Juli
799 4123 831 4153 in
846 4121 938 4157 Bern,
996 4121 1004 4146 >

1048 451 1150 482 indem
1172 450 1208 487 fte
1230 452 1329 481 erneut
1348 450 1396 482 die
1419 450 1591 488 Wichtigkeit
1614 450 1694 481 einer
1717 447 1827 484 einhei¬

1000 486 1127 524 mischen,
1145 486 1287 522 integren»
1307 486 1531 524 unabhängigen
1553 486 1650 524 Presse
1672 485 1719 522 für
1740 484 1826 524 unser

1000 523 1083 554 Land
1097 522 1197 553 betont
1215 526 1275 556 und
1291 522 1344 557 auf
1356 521 1403 552 die
1418 522 1577 559 schwierige
1594 522 1669 557 Lage
1686 519 1826 558 hinweist,

1000 558 1033 588 in
1055 558 1105 588 der
1133 558 1181 594 sich
1203 556 1251 587 die
1275 557 1484 595 schweizerische
1510 557 1607 594 Presse
1631 557 1682 593 seit
1707 555 1825 591 Jahren

1000 593 1136 630 befindet,

1050 628 1279 665 beschließt:
1298 629 1321 658 1.
1340 629 1404 659 Das
1421 628 1595 660 Abkommen
1613 628 1667 660 mit
1683 628 1734 658 der
1754 626 1827 656 Ver¬

1000 665 1156 701 kaufsstelle
1175 665 1286 700 Luzern
1304 667 1370 694 vom
1386 665 1428 695 17.
1444 664 1519 699 Juli
1532 666 1561 696 d.
1575 665 1612 699 I.
1629 665 1707 697 wird
1726 662 1827 698 geneh-

1000 701 1084 736 migt,
1108 700 1144 731 i»
1168 700 1220 731 der
1245 699 1424 737 bestimmten
1450 700 1638 735 Erwartung,
1664 698 1723 734 daß
1751 704 1828 728 nun-

1003 737 1082 773 mehr
1103 736 1167 767 ein«
1188 734 1417 771 Stabilisierung
1435 735 1488 766 der
1511 735 1585 772 Lage
1611 737 1658 769 für
1680 735 1736 765 das
1760 733 1827 769 Zei-

1002 770 1223 808 tungSgewerbe
1242 771 1368 801 eintrete.
1401 772 1428 800 2.
1446 770 1510 807 Zur
1528 771 1655 807 Deckung
1673 772 1724 801 der
1742 768 1827 805 durch

1000 807 1047 837 dir
1072 814 1144 838 neue
1183 807 1266 843 starke
1290 806 1450 842 Erhöhung
1488 808 1540 837 des
1565 805 1827 843 Zeitungspapier.

1003 843 1110 880 Preise-
1134 842 1190 873 wie
1217 842 1320 872 andere
1346 841 1484 878 Faftoren
1508 842 1663 878 bedingten
1690 840 1827 876 Dermeh-

1003 885 1079 912 rung
1113 878 1166 908 der
1201 877 1484 914 Herstellungskosten
1520 879 1571 914 soll
1607 878 1656 908 ein
1695 875 1828 912 allge-

1001 914 1154 944 meiner
1179 912 1390 949 Aufschlag
1433 913 1569 949 erfolgen.
1610 915 1636 943 3.
1662 912 1753 944 Ueber
1781 910 1826 942 die

1002 949 1200 986 Ausführung
1220 949 1298 978 wird
1337 948 1384 978 die
1408 949 1511 984 nächste
1534 957 1559 979 a.
1584 956 1609 979 o.
1636 947 1827 980 Generalver-

1004 985 1168 1016 sammluna
1184 982 1359 1015 statuieren."

1051 1020 1134 1052 Sind
1153 1020 1238 1056 ourch
1256 1020 1305 1050 die
1324 1019 1541 1055 Ratifizierung
1558 1020 1612 1051 deS
1631 1020 1824 1051 Abkommens

1000 1060 1049 1091 die
1070 1061 1166 1096 Dinge
1188 1060 1323 1096 geordnet
1346 1051 1476 1096 zwischen
1500 1058 1735 1094 Verlegerverein
1763 1059 1824 1088 und

1004 1100 1206 1135 Fabrikanten,
1225 1101 1255 1136 so
1272 1100 1305 1135 ist
1322 1100 1377 1131 das
1398 1107 1448 1136 zur
1467 1100 1584 1131 Stunde
1601 1101 1669 1136 noch
1685 1099 1759 1134 nicht
1777 1098 1826 1128 der

1003 1141 1070 1176 Fall
1111 1141 1244 1177 zwischen
1271 1140 1493 1176 Schutzverband
1538 1145 1598 1173 und
1625 1139 1826 1175 Fabrikanten,

1001 1182 1069 1216 doch
1094 1181 1156 1217 läßt
1178 1180 1226 1211 die
1251 1180 1440 1215 Anbahnung
1465 1186 1551 1211 neuer
1578 1179 1826 1216 Verhandlungen

1003 1222 1074 1258 auch
1091 1220 1151 1256 hier
1172 1222 1233 1251 eine
1253 1219 1394 1257 stiedliche
1412 1219 1595 1256 Schlichtung
1614 1220 1750 1257 erhoffen.
1771 1217 1827 1249 Die

1002 1260 1212 1298 schweizerische
1233 1260 1328 1296 Presse
1349 1260 1416 1295 darf
1453 1258 1501 1295 sich
1520 1260 1598 1295 wohl
1619 1260 1701 1291 eines
1723 1258 1827 1289 Ueber«

1002 1301 1105 1336 maßes
1124 1300 1156 1330 in
1174 1302 1226 1331 der
1243 1291 1486 1335 Beanspruchung
1505 1289 1588 1336 durch
1604 1301 1654 1330 die
1671 1298 1826 1335 Behörden

1006 1341 1073 1371 aller
1094 1341 1159 1375 Art,
1180 1339 1253 1375 nicht
1275 1340 1341 1370 aber
1363 1341 1444 1369 eines
1467 1339 1658 1373 Uebermaßes
1683 1347 1719 1369 an
1742 1338 1828 1368 werk-

1005 1381 1125 1416 täfigem
1148 1380 1292 1415 Interesse
1315 1380 1452 1414 erfreuen.
1495 1379 1588 1409 Gerne
1632 1380 1668 1415 sei
1694 1377 1756 1415 hier
1779 1377 1828 1407 die

1003 1421 1183 1456 Ausnahme,
1222 1420 1279 1449 das
1320 1409 1529 1456 schweizerische
1553 1418 1827 1455 Volkswirtschafts,

1003 1462 1207 1497 departement,
1227 1460 1364 1495 genannt,
1383 1460 1440 1489 das
1465 1459 1647 1494 aufmerksam
1665 1460 1716 1490 die
1739 1464 1827 1493 ganze

1003 1498 1411 1536 Papierpreisangelegenheit
1438 1499 1562 1534 verfolgt
1590 1499 1638 1534 hat
1665 1499 1724 1530 und
1770 1497 1826 1527 das

1006 1541 1128 1576 Seinige
1148 1543 1200 1575 tat,
1220 1540 1283 1570 eine
1305 1539 1538 1574 Verständigung
1557 1539 1687 1574 zwischen
1710 1537 1827 1573 Produ¬

1006 1584 1104 1617 zenten
1135 1582 1194 1611 und
1225 1581 1438 1615 Konsumenten
1470 1578 1713 1614 herbeizuführen.
1761 1578 1827 1607 Das

1007 1620 1464 1656 Volkswirtschastsdepartement
1481 1619 1515 1654 ist
1531 1619 1596 1653 noch
1616 1626 1661 1650 am
1681 1618 1827 1652 Samstag

1006 1665 1073 1691 vom
1095 1660 1366 1696 Zustandekommen
1388 1659 1480 1695 dieser
1507 1658 1734 1693 Verständigung
1760 1656 1828 1693 zwi-

1004 1701 1080 1736 schen
1123 1699 1416 1735 Zeitungsvcrlegern
1459 1699 1519 1727 und
1562 1697 1752 1732 Fabrikanten
1797 1697 1826 1726 in

1008 1741 1153 1771 Kenntnis
1175 1741 1267 1776 gesetzt
1286 1739 1413 1769 worden.

1055 1781 1113 1811 Am
1129 1781 1320 1815 Mittagessen,
1335 1786 1369 1814 zu
1384 1779 1448 1808 dem
1465 1784 1530 1806 man
1548 1777 1593 1813 sich
1607 1778 1657 1811 erst
1672 1783 1721 1807 um
1734 1777 1753 1805 2
1768 1776 1827 1810 Uhr

1007 1821 1130 1856 begeben
1153 1822 1261 1853 konnte,
1282 1819 1381 1853 mußte
1402 1820 1453 1848 der
1476 1818 1542 1852 Rest
1562 1817 1610 1846 der
1635 1817 1829 1848 Traktanden-

1008 1862 1067 1895 liste
1084 1860 1233 1894 bewältigt
1253 1859 1374 1889 werden.
1412 1858 1468 1888 Die
1489 1857 1710 1892 Versammlung
1727 1857 1829 1886 wurde

1008 1902 1077 1931 über
1099 1903 1152 1932 den
1174 1901 1272 1932 Stand
1294 1900 1345 1929 der
1366 1897 1502 1933 Revision
1524 1897 1573 1927 der
1594 1896 1829 1926 Normativ-

1005 1940 1317 1976 bestimmungen
1361 1938 1520 1968 orientiert.
1563 1937 1628 1970 Daß
1672 1936 1737 1972 auch
1773 1935 1828 1965 .die

1008 1978 1542 2015 Zeitungsiransporttaxe
1598 1984 1645 2011 zur
1705 1976 1828 2010 Sprache

1008 2022 1077 2054 kam,
1103 2024 1166 2049 war
1192 2020 1268 2049 beim
1297 2019 1395 2055 starken
1425 2017 1549 2052 Einfluß
1594 2018 1641 2045 der
1669 2015 1829 2050 Erhöhung

1006 2062 1096 2096 dieser
1122 2061 1197 2096 Taxe
1240 2061 1292 2094 auf
1313 2058 1358 2088 die
1384 2057 1652 2093 Zeitungsbudgels
1698 2056 1828 2091 gegeben.

1011 2102 1103 2136 Schon
1128 2107 1161 2135 zu
1181 2100 1291 2134 Luzern
1312 2099 1387 2132 hatte
1411 2104 1479 2126 man
1503 2097 1550 2131 sich
1570 2097 1607 2125 im
1629 2096 1750 2130 Prinzip
1783 2095 1828 2129 für

1009 2142 1070 2170 eine
1093 2141 1254 2173 Erhöhung
1275 2137 1509 2173 ausgesprochen;
1534 2136 1577 2166 bei
1600 2136 1649 2165 der
1672 2135 1830 2171 Fixierung

1006 2182 1060 2210 des
1086 2180 1194 2214 Maßes
1218 2180 1292 2214 hofft
1317 2185 1383 2207 man
1409 2183 1460 2206 um
1483 2178 1512 2211 so
1537 2176 1613 2208 mehr
1638 2175 1827 2211 Verständnis

1006 2221 1053 2249 bei
1077 2221 1290 2253 Departement,
1312 2218 1483 2249 Bundcsrat
1506 2217 1563 2245 und
1588 2216 1759 2247 Parlament
1783 2215 1829 2250 für

1007 2261 1054 2289 die
1077 2259 1262 2294 Gesamtlage
1282 2260 1332 2288 der
1357 2257 1452 2292 Presse
1481 2263 1512 2291 zu
1539 2256 1643 2289 finden,
1686 2255 1733 2284 als
1758 2254 1831 2288 nicht

1010 2300 1153 2335 bestritten
1177 2300 1292 2328 werden
1321 2299 1400 2330 kann,
1428 2296 1483 2330 daß
1512 2296 1585 2329 diese
1613 2296 1769 2330 Erböhung
1800 2294 1828 2322 in

1010 2341 1073 2370 eine
1097 2340 1165 2374 Zeit
1189 2339 1240 2368 der
1269 2336 1657 2370 Minderleistungen
1686 2337 1735 2363 der
1762 2334 1831 2368 Post

1011 2380 1081 2414 fällt,
1107 2379 1207 2414 welche
1243 2379 1301 2407 da»
1329 2374 1605 2412 ZeitungSgcwerbe
1652 2364 1831 2409 empfindlich

1010 2418 1162 2456 schädigen.

1062 2460 1125 2490 Den
1141 2458 1245 2492 Vorsitz
1262 2459 1346 2489 hatte,
1362 2458 1399 2486 da
1414 2459 1465 2485 der
1479 2455 1631 2488 Präsident
1650 2453 1745 2483 Räber
1763 2453 1830 2487 (Lu¬

1011 2501 1089 2535 zern)
1116 2506 1161 2529 am
1186 2498 1350 2533 Erscheinen
1375 2497 1464 2526 leider
1487 2495 1650 2530 verhindert
1671 2499 1742 2526 war,
1780 2496 1829 2522 der

1011 2537 1225 2575 Vizepräsident
1244 2538 1401 2567 Rictmann
1420 2535 1541 2571 geführt.
1557 2534 1602 2565 Es
1622 2534 1746 2569 sprachen
1766 2540 1795 2562 u.
1806 2540 1830 2562 a.

1008 2579 1121 2615 Furrer
1140 2578 1279 2614 (Zürich).
1298 2576 1442 2611 Stänipfli
1464 2575 1566 2609 (Bern,
1587 2573 1831 2608 Schutzverband),

1012 2619 1105 2649 Keller
1132 2618 1277 2654 (Luzern).
1302 2616 1424 2647 Blumer
1453 2614 1590 2650 (Zürich),
1631 2614 1735 2648 Bücher
1764 2612 1832 2647 (Lu-

1012 2660 1099 2695 zern),
1122 2659 1325 2688 5tntermaucr
1349 2655 1517 2690 (Rheineck),
1540 2653 1656 2689 Tschudi
1683 2652 1831 2687 (GlaruS),

1012 2700 1064 2731 Dr.
1084 2699 1186 2729 Weoer
1206 2697 1355 2733 (Schweiz.
1375 2695 1578 2730 Preßvercin),
1597 2694 1723 2723 Burnicr
1744 2692 1833 2727 (Lau¬

1011 2740 1122 2774 sanne).
1138 2739 1192 2769 Dr.
1201 2737 1348 2773 Hablützel
1369 2735 1585 2771 (Winterthur),
1606 2734 1698 2763 Meier
1711 2722 1832 2768 (Schaff¬

1012 2779 1140 2815 hausen).
1178 2778 1237 2807 Als
1260 2777 1314 2807 Ort
1336 2777 1386 2805 der
1408 2774 1532 2811 nächsten
1555 2773 1832 2805 Generalversamm-

1012 2820 1086 2855 lung
1102 2818 1223 2848 beliebte
1245 2817 1362 2853 Luzern.

1160 2891 1691 2963 KidgerrosserMaft.

1065 2976 1245 3009 vundrSrat.
1263 2976 1387 3008 Bern,
1406 2974 1449 3005 17.
1467 2972 1548 3007 Juli.
1574 2975 1598 3002 *
1620 2972 1681 3001 Der
1699 2970 1833 3001 Bundes-

1013 3020 1059 3047 rat
1079 3016 1185 3051 wählte
1206 3015 1288 3051 heute
1310 3020 1376 3050 zum
1397 3012 1544 3047 Professor
1566 3011 1616 3041 der
1640 3009 1832 3043 Mineralogie

1011 3064 1051 3085 an
1069 3058 1121 3087 der
1137 3053 1315 3089 Technischen
1334 3051 1495 3087 Hochschule
1513 3050 1598 3084 Prof.
1617 3049 1669 3080 Dr.
1691 3047 1833 3082 Niggli

1011 3098 1069 3126 aus
1086 3094 1239 3129 Zofingen,
1253 3091 1361 3128 zurzeit
1374 3091 1407 3119 in
1423 3088 1592 3123 Güttingen,
1608 3094 1676 3122 zum
1690 3085 1833 3121 Professor

1012 3135 1063 3163 der
1079 3131 1268 3167 Mathematik
1283 3129 1364 3165 Prof.
1382 3126 1620 3164 Plancherel
1636 3126 1669 3155 in
1685 3124 1834 3160 Freiburg.

1062 3173 1138 3203 Dem
1154 3168 1399 3206 Privaldozentcn
1417 3167 1524 3202 Poly
1536 3173 1553 3195 a
1572 3166 1670 3195 wurde
1688 3165 1737 3193 der
1757 3161 1835 3193 Titel

1012 3212 1096 3241 eine»
1111 3210 1277 3245 Professors
1288 3207 1443 3242 verliehen.

1064 3250 1139 3280 Dem
1164 3247 1233 3284 gum
1260 3245 1515 3283 japanischen
1545 3241 1775 3278 Honorarkonsul
1805 3241 1836 3269 in

1013 3288 1101 3324 Basel
1121 3289 1281 3317 ernannten
1302 3285 1472 3320 bisherigen
1494 3282 1671 3318 japanischen
1691 3281 1837 3316 Honorar-

1011 3327 1110 3365 koustck
1125 3327 1161 3356 f»
1179 3326 1291 3362 Zürich,
1310 3323 1459 3361 Hermann
1478 3322 1668 3355 Madöry,
1687 3321 1763 3351 wird
1779 3320 1836 3348 daS

1015 3368 1179 3404 Exequatur
1193 3366 1297 3396 erteilt.
1313 3381 1347 3387 —
1364 3366 1439 3394 Dem
1454 3370 1496 3392 on
1512 3361 1606 3393 Stell«
1622 3364 1683 3390 von
1701 3358 1838 3395 Youssouf

1014 3407 1072 3443 Zia
1105 3406 1160 3436 Bei
1193 3413 1258 3442 zum
1289 3403 1514 3437 Generalkonsul
1546 3400 1596 3431 der
1628 3398 1772 3431 Türkei
1805 3398 1836 3426 in

1014 3447 1091 3482 Genf
1117 3445 1277 3475 ernannten
1304 3444 1446 3474 Munir
1472 3442 1636 3472 Surcva
1663 3439 1735 3469 Bei
1763 3438 1837 3467 wird

1013 3487 1070 3516 das
1094 3486 1259 3521 Exequatur
1282 3483 1384 3513 erteilt.

1064 3526 1112 3556 An
1139 3524 1234 3554 Stelle
1259 3524 1313 3553 deS
1342 3522 1597 3557 zurückgetretonen
1626 3520 1679 3548 Dr.
1698 3517 1838 3547 Kirndert-

1012 3568 1072 3595 von
1095 3564 1213 3594 Muralt
1243 3564 1276 3592 in
1304 3561 1408 3597 Zürich
1435 3561 1512 3591 wird
1541 3560 1592 3589 als
1621 3557 1759 3592 Mitglied
1788 3557 1837 3585 der

1015 3605 1103 3640 ersten
1132 3604 1267 3633 Kammer
1292 3603 1343 3632 der
1373 3599 1604 3635 eidgenössischen
1635 3596 1839 3631 Kriegssteuer-

1014 3642 1286 3677 rekUrSkommissiou
1320 3640 1445 3676 gewählt
1474 3639 1510 3674 H.
1535 3639 1654 3672 Kurz,
1684 3636 1837 3672 gewesener

1015 3684 1146 3715 DtrMor
1184 3683 1235 3712 der
1274 3678 1523 3716 Schweizerisch«!
1564 3675 1767 3711 Kreditanstalt
1805 3674 1837 3704 in

1017 3722 1127 3759 Zürich.
1326 3758 1539 3767 __

1221 3790 1394 3849 Stadt
1429 3786 1646 3860 Zürich.

1070 3879 1135 3909 AuS
1149 3880 1201 3908 den
1216 3874 1613 3910 CtadtratSvcrhandlungen
1627 3875 1694 3901 vom
1708 3870 1748 3901 16.
1760 3868 1840 3904 Juli.

1019 3918 1074 3949 Die
1087 3917 1276 3953 Abrechnung
1288 3915 1359 3944 über
1371 3913 1418 3943 die
1432 3912 1627 3948 Anschaffung
1639 3913 1699 3939 von
1713 3908 1841 3944 zwanzig

1015 3958 1233 3991 Motorwagen,
1249 3958 1309 3985 von
1330 3953 1404 3990 sechs
1423 3952 1538 3988 offenen
1558 3947 1842 3983 Sommeranhänge,

1017 4001 1120 4031 wagen
1139 3995 1200 4025 und
1217 3997 1274 4023 von
1290 3993 1318 4029 je
1336 3998 1411 4022 neun
1429 3990 1675 4025 Anhängcwagen
1694 3986 1765 4017 alter
1782 3984 1840 4014 und

1019 4042 1107 4066 neuer
1128 4035 1209 4069 Type
1230 4033 1280 4068 für
1300 4031 1349 4063 die
1371 4029 1583 4065 Straßenbahn
1606 4027 1661 4057 mit
1685 4026 1761 4056 einer
1787 4024 1842 4053 Ge-

1017 4073 1222 4110 famtausgab«
1243 4074 1301 4101 von
1317 4069 1458 4105 2,319,497
1474 4068 1528 4102 Fr.
1545 4068 1582 4097 12
1599 4064 1761 4101 gegenüber
1778 4063 1841 4092 dem

1017 4112 1195 4147 bewilligten
1216 4110 1318 4141 Kredit
1339 4112 1397 4138 von
1418 4107 1558 4142 2,836,600
1579 4104 1638 4141 Fr.,
1659 4102 1745 4140 somit
1763 4101 1842 4131 einer

1861 445 2116 482 Minderausgabe
2142 447 2202 475 von
2230 444 2323 479 17,102
2341 442 2392 478 Fr.
2411 443 2455 478 88,
2483 440 2557 471 wird
2585 439 2687 477 geneh-

1862 486 1945 523 migt.
1971 501 2008 508 —
2035 485 2114 521 Zum
2134 482 2267 514 SÄretär
2288 483 2341 512 des
2360 480 2590 517 Finanzwesens
2611 478 2686 509 wird

1859 526 1914 557 der
1945 523 2085 561 ftädfische
2107 521 2339 553 Amtsvormund
2373 521 2426 551 Dr.
2460 518 2516 555 jur.
2541 518 2687 554 Hermann

1859 563 1982 600 Häberli
1999 561 2135 599 gewählt.
2153 578 2187 583 —
2202 559 2261 591 Die
2277 557 2622 595 JnstallationSarbeiten
2640 555 2687 592 für

1862 603 1908 633 die
1931 601 2081 638 elettrische
2106 599 2297 636 Beleuchtung
2326 598 2360 627 in
2389 599 2448 628 den
2471 595 2687 632 Wohnhäusern

1859 641 1993 679 Sihlseld
2007 641 2124 672 werden
2139 639 2171 668 in
2187 638 2276 675 Losen
2291 643 2328 667 an
2342 636 2381 667 S.
2399 635 2563 670 Ginsburg,
2581 633 2687 664 Stierli

1861 689 1890 712 u.
1912 681 2074 716 Nydrgger,
2106 678 2223 708 Konrad
2244 675 2349 711 Meier,
2376 674 2444 712 Jos.
2477 673 2580 709 Meier,
2611 672 2687 708 Hrch.

1861 720 1971 756 Huber,
1992 715 2262 753 Elektrizitätswerk
2281 716 2332 745 der
2350 714 2446 745 Stadt
2469 712 2580 748 Zürich,
2602 710 2687 741 Buob

1863 765 1891 788 u.
1910 757 2012 795 Hevtig
2027 757 2090 788 und
2108 755 2187 791 Benz
2204 761 2235 785 u.
2255 753 2358 787 Meier,
2376 753 2431 782 alle
2448 751 2483 782 in
2500 750 2609 787 Zürich,
2627 752 2688 780 der-

1860 798 1960 834 geben.
2168 832 2328 839 _
2327 814 2332 819 -

2099 865 2439 937 Ausland.

2169 950 2379 989 Deutschland.

1914 994 2029 1029 Berlin,
2048 992 2090 1022 16.
2107 990 2189 1026 Juli,
2207 998 2242 1022 ag
2262 990 2385 1025 (Wolfs.)
2405 989 2472 1019 Aus
2492 988 2556 1017 dem
2576 985 2690 1022 Reichs-

1864 1032 2169 1069 arbettSministerimn
2187 1030 2263 1061 wird
2287 1028 2448 1064 milgeteilt,
2467 1028 2525 1062 daß
2544 1027 2593 1057 die
2615 1025 2690 1062 Zahl

1861 1074 1913 1103 der
1958 1072 2242 1108 unterstützten
2286 1067 2602 1103 Erwerbslose«
2647 1066 2689 1096 im

1864 1114 1972 1150 Reiche,
2005 1113 2064 1143 wie
2097 1112 2163 1142 dies
2199 1110 2306 1145 infolge
2322 1110 2375 1139 der
2393 1108 2584 1144 ungünstigen
2603 1107 2691 1137 Wirt¬

1866 1154 2030 1191 schaftslage
2053 1160 2090 1189 zu
2112 1153 2253 1182 erwarten
2277 1154 2347 1184 war,
2369 1150 2470 1179 weiter
2496 1147 2690 1182 angewachscn

1865 1195 1905 1230 ist.
1922 1194 1982 1225 Sie
1997 1194 2103 1228 betrug
2121 1199 2172 1222 am
2189 1192 2214 1221 1.
2234 1190 2309 1226 Juli
2323 1189 2436 1224 312,191
2475 1192 2565 1223 gegen
2580 1187 2692 1221 296,183

1866 1242 1913 1264 am
1931 1235 1973 1265 15.
1993 1234 2069 1264 Mai.

2180 1277 2367 1308 ueperreioj.

1914 1314 2010 1348 Wien,
2023 1314 2066 1342 17.
2079 1311 2161 1347 Juli,
2174 1312 2197 1340 ti
2213 1311 2282 1341 Das
2292 1307 2434 1345 plötzliche
2447 1306 2527 1338 Be,
2534 1305 2584 1343 sch
2589 1305 2691 1335 Win-

1864 1354 1882 1382 d
1894 1360 1907 1382 e
1917 1360 1937 1382 n
1955 1353 2011 1382 des
2030 1351 2208 1387 ehemaligen
2228 1347 2413 1384 ungarischen
2438 1345 2691 1380 Volksbemrfirag¬

1865 1394 1913 1421 ten
1931 1391 1960 1422 D
1972 1398 1985 1420 e
1996 1391 2007 1420 l
2017 1398 2035 1420 a
2056 1389 2082 1420 K
2092 1396 2111 1419 u
2120 1396 2140 1418 n
2170 1390 2262 1423 erregt
2288 1386 2397 1422 großes
2426 1384 2579 1419 Aufsehen.
2617 1382 2690 1412 Bela

1864 1431 1935 1460 Kun
1972 1429 2074 1459 wurde
2114 1427 2169 1458 mit
2207 1427 2274 1456 dem
2296 1425 2417 1462 früher«
2443 1421 2690 1456 Volkskommissar

1865 1469 1976 1504 Barg»,
1991 1468 2043 1498 der
2057 1466 2137 1502 schon
2151 1469 2202 1495 vor
2218 1464 2310 1494 einem
2325 1463 2437 1494 Monat
2450 1463 2510 1492 aus
2523 1462 2575 1491 der
2587 1459 2692 1495 Inter¬

1866 1507 1992 1541 nierung
2010 1505 2147 1540 entlassen
2162 1504 2282 1534 worden
2299 1505 2372 1537 war,
2390 1501 2455 1531 und
2475 1500 2522 1535 sich
2542 1498 2641 1535 seither
2657 1498 2692 1528 in

1864 1546 1951 1576 Wien
1967 1544 2021 1580 stei
2053 1543 2186 1579 aufhielt,
2221 1542 2251 1571 in
2283 1541 2378 1571 einem
2396 1539 2691 1574 Kriegsgefangenen-

1863 1586 2027 1619 transport,
2045 1586 2097 1614 der
2118 1582 2182 1617 nach
2204 1579 2439 1614 Sovietrußland
2457 1577 2586 1612 abgrhen
2607 1576 2692 1610 sollte,

1864 1623 2026 1658 vorgestern
2058 1621 2110 1655 auf
2139 1620 2196 1650 den
2217 1619 2311 1654 Franz
2331 1614 2618 1653 Josephs-Eahnhos
2645 1621 2692 1649 ge¬

1863 1662 1967 1697 bracht.
2006 1661 2067 1690 Der
2091 1660 2260 1694 Transport
2283 1657 2349 1692 nach
2372 1655 2515 1691 Rußland
2541 1653 2617 1690 sollte
2642 1653 2693 1688 auf

1863 1699 2077 1739 verschiedenen
2095 1698 2199 1731 Wegen
2215 1696 2352 1731 erfolgen.
2386 1695 2459 1724 Nun
2474 1694 2600 1722 kommen
2616 1691 2692 1722 Mel¬

1864 1740 1991 1774 dungen,
2007 1738 2065 1772 daß
2084 1737 2161 1766 Bela
2180 1737 2247 1765 Kun
2262 1735 2322 1764 und
2343 1734 2417 1768 seine
2438 1731 2579 1766 Genossen
2596 1731 2693 1759 unter¬

1865 1780 1946 1812 wegs
1970 1776 2185 1811 verschwunden
2204 1774 2276 1809 sind.
2314 1773 2391 1802 Man
2412 1772 2564 1804 vermutet,
2583 1769 2640 1803 daß
2663 1775 2692 1798 er

1863 1820 1923 1845 von
1939 1816 1996 1846 den
2015 1812 2319 1850 tschechoslowakischen
2338 1810 2494 1845 Behörden
2514 1807 2692 1845 ftstgehalten

1864 1855 1949 1889 wird,
1967 1854 2013 1885 die
2030 1853 2080 1888 sich
2096 1852 2231 1886 vielleicht
2247 1851 2337 1886 seiner
2355 1849 2496 1878 bedienen
2512 1846 2624 1880 wollen,
2642 1852 2691 1875 um

1866 1894 1949 1923 einen
1965 1893 2054 1923 Druck
2071 1893 2121 1926 auf
2138 1891 2259 1925 Ungarn
2277 1888 2455 1923 auszuüben.

1916 1931 2012 1966 Wien,
2029 1931 2070 1962 17.
2087 1929 2168 1964 Juli,
2185 1938 2223 1962 ag
2243 1928 2298 1962 (SB.
2317 1926 2413 1960 K.-B.)
2433 1924 2497 1956 Wie
2513 1924 2561 1954 die
2578 1922 2692 1954 Blätter

1867 1971 2016 2005 seststellen,
2036 1969 2139 2003 machte
2159 1972 2217 1996 von
2246 1968 2296 1996 der
2315 1964 2483 1996 Erlaubnis
2509 1962 2561 1998 zur
2588 1962 2693 1991 Aus¬

1868 2010 1972 2044 reise
1989 2009 2056 2042 nach
2072 2006 2267 2040 Rußland
2282 2003 2370 2038 außer
2386 2004 2472 2032 Kun
2490 2009 2544 2030 nur
2564 2001 2629 2034 noch
2644 2001 2692 2029 der

1868 2047 2025 2083 ehemalige
2044 2043 2293 2078 Volkskommissar
2312 2041 2365 2073 Dr.
2385 2041 2522 2075 Darga
2538 2038 2692 2073 Gebrauch.

1866 2088 1923 2117 Die
1954 2085 2049 2121 Fahrt
2083 2084 2147 2119 geh!
2183 2082 2253 2112 über
2283 2083 2341 2111 den
2372 2076 2692 2115 Tschechoslowakischen

1862 2126 1958 2156 Staat
1977 2125 2036 2153 und
2057 2122 2253 2157 Deutschland.

1917 2168 1976 2198 Ein
2018 2165 2202 2201 Geständnis.
2247 2163 2265 2198 §
2305 2161 2352 2197 In
2393 2162 2444 2190 der
2486 2157 2694 2194 sozialistischen

1867 2206 2079 2241 Wochenschrift
2116 2205 2190 2238 .Der
2228 2201 2349 2236 Kampf"
2386 2200 2506 2235 ergretfi
2542 2199 2594 2228 Dr.
2621 2197 2694 2227 Otto

1867 2247 2000 2276 Bauer
2027 2246 2087 2274 das
2118 2244 2200 2273 Wort
2229 2242 2261 2269 in
2289 2240 2339 2270 der
2368 2237 2694 2275 Anschlußfragc.

1868 2287 1907 2316 Er
1930 2285 2031 2319 gesteht
2050 2284 2137 2317 offen,
2158 2281 2214 2315 daß
2236 2288 2267 2310 er
2286 2286 2341 2309 nur
2361 2278 2485 2313 deshalb
2506 2278 2538 2312 so
2560 2276 2694 2311 energisch

1868 2326 1914 2359 für
1936 2327 1993 2354 den
2018 2322 2160 2357 Anschluß
2182 2321 2356 2355 eingeireten
2382 2319 2431 2352 sei,
2453 2317 2524 2347 weil
2547 2317 2577 2345 in
2601 2315 2694 2344 einem

1867 2365 2012 2399 isolierten
2030 2361 2213 2396 Mittelstaat.
2227 2360 2283 2389 wie
2302 2357 2478 2393 Oesterreich,
2494 2357 2541 2384 die
2559 2355 2587 2389 P
2597 2361 2611 2383 r
2620 2362 2639 2383 o
2649 2356 2660 2383 l
2669 2361 2695 2383 e-

1868 2400 2270 2432 tarierrevolutiou,
2290 2399 2336 2428 die
2357 2404 2388 2426 er
2409 2395 2544 2430 wünsche,
2568 2393 2694 2423 niemals

1865 2442 2091 2478 durchzufiihren
2108 2440 2156 2474 sei.
2173 2440 2267 2474 Durch
2280 2441 2335 2467 den
2350 2435 2493 2471 Anschluß
2511 2442 2548 2463 an
2565 2434 2694 2467 Deutsch¬

1869 2483 1936 2510 land
1961 2482 2019 2510 mit
2042 2480 2140 2515 seinen
2167 2480 2247 2507 roten
2273 2474 2513 2509 Arbeitermassen
2548 2473 2613 2508 kaffe
2648 2473 2695 2506 sich

1865 2522 1912 2550 die
1935 2517 2283 2555 Proletarierrevolution
2303 2515 2501 2549 durchführen.
2543 2514 2627 2543 Denn
2646 2512 2694 2540 die

1868 2559 2046 2591 Revolution
2077 2559 2118 2588 im
2146 2556 2244 2593 Herbst
2271 2555 2338 2585 1918
2366 2553 2403 2589 sei
2434 2553 2494 2583 ein«
2523 2551 2693 2586 bürgerliche

1866 2600 1929 2629 und
1951 2599 2028 2628 keine
2057 2596 2250 2632 proletarische
2278 2593 2456 2625 Revolution
2484 2592 2617 2627 gewesen.
2654 2590 2694 2620 Er

1869 2640 1907 2674 sei
1935 2638 2002 2669 auch
2029 2638 2079 2671 für
2104 2637 2160 2665 den
2188 2634 2328 2670 Anschluß
2357 2640 2397 2662 an
2424 2633 2474 2662 «in
2502 2629 2695 2660 reaktionäres

1868 2678 2065 2712 Deutschland,
2082 2676 2149 2705 weil
2163 2676 2194 2704 in
2212 2674 2304 2703 einem
2320 2672 2427 2708 solchen
2440 2671 2487 2701 die
2505 2670 2696 2704 Proletarier.

1869 2717 2033 2746 revolMon
2054 2722 2105 2745 um
2126 2716 2155 2749 so
2173 2713 2281 2749 leichter
2299 2710 2508 2747 durchführbar
2529 2709 2574 2745 sei.
2592 2708 2696 2738 Dleide

1868 2757 2035 2792 Oesterreich
2063 2755 2172 2789 isoliert
2200 2753 2267 2782 oder
2293 2753 2364 2781 trete
2389 2752 2423 2780 «S
2453 2757 2505 2785 gar
2531 2748 2637 2777 wieder
2662 2753 2695 2776 in

1868 2802 1967 2830 engere
1992 2793 2196 2829 Beziehungen
2224 2799 2259 2827 zu
2282 2792 2338 2820 den
2363 2791 2476 2819 andern
2499 2787 2697 2823 SukzessionS-

1866 2836 1983 2869 staaten,
2002 2834 2033 2867 so
2052 2834 2093 2867 sei
2110 2833 2159 2861 die
2179 2832 2331 2867 Hoffnung
2348 2830 2401 2864 auf
2420 2829 2485 2858 «ine
2506 2826 2696 2862 Umwälzung

1867 2872 2125 2908 undurchführbar.

2216 2911 2353 2948 Ungarn.

1921 2952 2074 2986 Budapest,
2093 2950 2135 2980 16.
2153 2949 2236 2984 Juki.
2266 2950 2300 2984 #
2330 2947 2423 2978 Einer
2441 2946 2551 2975 meiner
2570 2944 2697 2979 Berichte

1868 2996 1937 3021 vom
1954 2992 1995 3021 15.
2014 2989 2104 3025 Juni,
2121 2988 2238 3022 wonach
2255 2987 2365 3022 Horthy
2384 2986 2436 3021 sich
2452 2992 2504 3022 zur
2523 2984 2696 3020 scheinbaren

1868 3030 2031 3066 Auflösung
2059 3031 2110 3058 der
2139 3027 2448 3061 Sonderabteilungon
2474 3025 2525 3053 der
2553 3023 2697 3057 Brachial¬

1869 3073 1992 3105 truppen
2012 3076 2071 3098 imr
2089 3071 2175 3097 unter
2192 3070 2244 3098 drr
2265 3067 2444 3100 Bedingung
2461 3063 2554 3093 bereit
2574 3063 2698 3096 erklärte,

1869 3109 1926 3144 daß
1959 3108 2020 3144 ihm
2048 3109 2123 3137 das
2153 3105 2463 3141 unbeschrankte
2494 3103 2602 3138 Recht
2631 3103 2698 3131 der

1871 3145 2353 3181 Kamurerauslösung
2387 3143 2566 3179 eingeräumt
2596 3143 2697 3175 werde,

1868 3189 1970 3217 wurde
1984 3186 2237 3222 ungarischerseitS
2253 3184 2365 3218 amtlich
2381 3183 2561 3217 dementiert,
2578 3181 2634 3211 mit
2647 3181 2697 3210 der

1871 3228 2075 3263 Behauptung,
2109 3226 2165 3260 daß
2200 3225 2248 3255 die
2282 3223 2450 3259 Auflösung
2482 3222 2533 3250 der
2568 3221 2699 3252 Sonder¬

1868 3266 2057 3301 abterlungen
2080 3264 2153 3300 ohne
2173 3263 2285 3300 jegliche
2305 3261 2575 3297 Gegenbedingung
2594 3260 2700 3295 erfolgt

1869 3307 1918 3341 sei.
1939 3305 2009 3336 Nun
2025 3303 2235 3340 veröffentlicht
2251 3303 2298 3333 dir
2316 3302 2494 3336 Budapester
2516 3300 2698 3336 TageSpresfe

1873 3348 1930 3375 aus
1957 3344 2102 3380 amtlicher
2129 3343 2235 3373 Quelle
2260 3343 2318 3372 daS
2347 3349 2420 3371 neue
2448 3341 2624 3375 Programm
2650 3339 2700 3368 der

1873 3385 1965 3419 jüngst
1995 3383 2154 3419 gebildeten
2182 3381 2381 3417 einheitlichen
2414 3378 2699 3415 Regierungspartei,

1870 3425 1962 3459 dessen
1986 3425 2010 3452 6.
2027 3423 2126 3459 Absatz
2149 3423 2255 3452 lautet:
2282 3423 2372 3455 .Dem
2399 3420 2547 3453 Verweser
2569 3418 2621 3454 soll
2642 3419 2698 3447 daS

1871 3463 2083 3499 unbeschränkte
2106 3462 2191 3497 Recht
2212 3461 2265 3490 drr
2290 3459 2584 3494 Kammerauflösung
2606 3457 2700 3487 erteilt

1872 3503 2011 3533 werden."

2171 3539 2426 3578 Mesopotamien.

1926 3582 2056 3615 London,
2080 3580 2123 3609 17.
2144 3578 2227 3614 Juli,
2251 3587 2286 3609 ng
2310 3578 2436 3614 (Havas.
2458 3576 2600 3611 Amtlich.)
2626 3575 2702 3608 Nach

1874 3623 1927 3651 den
1945 3622 2041 3656 letzten
2062 3620 2244 3655 Meldungen
2265 3621 2321 3648 aus
2340 3617 2572 3653 Alesopotamien
2590 3616 2700 3645 dauern

1872 3662 1919 3691 die
1939 3660 2135 3696 Angriffe
2157 3661 2208 3696 auf
2224 3659 2272 3689 die
2290 3658 2505 3693 Telegraphen-
2525 3657 2583 3685 und
2602 3655 2702 3690 Eisen¬

1873 3700 2047 3737 bahnlinien
2065 3704 2124 3730 von
2139 3699 2285 3735 Bassorah
2300 3699 2369 3734 nach
2385 3697 2512 3732 Bagdad
2526 3703 2572 3726 an.
2588 3694 2703 3730 Flieger

1874 3740 2039 3776 verpflegen
2062 3738 2110 3770 die
2133 3739 2254 3775 indische
2278 3737 2428 3773 Garnison
2454 3740 2511 3766 von
2534 3734 2703 3771 Rumaitha.

2222 3787 2350 3825 Syrien.

1935 3828 2074 3865 London,
2094 3828 2139 3859 17.
2156 3826 2242 3866 Juli,
2261 3840 2298 3865 ag
2318 3826 2464 3865 (Havas.)
2484 3823 2543 3856 Die
2562 3822 2701 3862 „Times"

1878 3868 1996 3904 meldet,
2024 3867 2085 3904 datz
2113 3865 2179 3899 laut
2209 3865 2411 3903 Nachrichten,
2440 3863 2488 3896 die
2517 3863 2549 3894 in
2578 3861 2704 3895 London

1879 3905 2080 3945 eingetroffen
2101 3905 2173 3943 sind,
2194 3903 2242 3940 die
2265 3901 2524 3941 Franzosen
2546 3907 2595 3932 am
2615 3899 2704 3931 Mitt¬

1878 3946 1959 3982 woch
2000 3944 2069 3976 dem
2111 3942 2228 3975 Emir
2269 3941 2454 3981 Faissal
2497 3940 2547 3971 ein
2590 3937 2706 3970 Ulti¬

1879 3985 2033 4014 matum
2060 3981 2187 4020 geschickt
2209 3981 2324 4019 hätten,
2350 3980 2383 4011 in
2409 3981 2477 4011 dem
2500 3979 2536 4014 sie
2560 3977 2614 4016 ihn
2640 3976 2705 4014 auf-

1878 4021 1910 4093 e
1913 4022 2013 4058 rdern,
2029 4021 2192 4058 innerhalb
2211 4020 2251 4053 24
2267 4019 2414 4052 Stunden
2432 4018 2479 4050 die
2498 4015 2705 4055 französischen

1911 4060 2106 4097 edingungen
2120 4059 2156 4090 in
2172 4059 2266 4097 bezug
2283 4057 2339 4095 auf
2353 4056 2474 4094 Syrien
2493 4054 2705 4093 anzunehmen.

1880 4098 1968 4137 Diese
1989 4097 2210 4136 Forderungen
2232 4095 2378 4135 betreffen
2401 4095 2450 4127 die
2474 4093 2630 4132 Annahme
2653 4092 2706 4124 des

2730 438 2946 490 -m.lschen
2972 441 3023 472 als
3052 440 3255 481 Amtssprache
3280 445 3342 475 und
3372 446 3425 476 des
3452 445 3535 482 fran-

2730 477 2860 517 löstschen
2877 476 2989 510 Geldes
3008 479 3057 510 als
3076 479 3250 517 gesetzliches
3266 481 3536 521 Zahlungsmittel.

2727 510 2802 555 Nach
2821 515 2950 555 Verlauf
2966 515 3059 555 dieser
3076 517 3269 558 Mündigen
3287 519 3362 558 Frist
3381 521 3537 558 begannen

2936 554 3034 592 "len
3048 555 3095 587 die
3108 554 3246 593 Feind
3258 556 3341 594 seit
3354 559 3538 596 gleiten,

2726 593 2822 625 wobei
2849 593 2886 630 sie
2913 591 2945 624 in
2973 593 3046 630 zwei
3075 593 3233 626 Kolonnen
3261 595 3433 627 vorrückten.
3480 596 3538 629 Die

2727 631 2790 663 eine
2808 631 2992 670 marschierte
3012 632 3064 669 auf
3084 631 3195 670 Aleppo
3214 634 3276 664 und
3295 634 3340 665 die
3360 635 3468 666 andere
3487 635 3539 670 auf

2725 668 2907 701 Damaskus.
2948 669 3006 702 Die
3027 670 3142 701 Araber
3164 669 3266 708 hätten
3285 671 3335 703 bis
3357 670 3418 710 jetzt
3438 672 3540 704 keinen

2726 707 2911 745 Widerstand
2935 707 3072 746 geleistet.
3113 707 3232 747 Achtzig
3254 713 3312 740 aus
3335 709 3543 748 französischen

2727 746 2788 778 und
2823 741 3060 784 senegalesischen
3086 745 3226 785 Truppen
3262 747 3543 786 zusammengesetzte

2727 784 2903 817 Bataillone
2927 784 3018 822 sollen
3044 783 3093 822 sich
3118 792 3159 815 an
3185 785 3241 816 den
3265 786 3471 823 Operationen
3496 786 3544 818 be¬

2726 822 2826 861 teiligt
2844 822 2951 860 haben.

3082 855 3191 897 China.

2783 899 2905 938 Peking,
2931 900 2974 932 18.
2997 899 3081 938 Juli,
3102 912 3140 938 ag
3166 898 3308 938 (Havas.)
3333 899 3380 937 In
3403 900 3544 932 Kuan-

2727 938 2746 977 h
2756 946 2779 970 u
2787 946 2811 970 n
2824 939 2889 970 kam
2905 942 2939 970 es
2956 944 3007 969 am
3021 937 3148 976 Freitag
3164 945 3201 976 zu
3218 938 3243 969 K
3256 938 3274 969 ä
3285 945 3316 968 m
3325 941 3343 976 p
3356 938 3369 974 f
3379 945 3393 969 e
3405 945 3426 969 n
3452 937 3545 976 Zahl¬

2728 977 2817 1016 reiche
2836 976 3038 1008 Verwundete
3061 975 3169 1013 treffen
3190 975 3254 1015 hier
3275 976 3332 1007 ein.
3364 975 3412 1014 In
3433 975 3545 1015 Peking

2729 1015 2853 1055 herrscht
2879 1014 2975 1054 Ruhe,
3013 1014 3082 1053 doch
3117 1014 3179 1052 sind
3217 1013 3264 1046 die
3292 1014 3438 1052 Bahn-
3464 1015 3547 1046 und

2728 1051 3457 1092 Telegraphenverbindungen
3488 1052 3546 1084 mit

2729 1092 2862 1131 Tientsin
2895 1091 3117 1130 unterbrochen.
3160 1090 3387 1127 Unterhändler,
3421 1091 3468 1122 die
3501 1090 3548 1121 die

2727 1131 2902 1168 streitenden
2918 1129 3065 1168 Parteien
3082 1129 3246 1173 versöhnen
3262 1122 3374 1167 sollten,
3390 1129 3452 1165 sind
3471 1129 3546 1167 ohne

2729 1169 2880 1208 Ergebnis
2903 1168 3014 1200 wieder
3035 1167 3258 1206 zurückgekehrt.

2965 1229 3296 1296 Derkehr.

2757 1306 3052 1339 Telearammverlehr
3073 1306 3137 1338 nach
3159 1304 3263 1338 Polen.
3283 1304 3397 1338 Bern.
3417 1302 3547 1338 17.IM.

2726 1348 2763 1375 ag
2784 1340 2980 1373 Telegramme
3006 1339 3071 1373 nach
3093 1338 3188 1371 Polen
3209 1337 3318 1367 können
3342 1344 3396 1366 nur
3420 1338 3472 1370 auf
3495 1338 3550 1368 Ge¬

2730 1373 2793 1408 fahr
2810 1374 2863 1403 des
2880 1373 3045 1408 Absenders
3065 1378 3272 1406 angenommen
3292 1373 3414 1401 werden.

2778 1408 2900 1442 Bettehr
2915 1407 2968 1436 mtt
2984 1406 3110 1442 Italien.
3126 1409 3159 1438 A
3176 1405 3281 1444 Wegen
3297 1406 3393 1440 starker
3410 1406 3552 1439 Stauung

2725 1442 2759 1471 in
2779 1441 2983 1476 Domodoffola
3018 1440 3134 1470 werden
3154 1438 3338 1475 Frachtgüter
3375 1439 3408 1468 in
3429 1438 3551 1473 Wagen¬

2724 1476 2879 1511 ladungen.
2900 1475 2955 1505 mtt
2973 1474 3146 1508 Ausnahme
3186 1477 3244 1503 von
3267 1473 3378 1508 Kohlen
3399 1474 3460 1502 und
3499 1479 3549 1507 zur

2729 1510 2923 1544 Verschiffung
2948 1508 3103 1542 bestimmte
3128 1507 3310 1541 Sendungen
3334 1507 3384 1537 bis
3412 1507 3472 1537 und
3497 1508 3552 1536 mit

2726 1545 2768 1573 24.
2784 1539 2856 1579 Juli
2875 1544 2940 1577 nach
2959 1542 3078 1576 Italien
3093 1542 3166 1571 über
3184 1541 3388 1575 Domodossola
3408 1534 3481 1574 nicht
3501 1548 3552 1570 an¬

2725 1584 2903 1613 genommen.

2778 1611 2900 1646 Bettehr
2922 1611 2975 1641 mit
2997 1610 3092 1645 Elsaß,
3116 1613 3147 1642 fii
3169 1609 3293 1644 Infolge
3316 1608 3424 1643 großen
3448 1608 3553 1638 Gitter-

2729 1646 2894 1679 andrmrges
2908 1646 2942 1674 in
2954 1645 3006 1684 St,
3020 1644 3143 1678 Ludwig
3160 1644 3202 1672 im
3216 1643 3303 1677 Elsaß
3316 1642 3421 1677 dürfen
3435 1642 3486 1672 bis
3502 1642 3553 1675 auf

2727 1681 2859 1709 weiteres
2878 1680 2952 1708 keine
2975 1674 3068 1708 Güter
3085 1677 3118 1706 in
3138 1672 3358 1711 Wagenladung
3378 1677 3446 1710 nach
3462 1675 3553 1710 dieser

2727 1715 2851 1745 Station
2867 1714 2989 1747 spediert
3006 1712 3129 1741 werden.

2975 1770 3296 1840 Kokates.

2783 1846 2939 1880 Städtische
2980 1842 3265 1880 Polizeinachrichten
3307 1850 3372 1873 vom
3412 1844 3453 1872 16.
3476 1841 3557 1877 Juli.

2731 1884 2857 1917 Gestern,
2879 1883 2933 1911 den
2957 1883 2997 1910 15.
3018 1880 3100 1915 Juli,
3121 1879 3244 1911 abends,
3268 1879 3317 1912 siel
3339 1878 3416 1906 beim
3440 1877 3561 1908 Waren¬

2731 1918 2809 1952 haus
2829 1916 2978 1951 „Globus"
3002 1914 3034 1944 in
3053 1914 3157 1950 Züttch
3174 1916 3190 1944 1
3212 1915 3259 1943 ein
3278 1912 3439 1948 60jähriger
3462 1912 3559 1941 Mann

2733 1953 2764 1981 in
2785 1951 2831 1982 die
2849 1951 3030 1981 Limmat.
3076 1950 3137 1980 Ter
3174 1949 3230 1978 des
3253 1948 3356 1983 Weges
3394 1949 3560 1976 kommende

2733 1986 2940 2022 Polizeirttrut
2964 1985 3057 2020 Nötzli
3098 1985 3202 2018 sprang
3245 1984 3307 2012 dom
3350 1982 3559 2012 Ertrinkenden

2732 2022 2799 2057 nach
2816 2022 2873 2050 und
2891 2023 2925 2050 es
2940 2020 3048 2054 gelang
3065 2018 3134 2060 ihm,
3149 2018 3207 2047 den
3224 2018 3320 2048 Mann
3337 2018 3369 2057 jo
3385 2017 3471 2052 lange
3490 2016 3560 2045 über

2733 2057 2841 2091 Wasser
2866 2063 2902 2090 zu
2929 2055 3036 2090 halton,
3061 2053 3112 2083 bis
3137 2053 3310 2088 Mitglieder
3336 2053 3388 2081 des
3419 2051 3560 2082 Limnrat-

2732 2092 2822 2125 klubs,
2839 2091 2888 2120 die
2906 2089 3059 2124 unterhalb
3077 2089 3127 2119 der
3148 2087 3349 2122 Walchebrücke
3367 2087 3449 2116 einer
3470 2086 3563 2121 Fahr¬

2733 2126 2834 2162 übung
2872 2125 3004 2160 oblagen,
3043 2123 3098 2153 Mit
3138 2123 3230 2158 ihrem
3254 2121 3401 2157 Weidling
3421 2128 3459 2156 zu
3481 2121 3561 2156 Hilfe

2731 2162 2829 2190 kamen
2846 2162 2908 2190 und
2921 2161 2977 2189 den
2998 2160 3097 2189 Retter
3114 2158 3203 2192 sowie
3218 2159 3275 2186 den
3294 2156 3502 2188 Ertrinkenden
3519 2163 3561 2185 an

2734 2196 2813 2226 Land
2836 2194 2974 2228 brachten.
3006 2194 3108 2227 Dieser
3128 2192 3231 2222 wurde
3254 2190 3339 2225 durch
3360 2191 3410 2220 die
3432 2190 3561 2221 Sanität

2732 2231 2764 2259 in
2781 2232 2837 2260 das
2857 2228 3080 2263 Kantonsspital
3097 2226 3291 2262 nborgeführt.
3309 2242 3344 2248 —
3359 2225 3408 2261 In
3424 2226 3477 2255 der
3495 2226 3562 2260 Zeit

2733 2270 2789 2294 von
2810 2265 2931 2299 Anfang
2950 2263 3033 2299 Jmri
3055 2262 3107 2292 bis
3128 2263 3221 2292 Mitte
3241 2261 3314 2296 Juli
3333 2261 3459 2290 wurden
3483 2262 3561 2289 einer

2735 2298 3064 2334 Wohnungsinhaberin
3100 2297 3132 2326 in
3173 2296 3276 2331 Zürich
3294 2298 3312 2325 4
3348 2296 3435 2329 durch
3473 2295 3562 2324 unbe¬

2733 2336 2833 2364 kannte
2854 2333 3026 2369 Tälerichast
3045 2333 3107 2361 drei
3128 2331 3341 2366 Obligattonen
3361 2337 3401 2365 zu
3421 2331 3490 2360 1000
3512 2329 3563 2364 Fr.

2730 2368 2970 2399 entwendet.
3013 2367 3178 2403 Recherchen
3205 2366 3320 2401 fühtten
3344 2372 3395 2395 am
3419 2367 3462 2395 14.
3486 2364 3560 2400 IM

2733 2411 2782 2436 zur
2806 2403 2987 2438 Verhaftung
3023 2403 3074 2431 der
3112 2400 3377 2436 Zimrmermieterin
3413 2401 3467 2430 der
3504 2400 3562 2430 Be¬

2733 2439 2883 2473 stohlenen.
2920 2439 2999 2467 einer
3037 2441 3135 2472 wogen
3175 2436 3306 2470 Unzucht.
3327 2435 3460 2470 Bettugs
3500 2436 3563 2463 und

2735 2473 2896 2511 Diebstahls
2937 2472 3057 2507 vielfach
3094 2471 3299 2506 vorbestraften
3341 2470 3463 2504 Person.
3505 2469 3562 2499 Die

2732 2507 2902 2544 polizeiliche
2923 2507 3137 2541 Untersuchung
3158 2505 3242 2541 stellte
3279 2505 3322 2535 tm
3361 2505 3483 2533 weitern
3505 2505 3561 2538 fest,

2732 2544 2787 2577 daß
2812 2543 2859 2571 die
2887 2541 2996 2572 Diebin
3022 2542 3054 2571 i»
3078 2541 3128 2571 der
3155 2540 3278 2574 Zeichen
3303 2539 3371 2575 Zett
3394 2540 3462 2569 dem
3489 2538 3561 2569 Der-

2730 2579 2831 2607 lobten
2853 2577 2905 2606 der
2928 2575 3144 2610 DamnifiLrtin
3168 2575 3338 2605 Banknoten
3361 2575 3406 2603 im
3429 2573 3564 2607 Gesamt-

2734 2612 2847 2653 betrage
2864 2616 2923 2641 von
2940 2611 3012 2641 über
3028 2612 3080 2640 500
3099 2610 3150 2645 Fr.
3164 2609 3307 2645 gestohlen
3323 2609 3383 2644 hat.
3401 2625 3437 2631 —
3456 2608 3563 2642 Wegen

2734 2645 3166 2682 Logrsgeldbotruges
3211 2643 3244 2673 in
3272 2644 3478 2674 hedeutendenr
3506 2644 3564 2674 Be¬

2732 2685 2814 2717 ttage
2849 2688 2903 2716 zur
2921 2680 3032 2710 lrckalen
3053 2680 3220 2715 Fahndung
3238 2678 3424 2714 aufgogeben,
3460 2679 3565 2707 wurde

2735 2717 2768 2746 in
2783 2717 2864 2746 einer
2883 2715 3024 2751 Herberge
3040 2716 3093 2745 des
3114 2716 3140 2744 1.
3157 2714 3353 2748 Stadtkreises
3368 2714 3418 2742 ein
3439 2713 3564 2743 Maurer

2736 2754 2791 2781 aus
2817 2751 2884 2781 dem
2908 2751 3027 2780 Kanton
3051 2749 3260 2784 Schaffhansen
3285 2748 3445 2783 polizeilich
3468 2748 3565 2782 einge¬

2733 2786 2834 2821 bracht.
2851 2801 2888 2807 —
2902 2786 3011 2820 Wogen
3029 2784 3180 2819 Nötigung
3197 2784 3256 2813 und
3273 2782 3471 2816 Drohung
3489 2787 3565 2811 von

2735 2819 2978 2855 Verbrechen
2997 2820 3099 2849 wurde
3114 2818 3153 2848 in
3170 2812 3276 2853 Zürich
3294 2820 3311 2848 1
3331 2817 3380 2847 ein
3399 2817 3564 2851 streikender

2735 2855 2914 2890 Kasserollier
2934 2857 2995 2884 aus
3019 2854 3139 2889 hiesiger
3161 2853 3281 2888 Gegend
3303 2852 3464 2889 polizeilich
3502 2860 3565 2881 ern-

2731 2897 2864 2926 gezogen.
2884 2906 2919 2911 —
2938 2889 3065 2924 Gestern,
3085 2888 3277 2923 nachmittags
3298 2890 3312 2917 1
3335 2887 3397 2922 Uhr
3417 2889 3462 2920 50.
3501 2890 3564 2916 der-

2735 2925 2876 2960 unglückte
2913 2925 2966 2958 ans
3003 2924 3054 2953 der
3075 2923 3350 2957 Straßenkreuzung
3391 2921 3566 2951 Kallbreite-

2738 2958 2990 2995 Zurlindenstraße
3010 2958 3047 2987 in
3069 2957 3175 2993 Zürich
3197 2958 3215 2987 3
3239 2958 3287 2987 ein
3310 2956 3494 2991 Velosich-rer,
3517 2956 3566 2985 in¬

2735 2996 2800 3024 dem
2823 3002 2854 3024 er
2876 2995 2932 3024 mtt
2953 2994 3061 3028 seinem
3082 2993 3167 3023 Rade
3189 2995 3251 3021 von
3271 2991 3367 3022 einem
3392 2992 3566 3026 Luxusauto

2737 3030 2834 3064 (Anm.
2856 3030 2884 3058 d.
2908 3028 2980 3060 Red.
3019 3028 3094 3059 Was
3134 3026 3254 3062 versteht
3291 3027 3340 3056 die
3362 3026 3562 3061 Stadtpolizei

2733 3063 2881 3099 eigentlich
2918 3065 3002 3093 unter
3037 3062 3134 3092 einem
3155 3061 3439 3096 Luxusauto?)
3481 3061 3566 3090 über¬

2737 3100 2837 3134 fahren
2859 3099 2969 3128 wurde.
3010 3098 3128 3132 Schwer
3155 3096 3265 3130 verletzt
3288 3096 3388 3129 mußte
3413 3097 3465 3125 der
3493 3096 3565 3125 Ver-

2734 3134 2854 3168 mrfallie
2870 3133 2903 3162 in
2918 3133 2975 3163 das
2994 3131 3219 3166 KantonSspttal
3236 3131 3421 3166 übergeführt
3436 3132 3563 3160 werden.

2738 3170 2796 3200 Der
2813 3169 2985 3199 Autolenker
3002 3167 3080 3197 wird
3099 3161 3150 3201 sich
3169 3169 3268 3200 wegen
3288 3164 3471 3201 ftchrlässtger
3491 3165 3564 3195 Kör-

2735 3203 2942 3238 Perverletzung
2962 3209 2999 3238 zu
3019 3203 3236 3232 verantworten
3258 3201 3358 3235 haben.

2896 3276 3116 3325 AniMsMe
3133 3279 3196 3317 wi
3214 3276 3403 3322 Ktürechr«.

2787 3336 2874 3366 Beim
2918 3335 3021 3366 Baden
3066 3333 3223 3368 ertrunken.
3270 3331 3478 3368 Feldbach,
3523 3333 3565 3362 16.

2737 3371 2818 3406 Juli,
2858 3377 2889 3405 pt
2925 3371 2985 3400 Am
3008 3368 3250 3403 Mittwochabend
3272 3368 3383 3397 ertrank
3406 3368 3483 3397 beim
3506 3367 3568 3397 Ba¬

2737 3408 2792 3436 den
2812 3407 2854 3435 im
2873 3405 3019 3440 Zürichsee
3035 3404 3114 3434 beim
3133 3403 3301 3438 Feldbacher
3321 3402 3404 3438 Horn
3421 3402 3473 3432 der
3490 3404 3568 3430 etwa

2737 3441 2882 3477 19jährige
2897 3440 3048 3470 Volontär
3061 3439 3167 3469 Albert
3185 3438 3367 3472 Kocherhans
3383 3441 3446 3467 von
3460 3436 3566 3471 Eschli-

2744 3477 2794 3505 kon
2826 3475 3001 3511 (Thurgau),
3033 3473 3199 3508 vermutlich
3229 3473 3337 3507 infolge
3366 3472 3451 3501 eines
3481 3471 3569 3506 Herz¬

2737 3511 2869 3546 schlages.
2906 3511 2967 3540 Der
3002 3509 3092 3544 junge
3113 3509 3212 3538 Manu
3249 3508 3313 3542 sank
3335 3506 3447 3542 lvenige
3469 3507 3566 3536 Meter

2737 3550 2807 3575 vom
2828 3546 2898 3579 Ufer
2936 3544 3063 3579 entfernt
3081 3572 3086 3577 .
3099 3543 3223 3580 plötzlich
3262 3542 3375 3571 lautlos
3397 3542 3488 3571 unter
3505 3542 3567 3570 und

2736 3582 2838 3610 konnte
2857 3579 2986 3610 nur'als
3006 3578 3098 3614 Leiche
3118 3577 3249 3612 gehoben
3266 3577 3392 3607 werden.

2788 3613 2985 3648 Auto-Unfall.
3002 3613 3122 3648 Genf,
3139 3614 3181 3642 17.
3195 3611 3275 3647 KM.
3293 3612 3330 3646 &
3346 3609 3406 3644 Im
3421 3610 3513 3644 Jura,
3528 3610 3563 3639 in

2733 3650 2785 3679 der
2810 3648 2966 3679 Gemeinde
2990 3648 3041 3678 Dt.
3064 3646 3185 3680 Claude.
3226 3646 3325 3679 Mrzte
3348 3651 3396 3674 em
3417 3643 3564 3677 Autolast-

2735 3688 2839 3718 wagen
2852 3684 2888 3712 10
2901 3683 2997 3712 Meter
3008 3682 3063 3710 titt
3072 3681 3109 3710 in
3120 3680 3209 3709 einen
3220 3679 3308 3714 Fluß.
3323 3679 3386 3709 Der
3399 3678 3563 3713 Chauffeur

2738 3719 2837 3747 wurde
2853 3717 2906 3750 auf
2919 3717 2971 3746 der
2985 3715 3079 3746 Stelle
3096 3714 3209 3749 getötet.

2791 3749 3034 3785 Goldschmuggel.
3047 3748 3217 3783 Danzig,
3233 3748 3274 3777 18.
3286 3745 3368 3782 IM.
3382 3756 3423 3780 ag
3439 3745 3565 3780 (Wokff.)

2740 3786 2815 3819 Nach
2840 3785 2920 3815 einer
2945 3783 3122 3817 Mitteilung
3155 3784 3211 3814 des
3245 3776 3567 3816 Oberzoll-Kommissa-

2739 3821 2831 3851 riatcS
2858 3820 2912 3850 des
2938 3818 3114 3854 Freistaates
3136 3816 3298 3851 Danzig
3322 3816 3423 3845 wurde
3447 3814 3568 3848 kürzlich

2740 3855 2772 3884 in
2789 3856 2840 3884 der
2857 3853 2941 3888 Nähe
2957 3855 3018 3883 von
3034 3851 3207 3886 Hohenstein
3225 3851 3288 3885 kurz
3305 3853 3359 3880 vor
3376 3850 3443 3879 dem
3462 3849 3568 3879 Ueber-

2742 3889 2871 3923 schreiten
2898 3890 2949 3919 der
2978 3886 3241 3921 Freistaatsgrenze
3296 3884 3346 3914 ein
3374 3883 3568 3918 Kraftwagen

2742 3923 2920 3958 angehalten,
2942 3923 2993 3952 der
3015 3921 3071 3951 mit
3090 3924 3165 3955 zwei
3185 3914 3281 3954 Polen
3300 3919 3404 3954 besetzt,
3418 3922 3484 3947 war
3504 3918 3565 3946 und

2741 3958 2791 3987 der
2812 3957 2891 3988 Gold
2931 3957 2976 3986 im
2993 3955 3229 3990 Friedenswerte
3270 3957 3327 3983 von
3347 3953 3462 3986 375,000
3482 3952 3568 3981 Mark

2742 3991 2935 4027 mitzuführen
2955 3990 3100 4024 versuchte.
3119 3990 3192 4019 DaS
3208 3988 3287 4019 Gold
3307 3987 3403 4021 dürfte
3424 3986 3491 4022 nach
3510 3987 3568 4015 den

2739 4027 2891 4061 geltenden
2916 4024 3153 4060 Bestimmungen
3176 4023 3227 4053 der
3250 4021 3479 4057 Freiftaatskasse
3505 4023 3568 4049 ver-

2744 4061 2829 4094 fallen
2841 4060 2904 4089 und
2917 4059 2969 4094 hat
2982 4059 3051 4093 nach
3062 4059 3129 4088 dom
3141 4057 3258 4092 jetzigen
3271 4056 3469 4090 Valutastand
3482 4055 3568 4084 eine»

2742 4095 2822 4126 Wert
2838 4097 2898 4124 von
2913 4092 2962 4123 3X
2985 4091 3153 4123 Millionen.

397 4228 737 4302 Ieuilleto».

365 4353 471 4384 Dürer
488 4353 540 4382 alS
559 4347 778 4383 Miniaturist»

214 4409 269 4438 vti.
310 4409 380 4445 Herr
402 4406 485 4443 Prof.
509 4403 648 4440 Leitschuh
673 4402 746 4433 wird
772 4403 803 4431 es
825 4401 885 4430 unS
910 4402 986 4435 zwar

162 4448 229 4479 übel
246 4449 375 4485 nehmen,
392 4447 461 4477 aber
476 4445 552 4481 fein«
569 4442 769 4478 interessanten
784 4440 844 4470 und
863 4439 909 4474 für
926 4438 985 4467 unS

163 4488 232 4524 recht
268 4485 510 4523 wohlwollenden
547 4482 757 4517 Aeußerungen
793 4480 824 4509 in
846 4478 899 4508 Nr.
921 4477 988 4507 1148

163 4531 231 4558 vom
251 4529 293 4558 10.
312 4526 385 4563 Juli
407 4525 500 4562 haben
517 4525 578 4554 uns
598 4521 671 4557 nicht
689 4519 852 4555 bestimmen
871 4517 987 4551 können,

163 4568 219 4597 daS
240 4567 329 4602 große
348 4563 558 4601 Fragezeichen,
578 4561 635 4592 daS
656 4559 727 4590 über
746 4557 860 4587 Dürers
880 4555 987 4585 Autor¬

165 4606 246 4642 schaft
284 4613 322 4637 an
358 4605 413 4635 den
447 4603 554 4639 Genfer
576 4599 758 4632 Miniaturen
795 4595 917 4632 schwebt,
954 4601 989 4630 zu

164 4646 254 4682 tilgen
273 4645 342 4676 oder
362 4643 427 4680 doch
448 4648 482 4679 z«
507 4639 686 4672 verkleinern.
725 4630 854 4672 Obschon
874 4634 922 4670 sich
942 4633 988 4664 die

164 4684 411 4721 Beweisführung
447 4682 502 4713 deS
538 4678 710 4717 Freibnrger
740 4673 987 4711 Kunsthistorikers

165 4725 216 4761 auf
238 4725 294 4755 das
318 4723 461 4755 Studium
481 4721 531 4751 der
552 4716 795 4754 Originalblätter
818 4714 901 4750 stützt,
921 4713 988 4743 was

164 4765 194 4800 ja
218 4771 286 4799 zum
309 4761 496 4798 vorneherein
518 4758 697 4795 demjenigen
722 4753 879 4791 gegenüber
906 4752 989 4782 einen

165 4803 280 4835 Vorteil
295 4802 431 4837 bedeutet,
447 4801 513 4838 „der
527 4799 587 4836 sein
602 4796 696 4828 Utteil
709 4795 778 4826 über
795 4790 990 4830 sarbenpräch-

164 4844 222 4880 tige
241 4842 425 4873 Miniaturen
439 4843 501 4871 von
518 4837 639 4874 wirklich
655 4833 897 4872 gemäldearttgen
915 4831 990 4862 Wir¬

166 4883 273 4918 kungen
294 4876 596 4916 auSschlteßli-ch
617 4876 668 4912 auf
689 4873 791 4905 Grund
811 4872 861 4902 der
881 4870 991 4907 Repro¬

165 4922 316 4953 duktionen
334 4920 366 4950 in
383 4919 438 4950 den
457 4918 558 4954 Pages
577 4915 659 4948 d'Att
677 4921 713 4951 zu
728 4912 826 4943 bilden
842 4909 990 4946 versucht",

166 4961 264 4999 scheint
282 4961 319 4997 sie
334 4961 396 4990 uns
413 4958 477 4995 doch
496 4957 566 4988 über
584 4953 771 4991 verschiedene
787 4952 836 4981 der
853 4953 913 4979 von
930 4950 990 4979 unS

167 5000 400 5038 aufgeworfenen
423 4998 538 5033 Fragen
559 4996 654 5026 etwas
676 5000 711 5030 zu
731 4991 804 5028 rasch
826 4989 990 5026 hinwegzu-

167 5040 262 5078 gehen.
297 5040 344 5076 In
363 5038 413 5068 der
430 5036 663 5070 Beantwottung
682 5032 796 5068 unserer
813 5030 918 5066 Frage,
935 5026 990 5058 wie

167 5082 200 5109 es
225 5080 339 5114 komme,
363 5076 420 5112 daß
442 5080 498 5106 vor
520 5075 571 5105 der
593 5072 769 5107 Entdeckung
792 5068 873 5105 durch
898 5068 992 5103 Herrn

167 5119 293 5150 Delame
314 5117 373 5148 kein
396 5114 507 5151 Mensch
527 5114 574 5144 die
595 5109 853 5148 Dürer-Initialen
875 5107 991 5144 gesehen

167 5158 248 5194 habe,
273 5157 346 5188 wird
372 5162 402 5185 u.
428 5162 455 5185 a.
480 5154 536 5183 das
561 5152 761 5189 unscheinbare
785 5147 914 5182 Aeußere
938 5146 990 5176 deS

168 5197 333 5234 Büchleins,
358 5195 392 5226 in
417 5194 483 5224 dem
510 5193 546 5228 sie
573 5191 674 5227 elfmal
700 5186 913 5223 wiederkehren,
941 5184 990 5215 als

169 5236 271 5267 Grund
294 5236 341 5272 für
363 5234 410 5270 ihr
431 5230 713 5268 Verdorgenbleiben
736 5226 895 5264 angeführt.
917 5223 992 5261 Auch

168 5275 238 5304 über
262 5275 354 5311 dieses
379 5272 541 5309 Argument
566 5270 660 5305 dürfte
688 5270 760 5306 Herr
788 5265 901 5303 Olschki,
928 5264 992 5294 dem

169 5314 224 5344 wir
249 5314 303 5344 den
330 5312 415 5350 Fund
441 5309 557 5348 herzlich
581 5308 705 5345 gönnen,
731 5304 925 5343 stillvergnügt
949 5302 992 5333 lä¬

169 5352 251 5385 cheln.
288 5352 346 5387 Im
366 5351 496 5381 weitern-
506 5349 563 5384 legt
584 5347 670 5386 Prof.
692 5346 833 5383 Leitschuh
855 5344 917 5379 dar,
937 5341 994 5373 wie

1020 4206 1070 4235 der
1092 4210 1150 4234 nur
1168 4200 1358 4237 oberflächllch
1379 4197 1582 4233 Bettachtende
1602 4195 1670 4232 «ach
1689 4195 1753 4224 dem
1771 4191 1847 4222 min-

1021 4242 1209 4279 derwerttgen
1230 4240 1390 4275 Titelblatt,
1409 4239 1465 4269 de»
1486 4237 1550 4273 fünf
1573 4236 1660 4271 ersten
1681 4230 1846 4270 (ungezeich-

1020 4283 1115 4318 ntten)
1143 4280 1366 4317 Jllusttationen
1394 4278 1446 4313 auf
1470 4276 1518 4306 die
1543 4275 1682 4311 geradezu
1708 4270 1847 4309 gemälde-

1022 4322 1098 4358 arttg
1123 4320 1284 4351 wirkenden
1308 4317 1462 4355 folgenden
1488 4315 1674 4345 Miniattiren
1698 4312 1777 4348 stößt,
1800 4309 1846 4338 die

1021 4362 1054 4391 in
1072 4361 1148 4397 jeder
1166 4358 1333 4395 Beziehung
1354 4358 1383 4393 so
1404 4356 1465 4392 sehr
1486 4355 1543 4385 das
1564 4353 1676 4390 geistige
1694 4351 1846 4386 Eigentum

1021 4401 1137 4431 Dürers
1159 4398 1314 4434 darstellen,
1336 4397 1392 4432 daß
1418 4394 1571 4431 angesichts
1594 4392 1682 4428 dieser
1705 4384 1848 4425 ofsenkun-

1022 4440 1109 4476 digen
1127 4438 1261 4475 Tatsache
1280 4438 1326 4467 die
1345 4435 1526 4471 Feststellung
1546 4433 1598 4463 deS
1621 4428 1846 4465 Monogramms

1023 4486 1062 4509 an
1098 4478 1145 4514 sich
1170 4477 1265 4513 wenig
1302 4484 1336 4512 zu
1373 4475 1511 4505 bedeuten
1547 4472 1604 4508 hat.
1642 4470 1724 4505 Diese
1743 4466 1848 4502 Ansicht

1022 4519 1131 4549 können
1149 4517 1206 4548 wir
1226 4516 1297 4552 nicht
1334 4514 1428 4550 gelten
1465 4512 1566 4548 lassen:
1597 4509 1735 4545 Nachdem
1773 4506 1848 4535 einer

1023 4561 1109 4593 «vom
1123 4557 1208 4588 Bau"
1225 4556 1271 4585 die
1285 4555 1509 4590 Ueberzeugung
1526 4554 1686 4587 gewonnen
1702 4546 1758 4584 hat,
1776 4543 1846 4580 „daß

1023 4597 1071 4627 die
1089 4596 1263 4632 Erfindung,
1280 4594 1326 4624 die
1345 4591 1545 4628 Komposition
1563 4589 1605 4619 tm
1621 4593 1728 4624 ganzen
1744 4584 1849 4620 TYPUS

1022 4637 1083 4667 und
1105 4634 1274 4671 Charattere
1294 4633 1343 4663 der
1365 4630 1513 4667 einzelnen
1534 4627 1677 4665 Figuren"
1701 4625 1777 4656 einer
1795 4622 1849 4652 Ar¬

1023 4675 1082 4706 beit
1104 4674 1159 4704 das
1183 4672 1294 4710 geisttge
1315 4671 1473 4706 Eigentum
1493 4668 1608 4698 DürerS
1631 4666 1699 4702 sind,
1720 4662 1792 4693 wttd
1816 4662 1849 4691 eS

1023 4714 1086 4751 ihm
1119 4712 1248 4743 niemals
1284 4709 1462 4747 gleichgiilttg
1501 4707 1569 4743 sein,
1605 4707 1642 4736 ob
1679 4705 1735 4734 das
1770 4700 1850 4731 Welt-

1024 4754 1157 4784 bekannte
1185 4750 1375 4789 Schutzmittel
1400 4750 1453 4779 des
1483 4747 1615 4783 Meisters
1641 4743 1787 4780 irgendwo
1814 4746 1850 4776 zu

1025 4792 1126 4829 finden
1147 4791 1180 4827 ist
1201 4791 1269 4821 oder
1290 4789 1370 4826 nicht.

1074 4829 1250 4868 Inwieweit
1276 4829 1323 4859 die
1347 4824 1635 4863 Gegenüberstellung
1664 4823 1716 4852 des
1744 4820 1851 4849 Mono¬

1025 4872 1157 4906 gramms
1186 4869 1237 4905 auf
1266 4866 1445 4904 graphischen
1473 4865 1533 4894 und
1563 4861 1769 4900 zeichnerischen
1796 4857 1851 4888 Ar¬

1024 4910 1127 4945 beiten,
1157 4909 1235 4943 oder,
1273 4908 1365 4938 etwas
1403 4903 1553 4940 deutlicher
1574 4899 1762 4938 ausgedrückt,
1799 4895 1851 4933 auf

1025 4947 1232 4985 Kupferstichen
1255 4947 1324 4977 oder
1347 4943 1632 4981 Handzeichnungen,
1655 4939 1766 4971 erlaubt
1790 4935 1851 4966 und

1026 4987 1206 5024 zweckmäßig
1227 4986 1268 5022 ist,
1289 4984 1381 5015 bleibe
1401 4991 1441 5014 an
1462 4983 1551 5019 dieser
1573 4980 1666 5013 Stelle
1685 4975 1851 5010 uneröttett.

1026 5027 1165 5064 Praktisch
1189 5027 1241 5063 hat
1266 5025 1300 5061 sie
1322 5025 1382 5054 uns
1406 5022 1561 5058 jedenfalls
1586 5021 1628 5051 im
1651 5015 1852 5052 vorliegenden

1026 5067 1108 5104 Falle
1130 5067 1185 5097 den
1208 5064 1327 5100 nötigen
1348 5062 1447 5097 Dienst
1470 5060 1614 5096 erwiesen»
1635 5059 1672 5089 da
1695 5059 1726 5088 es
1752 5055 1796 5090 sich
1820 5054 1851 5090 ja

1026 5114 1083 5137 nur
1108 5113 1158 5136 um
1182 5105 1228 5135 die
1252 5100 1486 5140 charakteristtsche
1511 5099 1566 5130 Art
1588 5099 1637 5129 der
1660 5096 1851 5130 Anbringung

1026 5146 1079 5176 des
1102 5145 1338 5180 Monogramms,
1358 5133 1429 5176 nicht
1454 5139 1521 5170 aber
1544 5145 1594 5169 um
1617 5138 1678 5168 eine
1701 5132 1852 5172 grapholo¬

1026 5184 1111 5222 gische
1129 5182 1238 5214 Studie
1254 5183 1307 5212 des
1323 5181 1349 5210 A
1375 5181 1400 5208 D
1429 5178 1571 5215 handelte.
1590 5178 1666 5208 Aber
1685 5174 1749 5210 auch
1767 5175 1852 5202 wenn

1027 5225 1084 5255 wir
1101 5225 1161 5254 uns
1184 5222 1235 5258 auf
1253 5218 1526 5258 Handzeichnungen
1546 5216 1721 5253 beschränken
1741 5210 1853 5245 wolle«,

1026 5264 1153 5294 komnien
1176 5261 1233 5293 wir
1255 5267 1289 5296 zu
1312 5259 1418 5290 keinem
1438 5249 1594 5293 wesentlich
1617 5255 1725 5286 andern
1747 5250 1853 5286 Ergeb¬

1027 5303 1087 5333 nis.
1128 5301 1186 5332 Als
1211 5299 1336 5336 Beispiel
1361 5298 1467 5333 mögen
1491 5297 1552 5326 vier
1576 5292 1852 5333 Federzeichnungen

1027 5342 1139 5377 dienen,
1156 5339 1308 5373 Entwürfe
1342 5336 1392 5372 für
1409 5336 1458 5366 die
1496 5335 1628 5372 geplante
1662 5332 1747 5363 dritte
1769 5328 1854 5365 Holz¬

1882 4188 2066 4225 schnittfolge,
2087 4187 2135 4218 die
2155 4186 2218 4218 drei
2239 4187 2325 4222 ersten
2346 4187 2405 4215 aus
2430 4185 2496 4215 dem
2517 4183 2613 4219 Jahre
2634 4183 2711 4217 1521,

1883 4228 1928 4258 die
1951 4228 2026 4263 letzte
2051 4232 2111 4257 von
2135 4229 2210 4258 1523.
2251 4226 2311 4262 Auf
2335 4225 2411 4256 allen
2435 4223 2498 4254 vier
2520 4223 2655 4254 Blättern
2678 4221 2711 4257 ist

1883 4269 1938 4297 das
1983 4267 2195 4303 Monogramm
2234 4265 2288 4295 mtt
2329 4264 2398 4294 aller
2441 4262 2710 4298 wünschenswerten

1883 4306 2065 4342 Deutlichkeit
2093 4306 2152 4336 und
2182 4303 2390 4340 Bestimmtheit
2419 4310 2458 4332 an
2485 4304 2536 4337 gut
2563 4299 2709 4337 sichtbaren

1883 4347 1977 4376 Orten
1999 4346 2052 4382 auf
2077 4345 2176 4381 hellem
2200 4343 2303 4374 Grund
2330 4340 2506 4377 angebracht.
2528 4354 2562 4361 —
2584 4339 2643 4370 Ein
2666 4339 2712 4368 be¬

1885 4385 2019 4421 sonderes
2065 4383 2188 4419 Gewicht
2230 4383 2288 4418 legt
2329 4382 2402 4418 Herr
2445 4380 2528 4415 Prof.
2572 4377 2711 4414 Leitschuh

1884 4423 1998 4459 darauf»
2027 4425 2128 4460 unsere
2155 4422 2311 4458 laienhafte
2339 4421 2436 4457 Frage
2462 4417 2646 4454 berichtigend
2676 4424 2711 4453 zu

1883 4463 2091 4498 beantworten,
2133 4466 2247 4492 warum
2285 4460 2383 4491 Dürer
2403 4459 2465 4495 sein
2505 4458 2712 4492 Monogramm

1883 4502 1956 4538 nicht
1994 4502 2047 4538 auf
2082 4502 2137 4532 den
2174 4500 2368 4532 verlockenden
2387 4498 2516 4535 Flächen,
2535 4496 2632 4532 welche
2667 4495 2712 4526 die

1885 4540 2091 4576 Säulcnvascn
2123 4541 2171 4571 der
2195 4540 2395 4575 Umrahmung
2429 4538 2522 4571 boten,
2549 4535 2712 4571 angebracht

1884 4580 1978 4616 habe?
2013 4581 2057 4611 Er
2077 4580 2184 4616 belehrt
2203 4581 2273 4614 uns,
2293 4580 2329 4608 es
2348 4577 2388 4613 sei
2407 4576 2474 4613 doch
2496 4574 2713 4611 selbstverständ¬

1884 4619 1944 4656 lich,
1965 4619 2039 4656 „daß
2059 4619 2132 4654 diese
2150 4621 2184 4650 24
2204 4618 2441 4654 Umrahmungen
2461 4615 2511 4645 der
2531 4613 2713 4645 Miniaturen

1885 4660 1934 4689 der
1953 4659 2131 4696 Handschrift
2147 4658 2246 4694 nicht
2261 4660 2319 4687 von
2334 4656 2384 4686 der
2401 4654 2485 4691 Hand
2504 4652 2618 4684 DürerS
2633 4653 2713 4688 stam¬

1884 4705 1960 4734 men,
1983 4698 2107 4733 sondem
2130 4702 2187 4728 von
2210 4698 2260 4728 der
2281 4696 2363 4726 eines
2385 4694 2571 4729 Nürnberger
2592 4691 2713 4729 Jllumi-

1886 4738 2001 4773 nisten".
2039 4738 2087 4768 Da
2105 4745 2166 4768 nun
2183 4737 2251 4767 aber
2268 4736 2319 4770 aus
2338 4734 2409 4771 zwei
2426 4734 2474 4763 der
2493 4732 2525 4762 in
2543 4733 2597 4762 den
2614 4731 2712 4767 Pages

1885 4777 1969 4807 d'Art
1988 4777 2220 4813 reproduzietten
2244 4775 2436 4808 Miniaturen,
2457 4772 2509 4807 auf
2525 4772 2574 4801 der
2594 4771 2713 4806 „Kreuz¬

1885 4817 2028 4852 tragung"
2047 4816 2108 4847 und
2127 4816 2176 4845 der
2192 4814 2288 4851 farbig
2305 4813 2413 4844 wieder
2431 4811 2590 4848 gegebenen
2609 4810 2713 4845 „Kreu¬

1887 4856 2021 4892 zigung",
2046 4856 2104 4886 daS
2129 4856 2337 4890 Monogramm
2361 4853 2386 4880 A
2418 4852 2443 4880 D
2475 4850 2533 4880 klar
2554 4850 2613 4880 und
2636 4849 2714 4878 deut¬

1887 4895 1938 4932 lich
1974 4895 2044 4931 auf
2078 4895 2159 4926 dem
2192 4893 2259 4931 zur
2292 4890 2563 4925 Umrahmung
2598 4888 2714 4924 gehö-

1886 4934 2039 4965 renden
2063 4935 2200 4970 Bogen
2222 4932 2317 4962 über
2340 4931 2407 4961 der
2430 4927 2714 4965 Komposition

1887 4973 2125 5010 angebracht
2146 4973 2185 5009 ist,
2208 4971 2270 5008 fällt
2292 4970 2340 5000 die
2361 4967 2609 5004 Beweisführung
2632 4966 2715 5002 Prof.

1887 5008 2051 5050 Leitschuhtz
2088 5013 2258 5049 zusammen,
2277 5013 2363 5040 wenn
2401 5008 2450 5045 sich
2486 5007 2557 5044 nicht
2584 5007 2633 5037 der
2652 5006 2715 5042 doch

1887 5052 1968 5089 wohl
2008 5052 2244 5089 ausgeschlossene
2283 5049 2435 5085 Nachweis
2458 5047 2608 5083 erbringen
2646 5045 2715 5081 läßt,

1888 5092 1945 5128 daß
1967 5092 2061 5128 dieses
2082 5092 2107 5121 A
2137 5093 2161 5120 D
2190 5090 2241 5126 auf
2259 5090 2307 5119 der
2326 5088 2529 5124 Umrahmung
2548 5087 2600 5116 deS
2620 5085 2716 5115 Nürn¬

1888 5131 1988 5168 berger
2010 5130 2212 5167 Jlluministen
2234 5136 2290 5159 nur
2313 5128 2366 5163 auf
2389 5128 2446 5157 den
2470 5124 2716 5162 Reproduktionen

1888 5171 1938 5201 der
1962 5171 2065 5207 Pages
2087 5170 2176 5205 d'Art,
2201 5169 2272 5204 nicht
2295 5168 2364 5198 aber
2389 5166 2442 5202 auf
2464 5166 2519 5195 den
2543 5163 2716 5200 Originalen

1888 5211 2060 5247 vorhanden
2079 5210 2120 5247 ist.
2159 5209 2234 5240 Was
2255 5208 2298 5238 im
2316 5206 2439 5236 weitem
2458 5208 2518 5235 von
2540 5203 2590 5234 der
2610 5201 2717 5239 Sttich-

1888 5249 2026 5286 führung,
2056 5248 2151 5286 Farbe
2188 5247 2248 5279 und
2279 5244 2490 5282 Auftrocknung
2530 5243 2580 5273 der
2611 5242 2716 5272 Mono-

1889 5296 2018 5324 granune
2040 5290 2137 5326 gesagt
2156 5287 2240 5321 wird,
2260 5287 2332 5316 kann
2352 5291 2425 5315 man
2445 5283 2512 5319 nach
2535 5282 2623 5319 dieser
2644 5281 2717 5318 Fest-

1888 5328 2008 5363 stellung
2027 5327 2167 5366 natürlich
2185 5327 2234 5357 als
2251 5323 2468 5356 Beweismittel
2485 5323 2533 5359 für
2549 5321 2597 5352 die
2611 5320 2718 5351 Autor¬

2745 4181 2827 4217 schaft
2865 4180 2978 4210 Dürers
3020 4185 3076 4209 nur
3115 4177 3171 4208 mtt
3211 4176 3383 4211 «ißttaum
3422 4176 3573 4211 entgegen¬

2746 4220 2875 4256 nehmen.

2796 4259 2855 4289 Ein
2871 4258 2952 4294 Zttat
2966 4258 3024 4286 aus
3039 4257 3102 4287 dem
3117 4254 3266 4291 Tagebuch
3279 4254 3394 4284 DürerS
3409 4253 3472 4289 gibt
3487 4252 3573 4288 Prof.

2746 4297 2885 4334 Leitschnh
2906 4297 2952 4327 die
2973 4296 3038 4332 erste
3057 4295 3202 4326 Bekannte
3220 4293 3268 4329 für
3287 4293 3362 4330 seine
3383 4291 3574 4328 Wahrschetu-

2747 4336 3014 4373 lichkettsrechnung,
3040 4334 3154 4370 wonach
3181 4333 3276 4363 Dürer
3302 4332 3369 4367 nach
3396 4331 3488 4368 seiner
3513 4331 3575 4361 nie¬

2746 4376 2951 4411 derländischen
2991 4374 3073 4409 Reise
3111 4375 3170 4403 aus
3207 4371 3391 4409 finanziellen
3433 4370 3575 4401 Gründen

2748 4417 2810 4452 „für
2844 4415 2917 4451 seine
2944 4413 3100 4449 Werkstätte
3126 4411 3268 4447 Aufträge
3301 4411 3350 4447 für
3376 4409 3574 4446 Buchmalerei

2746 4454 2904 4490 übemahm
2923 4453 2985 4484 und
3006 4451 3185 4489 gelegentlich
3206 4451 3285 4488 selbst
3305 4450 3392 4486 Hand
3413 4451 3472 4479 ans
3496 4448 3577 4479 Werk

2747 4495 2844 4531 legte".
2891 4491 3036 4527 Wiewohl
3062 4498 3126 4522 nun
3152 4491 3199 4521 die
3230 4490 3319 4526 Klage
3346 4489 3400 4518 des
3431 4487 3575 4524 Meisters,

2747 4534 2802 4568 daß
2826 4540 2856 4562 er
2878 4531 3017 4568 „nachiail
3040 4530 3143 4567 gehabt
3166 4530 3209 4560 im
3233 4528 3425 4559 Riederland"
3449 4527 3497 4564 für
3519 4528 3575 4556 den

2748 4574 2861 4604 Kenner
2883 4573 2936 4602 des
2960 4570 3145 4607 Tagebuches
3185 4568 3338 4606 glaubhaft
3378 4567 3476 4603 llingt,
3499 4566 3575 4596 wird

2747 4619 2816 4643 man
2830 4611 2896 4648 doch
2910 4611 3022 4642 daraus
3040 4609 3112 4646 nicht
3125 4609 3182 4639 mtt
3197 4606 3405 4643 Bestimmtheit
3422 4606 3474 4642 ans
3493 4605 3576 4641 ernst¬

2748 4652 2823 4688 hafte
2843 4650 3061 4687 wirtschaftliche
3081 4649 3200 4684 Sorgen
3220 4647 3333 4677 Dürers
3354 4646 3489 4681 schließen
3508 4644 3576 4674 dür¬

2747 4692 2803 4727 fen.
2847 4690 2890 4720 Er
2913 4690 2963 4726 sah
2987 4688 3021 4719 in
3047 4687 3217 4723 Geldsachen
3243 4687 3344 4716 immer
3368 4685 3486 4721 schwarz
3513 4683 3574 4713 und

2749 4732 2837 4761 nennt
2857 4729 2903 4766 sich
2923 4735 3006 4765 geme
3025 4728 3108 4758 einen
3130 4733 3229 4757 armen
3247 4726 3351 4756 Mann.
3388 4725 3454 4754 Und
3473 4723 3574 4759 gerade

2749 4770 2815 4806 nach
2839 4769 2887 4800 der
2910 4767 3165 4802 niederländischen
3189 4765 3272 4801 Reise
3294 4764 3363 4798 muß
3391 4765 3425 4793 eS
3448 4762 3519 4797 nicht
3544 4762 3573 4790 ko

2750 4809 2873 4845 schlimm
2897 4814 2948 4838 mn
2973 4806 3026 4843 ihn
3049 4805 3151 4842 bestellt
3180 4804 3305 4841 gewesen
3330 4803 3399 4839 sein,
3424 4801 3519 4831 wollte
3545 4807 3575 4829 er

2749 4848 2814 4884 doch
2836 4848 2900 4878 dem
2919 4845 3102 4881 Rümberger
3123 4844 3184 4875 Rat
3204 4843 3251 4873 die
3270 4843 3316 4878 für
3336 4841 3481 4876 damalige
3504 4839 3575 4869 Ver¬

2750 4886 2880 4923 hältnisse
2900 4885 2961 4923 sehr
2981 4883 3166 4921 bettächtliche
3190 4884 3313 4914 Summe
3335 4884 3393 4911 von
3412 4881 3480 4910 1000
3500 4877 3574 4907 Gul¬

2749 4926 2804 4956 den
2839 4925 2873 4956 in
2901 4924 3103 4960 Verwahrung
3142 4922 3237 4958 geben,
3264 4924 3362 4956 wegen
3391 4918 3447 4953 „all
3483 4916 3573 4952 feiner

2749 4964 2871 4995 Armut"
2897 4970 2985 5000 gegen
3028 4960 3256 4999 sünfprozentige
3299 4958 3429 4995 jährliche
3454 4954 3574 4990 Verzin¬

2750 5005 2830 5041 sung.
2868 5005 2911 5034 Es
2931 5002 3017 5039 fehlte
3037 5002 3097 5038 ihm
3116 5001 3175 5037 also
3193 4999 3265 5036 nicht
3283 5006 3322 5028 an
3340 4997 3470 5032 übrigem
3489 4993 3571 5023 Geld.

2801 5043 2885 5080 Prof.
2907 5041 3049 5078 Leitschuh
3070 5040 3140 5076 stellt
3161 5040 3223 5070 eine
3245 5036 3412 5073 eingehende
3437 5032 3571 5068 Behand¬

2750 5083 2821 5119 lung
2837 5082 2926 5118 dieser
2942 5081 3051 5117 Genfer
3067 5079 3252 5111 Miniaturen
3269 5077 3300 5106 in
3316 5076 3396 5111 ihren
3412 5071 3572 5107 Beziehun¬

2751 5129 2804 5158 gen
2825 5129 2875 5158 zur
2898 5121 3081 5155 Nürnberger
3104 5114 3357 5149 Miniatorenkunst
3381 5112 3412 5142 in
3434 5108 3570 5145 Aussicht.

2751 5162 2836 5198 Diese
2858 5160 2958 5191 Arbeit
2982 5159 3056 5189 wird
3083 5154 3337 5193 überzeugenderes
3362 5149 3570 5181 Bcweismate-

2750 5200 2809 5231 rial
2832 5199 2882 5231 als
2904 5199 2962 5229 das
2984 5198 3086 5234 bisher
3106 5193 3297 5231 vorgebrachte
3319 5189 3368 5226 für
3390 5188 3437 5218 die
3461 5187 3570 5217 Autor-

2751 5240 2833 5277 schast
2851 5239 2964 5269 Dürers
2983 5244 3022 5267 an
3042 5236 3129 5272 dieser
3146 5232 3264 5269 Passion
3279 5227 3449 5265 vorzulegen
3467 5225 3570 5262 haben,

2751 5283 2838 5310 wenn
2863 5278 2897 5314 sie
2921 5277 2967 5307 die
2991 5274 3113 5311 Zweifel
3146 5277 3232 5308 gegen
3262 5268 3334 5301 diese
3359 5264 3571 5302 Urheberschaft

2751 5317 2875 5358 siegreich
2894 5315 3046 5349 entttäften
3062 5312 3127 5343 will
