1949 2362
627 121 633 137 J

186 253 303 327 N°.
339 266 440 338 38-

63 438 543 568 Zürcher

135 625 267 677 Mit
284 636 359 683 tw
383 635 492 691 o»ch,

1376 278 1716 358 1796.

1322 460 1792 577 Zeitung

1394 645 1475 693 den
1499 659 1560 694 ii.
1579 646 1704 700 May.

265 805 498 841 Großbrtt
510 815 714 845 kannten.

104 833 249 871 London
257 850 289 874 v.
301 852 344 882 15.
354 842 463 888 ?lpril.
496 850 572 885 Das
582 853 709 889 gemeine
720 852 796 886 Volk
805 854 836 892 ist
844 854 906 887 völ¬

64 874 108 911 lig
128 877 184 909 mit
196 878 261 911 dem
272 881 411 919 Minister
430 886 635 925 ausgesöhnt,
661 893 699 924 da
721 893 832 930 gestern
848 894 906 926 das

64 916 154 950 Brod
162 925 211 948 um
223 921 269 950 ein
279 920 446 959 Drittheil,
455 927 580 964 nämlich
589 928 637 959 bis
649 936 682 967 zu
695 940 731 960 io
740 932 837 970 Pence
846 931 906 969 her-

65 952 233 990 «ibgefallen
251 958 292 993 ist.
327 962 400 994 Das
409 965 549 996 Getreide
570 964 618 1002 fiel
643 970 736 1007 letzten
749 969 905 1008 Markttag

65 1000 118 1024 um
128 993 171 1024 die
181 989 292 1034 Hälfte.
314 996 377 1030 Die
388 1000 506 1037 Ursache
520 1002 629 1038 ist,weil
642 1007 684 1035 die
696 1008 908 1049 ganzeThemse

65 1031 122 1063 mit
133 1033 392 1074 Getreideschiffen
404 1035 550 1077 angefüllt
574 1042 627 1078 ist,
653 1049 715 1076 und
736 1045 804 1078 weil
814 1046 907 1079 vieles

67 1071 220 1105 Getreide,
230 1073 355 1110 welches
363 1085 400 1108 an
410 1079 456 1109 die
470 1076 681 1119 französ.Küste
690 1082 821 1122 geschifft
832 1090 906 1120 war,

68 1109 143 1141 nach
162 1110 227 1142 dem
240 1113 322 1146 Tode
334 1115 391 1147 des
406 1115 544 1152 Charette
555 1120 664 1151 wieder
682 1123 752 1159 nach
766 1122 906 1161 England

67 1143 338 1187 jurückgekommen
354 1153 409 1193 ist;
436 1156 509 1193 auch
526 1158 572 1189 die
586 1160 783 1199 Kornjuden,
803 1163 909 1198 welche

67 1188 172 1228 bisher
184 1190 219 1220 cs
229 1187 458 1229 zurückhielten,
470 1202 532 1226 nun
544 1197 600 1234 auf
615 1200 723 1233 einmal
736 1202 831 1233 damit
847 1200 909 1238 her-

66 1228 256 1261 vorgetreken
269 1226 341 1262 find.
363 1231 422 1263 Ein
431 1229 546 1267 Müller
557 1235 596 1267 im
605 1237 697 1271 Lande
706 1239 834 1276 erhenkte
843 1234 906 1280 fich,

65 1263 135 1292 weil
147 1270 178 1293 er
191 1262 244 1300 bey
254 1265 358 1301 diesem
368 1268 610 1311 schnellenFallen
617 1277 673 1309 des
681 1279 802 1319 Preises
810 1288 907 1310 20000

67 1298 121 1342 Pf.
129 1301 187 1335 St.
199 1303 316 1338 verlor,
344 1307 389 1338 die
409 1316 440 1340 er
460 1312 529 1348 nach
547 1311 641 1348 seiner
660 1312 861 1351 Spekulation
872 1327 906 1358 zu

66 1342 223 1378 gewinnen
232 1342 341 1379 dachte.
362 1346 515 1383 DasVolk
523 1349 600 1387 freut
611 1350 662 1391 sich
676 1354 757 1392 mehr
766 1351 836 1388 über
847 1359 906 1389 das

65 1378 250 1418 wohlfeilere
268 1380 378 1418 Brod,
391 1387 444 1419 als
454 1393 543 1422 wenn
563 1391 615 1422 der
627 1389 808 1432 glänzendste
820 1396 904 1435 Sieg

66 1419 157 1453 durch
166 1421 221 1450 den
229 1422 575 1462 DonnerderKanonen
587 1427 784 1472 angekündigt
792 1431 880 1466 wäre.

107 1456 176 1491 Mit
189 1459 238 1494 der
257 1462 370 1500 neulich
385 1466 594 1504 mitgethcilten
608 1470 689 1504 Note
705 1473 755 1503 der
764 1472 905 1510 Minister

68 1502 108 1527 an
116 1496 170 1527 alle
178 1495 240 1534 hier
253 1502 410 1535 accredirte
420 1503 530 1542 fremde
540 1506 722 1545 Gesandten,
734 1510 769 1548 ist
780 1513 825 1542 die
836 1512 905 1548 Op¬

66 1533 199 1572 position
224 1536 287 1575 sehr
308 1541 506 1579 unzufrieden.
540 1545 600 1579 Sie
616 1549 708 1581 tadelt
717 1567 726 1582 ,
750 1548 808 1586 daß
824 1550 903 1590 Herr

67 1573 220 1614 Wickham
234 1595 244 1612 ,
258 1578 364 1616 anstatt
371 1588 404 1619 zu
413 1582 537 1622 fragen,
556 1585 593 1617 ob
609 1588 666 1618 das
681 1588 902 1624 Directorium,

67 1615 140 1645 oder
155 1611 192 1646 ob
207 1617 387 1657 diejenigen,
408 1624 514 1660 welche
536 1626 594 1656 das
609 1626 851 1662 Gouvernement
872 1636 902 1660 m

65 1647 199 1693 Händen
210 1654 316 1693 haben,
329 1665 393 1698 zum
401 1660 526 1699 Frieden
537 1664 654 1702 geneigt
664 1665 734 1703 find,
748 1669 793 1700 die
801 1665 901 1708 Frage

66 1701 107 1724 an
119 1694 165 1726 die
173 1690 295 1734 franzöf.
304 1699 423 1735 Ration
433 1703 579 1741 gerichtet,
591 1707 651 1735 und
662 1707 789 1743 dadurch
801 1707 901 1741 dieAb-

66 1727 136 1768 sicht
146 1733 295 1769 derselben
302 1734 472 1780 verdächtig
480 1742 612 1781 gemacht
621 1743 701 1786 habe.
711 1747 791 1783 Auch
800 1743 904 1779 erklärt

65 1768 104 1807 sie
113 1771 147 1801 es
158 1766 206 1806 für
213 1767 353 1812 übereilt,
376 1780 422 1811 die
442 1780 525 1815 kaum
542 1785 743 1826 angefangene
754 1786 901 1823 Negotia¬

65 1809 132 1840 tion
144 1808 265 1842 bekannt
274 1818 306 1851 zu
316 1818 434 1853 mache«
445 1824 504 1853 und
515 1822 721 1860 abzubrechen.
756 1826 830 1860 Das
844 1825 900 1861 Di-

66 1849 244 1885 rectorium,
260 1851 324 1891 sagt
338 1854 385 1891 sie,
402 1857 495 1895 habe,
507 1868 595 1893 wenn
608 1865 644 1895 es
652 1865 722 1899 auch
736 1863 826 1896 bereit
835 1863 902 1903 seyn

65 1887 168 1927 sollte,
186 1890 230 1923 die
251 1892 451 1928 Niederlande
468 1898 659 1937 aufzuopfern
694 1903 900 1941 sich-dennoch

65 1928 528 1973 «ichtanderserklärenkönnen,
541 1941 607 1972 weil
618 1938 899 1982 esfürchtenmüffe,

65 1966 127 2001 daß
151 1969 197 2001 die
203 1971 400 2010 Negotiation
411 1975 488 2014 nicht
509 1978 583 2015 ernst
595 1980 636 2016 ich
655 1982 715 2020 sey.
733 1985 793 2014 und
804 1984 841 2016 es
856 1983 899 2015 die

64 2004 269 2044 Niederlande
285 2013 362 2052 nicht
377 2013 562 2055 mißtrauisch
575 2019 702 2068 machen,
713 2016 808 2060 dürfe.
839 2023 900 2058 Die

64 2046 243 2089 Aeußerung
255 2053 324 2086 aber
366 2056 424 2088 das
444 2053 648 2091 Directorium
669 2057 754 2098 dürfe
770 2061 839 2099 nach
853 2064 901 2093 der

65 2085 261 2126 Constitution
274 2095 374 2132 nichts
384 2093 552 2141 aufopfern,
565 2100 633 2131 was
643 2101 687 2131 ein
697 2101 782 2146 Aheil
790 2101 902 2136 derRe-

64 2129 164 2171 publik
173 2129 235 2171 sey,
252 2130 324 2169 habe
333 2134 480 2175 uns-nicht
487 2138 666 2179 abschrecken
673 2135 781 2180 dürfen
792 2141 801 2175 r
823 2141 901 2176 denn

953 824 1039 852 wenn
1052 828 1128 853 man.
1140 822 1185 855 die
1197 822 1390 860 Constitution
1401 824 1574 861 vergleiche,
1591 824 1620 859 so
1636 823 1701 864 sag«
1712 824 1790 863 diese

954 866 1033 894 nur,
1049 859 1107 897 daß
1126 862 1183 892 das
1190 862 1394 900 Directorium
1417 863 1492 898 nicht
1512 864 1572 895 das
1584 863 1678 899 Recht
1693 863 1789 900 haben

955 897 1025 933 soll,
1051 900 1137 935 durch
1157 902 1238 931 einen
1255 901 1403 938 geheimen
1416 901 1523 935 Artikel
1544 903 1625 934 einen
1633 901 1718 938 Theil
1739 903 1789 935 der

954 936 1138 977 Republikzu
1154 934 1333 978 veräußern;
1355 939 1451 976 dieses
1465 939 1535 973 aber
1548 939 1667 977 hindere
1684 941 1731 973 die
1741 949 1791 979 ge¬

953 974 1128 1013 setzgebende
1140 978 1260 1011 Gewalt
1267 978 1361 1016 nicht,
1382 981 1416 1010 es
1432 985 1466 1017 zu
1485 979 1570 1016 thun.
1601 979 1790 1018 Urberhaupk

953 1012 1022 1044 aber
1031 1012 1077 1050 sey
1087 1015 1133 1044 die
1141 1016 1280 1049 Antwort
1293 1017 1322 1052 so
1332 1017 1472 1055 gewesen,
1486 1017 1544 1053 daß
1552 1024 1621 1050 man
1630 1015 1714 1057 sehen
1721 1015 1793 1051 kön«

956 1057 1009 1084 ne,
1031 1053 1089 1087 daß
1097 1052 1266 1091 Frankreich
1281 1056 1344 1086 «ine
1357 1055 1554 1093 Negotiation
1563 1057 1727 1094 gewünscht
1738 1057 1789 1094 ha¬

955 1088 1006 1126 be;
1029 1090 1120 1126 daher
1138 1089 1206 1127 auch
1225 1093 1283 1125 das
1292 1094 1494 1129 Direktorium
1503 1094 1537 1130 so
1554 1095 1653 1131 discret
1659 1090 1789 1135 gewesen

954 1127 1011 1164 sey,
1029 1129 1125 1166 nichts
1136 1130 1165 1161 in
1175 1130 1269 1167 Paris
1281 1138 1339 1164 von
1350 1134 1399 1164 der
1411 1126 1647 1174 Correspondenz
1654 1135 1788 1176 mitHra.

956 1166 1107 1201 Wickbam
1124 1170 1276 1201 verlauten
1291 1178 1323 1209 zu
1339 1169 1436 1209 lassen.
1471 1172 1557 1209 Noch
1574 1172 1700 1206 bemerkt
1718 1181 1790 1208 man

957 1206 1010 1236 den
1019 1206 1168 1245 Umstand,
1181 1209 1238 1245 daß
1253 1212 1301 1240 der
1310 1210 1454 1245 Courier,
1472 1212 1521 1242 der
1538 1212 1684 1245 bemürn.
1695 1208 1790 1247 Wick¬

956 1243 1025 1276 bam
1053 1244 1125 1282 seine
1148 1246 1330 1286 Instruction
1354 1244 1557 1286 überbrachte,
1585 1251 1690 1287 vorher
1715 1248 1789 1284 über

953 1283 1042 1318 Wien
1055 1292 1210 1324 gegangen
1223 1293 1341 1318 war.—
1358 1286 1565 1327 Ohngeachtet
1581 1290 1635 1322 der
1647 1288 1677 1326 fi>
1690 1291 1789 1330 wenig

954 1329 1018 1361 zum
1027 1321 1152 1359 Frieden
1176 1327 1345 1363 geeigneten
1360 1329 1515 1364 Antwort,
1532 1328 1636 1368 welche
1647 1335 1705 1362 von
1721 1329 1788 1362 dem

953 1360 1076 1400 franzos.
1098 1364 1300 1399 Directorium
1320 1364 1373 1403 auf
1386 1368 1429 1399 die
1454 1363 1660 1406 Eröffnungen
1683 1367 1788 1404 unsers

952 1398 1098 1434 Cabinets
1105 1403 1220 1437 ertheilt
1229 1406 1368 1441 worden,
1385 1406 1437 1442 hat
1449 1404 1535 1443 unser
1543 1406 1695 1444 Minister,
1708 1407 1787 1444 Herr

951 1437 1025 1476 Pitt,
1038 1440 1113 1471 keine
1123 1441 1348 1480 Schwierigkeit
1366 1443 1532 1483 gefunden,
1556 1447 1642 1480 heute
1658 1444 1787 1482 wirklich

953 1476 1013 1508 eine
1023 1486 1091 1509 neue
1100 1477 1218 1517 Anleihe
1232 1487 1290 1517 von
1303 1488 1319 1518 7
1322 1503 1327 1509 .
1333 1481 1381 1521 1/2
1393 1475 1537 1524 M'll.Ps.
1546 1482 1646 1517 Sterl.
1656 1491 1689 1523 zu
1702 1493 1720 1523 4
1732 1482 1788 1530 Pf-

954 1522 990 1545 12
1005 1516 1093 1553 Schl.
1105 1518 1125 1548 6
1139 1516 1188 1555 Pf.
1199 1518 1327 1557 Procent
1339 1519 1558 1559 abzuschließcn.
1589 1523 1788 1563 Hr.Boydist

951 1556 1060 1586 wieder
1082 1558 1132 1587 der
1143 1558 1327 1595 vornehmste
1334 1559 1520 1598 Contrahent
1531 1559 1584 1598 bey
1595 1560 1687 1598 dieser
1699 1563 1789 1599 Gtle-

949 1592 1075 1629 genheit.
1105 1595 1168 1628 Die
1178 1598 1298 1632 Anleihe
1314 1599 1347 1635 ist
1363 1600 1393 1631 in
1414 1601 1465 1631 der
1482 1595 1720 1637 ausdrücklichen
1728 1601 1784 1633 Ab¬

948 1630 1016 1669 sicht
1026 1634 1241 1669 gemacht,den
1253 1637 1393 1673 Minister
1403 1638 1432 1667 in
1441 1639 1549 1672 Stand
1563 1646 1595 1676 zu
1611 1640 1705 1677 setze»,
1722 1647 1784 1676 von

949 1672 1000 1702 der
1009 1670 1199 1708 unftlndirte»
1206 1673 1325 1710 Schuld
1340 1668 1370 1712 so
1377 1675 1500 1708 viebals
1507 1670 1634 1716 möglich
1647 1678 1784 1716 abjutra-

950 1708 1231 1749 gen.-Wirkönnen
1243 1713 1332 1752 daher
1347 1714 1390 1746 die
1399 1713 1638 1754 wohtthatigsten
1648 1717 1785 1752 Wirkun¬

949 1757 1005 1787 gen
1020 1750 1179 1787 vondieser
1190 1751 1349 1792 Maßregel
1357 1752 1467 1790 sowohl
1475 1747 1523 1789 für
1536 1755 1589 1787 den
1598 1751 1785 1794 öffentlichen

948 1784 1137 1827 als/füriden
1151 1791 1288 1828 Handels
1299 1802 1309 1821 -
1324 1794 1423 1828 Credtt
1436 1793 1541 1831 unsers
1549 1795 1664 1829 Landes
1675 1802 1784 1829 erwar¬

951 1831 997 1859 ten
1038 1828 1180 1868 ^ugkid)
1208 1833 1278 1869 zeigt
1295 1832 1347 1863 der
1365 1831 1500 1870 Minister
1516 1834 1647 1871 dadurch
1667 1834 1784 1874 unserm

948 1863 1081 1904 Feinde,
1104 1868 1164 1906 daß
1172 1872 1224 1901 wir
1235 1867 1422 1904 fortdauernd
1435 1873 1490 1904 alle
1499 1871 1608 1907 Mittel
1623 1875 1652 1906 in
1667 1875 1785 1908 Bereit-

948 1897 1154 1944 schafthaben,
1169 1911 1223 1941 den
1230 1909 1320 1949 Krieg
1329 1907 1403 1947 ä»fs
1410 1906 1662 1950 nachdrücklichste
1673 1912 1784 1953 fortzu-

950 1944 1046 1984 setzen,
1058 1953 1144 1979 wenn
1153 1948 1207 1980 wir
1215 1945 1450 1989 dazugenöthigt
1461 1943 1535 1986 sind.
1544 1953 1587 1984 741
1601 1951 1784 1991 DieOpPb-

950 1983 1335 2024 sikionsblafterbemerke»,
1350 1989 1406 2026 daß
1422 1989 1784 2029 dieseNeue,Anlejhevon

949 2022 1026 2062 71/2
1036 2023 1118 2060 Mill.
1138 2028 1198 2057 und
1210 2027 1783 2069 dasFundirenvonMl/ÄMilliNav--

949 2061 1052 2096 Bills,
1076 2065 1250 2103 wenigstens
1269 2067 1338 2103 noch
1361 2069 1422 2100 eine
1432 2066 1602 2108 'Erhöhung
1617 2071 1668 2102 der
1683 2071 1784 2113 TakM

934 2108 1026 2135 3Ura_i
1041 2104 1123 2138 Will.
1142 2105 1186 2144 Pf
1205 2104 1250 2138 St
1270 2102 1389 2146 jährlich
1398 2103 1498 2147 nöthig
1510 2108 1607 2145 mache
1615 2117 1627 2147 ;
1640 2110 1699 2141 eine
1706 2109 1783 2143 Ver¬

949 2142 1095 2184 mehrung
1110 2146 1161 2179 der
1173 2145 1330 2185 Abgabe»,
1347 2141 1482 2186 worüber
1498 2146 1535 2186 sie
1546 2147 1598 2187 sich
1611 2148 1641 2182 in
1653 2147 1787 2186 demchtt»
