4047 5551
358 137 573 192 Mittwoch

271 206 312 249 7.
337 207 515 252 Oktober
540 209 661 252 1931

380 277 506 323 Blatt
532 282 558 322 2

909 107 1346 327 Neue
1433 111 2082 372 Zürcher
2149 116 2838 389 Zeitung

3098 200 3462 249 Morgenausgabe

3173 273 3230 311 JS
3251 270 3374 312 1894

272 450 633 512 Eidgenössische
665 457 875 516 Wahlen

234 539 310 573 Acht
339 539 534 574 Wahllisten
558 541 602 571 im
630 543 762 573 Kanton
787 544 906 582 Zürich

210 604 249 632 ag
284 596 347 627 Der
377 598 559 631 kantonalen
587 601 745 634 Direktion
774 605 826 635 des
857 603 984 642 Innern

154 636 214 674 sind
236 636 338 668 innert
358 638 409 669 der
429 639 610 678 gesetzlichen
630 642 707 681 Frist
727 643 774 681 für
795 644 842 675 die
861 645 899 676 28
918 644 984 682 zür-

154 673 311 713 cherischen
340 676 623 719 NationalratSsitze
655 681 734 719 acht
763 682 898 721 Listen
929 684 985 715 mit

155 715 325 753 zusammen
353 717 406 747 177
429 717 624 751 Kandidaten
646 720 824 759 eingereicht
850 724 985 760 worden,

155 753 296 791 nämlich:
337 756 537 789 Demokraten
570 760 608 790 23
644 761 847 798 Kandidaten,
884 764 985 793 davon

155 793 221 831 fünf
250 794 426 833 kumuliert;
456 796 684 837 Bauernpartei
714 801 751 831 23
781 801 986 838 Kandidaten,

156 835 256 864 davon
286 834 354 872 fünf
383 835 558 875 kumuliert;
590 838 777 881 Freisinnige
805 842 840 872 21
872 841 986 872 Kandi-

155 874 254 909 baten,
278 875 378 905 davon
401 875 497 913 sieben
520 877 694 917 kumuliert;
718 879 986 921 Christlichsoziale

154 913 201 949 26.
225 913 325 943 davon
348 915 421 953 zwei
444 915 619 955 kumuliert;
644 919 855 957 Evangelische
876 916 986 951 Volks-

154 952 253 988 Partei
278 953 325 989 24,
352 954 453 986 davon
481 956 545 987 vier
571 957 745 995 kumuliert;
771 959 986 996 Sozialdemo¬

156 993 255 1023 kraten
280 993 328 1029 23,
350 994 449 1025 davon
475 994 542 1036 fünf
562 997 737 1033 kumuliert;
759 998 987 1036 Kommunisten

154 1031 201 1065 26.
223 1031 324 1063 davon
342 1033 417 1071 zwei
436 1033 613 1073 kumuliert;
635 1035 869 1076 Eidgenössische
890 1038 990 1076 Front

157 1069 212 1101 mit
232 1071 273 1110 elf
293 1072 493 1104 kumulierten
513 1073 718 1107 Kandidaten.

302 1142 433 1171 Berner
461 1143 839 1181 Wahlvorbereitungen

207 1205 297 1239 Bern,
321 1208 344 1235 6.
369 1207 430 1237 Olt.
463 1216 501 1244 ag
535 1208 706 1245 Innerhalb
738 1211 785 1239 der
820 1210 990 1245 gesetzlichen

156 1245 231 1280 Frist
253 1245 313 1279 sind
339 1247 378 1276 im
403 1246 564 1280 Wahlkreis
587 1250 704 1280 Kanton
727 1250 807 1279 Bern
831 1250 990 1286 insgesamt

157 1285 253 1318 sechs
304 1285 429 1320 Listen
480 1287 526 1320 für
569 1289 613 1318 die
664 1288 990 1318 Nationalrats¬

154 1323 312 1357 wahlen
339 1325 504 1360 eingercicht
537 1330 664 1361 worden,
696 1328 831 1362 nämlich:
866 1327 936 1363 Liste
959 1330 989 1357 1:

155 1363 473 1399 Sozialdemokratische
499 1367 612 1400 Partei,
645 1368 698 1397 mit
729 1369 763 1396 26
798 1368 990 1402 Kandidaten,

155 1407 260 1432 wovon
280 1404 345 1439 fünf
363 1405 523 1434 kumuliert.
541 1407 611 1442 Liste
628 1408 658 1435 2:
677 1408 819 1441 Bauern-,
838 1407 990 1437 Gcwerbe-

155 1443 214 1472 und
244 1442 464 1480 Bürgerpartci.
503 1444 555 1475 mit
593 1447 626 1475 26
654 1447 845 1480 Kandidaten,
883 1451 989 1475 wovon

156 1482 220 1516 fünf
244 1482 406 1513 kumuliert.
439 1483 509 1519 Liste
532 1485 562 1514 3:
591 1485 989 1521 Freisinnig-Demokratische

154 1522 267 1555 Partei,
288 1522 341 1551 mit
362 1523 397 1551 28
420 1523 613 1558 Kandidaten,
635 1530 740 1554 wovon
760 1525 806 1554 ein
828 1525 990 1554 kumuliert.

155 1561 224 1595 Liste
247 1563 277 1590 4:
301 1562 473 1590 Esäsraticm
498 1562 615 1591 lidöral«
638 1564 786 1599 populaire
810 1564 990 1598 jiirassienne

156 1600 340 1635 (Jurassische
364 1601 485 1629 liberale
510 1601 636 1637 Partei),
661 1604 715 1633 mit
739 1604 772 1632 18
798 1603 990 1637 Kandidaten,

154 1643 260 1667 wovon
278 1639 347 1674 zwei
365 1639 526 1669 kumuliert.
553 1641 622 1676 Liste
638 1643 667 1670 5:
683 1643 762 1670 Parti
776 1642 990 1678 döraocratique

155 1678 318 1712 catholique
342 1679 527 1714 (Katholische
549 1681 756 1716 Volkspartei),
779 1682 832 1711 mit
857 1682 891 1711 29
914 1682 989 1712 Kan¬

156 1717 281 1749 didaten.
312 1722 416 1747 wovon
446 1719 516 1753 zwei
546 1719 707 1750 kumuliert.
746 1721 815 1756 Liste
845 1722 874 1750 6:
905 1722 990 1751 Kom¬

157 1756 328 1791 munistische
346 1757 459 1791 Partei,
476 1758 529 1786 mit
545 1760 577 1787 21
596 1760 787 1789 Kandidaten.
803 1761 848 1791 Es
865 1761 925 1795 sind
943 1761 989 1796 für

157 1797 201 1826 die
220 1797 251 1825 31
274 1796 350 1830 Sitze
371 1797 422 1825 des
445 1796 635 1834 Wahlkreises
656 1800 736 1830 Bern
761 1800 919 1835 insgesamt
940 1803 990 1830 148

158 1836 339 1865 Kandidaten
360 1836 582 1872 vorgeschlagen.
603 1838 657 1868 Die
677 1839 767 1874 Listen
787 1839 873 1873 2,3,4
894 1844 953 1870 und
974 1842 990 1869 ö

159 1875 249 1907 haben
307 1876 531 1907 mrtereinander
593 1877 989 1916 Ltstcnverbindung

160 1914 332 1944 vereinbart.
359 1915 413 1944 Die
440 1915 531 1950 Liston
555 1917 572 1945 3
596 1919 655 1947 und
678 1919 694 1946 4
720 1918 808 1952 stehen
835 1920 933 1954 zudem
960 1920 990 1948 in

160 1953 516 1990 Unterlistenverbindung
535 1956 736 1986 miteinander.

300 2027 360 2058 Die
384 2028 597 2065 freisinnigen
623 2031 849 2066 Tolothurner

210 2086 386 2121 Solothurn.
414 2087 439 2116 5.
459 2087 520 2117 Okt.
552 2095 583 2117 -h
612 2090 701 2119 Unter
725 2091 786 2119 dem
808 2091 910 2126 Vorsitz
932 2097 988 2120 von

156 2124 318 2154 Ständerat
336 2126 387 2156 Dr.
403 2126 542 2161 Schöpfer
558 2130 651 2158 traten
669 2130 751 2164 heute
768 2130 938 2166 nachmittag
958 2131 989 2160 in

158 2163 325 2199 Solothurn
365 2167 416 2194 600
443 2165 605 2202 Delogierte
640 2169 688 2205 der
725 2169 990 2205 Freisinnig-

157 2203 502 2240 Demokratischcn
518 2207 664 2242 Partei
683 2210 733 2238 des
749 2209 885 2239 Kantons
901 2210 991 2239 Solo¬

156 2243 244 2277 thurn
262 2250 314 2278 zur
332 2244 532 2281 Bereinigung
550 2249 599 2276 der
618 2247 786 2283 Wahllisten
802 2249 852 2284 für
868 2249 914 2278 di«
932 2249 990 2278 eid-

156 2282 338 2318 genössischcn
365 2283 486 2319 Wahlen
512 2287 570 2315 und
596 2294 646 2322 zur
668 2287 913 2323 Stellungnahme
939 2295 990 2323 zur

155 2322 384 2357 eidgenössischen
403 2323 688 2362 Volksabstimmung
708 2331 774 2358 vom
792 2327 816 2356 6.
833 2327 989 2363 Dezember

155 2362 327 2396 zusammen.
359 2363 407 2399 In
425 2363 532 2398 seinem
555 2366 819 2401 Eröfsnungswort
841 2367 915 2396 wies
938 2367 989 2397 Dr.

156 2400 292 2436 Schöpfer
320 2405 404 2432 unter
428 2403 492 2434 dem
519 2404 664 2440 lebhaften
688 2405 797 2441 Beifall
823 2407 872 2436 der
899 2406 990 2441 Hörer

157 2441 201 2469 die
229 2441 495 2477 leidenschaftlichen
523 2443 658 2480 Angriff«
685 2446 733 2474 der
758 2445 992 2481 sozialdemokra-

156 2479 254 2513 tischen
277 2480 374 2515 Presse
398 2482 448 2514 auf
481 2482 526 2511 die
556 2483 677 2514 liberale
704 2483 896 2520 Wirtschafts-
930 2486 990 2514 und

157 2519 490 2556 Gesellschaftsordnung
511 2521 597 2556 sowie
617 2524 667 2558 auf
688 2523 748 2558 ihr«
768 2523 879 2559 Träger
899 2524 993 2559 zurück

157 2560 217 2588 und
237 2559 325 2593 nahm
345 2559 390 2594 für
410 2560 455 2595 sich
473 2561 628 2598 persönlich
646 2563 676 2592 in
694 2563 848 2598 Anspruch,
867 2563 911 2592 di«
931 2563 990 2598 ihm

157 2598 335 2633 zusallenden
361 2599 534 2630 Tantiemen
559 2602 613 2631 mit
638 2604 733 2637 gutem
761 2602 904 2638 Geivtssen
930 2608 990 2632 vcr-

160 2639 321 2667 antworten
364 2646 397 2674 zu
441 2639 557 2670 können.
598 2641 762 2672 Ständerat
795 2642 848 2672 Dr.
872 2641 992 2678 Dietschi

159 2676 272 2710 (Olten)
293 2677 364 2712 legte
384 2678 414 2708 in
430 2679 526 2708 einem
543 2684 601 2709 von
620 2680 707 2716 hoher
726 2681 992 2716 ftaatSmännischer

157 2716 331 2752 Auffassung
348 2719 509 2753 zeugenden
527 2719 646 2754 Referat
661 2720 852 2756 Rechenschaft
869 2721 905 2750 ab
923 2722 992 2751 über

157 2755 201 2784 di«
226 2755 368 2791 Tätigkeit
393 2759 441 2786 der
466 2758 695 2794 eidgenösstschen
720 2760 794 2790 Räte
817 2760 849 2790 in
873 2761 921 2790 der
945 2761 993 2789 ab-

156 2794 329 2828 gelaufenen
350 2796 563 2832 Amtsperiode.
592 2798 720 2830 Sodann
744 2798 837 2834 sprach
855 2800 900 2829 die
922 2800 992 2830 Ver¬

156 2833 321 2869 sammlung
348 2836 401 2865 den
428 2837 666 2872 ausscheidenden
695 2839 921 2869 Nationalräton
942 2840 993 2869 Dr.

158 2872 267 2902 Robert
295 2873 395 2908 Schild
424 2874 595 2913 (Gronchen)
623 2879 684 2908 und
710 2878 855 2913 Friedrich
882 2879 994 2909 Stüber

160 2911 351 2946 (Solothurn)
372 2915 425 2943 den
444 2915 691 2949 wohlverdienten
712 2917 793 2947 Dank
813 2918 861 2953 für
880 2918 926 2949 die
950 2925 994 2953 ge-

159 2951 281 2986 leisteten
298 2953 412 2988 Dienste
427 2955 496 2986 aus.
513 2956 572 2984 und
588 2956 697 2990 richtet«
713 2964 751 2986 an
768 2957 993 2992 Bundesrichter

160 2991 210 3021 Dr.
237 2991 351 3022 Adrian
387 2997 443 3023 von
479 2993 539 3030 Arx
566 2995 681 3030 (Olten)
718 3003 751 3031 zu
787 2996 892 3031 seinem
927 2996 994 3030 nach

160 3031 267 3066 langer,
293 3032 424 3066 schiverer
448 3032 603 3068 Krankheit
629 3035 774 3070 nunmehr
803 3035 922 3070 möglich
949 3042 991 3070 ge-

159 3072 312 3100 wordenen
329 3072 523 3102 Amtsantritt
541 3074 570 3103 in
586 3074 737 3109 Lausanne
751 3074 799 3104 ein
813 3074 932 3110 herzlich
949 3081 992 3110 ge¬

161 3110 291 3141 haltenes
307 3110 663 3148 Sttmpathietelegramm.
691 3114 753 3149 Für
771 3114 817 3144 di«
837 3114 992 3143 National-

159 3150 340 3184 ratSwahlen
366 3152 468 3180 wurde
497 3151 528 3180 in
557 3152 760 3188 Zustimmung
790 3160 823 3188 zu
852 3154 907 3182 den
937 3153 992 3183 Be¬

160 3188 288 3223 schlüssen
313 3190 365 3218 des
391 3190 649 3225 Zentralkomitees
679 3192 808 3227 folgende
835 3193 908 3221 volle
934 3194 993 3221 und

160 3228 369 3259 nnkumnliertc
428 3229 619 3265 Siebnerliste
681 3231 850 3267 ansgestellt:
909 3231 993 3266 Ernst

161 3268 311 3303 Flückiger,
361 3269 624 3306 Arbettersekretär,
675 3270 839 3305 Lnterbach;
891 3270 993 3300 Albert

159 3307 305 3342 Helbling,
322 3309 494 3341 Verwalter,
512 3308 671 3346 Gronchen;
692 3310 763 3340 Oliv
781 3310 866 3345 Jeker
883 3310 995 3345 (bish.),

159 3347 319 3382 Büsierach;
343 3348 456 3382 Arthur
482 3349 566 3381 Moll,
591 3350 769 3386 Ingenieur,
793 3350 895 3384 Olten;
921 3350 994 3385 Fritz

159 3387 275 3422 Renfer,
294 3388 483 3423 Baumeister,
503 3388 685 3424 Solothur»;
707 3390 758 3419 Dr.
777 3389 899 3424 Sauser,
919 3389 994 3423 Für¬

157 3426 287 3460 sprecher,
303 3427 485 3462 Solothurn;
503 3428 555 3458 Dr.
575 3429 704 3460 Walther
723 3429 879 3464 Stampflt,
898 3429 993 3459 Direk¬

160 3469 212 3500 tor,
238 3466 510 3504 Nd.-Gerlasingen.
541 3468 636 3501 Durch
662 3469 756 3504 Zuruf
777 3469 924 3504 bestätigte
950 3469 994 3498 die

159 3506 384 3543 Versammlung
412 3507 456 3536 die
485 3507 593 3543 Herren
623 3509 674 3539 Dr.
703 3508 821 3542 Dietschi
852 3509 912 3538 tutb
942 3508 994 3538 Dr.

161 3545 296 3581 Schöpfer
314 3547 361 3576 als
378 3547 526 3577 Vertreter
543 3549 594 3578 des
613 3549 749 3578 Kantons
768 3548 936 3582 Solothurn
955 3548 994 3578 im

159 3586 330 3615 Ständerat.
366 3587 443 3621 Zum
470 3586 580 3621 Schluß
605 3587 726 3621 stimmte
751 3588 784 3622 sie
807 3589 877 3623 nach
901 3587 995 3618 einem

159 3625 341 3660 prägnanten
369 3626 488 3661 Referat
515 3630 572 3657 von
597 3627 650 3657 Dr.
678 3627 815 3662 Schöpfer
845 3627 994 3661 folgender

161 3664 410 3699 Resolution
434 3672 481 3700 zu:

213 3711 283 3745 „Die
310 3715 368 3740 von
394 3712 445 3740 600
473 3711 570 3742 Mann
601 3712 721 3747 besuchte
750 3711 994 3748 Delegiertenvcr-

161 3748 324 3786 sammlung
367 3750 416 3785 der
465 3750 996 3787 Freisinnig-Demokrati¬

162 3789 261 3823 schen
285 3790 431 3824 Partei
455 3792 506 3820 des
531 3790 667 3822 KantonS
690 3792 857 3825 Solothurn
879 3791 995 3820 bekennt

161 3829 207 3862 sich
245 3830 311 3863 nach
348 3830 440 3860 einem
480 3830 598 3866 Referat
646 3836 702 3861 von
741 3831 903 3861 Ständerat
943 3830 995 3861 Dr.

161 3869 296 3904 Schöpfer
332 3870 466 3905 einhellig
502 3871 562 3900 und
600 3871 652 3900 mit
689 3870 894 3906 Begeisterung
930 3877 995 3905 zum

1021 429 1227 464 Bundesgeseh
1245 430 1314 458 über
1331 430 1376 459 die
1392 431 1505 460 Alters-
1515 433 1574 461 und
1585 433 1853 467 Hinterbliebvnen-

1020 468 1220 503 verstcherung,
1243 470 1297 497 das
1319 470 1374 498 den
1395 470 1546 501 Gedanken
1566 474 1614 501 der
1634 472 1853 508 Volksgemein¬

1020 507 1102 542 schaft
1150 509 1209 536 und
1266 508 1520 543 Volkssolidarität
1577 512 1745 545 verkörpert,
1799 512 1853 540 den

1022 546 1146 581 sozialen
1163 546 1287 581 Frieden
1304 547 1404 582 sichert,
1419 550 1479 578 und
1495 550 1557 579 dem
1574 551 1754 585 bvdürstigen
1771 550 1853 579 Alter

1020 586 1129 619 endlich
1162 586 1205 615 die
1237 587 1418 622 notwendige
1449 588 1526 622 Hilse
1558 590 1662 625 briirgt.
1692 590 1748 619 Dt«
1770 588 1853 619 Dclc-

1022 624 1349 660 giertenversammlung
1382 626 1479 660 spricht
1511 628 1563 657 den
1593 628 1759 658 verdienten
1781 628 1855 663 För¬

1022 665 1125 693 derern
1146 664 1197 692 des
1217 664 1324 699 großen
1344 666 1403 694 und
1426 665 1538 699 schönen
1561 667 1667 700 Werks,
1687 668 1778 696 vorab
1801 669 1854 696 den

1023 703 1132 736 Herren
1180 703 1351 734 Bundesrat
1400 704 1535 739 Schult
1547 707 1624 740 heß.
1665 707 1855 736 Nationalrat

1026 742 1195 776 Mächler
1224 744 1283 772 und
1312 744 1474 773 Ständerat
1504 744 1554 775 Dr.
1583 745 1771 780 Schöpfer
1802 746 1856 774 den

1025 781 1176 816 l/erzlichen
1195 782 1275 811 Dank
1294 782 1340 817 für
1361 782 1406 815 ihr
1424 785 1621 820 unentwegtes
1637 785 1789 819 Einstehon
1809 784 1857 818 für

1025 821 1068 849 die
1087 821 1214 857 Vorlage
1231 823 1290 851 und
1309 823 1369 856 rust
1388 822 1443 851 das
1463 822 1626 859 freisinnige
1642 824 1856 858 Solothurner¬

1024 860 1086 888 volk
1114 860 1174 896 auf,
1201 860 1246 890 die
1273 861 1374 890 Arbeit
1410 862 1457 890 der
1495 862 1677 892 abtretendcn
1707 864 1781 893 Rät«
1810 870 1856 891 am

1024 900 1048 927 6.
1067 899 1223 933 Dezember
1242 901 1323 937 durch
1343 900 1405 928 eine
1426 901 1585 934 machwollc
1603 903 1661 931 und
1679 902 1857 938 geschlossene

1025 938 1238 975 Unterstützung
1278 940 1328 968 des
1367 939 1711 977 Dersichcrungsgesetzes,
1748 940 1858 975 sowohl

1025 977 1079 1006 wie
1096 979 1149 1006 des
1169 978 1294 1013 Gesetzes
1313 979 1383 1008 über
1402 979 1446 1008 die
1462 979 1656 1017 Besteuerung
1673 982 1724 1009 des
1742 980 1857 1010 Tabaks

1027 1023 1060 1050 zu
1079 1016 1208 1046 krönen."

1270 1085 1330 1115 Die
1353 1086 1437 1120 Lag«
1461 1086 1495 1115 l«
1518 1086 1617 1121 Basel

1082 1147 1179 1181 Basel,
1202 1148 1226 1175 5.
1252 1147 1312 1176 Okt.
1337 1155 1378 1182 -g-
1404 1147 1459 1177 Die
1485 1147 1707 1183 Wahlsituation
1735 1150 1782 1184 für
1806 1150 1861 1177 den

1028 1185 1127 1220 24./25.
1152 1185 1274 1215 Oktober
1297 1186 1327 1216 in
1350 1186 1509 1221 Baselstadt
1533 1188 1649 1222 beginnt
1672 1188 1719 1222 sich
1742 1187 1861 1221 allmäh¬

1031 1223 1081 1257 lich
1100 1231 1134 1258 zu
1155 1224 1257 1253 klären.
1285 1225 1348 1253 Den
1369 1225 1455 1259 ersten
1475 1224 1581 1260 Schritt
1602 1233 1650 1261 zur
1672 1226 1862 1261 Beseitigung

1030 1264 1078 1291 der
1100 1263 1265 1297 hinsichtlich
1284 1265 1333 1293 der
1354 1264 1548 1299 bürgerlichen
1566 1264 1863 1299 Listenverbin¬

1030 1302 1135 1336 dung
1160 1301 1261 1330 immer
1288 1302 1354 1336 noch
1379 1302 1572 1336 schwebenden
1599 1304 1785 1338 Unsicherheit
1811 1303 1861 1336 hat

1029 1346 1092 1368 nun
1110 1340 1156 1369 die
1175 1340 1347 1375 Katholische
1366 1341 1549 1376 Polkspartci
1569 1345 1662 1378 getan,
1682 1343 1779 1371 indem
1801 1342 1862 1377 ihre

1030 1378 1429 1415 Delegiertenversammlung
1454 1379 1518 1414 nach
1542 1381 1722 1417 endgültiger
1749 1379 1862 1414 Geneh¬

1032 1416 1152 1452 migung
1173 1417 1220 1447 der
1238 1417 1483 1453 Kandidatenliste
1502 1419 1549 1453 sich
1568 1420 1709 1454 einmütig
1731 1419 1779 1454 für
1799 1419 1862 1447 eine

1031 1455 1306 1492 Listenverbindung
1339 1459 1391 1486 mit
1424 1459 1477 1487 den
1511 1458 1632 1494 übrigen
1668 1458 1863 1493 bürgerlichen

1030 1494 1170 1528 Parteien
1192 1496 1413 1531 ausgesprochen
1435 1496 1491 1531 hat,
1512 1496 1605 1532 sofern
1627 1497 1689 1526 eine
1708 1496 1863 1531 Einigung

1031 1535 1115 1563 unter
1134 1534 1227 1569 diesen
1246 1535 1375 1570 zustande
1393 1534 1504 1564 kommt.
1531 1536 1633 1566 Daran
1651 1536 1682 1571 ist
1701 1535 1742 1564 tm
1762 1542 1864 1571 gegen¬

1030 1571 1173 1608 wärtigen
1195 1572 1363 1608 Augenblick
1385 1573 1466 1603 kaum
1488 1575 1566 1610 mehr
1590 1582 1622 1610 zu
1645 1574 1785 1610 zweifeln.
1808 1572 1863 1602 Die

1031 1610 1230 1647 Evangelische
1256 1612 1447 1650 Volkspartei,
1473 1613 1517 1642 die
1544 1621 1628 1649 gerne
1654 1613 1751 1648 eigene
1778 1611 1864 1647 Wege

1032 1650 1095 1685 geht
1129 1651 1187 1680 und
1214 1651 1280 1680 bald
1307 1651 1346 1680 tm
1373 1651 1575 1689 bürgerlichen,
1611 1652 1679 1681 bald
1706 1652 1746 1680 im
1774 1651 1865 1686 Lager

1032 1690 1079 1718 der
1105 1689 1320 1725 Linksparteien
1346 1697 1379 1726 zu
1405 1690 1508 1725 treffen
1534 1691 1573 1726 ist,
1599 1691 1699 1720 konnte
1726 1688 1772 1724 sich
1798 1690 1865 1723 auch

1031 1727 1089 1763 jetzt
1111 1728 1218 1758 wieder
1243 1729 1314 1762 nicht
1339 1736 1372 1764 zu
1399 1728 1491 1758 einem
1517 1728 1784 1764 Zusammengehen
1811 1727 1864 1757 mit

1031 1769 1094 1796 dem
1148 1767 1436 1803 Gesamtbürgertum
1493 1768 1685 1803 entschließen,
1742 1767 1865 1801 sondern

1031 1805 1156 1841 glaubte,
1180 1807 1391 1841 allechöchstcns
1418 1807 1480 1836 eine
1505 1806 1865 1841 Unterlistenverbindung

1030 1846 1172 1874 entweder
1193 1846 1244 1875 mit
1265 1847 1317 1875 den
1338 1845 1490 1875 Liberalen
1510 1846 1577 1875 oder
1596 1846 1648 1875 mit
1667 1846 1715 1874 der
1736 1845 1865 1880 Bürger¬

1031 1887 1089 1915 und
1122 1883 1355 1918 Gcwcrbcpartei
1397 1883 1534 1919 eingehen
1575 1892 1608 1919 zu
1640 1883 1758 1917 können,
1799 1885 1865 1912 was

1030 1922 1097 1952 aber
1121 1924 1176 1952 das
1200 1923 1416 1958 Proporzgcsetz
1441 1922 1512 1956 nicht
1536 1923 1642 1958 zuläßt.

1081 1969 1158 2004 Auch
1179 1970 1232 1999 mit
1251 1971 1300 1999 der
1322 1970 1490 2005 Abklärung
1514 1970 1562 1999 der
1584 1969 1741 1999 Situation
1765 1969 1796 1998 in
1817 1969 1866 1998 der

1031 2007 1405 2042 Ständeratswahl
1433 2008 1464 2042 ist
1491 2010 1523 2036 es
1553 2009 1636 2038 einen
1664 2008 1772 2042 Schritt
1801 2013 1867 2036 vor¬

1029 2048 1124 2076 wärts
1150 2055 1306 2083 gegangen,
1331 2047 1427 2076 indem
1453 2047 1595 2081 ebenfalls
1622 2047 1665 2076 die
1691 2046 1866 2081 Katholische

1030 2085 1215 2120 Volkspariet
1252 2086 1299 2116 als
1336 2085 1402 2121 erst«
1439 2086 1487 2114 der
1524 2085 1867 2120 radikaldemokrattschen

1030 2124 1215 2154 Kandidatur
1233 2125 1285 2154 des
1304 2124 1473 2160 bisherigen
1493 2124 1681 2159 baslerischen
1700 2123 1867 2154 Vertreters

1031 2163 1062 2192 in
1081 2164 1131 2193 der
1149 2163 1398 2197 Ständekammer,
1417 2162 1545 2192 Advokat
1564 2163 1616 2193 Dr.
1635 2163 1668 2192 E.
1688 2162 1868 2197 Thalmann,

1031 2202 1092 2236 ihre
1119 2202 1335 2237 Unterstützung
1363 2201 1495 2237 zugesagt
1524 2201 1581 2237 hat,
1608 2202 1768 2237 allerdings
1795 2201 1868 2236 nicht

1031 2240 1084 2269 mit
1115 2241 1330 2275 Begeisterung,
1378 2240 1501 2273 sondern
1532 2243 1616 2270 unter
1647 2240 1869 2275 ausdrücklicher

1030 2279 1197 2314 Betonung,
1221 2279 1277 2313 daß
1299 2279 1372 2313 diese
1398 2279 1612 2315 Unterstützung
1636 2279 1707 2313 nicht
1731 2279 1779 2308 der
1802 2284 1867 2309 vor-

1029 2318 1226 2352 geschlagenen
1268 2317 1486 2352 Persönlichkeit
1528 2319 1590 2354 gilt,
1631 2319 1754 2352 sondern
1797 2320 1867 2347 aus-

1031 2356 1183 2391 schließlich
1209 2357 1258 2386 der
1285 2356 1367 2390 durch
1406 2356 1441 2390 sie
1476 2360 1656 2386 vertretenen
1693 2357 1867 2386 nationalen

1031 2395 1224 2425 Kandidatur.
1259 2395 1305 2430 In
1331 2394 1452 2429 nächster
1478 2395 1543 2430 Zeit
1568 2397 1684 2425 werden
1710 2403 1774 2425 nun
1802 2396 1869 2430 auch

1031 2434 1076 2463 die
1101 2434 1225 2469 übrigen
1259 2433 1455 2469 bürgerlichen
1481 2434 1622 2469 Parteien
1648 2434 1786 2470 Stellung
1824 2435 1869 2464 be¬

1032 2471 1128 2507 ziehen
1148 2472 1265 2507 müssen,
1286 2472 1336 2507 auf
1354 2472 1407 2502 alle
1428 2472 1509 2507 Fälle
1529 2474 1595 2503 aber
1615 2473 1700 2509 gleich
1718 2474 1785 2507 nach
1804 2475 1868 2503 dem

1031 2512 1073 2540 13.
1096 2512 1228 2547 Oktober,
1249 2513 1324 2541 denn
1347 2519 1384 2541 an
1407 2511 1510 2546 diesem
1531 2512 1594 2548 Tag
1616 2512 1678 2541 tritt
1699 2512 1745 2541 die
1766 2512 1868 2548 sozial¬

1031 2550 1242 2585 demokratische
1268 2549 1669 2586 Delegiertenversammlung
1695 2551 1869 2586 zusammen,

1033 2590 1082 2618 der
1107 2592 1140 2618 es
1167 2589 1387 2624 anheimgestellt
1414 2591 1532 2619 worden
1561 2590 1600 2625 ist,
1627 2590 1696 2619 über
1723 2590 1768 2619 die
1794 2590 1868 2625 Auf¬

1034 2628 1150 2666 stellung
1179 2629 1256 2657 einer
1283 2629 1401 2663 eigenen
1429 2628 1784 2659 Ständeratskandidatur
1812 2629 1870 2658 Be¬

1033 2666 1125 2701 schluß
1143 2674 1177 2702 zu
1198 2668 1294 2702 fassen.
1320 2667 1364 2698 Es
1383 2666 1458 2696 wird
1480 2668 1560 2701 heute
1579 2667 1657 2703 schon
1677 2667 1724 2697 als
1745 2667 1871 2703 ziemlich

1034 2705 1111 2740 sicher
1136 2713 1355 2742 angenommen,
1377 2706 1433 2741 daß
1457 2707 1505 2736 der
1526 2706 1869 2741 radikaldemokratlscho«

1033 2744 1218 2774 Kandidatur
1254 2745 1317 2774 eine
1344 2745 1646 2780 sozialdemokratische
1672 2746 1871 2780 Gegenkandi-

1034 2784 1120 2812 datur
1139 2783 1407 2819 gegenübergestellt
1428 2785 1542 2814 werden
1564 2784 1613 2818 soll
1636 2784 1666 2813 in
1687 2785 1736 2813 der
1757 2784 1869 2819 Person

1034 2826 1091 2851 von
1114 2822 1349 2857 Rcgierungsrat
1374 2822 1410 2851 G.
1435 2822 1528 2852 Wenk.
1565 2823 1655 2852 Uober
1689 2824 1742 2852 den
1766 2823 1869 2858 Erfolg

1033 2861 1112 2890 einer
1135 2861 1240 2896 solchen
1263 2861 1448 2891 Kandidatur
1469 2862 1544 2892 wird
1568 2870 1636 2891 man
1660 2862 1708 2897 sich
1729 2861 1871 2897 natürlich

1034 2899 1065 2929 in
1085 2901 1140 2929 den
1164 2900 1487 2935 sozialdemokratischen
1509 2900 1620 2934 Rethen
1645 2900 1798 2935 angesichts
1821 2903 1870 2930 der

1033 2945 1067 2972 zu
1104 2940 1303 2968 erwartenden
1350 2939 1529 2974 einmütigen
1567 2940 1781 2975 Unterstützung
1817 2940 1869 2969 Dr.

1033 2976 1222 3008 Thalmanns
1246 2978 1328 3012 durch
1350 2978 1394 3007 die
1420 2978 1613 3013 bürgerliche»
1637 2979 1777 3012 Parteien
1810 2979 1869 3008 und

1033 3015 1084 3044 des
1115 3016 1351 3051 Beiscitcstehens
1392 3018 1441 3045 der
1480 3017 1697 3052 Kommunisten
1738 3017 1868 3047 keinerlei

1032 3053 1199 3089 Illusionen
1224 3054 1372 3089 hingeben.
1406 3054 1462 3084 Die
1492 3055 1677 3085 Kandidatur
1700 3054 1786 3084 Wenk
1818 3055 1868 3089 soll

1034 3094 1081 3122 der
1104 3092 1208 3127 Partei
1234 3093 1361 3128 lediglich
1389 3093 1438 3122 als
1465 3093 1565 3123 Mittel
1591 3094 1703 3127 dienen,
1728 3093 1868 3129 möglichst

1032 3130 1105 3160 viele
1126 3130 1244 3165 Wähler
1265 3138 1302 3161 an
1324 3131 1369 3161 die
1389 3131 1489 3161 Urnen
1511 3139 1543 3167 zu
1566 3132 1696 3167 bringen.
1734 3133 1794 3162 Der
1815 3133 1868 3162 mit

1035 3169 1191 3205 Sicherheit
1230 3177 1263 3205 zu
1293 3172 1471 3200 erwartende
1510 3171 1699 3207 sozialistische
1730 3171 1869 3206 Ansturm

1034 3208 1128 3244 dürste
1150 3208 1197 3243 sich
1217 3209 1384 3244 vermutlich
1405 3210 1532 3245 weniger
1553 3218 1641 3246 gegen
1664 3212 1719 3239 das
1740 3210 1868 3245 Bürger¬

1033 3249 1097 3276 tum
1121 3247 1234 3282 richten,
1265 3248 1315 3277 als
1348 3249 1412 3277 dem
1446 3248 1577 3284 einzigen
1612 3249 1870 3284 kommunistischen

1035 3285 1162 3315 Mandat
1184 3286 1286 3321 gelten,
1316 3288 1370 3316 das
1391 3288 1446 3316 den
1467 3287 1647 3323 Anhängern
1669 3288 1816 3317 Moskaus
1836 3288 1870 3318 in

1034 3324 1204 3360 Anbetracht
1228 3326 1276 3355 der
1300 3326 1402 3355 immer
1424 3326 1574 3361 deutlicher
1600 3329 1698 3362 zutage
1722 3329 1870 3356 tretenden

1035 3363 1140 3394 innen,
1160 3364 1362 3400 Zerrissenheit
1391 3366 1450 3394 und
1479 3366 1530 3395 des
1553 3366 1623 3400 nicht
1653 3365 1804 3401 allgemein
1826 3373 1870 3401 ge¬

1033 3403 1157 3436 nehmen
1180 3403 1469 3438 Spitzenkandidaten
1492 3404 1582 3439 nichts
1604 3405 1731 3440 weniger
1756 3405 1803 3434 als
1826 3412 1871 3440 ge¬

1036 3441 1126 3476 sichert
1150 3449 1184 3477 zu
1210 3442 1268 3476 sein
1294 3442 1401 3477 scheint.
1435 3442 1515 3478 Trotz
1540 3443 1632 3479 diesen
1657 3443 1752 3479 wenig
1777 3450 1871 3473 ermu¬

1035 3480 1169 3515 tigenden
1195 3480 1360 3516 Aussichten
1386 3481 1416 3515 ist
1442 3482 1486 3511 die
1512 3481 1746 3517 kommunistische
1773 3482 1870 3517 Wahl-

1035 3521 1223 3556 Propaganda
1261 3520 1360 3555 bisher
1384 3520 1456 3555 flau,
1489 3521 1627 3555 während
1661 3521 1705 3551 die
1739 3523 1787 3551 der
1813 3522 1870 3551 So¬

1035 3558 1273 3593 zialdemokraten
1302 3559 1408 3588 bereits
1434 3560 1487 3589 mit
1511 3560 1599 3590 voller
1623 3560 1785 3595 Intensität
1811 3561 1871 3590 ein¬

1036 3597 1129 3633 gesetzt
1155 3598 1212 3632 hat.
1249 3598 1304 3627 Die
1342 3598 1544 3635 Wählerschaft
1580 3600 1655 3629 wird
1683 3600 1785 3629 Abend
1825 3600 1871 3634 für

1035 3637 1136 3666 Abend
1171 3637 1224 3666 mit
1259 3637 1423 3673 Vorträgen
1459 3639 1518 3667 und
1555 3638 1671 3674 Filmen
1706 3638 1871 3669 bearbeitet.

1035 3675 1100 3708 Und
1119 3676 1191 3711 nicht
1213 3683 1306 3712 genug
1327 3676 1427 3710 damit,
1448 3676 1525 3711 schon
1546 3678 1596 3713 aus
1616 3679 1678 3707 dein
1700 3677 1784 3713 Wege
1807 3684 1871 3713 zum

1035 3714 1357 3751 Bersammlungslokal
1379 3716 1513 3751 begegnet
1534 3717 1568 3752 sie
1588 3717 1639 3751 auf
1658 3716 1790 3751 Straßen
1811 3717 1871 3746 und

1034 3752 1162 3790 Plätzen,
1190 3754 1361 3788 nanicntlich
1389 3755 1437 3783 der
1463 3754 1725 3789 Außenquarticre,
1755 3755 1872 3791 Grüpp-

1034 3792 1097 3826 chcn
1120 3792 1224 3829 junger
1246 3793 1398 3828 Burschen,
1422 3794 1465 3822 die
1491 3794 1538 3823 als
1562 3794 1729 3830 Sprcchchor
1755 3794 1785 3824 in
1809 3795 1873 3830 auf¬

1036 3831 1205 3867 dringlicher
1234 3832 1324 3867 Weise
1348 3833 1402 3862 das
1427 3832 1572 3868 Eigenlob
1597 3835 1645 3863 der
1670 3833 1872 3868 Sozialdemo¬

1035 3870 1183 3906 kratischen
1202 3871 1306 3905 Partei
1325 3870 1495 3901 verkünden.
1513 3871 1579 3902 DaS
1598 3872 1779 3907 Bürgertum
1797 3873 1871 3902 wird

1893 433 1963 467 nicht
1984 435 2062 468 mehr
2084 435 2186 469 zögern
2208 435 2320 469 dürfen,
2342 434 2388 468 sich
2410 435 2475 469 auch
2496 435 2660 470 seinerseits
2683 441 2720 463 an

1894 470 1937 499 die
1960 472 2059 501 Arbeit
2085 479 2118 507 zu
2142 473 2260 508 machen.

1944 522 2038 557 Basel,
2057 524 2081 551 6.
2100 523 2161 552 Okt.
2185 532 2223 559 ag
2250 525 2304 552 Um
2322 524 2366 552 die
2385 524 2475 558 sieben
2495 523 2719 554 National-

1894 563 2180 592 ratsmandate
2201 565 2252 592 des
2275 564 2411 592 Kantons
2433 564 2593 599 Basclstadt
2615 564 2720 593 bewer¬

1895 600 1947 629 ben
1978 601 2023 635 sich
2050 603 2082 630 44
2111 602 2294 632 Kandidaten
2325 604 2375 637 auf
2404 604 2495 637 sieben
2525 604 2721 638 Parteiltsten.

1894 639 2075 670 Kandidaten
2095 641 2185 675 haben
2204 643 2359 677 ausgestellt
2378 643 2422 671 die
2441 643 2721 673 Radikal-demokra¬

1895 679 1972 713 tische
1989 680 2101 714 Partei,
2117 681 2161 710 die
2177 681 2307 711 Liberale
2324 682 2436 716 Partei,
2453 683 2497 711 die
2516 683 2644 718 Bürger-
2661 683 2721 711 und

1896 718 2136 754 Gcwerbcpartci,
2160 720 2204 749 die
2230 721 2429 756 Evangelische
2458 722 2651 757 Volkspartei,
2676 722 2721 751 die

1896 757 2209 794 Sozialdemokratische
2246 760 2357 794 Partei,
2392 761 2436 790 die
2473 761 2721 796 Kommunistische

1896 797 1997 830 Partei
2016 801 2074 827 und
2093 799 2136 827 die
2154 799 2327 833 Katholische
2346 800 2539 834 Vollspariei.
2565 801 2721 834 Sämtliche

1897 836 2062 872 bisherigen
2091 838 2182 872 sieben
2214 839 2324 868 Basler
2353 839 2558 869 Nationalräte
2587 841 2721 875 befinden

1898 876 1944 909 sich
1966 877 2122 906 wiederum
2145 885 2182 906 an
2204 879 2252 907 der
2275 878 2368 912 Spitze
2391 880 2439 908 der
2460 884 2517 907 von
2543 881 2624 914 ihren
2646 880 2722 913 Par-

1898 915 1971 944 teien
1992 917 2182 951 ausgestellten
2206 917 2305 952 Listen.

2031 990 2092 1019 Die
2116 991 2359 1025 Kommunisten
2379 991 2424 1020 im
2448 992 2585 1028 Aargau

1949 1051 2102 1087 Zofingen,
2122 1053 2147 1081 6.
2169 1053 2230 1082 Okt.
2261 1053 2296 1088 <$»
2326 1053 2400 1082 Eine
2424 1054 2650 1090 Ueberraschung
2675 1056 2725 1090 auf

1898 1090 1942 1119 die
1976 1091 2446 1126 Nattonalratswahlen
2480 1093 2530 1127 hin
2555 1095 2657 1123 bildete
2681 1095 2726 1123 die

1898 1128 2037 1164 Tatsache,
2057 1130 2111 1164 daß
2131 1137 2195 1165 zum
2217 1131 2366 1165 erstenmal
2388 1131 2452 1166 auch
2472 1131 2517 1162 die
2547 1134 2726 1162 Kommu¬

1899 1167 2021 1202 nisten
2055 1169 2084 1197 in
2107 1170 2159 1198 den
2183 1168 2363 1203 Wahlkampf
2386 1169 2533 1200 eintrcten.
2555 1171 2609 1201 Sie
2635 1172 2726 1206 haben

1900 1213 1947 1235 am
1963 1207 1987 1235 5.
2006 1207 2135 1240 Oktober,
2154 1209 2216 1236 dem
2234 1208 2459 1242 Schlußtermin,
2477 1209 2522 1238 bei
2540 1211 2587 1239 der
2606 1210 2728 1239 Staats-

1901 1244 2005 1280 kanzlci
2032 1246 2093 1274 eine
2121 1246 2364 1281 Kandidatenliste
2392 1247 2565 1283 eingerricht,
2594 1249 2637 1278 die
2668 1249 2728 1283 ihre

1899 1283 2035 1319 Zugkraft
2057 1284 2109 1313 mit
2129 1285 2243 1314 Namen
2263 1290 2321 1314 von
2344 1285 2384 1314 im
2404 1285 2524 1321 Aargau
2544 1288 2603 1316 und
2627 1287 2727 1320 außer-

1900 1322 1967 1355 halb
1989 1324 2039 1352 des
2062 1323 2197 1352 Kantons
2221 1324 2399 1358 wohnenden
2424 1325 2564 1359 Genossen
2589 1326 2727 1361 entfalten

1900 1360 1968 1389 will.
2005 1362 2179 1396 Insgesamt
2211 1362 2370 1397 figurieren
2400 1363 2472 1396 sechs
2503 1363 2625 1398 Namen,
2664 1371 2728 1399 zum

1900 1398 1965 1428 Teil
1983 1400 2142 1433 kumuliert,
2160 1401 2210 1434 auf
2229 1402 2278 1430 der
2295 1401 2373 1436 Liste.
2390 1401 2485 1435 Schon
2504 1402 2611 1432 einmal
2630 1407 2729 1432 waren

1901 1439 1933 1466 es
1956 1438 1995 1467 im
2019 1439 2139 1474 Aargau
2173 1439 2265 1473 fünf
2296 1439 2516 1473 Parteien,
2549 1441 2592 1470 die
2617 1441 2664 1476 sich
2690 1442 2729 1470 im

1901 1477 2006 1512 Kampf
2040 1484 2089 1506 um
2122 1477 2166 1507 die
2200 1478 2466 1513 Nationalratssitze
2491 1479 2536 1509 die
2562 1480 2653 1515 Gunst
2679 1482 2729 1509 des

1902 1515 2006 1544 Volkes
2029 1515 2131 1552 strittig
2154 1517 2286 1551 machten,
2312 1517 2359 1545 als
2382 1517 2449 1551 nach
2470 1519 2518 1547 der
2541 1518 2730 1554 Einführung

1902 1556 1952 1582 des
1972 1554 2138 1589 Proporzes
2159 1555 2203 1585 die
2223 1555 2422 1590 Evangelische
2444 1556 2628 1591 Volkspartci
2650 1557 2732 1586 eben¬

1903 1592 1971 1626 falls
1990 1593 2035 1627 ihr
2055 1593 2137 1623 Glück
2157 1594 2303 1628 versuchte.
2323 1594 2462 1625 Nachdem
2482 1595 2517 1628 ste
2537 1596 2669 1630 zweimal
2687 1596 2731 1626 die

1903 1631 2172 1666 Ausstchislostgkeit
2200 1632 2277 1666 ihrer
2305 1632 2571 1669 Wahlbeteiligung
2600 1635 2732 1669 erfahren

1903 1670 2029 1704 mußten,
2059 1671 2150 1704 haben
2179 1671 2223 1700 die
2255 1671 2346 1700 Leiter
2376 1672 2424 1701 der
2453 1672 2556 1705 Partei
2586 1674 2636 1708 aus
2671 1674 2732 1702 eine

1902 1708 2015 1738 weiter«
2040 1709 2225 1744 Verpuffung
2252 1711 2299 1739 der
2327 1709 2520 1746 bürgerlichen
2547 1712 2733 1744 Stimmkraft

1904 1747 2054 1782 verzichtet.
2074 1748 2148 1783 Jetzt
2169 1749 2228 1782 sind
2251 1751 2283 1778 es
2303 1749 2347 1778 die
2368 1748 2595 1786 Kommunisten,
2615 1752 2659 1780 die
2682 1752 2733 1780 mit

1904 1786 1969 1819 »och
1992 1786 2117 1821 weniger
2140 1787 2268 1820 Aussicht
2291 1788 2341 1820 aus
2365 1787 2446 1817 eine»
2470 1788 2607 1822 positiven
2630 1790 2733 1825 Erfolg

1905 1824 1951 1858 sich
1977 1832 2014 1854 an
2039 1826 2092 1855 den
2116 1825 2442 1860 Nationalratswahlen
2469 1827 2630 1864 beteiligen.
2674 1828 2734 1863 Ihr

1906 1863 1990 1898 Stoß,
2015 1865 2063 1893 der
2087 1864 2313 1898 voraussichtlich
2349 1865 2418 1899 nicht
2454 1866 2515 1900 sehr
2541 1867 2608 1896 weit
2635 1867 2664 1896 in
2690 1868 2735 1896 die

1905 1902 2015 1938 Reihen
2060 1904 2107 1932 der
2151 1903 2352 1938 Wählerschaft
2399 1904 2606 1941 hineinreichcn
2652 1906 2735 1940 wird,

1905 1940 1997 1974 richtet
2017 1941 2063 1976 sich
2082 1942 2112 1970 in
2132 1943 2180 1971 der
2199 1942 2365 1976 praktische»
2384 1943 2584 1979 Auswirkung
2614 1952 2735 1979 gegen

1905 1979 1949 2008 die
1979 1979 2403 2015 Sozialdemokraten.
2434 1982 2517 2017 Diese
2539 1984 2630 2016 haben
2653 1984 2735 2013 einen

1905 2018 2198 2054 Zweifrontenkamps
2216 2021 2421 2054 auszutragcn,
2439 2021 2487 2050 der
2509 2021 2597 2053 ihrem
2616 2022 2737 2058 Angriff

1906 2057 1955 2091 auf
1981 2059 2034 2086 den
2063 2057 2229 2093 bisherigen
2258 2058 2450 2093 bürgerlichen
2479 2059 2644 2093 Bcsivstand
2672 2069 2736 2096 zum

1907 2096 2060 2131 mindesten
2082 2096 2153 2131 nicht
2176 2097 2291 2131 fördern
2313 2097 2395 2127 wird.

2185 2179 2471 2241 Kantone

2260 2269 2388 2306 Zürich

1960 2321 2117 2354 Altstetten.
2138 2320 2246 2353 (Korr.)
2268 2321 2323 2350 Die
2344 2321 2393 2357 feit
2414 2321 2531 2356 Jahren
2554 2330 2587 2358 zu
2608 2322 2739 2357 verzcich-

1907 2357 1998 2385 neirde
2028 2350 2092 2390 rege
2127 2350 2418 2390 Bautätigteit
2456 2356 2486 2391 ist
2514 2357 2580 2392 nach
2606 2357 2661 2386 wie
2688 2361 2739 2386 vor

1908 2388 2018 2422 äußerst
2045 2389 2178 2423 intensiv;
2216 2389 2264 2418 bis
2292 2389 2479 2424 Jahresende
2514 2395 2627 2421 werden
2664 2392 2739 2421 rund

1907 2423 1958 2451 800
1979 2429 2051 2452 neue
2075 2422 2267 2458 Wohnungen
2291 2423 2440 2458 beziehbar
2462 2424 2530 2459 sein,
2553 2426 2602 2460 fast
2625 2425 2739 2459 doppelt

1908 2457 1936 2498 so
1954 2457 2011 2486 viel
2028 2457 2083 2486 wie
2103 2457 2144 2486 im
2161 2462 2362 2493 vergangenen
2379 2458 2469 2493 Jahr,
2489 2463 2542 2489 das
2562 2461 2614 2489 mit
2630 2461 2681 2489 255
2699 2468 2740 2489 er¬

1909 2488 2012 2525 stellten
2033 2491 2227 2526 Wohnungen
2250 2492 2356 2521 bereits
2377 2500 2439 2522 crne
2463 2494 2656 2529 Rckordziffer
2677 2495 2740 2528 auf-

1908 2525 1991 2554 wics.
2012 2525 2079 2555 Von
2101 2525 2195 2560 diesen
2216 2526 2267 2555 500
2288 2526 2481 2562 Wohnungen
2501 2533 2600 2558 waren
2622 2530 2671 2557 164
2694 2536 2740 2557 am

1909 2560 1931 2588 1.
1958 2560 2029 2594 Juli
2058 2560 2165 2590 bereits
2192 2561 2398 2594 bezuaöbcrcit,
2424 2564 2448 2590 d.
2461 2554 2485 2596 h.
2511 2563 2570 2596 18,2
2595 2566 2647 2597 pro
2674 2563 2741 2591 1000

1909 2593 2096 2636 Einwohner,
2114 2590 2246 2629 wodurch
2263 2590 2413 2630 Altstetten
2436 2596 2465 2625 in
2485 2597 2533 2626 der
2553 2597 2740 2632 Wohnunas-

1910 2624 2077 2668 baustatlstik
2096 2628 2165 2658 aller
2185 2629 2415 2664 schweizcrischcn
2436 2630 2614 2661 Gemeinden
2635 2639 2672 2661 an
2693 2638 2740 2661 ver

1910 2663 2027 2696 zweiten
2057 2662 2148 2692 Stelle
2177 2663 2251 2697 steht.
2298 2664 2357 2693 Mit
2394 2667 2442 2694 der
2481 2665 2527 2699 sich
2565 2667 2740 2701 ergebenden

1907 2697 2109 2731 Jahresguote
2131 2702 2188 2727 von
2210 2700 2286 2727 rund
2304 2699 2340 2726 45
2361 2705 2453 2728 neuen
2475 2694 2667 2735 Wohnungen
2691 2700 2740 2734 aus

1909 2732 1933 2764 je
1954 2732 2022 2760 1000
2040 2731 2220 2765 Einwohner
2239 2733 2333 2766 dürste
2352 2733 2501 2766 Altstetten
2524 2742 2561 2763 an
2582 2735 2626 2763 die
2646 2735 2739 2768 Spitze

1909 2772 1943 2798 zu
1964 2766 2053 2800 stehen
2075 2766 2209 2795 kommen.
2229 2766 2276 2796 Da
2299 2767 2342 2796 die
2363 2774 2454 2796 neuen
2477 2767 2669 2802 Wohnungen
2692 2776 2741 2797 an¬

1910 2800 2039 2829 dauernd
2066 2800 2176 2835 glatten
2203 2800 2300 2835 Absatz
2331 2800 2439 2835 finden,
2476 2802 2506 2836 ist
2544 2803 2663 2837 parallel
2692 2809 2742 2837 zur

1909 2834 2110 2869 Vermehrung
2129 2835 2177 2864 der
2195 2834 2271 2874 Zahl
2291 2840 2338 2864 der
2359 2834 2552 2874 Wohnungen
2572 2837 2616 2867 die
2645 2837 2741 2867 Ein-

1909 2868 2172 2902 wohnerzahl
2202 2867 2243 2897 im
2266 2868 2394 2903 Wachse»
2418 2864 2567 2910 begriffen.
2589 2871 2645 2900 Die
2667 2870 2742 2906 Zahl

1909 2907 1966 2932 von
1996 2904 2090 2931 10000
2119 2902 2319 2937 Einwohnern
2358 2904 2387 2938 ist
2432 2906 2599 2938 annähernd
2630 2901 2742 2940 erreicht

1911 2938 1969 2966 und
1996 2937 2070 2966 wird
2098 2938 2141 2967 bei
2165 2938 2353 2972 Jahresende
2380 2939 2516 2972 erheblich
2542 2940 2741 2974 überschritten

1911 2970 1977 3004 sein.
2020 2971 2179 3005 Altstetten,
2204 2972 2257 3001 das
2283 2972 2425 3005 anläßlich
2451 2975 2498 3002 der
2524 2974 2741 3009 Volkszählung

1909 3010 1974 3034 vom
1998 3006 2022 3034 1.
2046 3006 2201 3040 Dezember
2224 3006 2292 3035 1930
2313 3007 2363 3040 erst
2389 3007 2433 3036 die
2458 3007 2661 3043 sicbcntgrößtc
2685 3008 2741 3036 Ge¬

1910 3039 2020 3068 meinde
2042 3040 2093 3069 des
2118 3040 2253 3069 Kantons
2276 3044 2346 3072 war.
2371 3041 2418 3072 hat
2442 3048 2502 3070 nun
2526 3042 2650 3077 Horgen,
2675 3042 2741 3071 Wä-

1910 3073 2036 3103 denswil
2065 3076 2124 3103 und
2154 3074 2230 3108 llstcr
2258 3074 2432 3109 überflügelt
2462 3080 2521 3106 und
2552 3077 2620 3105 rückt
2650 3077 2741 3105 damit

1908 3113 1945 3136 an
1967 3107 2011 3136 die
2031 3107 2120 3136 vierte
2140 3107 2240 3141 Stelle,
2262 3108 2452 3138 unmittelbar
2470 3110 2540 3144 nach
2561 3110 2705 3141 Ocrlikon.

1960 3154 2152 3189 Winterthur,
2184 3155 2208 3186 6.
2241 3155 2302 3185 Okt.
2343 3156 2376 3189 □
2420 3156 2478 3187 Der
2512 3157 2644 3192 Große
2677 3157 2704 3187 G
2716 3165 2742 3187 e-

1910 3189 2137 3219 »icinderat
2158 3189 2206 3224 hat
2228 3190 2333 3224 gestern
2355 3190 2423 3224 nach
2443 3191 2522 3221 einer
2543 3192 2664 3226 länger»
2686 3192 2741 3221 De¬

1910 3224 1985 3254 batte
2005 3224 2058 3252 den
2076 3223 2190 3259 Antrag
2210 3225 2261 3253 des
2281 3224 2452 3254 Stadtrates
2473 3226 2524 3260 aus
2545 3226 2741 3261 Ausrichtung

1909 3257 1988 3292 einer
2012 3257 2038 3292 H
2047 3264 2061 3287 r
2070 3265 2086 3287 r
2096 3258 2114 3287 b
2123 3258 2144 3292 st
2155 3265 2168 3293 z
2178 3265 2198 3287 u
2208 3258 2219 3287 l
2230 3266 2246 3287 a
2257 3266 2274 3293 g
2285 3266 2299 3287 e
2333 3259 2372 3288 an
2404 3259 2673 3296 Arbeitslose
2711 3261 2742 3289 in

1909 3291 1987 3320 einer
2027 3292 2178 3327 ergänzten
2220 3292 2545 3330 Kommissionssassung
2587 3303 2742 3330 angenom¬

1911 3333 1983 3355 men.
2019 3326 2081 3361 Für
2110 3327 2153 3356 die
2179 3327 2402 3363 Durchjührung
2430 3330 2478 3358 der
2506 3329 2609 3359 Aktion
2639 3330 2668 3364 ist
2696 3329 2742 3359 ein

1887 3379 1890 3400 i
1910 3360 2008 3390 Kredit
2034 3366 2090 3390 von
2114 3361 2147 3389 70
2157 3362 2208 3390 000
2233 3361 2281 3395 Fr.
2305 3362 2395 3397 nötig.
2438 3363 2485 3397 In
2509 3364 2602 3394 einem
2628 3365 2743 3400 luzidcn

1886 3390 1891 3428 I
1910 3395 2028 3428 Referat
2064 3395 2236 3427 begründete
2270 3396 2504 3430 Stadtpräfldent
2532 3399 2583 3429 Dr.
2614 3398 2742 3428 Widincr

1911 3430 1963 3459 den
1991 3430 2183 3464 behördlichen
2210 3430 2323 3466 Antrag
2350 3433 2408 3460 und
2434 3433 2598 3466 appellierte
2625 3441 2662 3462 an
2688 3435 2742 3462 das

1911 3463 2020 3497 Gefühl
2053 3464 2101 3493 der
2136 3464 2492 3500 Zusammengehörigkeit.
2538 3467 2600 3497 Wir
2636 3467 2742 3502 müssen

1912 3497 1963 3527 mit
1985 3498 2054 3528 aller
2077 3494 2169 3532 Macht
2193 3506 2279 3534 gegen
2302 3500 2356 3529 das
2379 3500 2552 3533 Mißtrauen
2576 3504 2634 3531 und
2656 3509 2742 3537 gegen

1910 3531 1955 3561 die
1976 3532 2175 3572 Kopflosigkeit
2195 3538 2245 3562 der
2266 3533 2466 3569 Bevölkerung
2491 3537 2660 3571 ankäinpfcn
2684 3538 2743 3566 und

1911 3566 1955 3596 die
2001 3562 2245 3602 Arbeitslosigkeit
2293 3569 2376 3600 durch
2421 3569 2638 3604 Bereitstellung
2686 3575 2743 3600 von

1910 3601 2012 3630 Arbeit
2045 3601 2169 3631 lindern.
2211 3601 2434 3632 Vanamtmann
2469 3604 2573 3639 Messer
2607 3605 2743 3640 skizzierte

1911 3637 1965 3664 das
1985 3635 2163 3670 Programm
2184 3636 2231 3678 für
2251 3637 2295 3667 die
2315 3636 2340 3666 N
2354 3645 2368 3666 o
2381 3640 2389 3666 t
2402 3638 2420 3672 st
2432 3645 2448 3667 a
2459 3645 2477 3667 n
2489 3640 2506 3668 d
2518 3641 2534 3668 s
2546 3647 2561 3668 a
2574 3647 2586 3669 r
2599 3640 2614 3668 b
2627 3647 2639 3668 e
2652 3640 2660 3669 i
2672 3642 2680 3669 t
2692 3646 2705 3669 e
2715 3647 2744 3673 n,

1908 3672 2059 3699 worunter
2099 3671 2143 3699 die
2186 3670 2552 3706 Vorbereitnngsarbcitcn
2602 3674 2647 3708 für
2690 3674 2743 3703 de»

1910 3703 2192 3740 StadthauSumbau
2227 3708 2286 3735 und
2322 3706 2366 3736 die
2394 3706 2743 3741 Mnsemnrenovationen

1911 3739 1997 3771 sowie
2021 3739 2159 3768 Arbeiten
2187 3747 2224 3769 an
2249 3740 2458 3774 verschiedenen
2484 3741 2663 3777 össentlichcn
2688 3743 2736 3772 Ge>

1970 3762 2235 3782 ---
2301 3762 2311 3782 1
2337 3774 2355 3782 •'
2424 3774 2446 3782 “
2500 3775 2663 3807 .Marionen

1911 3772 2032 3806 bänden.
2051 3773 2404 3809 Straßenbcchnarbeitc»,
2423 3774 2663 3812 Kanalisationen
2684 3777 2743 3806 und

2140 3814 2166 3843 I»
2189 3815 2302 3838 nennen
2327 3809 2395 3844 sind.
2436 3810 2481 3844 In
2505 3812 2553 3841 der
2576 3811 2743 3846 Diskussion

1910 3843 2010 3871 wurde
2043 3843 2088 3872 die
2115 3841 2341 3878 Notwendigkeit
2376 3845 2423 3873 der
2450 3844 2669 3885 Beschäftigung

1910 3876 2108 3911 Baugewerbe
2131 3878 2236 3911 betont,
2256 3878 2324 3907 aber
2344 3885 2431 3913 gegen
2453 3879 2507 3908 das
2528 3875 2674 3914 Eiltempo

2761 433 2878 462 Bauten
2900 431 3063 466 gesprochen
3086 430 3146 458 und
3171 429 3249 457 einer
3273 427 3410 460 Senkung
3433 427 3480 454 der
3503 426 3590 454 Miet-

2771 470 2790 544 g
2790 467 2850 501 reife
2878 467 2932 495 das
2959 464 3040 493 Wort
3076 464 3194 498 geredet.
3237 462 3282 490 Es
3317 461 3437 489 wurden
3464 459 3591 488 Wärme¬

2790 501 2859 529 rben
2877 499 3063 533 befürwortet
3081 498 3140 526 und
3160 496 3226 529 auch
3244 495 3382 529 zugcsagt.
3402 494 3468 522 Von
3487 493 3537 522 Dr.
3556 494 3592 522 O.

2763 534 2870 567 sulzer
2896 534 2996 562 wurde
3023 532 3067 560 die
3094 530 3206 565 heutige
3232 528 3389 559 Situation
3417 527 3464 555 als
3492 528 3592 561 ernster

2763 568 2914 603 bezeichnet
2940 568 3014 595 denn
3039 566 3084 594 die
3110 564 3190 598 Krise
3215 569 3271 592 von
3296 562 3418 595 1922/23.
3460 561 3513 591 Die
3539 562 3593 590 Ge-

2763 602 2938 631 meinderäte
2972 599 3241 633 verzichteten
3275 595 3437 630 prinzipiell
3464 595 3513 627 auf
3540 597 3593 624 das

2762 634 3056 671 Sitzungsgeld
3082 632 3236 668 zugunsten
3261 632 3310 659 der
3335 629 3543 662 Arbeitslosen.

3133 703 3234 734 Bern

2823 763 2899 796 Biel,
2920 762 2945 790 5.
2966 761 3026 791 Okt.
3049 759 3104 789 53
3125 759 3216 787 Unter
3237 759 3300 786 dein
3322 755 3425 789 Vorsitz
3446 759 3503 783 von
3524 755 3598 790 Ing.

2765 798 2874 826 Müller
2902 795 3058 829 (Aarbcrg)
3084 792 3305 827 versammelten
3340 790 3387 824 sich
3421 789 3465 823 die
3500 789 3600 823 frei,

2763 831 2956 865 sinnigen
2978 826 3428 858 Gewerbetreibenden
3450 825 3501 853 des
3524 823 3600 852 Kan¬

2764 868 2833 894 tons
2861 865 2941 894 Bern
2977 871 3024 892 am
3050 864 3073 893 4.
3100 861 3225 891 Oktober
3251 867 3284 893 zu
3311 859 3390 887 einer
3416 857 3541 892 Tagung
3570 858 3599 885 in

2764 900 2840 929 Biel.
2882 898 2981 932 Dieser
3014 896 3100 926 dritte
3135 894 3300 933 freisinnige
3325 892 3514 925 Gcwerbelag
3539 897 3601 920 war

2765 933 2899 968 zahlreich
2921 931 3035 965 besucht.
3056 931 3109 960 Dr.
3131 929 3293 963 Cagianut.
3313 926 3528 960 Vizepräsident
3550 928 3600 954 des

2764 967 3011 1003 Schweizerischen
3049 963 3364 993 Gewerbeverbandes,
3402 960 3494 993 sprach
3533 960 3601 987 über

2765 1001 2945 1036 gewerbliche
2974 999 3132 1033 Probleme
3161 998 3210 1026 der
3238 996 3424 1031 Gegenwart.
3472 994 3603 1027 Grogrot

2765 1035 2842 1065 Suri
2865 1038 2921 1064 aus
2944 1035 3012 1064 Biel
3033 1034 3089 1068 gab
3112 1033 3197 1061 einen
3219 1029 3420 1065 sachkundigen
3445 1028 3603 1056 Ueberblick

2766 1071 2835 1099 über
2877 1069 2921 1098 die
2963 1068 3125 1097 kommende
3168 1065 3305 1097 Revision
3349 1064 3400 1092 des
3444 1062 3603 1094 bernischcn

2766 1103 3126 1142 Warenhandelsgcsetzes.
3174 1098 3379 1133 Anschließend
3428 1098 3486 1124 trat
3532 1096 3604 1130 Herr

2766 1138 2879 1166 Nicolet
2927 1137 3081 1171 Präsident
3109 1137 3160 1163 des
3190 1131 3497 1163 Gewerbeverbandes
3527 1128 3604 1163 Biel,

2768 1172 2814 1205 sür
2834 1162 3130 1205 die'Entschädigung
3152 1170 3201 1197 der
3222 1166 3444 1198 Arbeitnehmer
3466 1164 3604 1197 während

2767 1209 2818 1235 des
2850 1205 3094 1241 Militärdienstes
3127 1204 3182 1235 ein,
3221 1202 3282 1230 und
3321 1199 3451 1232 Großrat
3490 1199 3603 1227 Nenen-

2768 1240 2924 1273 schwander
2945 1239 3109 1273 appellierte
3130 1244 3168 1265 an
3189 1236 3235 1265 die
3259 1234 3445 1270 freisinnigen
3468 1232 3604 1261 Gcwerb-

2767 1275 2807 1302 ler
2831 1274 2983 1309 zugunsten
3006 1272 3055 1302 der
3075 1268 3524 1301 Altersversicherung.
3548 1267 3604 1296 Die

2769 1307 2933 1341 Diskussion
2958 1307 3074 1343 gipfelte
3099 1306 3130 1334 in
3154 1305 3248 1333 einem
3273 1302 3384 1336 Ausruf
3412 1302 3463 1330 des
3487 1300 3604 1334 Partei-

2768 1342 2954 1376 Präsidenten,
2979 1341 3108 1374 Eirotzrat
3134 1339 3264 1373 Schürch,
3288 1339 3337 1366 der
3362 1338 3425 1365 dem
3450 1335 3604 1364 Gedanken

2769 1376 2912 1405 Ausdruck
2939 1376 3002 1410 gab.
3036 1375 3091 1408 daß
3129 1376 3160 1402 es
3190 1372 3237 1407 stch
3265 1371 3308 1400 bei
3337 1372 3391 1400 den
3419 1370 3603 1398 kommenden

2769 1407 3243 1441 Nationalratswahlen
3289 1413 3339 1434 um
3376 1404 3460 1433 einen
3498 1403 3604 1436 Kampf

2771 1443 2899 1478 zwischen
2948 1443 3016 1478 zwei
3066 1441 3372 1475 Weltanschaunngen,
3422 1445 3471 1467 um
3520 1439 3604 1467 einen

2770 1478 2874 1511 Kamps
2898 1479 2945 1506 der
2971 1476 3162 1511 bürgerlichen
3188 1474 3329 1509 Parteien
3354 1479 3442 1508 gegen
3467 1474 3519 1501 den
3544 1472 3604 1500 An-

2771 1512 2857 1546 sturm
2875 1515 2932 1540 von
2953 1511 3037 1544 links,
3059 1511 3171 1544 handle.

3119 1581 3253 1617 Luzern

2830 1633 2955 1671 Lnzern,
2975 1634 3002 1664 5.
3022 1633 3087 1665 Ott.
3107 1642 3129 1665 v
3148 1632 3210 1663 Der
3232 1628 3514 1669 außerordentliche
3535 1630 3603 1660 kan¬

2773 1674 2875 1704 tonale
2897 1672 3023 1710 liberale
3042 1671 3281 1710 Parteitag
3303 1671 3383 1702 wird
3404 1677 3454 1701 am
3479 1669 3523 1700 11.
3548 1668 3603 1699 Ok¬

2772 1713 2857 1744 tober
2880 1712 2912 1744 in
2933 1713 3153 1750 Triengen
3184 1711 3374 1749 abgehalten.
3418 1709 3475 1740 Bei
3508 1708 3603 1746 dieser

2773 1752 2903 1790 Tagung
2919 1751 2998 1784 wird
3016 1752 3111 1783 neben
3130 1752 3180 1782 der
3199 1750 3404 1788 Behandlung
3423 1749 3473 1780 der
3492 1748 3603 1780 Natio¬

2774 1791 3020 1829 nalratswahlen
3041 1792 3102 1823 und
3125 1792 3175 1822 der
3197 1790 3403 1828 Besprechung
3426 1788 3476 1819 der
3498 1787 3603 1826 politi¬

2774 1832 2854 1869 schen
2875 1830 3043 1863 Situation
3065 1830 3211 1868 Stellung
3237 1830 3289 1867 zur
3314 1829 3491 1861 Alters-
3523 1828 3604 1858 und

2773 1868 3449 1909 Hinterlasfenenverficherung
3482 1873 3604 1905 genom¬

2774 1917 2852 1941 men.
2872 1911 2935 1942 Der
2959 1911 3082 1942 Kanton
3104 1909 3222 1947 Lilzern
3244 1908 3296 1947 soll
3319 1915 3368 1939 am
3390 1908 3417 1938 6.
3440 1907 3604 1944 Dezember

2775 1953 2832 1982 das
2847 1949 2943 1989 Gesetz
2958 1949 3013 1981 mit
3029 1949 3132 1986 Wucht
3147 1949 3325 1986 annehmen.
3347 1946 3406 1978 Die
3422 1945 3605 1985 Stimmung

2777 1990 2818 2020 im
2831 1990 2922 2021 Volke
2939 1989 3037 2027 dürfte
3054 1991 3119 2021 dem
3133 1988 3228 2027 Gesetz
3244 1987 3286 2018 im
3301 1986 3501 2024 allgemeinen
3517 1986 3605 2025 ziem¬

2777 2029 2828 2067 lich
2851 2029 2967 2067 günstig
2988 2029 3062 2068 sein.
3092 2028 3140 2066 In
3163 2029 3219 2059 den
3240 2027 3443 2065 industriellen
3464 2025 3605 2057 Gemein¬

2777 2070 2832 2100 den
2853 2070 2914 2108 sind
2934 2069 3016 2107 wohl
3037 2067 3138 2106 wenig
3159 2066 3279 2105 Gegner
3302 2067 3354 2097 des
3375 2066 3507 2103 Gesetzes
3537 2070 3605 2096 vor¬

2777 2109 2905 2147 handen,
2920 2110 2981 2141 und
2997 2108 3050 2146 auf
3066 2109 3116 2140 der
3130 2106 3306 2145 Landschaft
3324 2105 3431 2143 dürfen
3449 2107 3504 2136 das
3520 2106 3606 2137 land-

2775 2147 3012 2187 wirtschaftlick-e
3027 2147 3179 2186 Personal
3199 2149 3261 2180 und
3279 2147 3329 2177 der
3347 2145 3533 2177 Kleinbauer
3551 2143 3606 2176 mit

2776 2188 2873 2226 seiner
2898 2188 3033 2226 Familie
3058 2190 3118 2218 von
3144 2188 3194 2219 der
3217 2186 3355 2223 Vorlage
3381 2184 3428 2223 für
3453 2184 3499 2216 die
3523 2185 3607 2222 Tag«

2778 2230 2831 2260 des
2850 2229 2955 2260 Alters
2970 2227 3039 2258 eine
3058 2226 3140 2265 Hilfe
3155 2228 3321 2261 erwarten,
3339 2225 3385 2256 die
3404 2224 3436 2255 in
3453 2223 3608 2262 «infaclien

2778 2267 2947 2306 ländlichen
2963 2266 3193 2305 Verhältnissen
3210 2266 3262 2296 ins
3279 2264 3414 2301 Gewicht
3432 2263 3505 2300 fällt.

2835 2317 2883 2348 An
2908 2316 2958 2348 der
2983 2313 3323 2354 konservativen
3346 2312 3608 2350 Delegiertenver-

2777 2356 2947 2394 sammlung
2967 2354 3016 2394 für
3035 2353 3081 2386 die
3100 2351 3609 2386 NationalraiSwablen

2780 2396 2811 2435 ist
2832 2400 2892 2428 von
2914 2395 3118 2427 Nationalrat
3142 2393 3279 2431 Walther
3303 2394 3353 2425 der
3377 2392 3475 2424 Name
3498 2385 3609 2423 Gottes

2779 2435 2811 2467 in
2834 2437 2889 2468 den
2910 2435 3131 2472 Vordergrund
3155 2432 3262 2472 gerückt
3284 2433 3419 2463 worden.
3441 2431 3486 2462 Es
3509 2431 3610 2468 dürfte

2778 2475 2891 2512 endlich
2909 2474 2978 2513 Zeit
2996 2475 3069 2513 fein,
3088 2474 3144 2505 mit
3162 2472 3273 2511 diesem
3289 2472 3391 2510 Unfug
3412 2471 3610 2509 aufzuhören.

2778 2515 2836 2553 Im
2855 2515 3022 2552 „Luzerner
3041 2512 3207 2552 Tagblatt"
3228 2510 3351 2551 schreibt
3368 2512 3445 2549 dazu
3464 2509 3513 2542 ein
3530 2510 3610 2542 Bür¬

2779 2562 2830 2593 ger
2852 2555 2997 2593 treffend:
3025 2552 3206 2592 „Zweierlei
3230 2552 3282 2590 hat
3305 2555 3368 2582 uns
3391 2558 3431 2582 an
3455 2551 3505 2582 der
3528 2550 3611 2581 Rede

2779 2597 2833 2626 des
2857 2595 2955 2633 Herrn
2978 2594 3103 2637 Nestors
3130 2593 3195 2630 (der
3219 2592 3462 2630 Konservativen
3485 2589 3609 2628 Partei)

2779 2635 2966 2673 geschmerzt:
2995 2631 3130 2669 Einmal,
3154 2631 3212 2669 daß
3235 2639 3268 2663 er
3293 2632 3335 2663 im
3358 2629 3487 2668 gleiä)en
3511 2630 3611 2662 Atem¬

2779 2681 2861 2712 zug«,
2877 2677 2925 2705 wo
2939 2677 2975 2705 «S
2991 2673 3041 2712 sich
3059 2672 3107 2710 für
3126 2672 3179 2710 ihn
3195 2678 3256 2703 nur
3273 2672 3381 2703 danim
3397 2669 3547 2708 handelte,
3563 2669 3612 2701 die

2778 2713 2930 2757 politiM
2947 2712 3150 2752 Leidenschaft
3169 2719 3236 2747 zum
3256 2710 3459 2747 Ueberlaufen
3476 2716 3511 2746 zu
3527 2709 3612 2740 drin-

2779 2760 2845 2791 gen,
2863 2753 2911 2792 sich
2932 2753 2985 2791 auf
3002 2752 3078 2786 Gott
3115 2748 3210 2789 berief
3247 2750 3309 2781 und
3347 2748 3522 2787 ungeachtet
3560 2750 3612 2780 der

2777 2793 2891 2831 Lehren
2903 2796 2956 2827 der
2970 2791 3142 2831 Geschichte,
3157 2789 3339 2826 namentlich
3352 2790 3422 2826 auch
3437 2788 3613 2827 derjenigen

2779 2833 2925 2871 Luzerns,
2942 2831 3018 2869 nicht
3036 2833 3133 2864 daran
3153 2830 3260 2867 dachte,
3275 2831 3343 2862 «ine
3360 2829 3417 2861 wie
3435 2828 3511 2860 Gott
3527 2829 3613 2860 kaum

2781 2872 3004 2911 wohlgefällige
3039 2870 3137 2908 Sache
3174 2869 3220 2902 die
3259 2868 3531 2906 Volksverhctzung
3571 2868 3613 2906 ist.

2779 2912 2860 2951 Zum
2878 2914 3004 2948 andern,
3025 2911 3082 2949 daß
3103 2911 3148 2949 ihr
3165 2910 3262 2942 Vater
3282 2908 3328 2941 die
3347 2908 3613 2947 Jubiläumsfeier

2782 2952 3038 2991 (Zentenarfeier)
3058 2958 3122 2982 nun
3137 2950 3221 2987 wohl
3235 2948 3396 2987 endgültig
3412 2947 3548 2985 begräbt.
3566 2948 3613 2980 ES

2781 2992 2850 3031 geht
2870 2991 2947 3029 nicht
2968 2998 3018 3027 an.
3038 2990 3122 3030 selbst
3141 2989 3219 3023 nicht
3239 2992 3329 3021 unter
3350 2987 3532 3026 Politikern,
3554 2987 3613 3025 daß

2781 3039 2851 3063 man
2874 3032 2924 3070 sich
2950 3032 3037 3070 heute
3061 3029 3254 3067 Gemeinheit
3282 3036 3320 3060 an
3346 3029 3401 3060 den
3426 3027 3506 3065 Kopf
3528 3028 3615 3065 wirft

2780 3073 2840 3103 und
2866 3078 2991 3109 morgen
3018 3069 3231 3109 fraternisiert.
3274 3069 3344 3100 Das
3370 3066 3517 3100 verbietet
3541 3062 3614 3105 auch

2778 3112 2829 3143 der
2849 3110 2914 3149 Ruf
2949 3112 3001 3143 der
3017 3110 3167 3147 Luzerner
3205 3109 3252 3140 bei
3293 3109 3349 3139 den
3387 3109 3504 3139 andern
3540 3107 3612 3139 Eid-

2779 3151 2926 3190 genossen,
2946 3150 2993 3182 die
3011 3149 3087 3189 sonst
3106 3148 3191 3186 leicht
3210 3149 3265 3189 auf
3283 3148 3339 3180 den
3357 3146 3519 3178 Gedanken
3537 3147 3614 3178 kom¬

2779 3197 2848 3222 men
2871 3191 3009 3226 könnten,
3037 3190 3093 3221 den
3120 3189 3170 3221 der
3195 3188 3390 3220 Volksmund
3415 3186 3447 3218 in
3474 3187 3540 3218 dem
3565 3187 3614 3218 be¬

2780 3231 2907 3262 kannten
2927 3229 3120 3267 Sprichwort
3139 3231 3210 3259 vom
3229 3227 3383 3265 Schlagen
3403 3227 3466 3258 und
3487 3226 3614 3258 Vertra-

2781 3277 2836 3309 gen
2856 3269 3057 3309 formuliert."

3094 3321 3294 3358 Basclstadt

2834 3375 2930 3409 Basel,
2947 3375 2971 3403 6.
2988 3374 3049 3404 Okt.
3074 3381 3113 3409 ag
3137 3373 3197 3403 Der
3215 3372 3451 3407 Regiermrgsrat
3469 3372 3520 3400 des
3538 3371 3616 3400 Kan-

2784 3413 2853 3440 tons
2877 3411 3037 3445 Baselstadt
3061 3410 3109 3444 hat
3136 3408 3307 3443 beschlossen,
3332 3408 3371 3436 im
3398 3407 3543 3442 Interesse
3567 3407 3617 3436 der

2783 3446 2961 3480 vermehrten
2990 3439 3272 3479 Verkehrssicherheit
3303 3442 3353 3478 zur
3380 3442 3616 3477 Erstellung

2783 3488 2840 3511 von
2865 3481 3021 3517 besonder»
3046 3481 3378 3516 Fahrradwegen
3401 3478 3451 3511 aus
3475 3479 3538 3507 dem
3561 3478 3618 3507 Ge¬

2784 3518 2856 3546 biete
2880 3518 2930 3547 des
2957 3517 3093 3546 Kantons
3117 3516 3277 3551 Baselstadt
3301 3513 3508 3549 uberzugehen.
3541 3513 3615 3543 Eine

2783 3553 2910 3588 Vorlage
2928 3553 2958 3582 in
2976 3553 3079 3587 diesem
3095 3551 3193 3581 Sinne
3210 3551 3241 3585 ist
3258 3551 3408 3587 zuhanden
3425 3552 3476 3578 des
3496 3549 3615 3583 Großen

2784 3589 2877 3618 Rates
2899 3588 3114 3623 ansgearbeitct
3134 3588 3263 3617 worden.

3155 3651 3251 3687 Genf

2823 3703 3071 3742 Demission
3096 3705 3177 3734 von
3200 3701 3442 3733 Staatsrat
3468 3699 3577 3738 Naef

2839 3756 2929 3794 Genf,
2954 3756 2981 3787 6.
3006 3755 3069 3788 Okt.
3095 3769 3133 3793 ag
3157 3754 3205 3793 In
3230 3754 3325 3793 feiner
3351 3752 3616 3792 Dicnstagsttzung

2782 3796 2833 3833 hat
2868 3796 2918 3828 der
2943 3796 3187 3828 Staatsrat
3225 3794 3272 3826 die
3298 3793 3466 3831 Demission
3493 3793 3616 3825 Martin

2704 3853 2743 3875 „„
2759 3851 2762 3879 |
2781 3835 2879 3874 Nacfs
2906 3835 2957 3866 als
2986 3835 3153 3867 Staatsrat
3182 3839 3500 3871 angenommen.
3538 3832 3617 3871 Naef

2759 3865 2762 3895 I
2781 3874 2850 3895 Irll*
2871 3878 2931 3895 Ai»a
3350 3870 3448 3895 mrflif

399 4014 555 4059 meine
584 4015 772 4067 Chronik

222 4094 627 4128 Gesellschaftsjubiläum.
672 4094 728 4124 Die
761 4094 844 4129 Feier
872 4095 923 4123 des
952 4093 997 4122 78-

167 4133 297 4169 jährigen
320 4134 503 4173 Jubiläums
528 4134 576 4164 der
600 4134 999 4170 Natursorschenden

166 4172 432 4208 Gesellschaft
457 4172 611 4209 Luzern
653 4178 715 4203 war
750 4173 802 4203 mit
837 4173 914 4207 ihrer
948 4173 999 4208 auf

166 4211 294 4248 Fürigen
332 4212 377 4241 bei
406 4211 565 4247 Stansstad
613 4212 819 4249 abgehaltcnen
858 4211 999 4241 General¬

164 4251 379 4287 versammlung
401 4252 578 4281 verbunden.
612 4252 667 4282 Sie
699 4253 798 4281 wurde
832 4251 886 4280 mit
919 4251 998 4280 einer

163 4289 320 4324 Ansprache
347 4291 398 4320 des
424 4289 614 4325 Präsidenten
640 4290 724 4326 Prof.
750 4288 802 4319 Dr.
828 4288 997 4325 Theiler

164 4328 295 4365 eröffnet,
320 4331 368 4359 der
391 4337 430 4360 an
452 4329 498 4359 die
524 4330 592 4359 1855
618 4330 648 4359 in
674 4336 772 4364 engem
797 4328 931 4364 Rahmen
957 4335 998 4357 er¬

164 4367 251 4403 folgte
278 4367 445 4404 Gründung
480 4368 530 4398 der
558 4368 735 4404 Gesellschaft
764 4367 916 4401 erinnerte,
953 4367 997 4397 die

164 4406 221 4442 jetzt
242 4407 311 4436 über
332 4408 383 4436 300
406 4407 576 4443 Mitglieder
596 4408 672 4443 zählt
694 4408 753 4437 und
775 4406 805 4436 in
826 4407 880 4435 den
902 4406 998 4441 letzten

163 4446 196 4474 35
224 4446 341 4481 Jahren
372 4446 454 4481 durch
483 4446 553 4476 über
581 4447 632 4475 350
661 4446 713 4476 mit
742 4445 907 4481 Vorträgen
936 4449 998 4474 ver¬

165 4484 294 4514 bundene
335 4485 493 4520 Sitzmigen
541 4486 589 4515 der
628 4484 848 4521 Allgemeinheit
897 4486 998 4513 natur-

163 4523 413 4559 wissenschastlichc
438 4523 604 4559 Kenntnisse
628 4522 808 4554 vermittelte.
834 4521 927 4552 Wenn
953 4523 998 4557 ihr

165 4562 194 4592 in
224 4564 271 4592 der
302 4563 535 4598 Vergangenheit
566 4563 696 4594 Männer
728 4561 912 4598 angehörtcn,
942 4561 998 4591 wie

164 4601 212 4630 der
235 4601 269 4636 sie
292 4602 326 4630 20
349 4602 445 4636 Jahre
467 4601 536 4637 lang
560 4601 777 4636 präsidierende,
800 4600 873 4629 allen
896 4603 997 4630 rratur-

163 4640 434 4676 wisscnschastlichen
457 4640 640 4676 Disziplinen
673 4640 815 4675 Interesse
848 4641 997 4674 entgegcir-

165 4679 321 4715 bringende
360 4679 515 4715 Apotheker
554 4680 625 4710 Otto
663 4678 998 4713 Suidtcr-Langenstcin,

165 4717 249 4751 sowie
275 4718 324 4747 der
360 4717 441 4753 heute
476 4717 543 4752 noch
588 4719 617 4748 in
645 4717 821 4753 Fachkreisen
858 4716 997 4751 geschätzte

165 4756 291 4793 Geologe
320 4756 417 4791 Franz
445 4756 531 4792 Joses
559 4757 738 4792 Kaufmann,
775 4756 922 4791 Professor
960 4762 997 4785 an

165 4797 213 4825 der
240 4795 381 4831 Luzerner
409 4795 644 4831 Kantonsschlüe,
682 4797 741 4825 und
778 4795 826 4824 der
864 4793 997 4829 Physiker

165 4834 261 4864 Xaver
287 4834 387 4868 Arnet,
410 4834 459 4863 der
484 4833 622 4865 Gründer
648 4835 707 4864 und
729 4832 913 4869 langjährige
938 4832 998 4862 Lei¬

166 4875 207 4903 ter
239 4874 287 4903 der
321 4873 463 4909 Luzerner
497 4872 769 4909 Meteorologischen
794 4872 926 4906 Station,
971 4871 998 4906 so

166 4912 241 4946 hatte
267 4912 301 4948 sie
329 4911 430 4947 seither
455 4911 510 4940 das
537 4911 628 4945 Glück,
656 4913 710 4941 den
737 4910 870 4946 richtigen
900 4910 998 4939 Mann

167 4951 212 4985 für
246 4951 290 4980 die
324 4950 514 4988 Erforschung
547 4951 598 4980 des
623 4949 932 4986 Vierwaldstättersees
968 4949 998 4978 in

165 4990 249 5026 Pros.
270 4989 322 5019 Dr.
343 4990 427 5025 Hans
449 4988 616 5022 Bachmann
640 4997 673 5025 zu
695 4990 803 5024 finden.
834 4989 924 5017 Unter
948 4987 999 5022 sei¬

167 5036 217 5058 ner
239 5028 363 5064 Leitung
388 5028 418 5063 ist
442 5028 496 5056 das
521 5031 578 5058 von
603 5027 654 5057 Dr.
680 5028 753 5064 Fritz
778 5026 927 5062 Schwyzer
954 5033 999 5061 ge¬

167 5067 266 5102 stiftet«
293 5065 560 5102 Hydrobtologische
589 5066 812 5096 Laboratorium
843 5066 873 5095 in
903 5065 999 5099 Kasta-

168 5106 325 5136 nienbaum
350 5106 398 5142 sür
421 5105 466 5135 die
490 5103 617 5140 Schweiz
653 5113 687 5141 zu
713 5106 805 5135 einem
842 5104 907 5138 auch
941 5108 998 5133 von

169 5145 319 5180 Forschern
355 5146 406 5174 des
434 5142 607 5173 Auslandes
644 5145 691 5174 als
717 5143 918 5178 Arbeitsstätte
954 5142 999 5172 be-

169 5183 275 5218 suchten
304 5184 446 5218 Zentrum
483 5183 530 5211 der
560 5182 852 5219 Gewässersorschung
891 5185 999 5217 gewor¬

169 5226 230 5252 den.
260 5222 316 5252 Die
340 5220 516 5257 Gesellschaft
538 5221 697 5257 unterstützt
720 5222 778 5251 und
801 5221 908 5257 fördert
934 5219 1000 5254 auch

169 5260 349 5297 Urgeschichte
373 5262 433 5291 und
458 5259 635 5296 Naturschutz
661 5260 692 5290 in
718 5259 793 5295 jeder
819 5258 917 5295 Weife.
950 5258 997 5287 An

1037 3963 1086 3992 der
1104 3962 1330 3998 Versammlung
1350 3963 1496 3998 referierte
1514 3963 1598 3999 Prof.
1617 3964 1669 3994 Dr.
1681 3963 1765 3999 Hans
1787 3963 1874 3998 Bach¬

1038 4008 1128 4031 mann
1149 4001 1219 4031 über
1240 4003 1293 4031 den
1318 4001 1535 4037 „Geologischen
1556 4002 1689 4032 Ausblick
1709 4007 1776 4032 vom
1796 4003 1874 4033 Bür¬

1038 4040 1180 4075 genstock".
1212 4040 1276 4071 Den
1311 4040 1419 4075 Schluß
1451 4042 1499 4070 der
1531 4041 1656 4077 Tagung
1689 4041 1793 4071 bildete
1826 4042 1873 4071 ein

1037 4078 1241 4115 Spaziergang
1267 4080 1334 4114 nach
1360 4079 1528 4117 Obbürgen,
1555 4080 1648 4110 wobei
1674 4080 1759 4115 Prof.
1787 4080 1874 4115 Vach¬

1039 4125 1128 4147 mann
1172 4119 1223 4153 auf
1267 4118 1312 4148 die
1350 4118 1508 4153 Ucberreste
1554 4119 1738 4155 eiszeitlicher
1774 4120 1874 4149 Rand¬

1039 4157 1178 4187 moränen
1200 4159 1252 4187 des
1275 4157 1372 4191 Rcuß-
1393 4158 1453 4187 und
1474 4158 1700 4194 Aaregletschers
1723 4165 1770 4188 am
1796 4158 1875 4188 Bür¬

1038 4196 1154 4231 genstock
1176 4196 1312 4231 htnwtes,
1333 4198 1392 4225 und
1413 4196 1499 4232 Prof.
1519 4196 1570 4227 Dr.
1591 4197 1726 4231 Schröter
1746 4197 1873 4232 (Zürich)

1039 4235 1153 4270 Ursache
1188 4237 1248 4264 und
1282 4235 1374 4269 Zweck
1408 4236 1460 4264 des
1496 4236 1674 4271 herbstlichen
1711 4236 1865 4272 Laubfalls

1037 4273 1123 4308 sowie
1153 4274 1197 4304 die
1228 4274 1404 4309 botanischen
1435 4274 1594 4305 Merkmale
1633 4276 1681 4305 der
1712 4275 1743 4305 in
1784 4276 1873 4311 dieser

1038 4312 1156 4348 Gegend
1177 4313 1315 4349 häufigen
1338 4312 1574 4347 Walnußbäume
1595 4314 1739 4344 erörtert«.
1794 4315 1828 4343 M.
1841 4315 1873 4344 N.

1094 4377 1156 4406 Die
1190 4376 1331 4413 Zürcher
1357 4376 1617 4411 Fahnenbllcher.
1666 4378 1725 4408 Ein
1768 4378 1873 4409 kleiner

1037 4417 1186 4453 Nachtrag.
1223 4417 1270 4453 In
1292 4417 1344 4447 Nr.
1362 4417 1431 4446 1778
1451 4419 1511 4447 und
1534 4419 1601 4447 1801
1621 4419 1671 4448 der
1695 4418 1746 4454 „N.
1768 4418 1801 4454 Z.
1821 4419 1871 4454 Z."

1037 4457 1085 4492 hat
1108 4457 1142 4487 E.
1163 4458 1198 4487 A.
1224 4458 1330 4493 Geßler
1350 4457 1402 4493 auf
1423 4457 1467 4486 die
1489 4457 1711 4493 Fahnenbücher
1733 4459 1872 4494 aufmcrk-

1037 4497 1096 4532 sam
1120 4499 1241 4533 gemacht
1265 4498 1324 4527 und
1348 4497 1429 4527 dabei
1453 4498 1515 4528 ein«
1538 4498 1625 4528 kleine
1649 4498 1800 4534 Geschichte
1823 4500 1872 4529 der

1033 4537 1184 4567 eroberten
1227 4537 1406 4573 Feldzeichen
1452 4538 1692 4574 vorausgeschickt.
1735 4538 1791 4572 Am
1829 4539 1872 4569 18.

1037 4577 1123 4613 März
1147 4578 1214 4607 1525
1236 4577 1345 4611 wurde,
1367 4577 1422 4607 wie
1445 4584 1476 4607 er
1498 4578 1620 4613 schreibt,
1660 4579 1708 4608 der
1734 4578 1871 4614 Beschluß

1036 4617 1141 4653 gefaßt,
1162 4618 1207 4648 dte
1231 4618 1351 4653 Fahnen
1392 4620 1450 4647 aus
1472 4619 1521 4648 der
1543 4618 1734 4654 Wasserkirche
1756 4626 1790 4654 zu
1812 4621 1871 4649 ent¬

1037 4657 1145 4692 fernen.
1162 4658 1229 4686 1651
1249 4657 1337 4693 sollen
1355 4657 1389 4693 ste
1409 4664 1473 4693 zum
1492 4658 1578 4694 ersten
1598 4658 1680 4688 Male
1698 4658 1738 4688 im
1755 4658 1870 4693 Inven¬

1036 4698 1081 4727 tar
1102 4698 1154 4727 des
1178 4698 1365 4733 Zeughauses
1389 4696 1521 4733 erwähnt
1542 4699 1666 4729 werden.
1689 4698 1746 4728 Ein
1771 4699 1871 4729 Akten-

1038 4737 1100 4772 stück
1117 4740 1173 4767 aus
1191 4740 1245 4768 den
1264 4737 1449 4773 Ratschlägen
1468 4737 1520 4772 (8t.
1539 4739 1572 4766 A.
1591 4738 1665 4767 Zeh.:
1683 4739 1704 4766 B
1723 4739 1749 4766 II
1768 4739 1835 4767 1080
1845 4739 1871 4774 b,

1034 4777 1083 4806 fol.
1109 4777 1154 4812 46)
1177 4777 1237 4813 gibt
1257 4777 1430 4813 wenigstens
1454 4777 1524 4807 über
1545 4780 1598 4808 den
1624 4779 1710 4813 ersten
1734 4778 1870 4809 Verblelb

1036 4817 1151 4853 sicheren
1173 4817 1335 4853 Aufschluß.
1359 4818 1414 4847 Am
1439 4817 1565 4854 Montag
1587 4818 1653 4854 nach
1676 4818 1722 4848 St.
1750 4818 1870 4854 Marga¬

1036 4857 1184 4893 rethentag
1207 4858 1295 4887 Anno
1318 4858 1386 4886 1543
1430 4857 1526 4893 faßten
1571 4858 1648 4888 beide
1673 4858 1746 4888 Räte
1788 4861 1871 4889 unter

1036 4897 1263 4933 Bürgermeister
1291 4897 1354 4932 Hab
1382 4898 1534 4933 folgenden
1563 4898 1712 4934 Beschluß:
1741 4898 1798 4928 Ms
1827 4899 1870 4929 die

1036 4937 1163 4972 Fenndli
1184 4938 1245 4967 und
1268 4937 1368 4972 Pancr
1396 4938 1423 4972 so
1451 4938 1601 4974 vornacher
1626 4938 1656 4967 in
1679 4940 1727 4968 der
1752 4937 1871 4974 Wasser-

1037 4976 1135 5012 kilchen
1162 4977 1300 5014 gehanget
1325 4978 1383 5007 und
1407 4985 1445 5007 an
1470 4977 1594 5013 Stryten
1621 4979 1679 5008 und
1707 4978 1870 5013 Schlachten

1032 5017 1134 5052 «erlich
1157 5018 1268 5048 erobert
1290 5018 1348 5047 und
1373 5021 1535 5053 gcwuinicn
1558 5019 1685 5052 worden,
1710 5018 1754 5054 jetz
1777 5018 1870 5054 etliche

1036 5057 1098 5092 Jar
1137 5057 1238 5091 hlnder
1259 5058 1322 5087 den«
1343 5057 1468 5093 obersten
1491 5057 1590 5092 Knecht
1615 5058 1646 5088 in
1671 5058 1771 5093 Kasten
1812 5059 1870 5089 und

1038 5097 1121 5132 bösen
1143 5097 1300 5132 Gehältern
1326 5097 1440 5133 gelegen
1465 5098 1523 5127 und
1546 5097 1606 5133 also
1628 5097 1659 5128 in
1680 5098 1804 5134 Abgang
1827 5105 1871 5134 ge-

1036 5136 1111 5171 richt,
1133 5138 1244 5171 habend
1266 5141 1335 5171 myn
1357 5137 1466 5172 Herren
1487 5137 1535 5172 sich
1552 5138 1667 5168 erkennt
1688 5138 1743 5172 daß
1766 5138 1870 5173 sölliche

1037 5177 1153 5213 Zeichen
1179 5178 1209 5207 in
1234 5179 1283 5207 der
1307 5177 1388 5207 Statt
1409 5177 1595 5213 BüchscnhuS
1619 5178 1772 5211 ordentlich
1793 5178 1870 5212 nach¬

1037 5216 1212 5247 einanderen
1235 5217 1396 5247 «viderumb
1420 5217 1589 5252 uffgehenckt
1630 5220 1689 5248 und
1731 5218 1806 5247 allda
1840 5218 1870 5249 in

1035 5259 1122 5292 guten
1149 5257 1246 5293 Ehren
1268 5257 1413 5293 enthalte»
1437 5258 1551 5288 tverden
1575 5258 1671 5294 sollen,
1711 5258 1802 5287 damit
1825 5258 1869 5288 di«

1910 3964 2035 3999 Jungen
2058 3965 2174 3999 unserer
2197 3964 2290 3994 lieben
2314 3965 2506 3995 Alwordcre»
2530 3967 2665 4002 redlichen
2688 3967 2745 3997 Ta¬

1912 4005 1958 4033 ten
1980 4005 2070 4038 darby
2093 4005 2232 4034 abncmen
2256 4008 2317 4035 und
2342 4005 2388 4039 sich
2410 4006 2463 4039 dest
2488 4006 2565 4040 stirer
2588 4008 2617 4037 in
2640 4008 2744 4042 unscrn

1912 4044 2006 4073 Nöten
2027 4052 2061 4080 zu
2083 4045 2157 4074 allen
2180 4044 2272 4074 Eeren
2294 4047 2353 4074 und
2374 4044 2535 4081 Tapferkeit
2555 4047 2663 4082 schicken
2686 4047 2745 4076 mö¬

1912 4084 1991 4119 gen."
2014 4100 2049 4104 —
2075 4084 2140 4114 Das
2169 4084 2288 4119 „Hinter
2310 4087 2374 4114 dem
2399 4085 2521 4120 obersten
2547 4087 2646 4121 Knecht
2674 4087 2745 4123 gele¬

1912 4124 1982 4158 gen"
1999 4124 2075 4159 heißt
2094 4124 2142 4154 im
2161 4124 2350 4159 Rathaus
2368 4125 2558 4162 ansbewahrt.
2576 4127 2650 4157 Dort
2669 4128 2744 4162 hatte

1911 4164 1960 4193 der
1980 4164 2084 4199 oberste
2103 4164 2203 4199 Knecht
2222 4166 2288 4194 oder
2308 4164 2427 4200 Weibel,
2444 4166 2500 4195 »vie
2518 4167 2575 4196 «vir
2591 4167 2643 4201 ihn
2664 4168 2744 4202 heute

1911 4211 2025 4234 nennen
2050 4204 2179 4237 ivürden,
2204 4205 2351 4239 allerhand
2393 4212 2426 4239 zu
2451 4208 2618 4241 vcrlvalten,
2661 4210 2745 4237 unter

1909 4246 2045 4274 anderem
2071 4244 2137 4278 auch
2166 4245 2249 4279 Geld,
2277 4244 2494 4280 Wcrtschristcn,
2521 4247 2745 4282 Silbergeschirr

1910 4287 1969 4313 und
1993 4284 2109 4319 Bücher,
2133 4284 2176 4314 die
2200 4285 2229 4314 in
2253 4284 2456 4320 schwebendem
2481 4287 2660 4322 Rechtsstreit
2694 4294 2744 4322 zur

1910 4324 2057 4359 mehreren
2084 4324 2241 4358 Sicherheit
2268 4325 2321 4354 mit
2343 4325 2476 4361 Beschlag
2500 4326 2591 4362 belegt
2613 4328 2744 4357 «vurden.

2577 4367 2620 4395 IV.
2632 4368 2665 4395 II.
2676 4367 2708 4395 R.

1968 4403 2050 4436 »Die
2071 4403 2275 4439 flzilianischc
2299 4405 2441 4439 «Vesper"
2464 4405 2499 4434 in
2524 4406 2627 4436 Bern.
2653 4407 2686 4435 R.
2713 4408 2744 4435 E.

1910 4444 1987 4479 Auch
2006 4444 2035 4474 in
2055 4445 2135 4474 Bern
2157 4444 2251 4480 dürste
2272 4448 2304 4476 cS
2323 4445 2370 4480 sich
2390 4445 2602 4484 Herausstellen,
2622 4448 2679 4481 daß
2699 4447 2743 4477 die

1912 4483 2142 4519 Neuentdcckung
2181 4484 2237 4513 von
2276 4484 2471 4516 Verdis
2512 4486 2744 4522 „Sizilianischcr

1911 4522 2034 4556 Vesper"
2063 4522 2172 4557 sowohl
2205 4522 2268 4551 eine
2297 4522 2434 4558 prächtige
2463 4523 2666 4561 Erweiterung
2697 4526 2745 4554 der

1911 4560 2002 4594 Reihe
2037 4565 2094 4592 von
2133 4561 2241 4591 Verdis
2272 4561 2426 4591 bckannien
2461 4563 2668 4598 Mcisteropcrn
2696 4564 2744 4593 als

1911 4599 1977 4635 auch
1997 4600 2058 4629 eine
2081 4600 2249 4634 ertvünschtc
2273 4602 2331 4630 und
2352 4605 2418 4630 vom
2440 4602 2598 4635 Publikum
2619 4603 2745 4632 dankbar

1912 4638 2150 4674 hingenommene
2170 4638 2348 4675 Ergänzung
2368 4640 2448 4669 eines
2469 4640 2589 4677 zügigen
2608 4641 2744 4675 Tlicalcr-

1911 4676 2084 4712 repertoircS
2112 4677 2150 4713 ist.
2195 4678 2240 4712 Zu
2268 4679 2320 4708 den
2349 4678 2501 4714 Vorzügen
2530 4681 2578 4710 der
2605 4681 2744 4716 Partitur

1911 4716 2004 4751 gesellt
2024 4716 2071 4752 sich
2088 4716 2232 4751 derjenige
2252 4718 2303 4746 deS
2322 4716 2435 4752 Textes,
2457 4719 2504 4748 der
2525 4719 2554 4749 in
2574 4720 2623 4749 der
2643 4720 2743 4754 ebenso

1911 4755 2189 4789 verständnisvollen
2218 4755 2273 4785 «vie
2304 4757 2358 4785 das
2389 4755 2581 4791 Verständnis
2616 4759 2744 4793 fördern¬

1912 4795 1964 4823 de»
1991 4793 2192 4829 Nebersetzung
2218 4793 2297 4824 Gtan
2331 4794 2358 4824 B
2371 4802 2387 4824 u
2400 4802 2418 4824 n
2430 4796 2446 4824 d
2460 4795 2467 4825 i
2479 4799 2495 4826 s
2530 4797 2574 4826 die
2610 4797 2669 4832 ihm
2696 4804 2742 4832 zu-

1912 4833 2072 4862 kommende
2096 4832 2279 4869 Würdigung
2303 4833 2419 4869 erfährt,
2443 4834 2514 4869 nicht
2537 4843 2592 4865 nur
2614 4840 2672 4865 von
2694 4836 2743 4870 sei-

1911 4872 1956 4901 ten
1976 4872 2027 4901 des
2048 4871 2189 4907 Musikers
2209 4873 2268 4902 »nd
2290 4873 2340 4902 des
2360 4873 2507 4909 Sängers,
2527 4875 2649 4910 sondern
2669 4875 2742 4912 auch,

1910 4911 2025 4946 «voraus
2045 4913 2078 4940 es
2100 4911 2128 4945 ja
2150 4911 2180 4940 in
2200 4911 2282 4946 erster
2302 4911 2383 4943 Linie
2405 4912 2557 4947 ankoinnit,
2578 4917 2634 4943 von
2655 4914 2741 4949 seiten

1911 4948 1990 4978 eines
2015 4949 2238 4985 ansinerksamen
2261 4949 2562 4985 Theaterpnbliknms.
2605 4953 2664 4983 Der
2685 4952 2743 4982 leb-

1911 4987 1986 5023 hafte
2014 4988 2131 5024 Beifall,
2167 4988 2219 5017 mit
2258 4989 2319 5018 dem
2357 4989 2401 5018 die
2438 4989 2684 5027 Erstansfithrung
2713 4992 2742 5021 in

1911 5027 1990 5056 Bern
2017 5027 2053 5062 (2.
2081 5027 2155 5060 Okt.)
2191 5030 2250 5058 und
2286 5029 2340 5057 das
2367 5028 2533 5063 Erscheine»
2561 5032 2611 5060 des
2640 5031 2741 5060 lieber-

1911 5066 2006 5100 sctzers
2027 5073 2063 5095 an
2083 5067 2130 5095 der
2148 5065 2260 5100 Rampe
2280 5067 2398 5102 begrüßt
2419 5069 2527 5105 «vurde,
2548 5069 2640 5104 sprach
2657 5069 2743 5105 dafür

1911 5104 2029 5139 deutlich
2047 5111 2148 5140 genug.
2166 5120 2201 5125 —
2219 5105 2270 5135 Dr.
2289 5105 2343 5141 Nef
2362 5106 2461 5136 konnte
2482 5106 2512 5136 in
2531 5108 2621 5142 seiner
2640 5108 2742 5143 Inter-

1910 5144 2054 5177 pretation
2089 5144 2143 5174 das
2171 5143 2400 5180 Schtvcrgcwicht
2428 5146 2569 5179 natürlich
2594 5147 2664 5180 nicht
2692 5147 2743 5181 a»s

1910 5182 1964 5211 das
2007 5181 2197 5217 südländische
2239 5182 2459 5218 Temperament
2504 5186 2645 5220 verlegen,
2687 5187 2741 5215 das

1910 5220 2001 5254 dieses
2025 5220 2104 5250 Werk
2127 5221 2311 5255 auszetchnet.
2334 5222 2407 5258 Doch
2429 5230 2457 5251 er
2480 5223 2548 5257 fand
2572 5225 2632 5254 eine
2656 5225 2742 5260 große

1887 5257 1893 5292 I
1910 5259 2025 5288 Wärme
2044 5262 2095 5290 des
2114 5259 2277 5290 Ausdrucks
2297 5262 2355 5290 und
2373 5264 2425 5292 den
2445 5261 2590 5299 Schwung
2609 5270 2642 5299 zu
2661 5263 2741 5294 Stet-

2785 3974 2939 4004 gerungen,
2959 3967 3006 4002 für
3024 3968 3110 3997 deren
3129 3967 3210 4002 starke
3229 3965 3403 4001 Wirkungen
3424 3965 3483 3999 ihm
3501 3966 3549 3995 ein
3569 3973 3620 3994 an¬

2785 4006 2935 4041 sehnlicher
2972 4007 3031 4035 und
3066 4008 3115 4040 gut
3143 4005 3340 4040 einstudierter
3366 4004 3446 4035 Chor
3474 4011 3524 4038 zur
3548 4004 3621 4034 Ver¬

2786 4045 2896 4081 fügung
2914 4045 2999 4080 stand.
3017 4044 3092 4079 Auch
3111 4045 3165 4074 das
3184 4043 3337 4078 Ensemble
3355 4044 3410 4078 gab
3428 4042 3486 4077 sein
3505 4042 3618 4078 Bestes;

2785 4087 2816 4113 es
2860 4088 2958 4113 waren
3001 4084 3046 4113 die
3091 4083 3256 4116 bewährten
3285 4083 3383 4116 Kräfte
3411 4082 3492 4111 eines
3521 4082 3621 4111 Marc«

2784 4122 2883 4153 Andrs
2921 4123 3042 4158 Hugues
3081 4122 3265 4157 (Montsort),
3303 4121 3385 4151 eines
3424 4121 3523 4150 Andrö
3562 4127 3620 4150 von

2784 4161 2872 4196 Dich!
2890 4161 3043 4197 (Proctda)
3064 4162 3123 4190 und
3142 4160 3232 4190 Gertv
3253 4160 3406 4194 Wicßners
3427 4159 3555 4194 (Elena),
3575 4160 3620 4189 die

2784 4200 2829 4230 die
2868 4200 3113 4235 Theaterfreunde
3150 4199 3233 4233 durch
3273 4200 3334 4228 eine
3374 4199 3528 4233 besonders
3570 4200 3620 4234 aus

2784 4239 2954 4275 klanglichen
2977 4238 3128 4273 Wohltaut
3150 4239 3210 4268 »nd
3232 4238 3453 4273 Vergeistigung
3475 4238 3619 4272 gerichtete

2783 4278 3020 4313 Interpretation
3046 4278 3198 4313 erfreuten,
3221 4278 3359 4307 wäbrend
3383 4276 3430 4311 stch
3452 4276 3518 4306 Erik
3541 4276 3619 4312 Hall¬

2785 4318 2868 4352 ström
2890 4317 3022 4352 (Arrigo)
3045 4317 3074 4346 in
3095 4324 3128 4352 zu
3151 4316 3264 4351 starkem
3288 4316 3378 4349 Maße
3399 4316 3448 4345 der
3468 4316 3619 4346 Drainatik

2784 4356 2873 4391 befliß
2896 4357 2955 4385 und
2977 4356 3006 4391 so
3028 4356 3057 4385 in
3079 4355 3125 4385 die
3147 4355 3354 4391 Homogenität
3377 4354 3467 4390 seiner
3487 4354 3618 4389 Partner

2784 4395 2829 4424 ein
2854 4395 2978 4430 fremdes
3000 4393 3133 4424 Element
3156 4395 3333 4430 hineintrng.

2841 4459 3064 4493 Mnsikalische
3088 4459 3238 4492 Notizen.
3260 4459 3318 4488 Als
3341 4459 3402 4489 eine
3425 4461 3472 4489 der
3494 4459 3617 4493 nächsten

2785 4495 2941 4525 Novltäto»
2970 4494 3086 4530 gelangt
3112 4495 3150 4525 an
3176 4495 3226 4524 der
3250 4494 3371 4530 Pariser
3397 4493 3515 4528 Großen
3541 4495 3621 4528 Oper

2782 4531 2837 4560 das
2854 4530 3049 4566 Mnsikdrania
3068 4530 3294 4566 „Maximilian"
3313 4536 3363 4565 zur
3380 4529 3619 4565 Uraufsührung;

2782 4567 2838 4595 das
2865 4573 2903 4595 an
2933 4566 3111 4601 Anlehnung
3139 4571 3177 4595 an
3207 4565 3304 4600 Franz
3333 4564 3459 4599 Werfels
3491 4561 3619 4600 „Juarez

2783 4602 2842 4630 und
2876 4601 3084 4635 Maximilian"
3116 4600 3245 4634 verfaßte
3276 4600 3403 4629 Libretto
3434 4600 3532 4629 «vurde
3563 4605 3618 4629 von

2781 4636 2897 4666 Darins
2916 4636 3055 4671 Milhaud
3073 4636 3102 4666 in
3121 4635 3213 4670 Musik
3231 4635 3332 4670 gesetzt.
3347 4650 3382 4655 —
3398 4634 3453 4665 Dt«
3470 4634 3618 4665 Direktion

2782 4672 2831 4701 der
2861 4671 2976 4701 Wiener
3004 4671 3185 4705 Staatsoper
3213 4670 3382 4699 dementiert
3410 4669 3454 4699 die
3482 4670 3512 4699 in
3541 4671 3618 4699 dc»t-

2780 4706 2856 4740 schon
2879 4707 3015 4736 Blättern
3039 4705 3254 4741 aufaetanchten
3278 4705 3460 4740 Meldungen
3484 4704 3553 4734 über
3574 4705 3618 4734 dt«

2784 4741 2993 4776 Neubesetzung
3019 4742 3070 4770 des
3096 4739 3180 4774 dnrch
3206 4741 3259 4770 den
3286 4741 3348 4769 Tod
3378 4740 3474 4775 Franz
3500 4739 3617 4773 Schalks

2782 4776 2949 4811 verwaisten
2972 4775 3312 4811 Kapcllmeistcrpostcns;
3346 4775 3384 4804 in«
3407 4775 3549 4816 Interesse
3571 4776 3618 4804 der

2781 4811 3062 4846 Sparmaßnahmen
3085 4811 3122 4845 sei
3143 4812 3191 4840 der
3215 4810 3352 4845 Beschluß
3374 4810 3469 4845 ge,aßt
3491 4811 3617 4844 «vordcn,

2782 4847 2930 4882 vorläufig
2957 4846 3118 4881 überhaupt
3145 4846 3240 4875 keinen
3267 4852 3360 4875 neuen
3383 4841 3554 4879 Dirigenten
3579 4851 3616 4873 an

2780 4882 2874 4912 Stelle
2891 4881 3010 4915 Schalks
3029 4888 3063 4917 z»
3076 4880 3207 4916 berufen.
3216 4880 3325 4910 —Den
3342 4880 3531 4909 veränderten
3547 4881 3617 4909 Vcr-

2783 4916 2936 4951 hältnissen
2972 4911 3125 4955 Rechnung
3161 4916 3290 4955 tragend,
3326 4915 3355 4955 ist
3391 4914 3475 4950 gleich
3508 4916 3616 4944 aridem

2782 4958 2804 5017 S
2804 4952 2891 4985 roßen
2939 4951 3178 4985 Kiinstinstttuten
3225 4945 3293 4982 auch
3339 4947 3382 4979 die
3431 4949 3618 4983 Frankfurter

2804 4986 3107 5022 inseumsgcscllschast
3159 4986 3230 5020 dazu
3289 4985 3514 5019 übergegangen,
3570 4984 3615 5013 die

2783 5021 3212 5056 Abonnementsbedtngnngcn
3273 5020 3318 5055 für
3347 5020 3407 5053 ihre
3463 5018 3617 5054 Sinsonie-

2782 5057 2907 5090 konzcrtc
2928 5057 2977 5086 bis
2999 5064 3032 5091 zu
3052 5057 3086 5085 30
3107 5057 3234 5090 Prozent
3256 5062 3289 5095 zu
3311 5054 3482 5090 ermäßigen.
3503 5069 3538 5073 —
3560 5054 3616 5089 Im

2784 5092 2917 5123 Rahmen
2938 5093 2988 5121 des
3011 5091 3234 5126 Ostsec-Jahrcs
3257 5090 3345 5124 findet
3367 5089 3396 5118 tu
3418 5088 3517 5117 Lübeck
3541 5090 3617 5119 dcnr-

2781 5127 2868 5161 nächst
2904 5127 2948 5156 die
2982 5125 3279 5161 „Nordisch-Deutsche
3312 5122 3508 5158 Orgelwoche"
3544 5124 3616 5158 statt,

2782 5162 2832 5195 aus
2853 5163 2901 5191 der
2920 5162 2964 5191 die
2983 5155 3191 5195 nanrhastcstc»
3214 5159 3385 5193 Organisten
3407 5157 3615 5193 Deutschlands

2783 5198 2841 5226 «md
2865 5198 2912 5226 der
2934 5196 3095 5231 nordischen
3116 5196 3227 5225 Länder
3248 5194 3294 5229 sich
3315 5200 3347 5228 zu
3369 5192 3534 5227 Vorträge»
3556 5195 3617 5224 »nd

2780 5232 2940 5267 Konzerten
2960 5231 3160 5268 versamnrcln.
