3853 5551
251 249 331 306 M
362 247 507 304 330

1039 961 1071 982 11.
1085 959 1113 982 60

1040 986 1072 1008 12.
1086 985 1114 1007 SO

1040 1012 1066 1035 15
1066 1027 1073 1034 .
1089 1021 1112 1028 -

412 903 825 940 Avontte«etttöpreise.
857 912 870 931 s
878 908 974 931 Monat«.
997 908 1116 931 »Monat«.

235 941 324 969 8«,Ich
341 943 401 964 wenn
412 940 446 962 die
459 941 552 967 Zeitung
565 940 658 967 adgeholt
669 939 724 961 wird
749 952 819 961 ...
851 936 888 963 Fr.
901 937 922 958 6.
935 936 963 958 SO
988 935 1025 961 Fr.
1038 936 1071 958 10.
1087 944 1111 951 —

271 969 297 991 fco
344 967 382 990 ins
395 966 459 989 Saus
474 966 569 994 gebracht
619 964 919 989 .6.
936 972 959 977 -

236 995 347 1021 Schweiz
370 993 485 1019 Bestellung
495 992 550 1014 beim
563 990 961 1016 Postbureau.6.50

289 1022 321 1042 fco.
370 1019 407 1041 mit
421 1019 490 1044 Bezug
502 1019 567 1040 unter
577 1016 727 1042 Prioatadresse
747 1030 820 1038 ...
862 1015 958 1038 >«.-

237 1044 414 1071 Deutschland
437 1044 556 1071 Bestellung
575 1043 630 1066 beim
641 1042 755 1069 Postamt.
780 1055 786 1063 .
814 1055 820 1062 .
841 1039 884 1061 MI.
900 1041 918 1061 8.
935 1050 958 1055 —

237 1071 517 1098 oesterreich-Ungarn
590 1069 626 1092 fco.
783 1066 806 1093 fl.
820 1066 838 1088 fc.
852 1065 885 1087 W.
900 1066 919 1087 5.
933 1067 960 1087 88

237 1097 512 1124 Jtalien-Aegdpten
591 1094 627 1118 fco.
784 1109 791 1116 .
817 1108 823 1116 .
850 1091 888 1120 Fr.
902 1092 921 1113 8.
937 1092 962 1113 10
988 1091 1027 1119 Fr.
1041 1092 1073 1113 15.
1087 1089 1114 1113 60

238 1124 325 1151 Uebrige
335 1124 423 1146 Staaten
437 1123 474 1145 de»
487 1120 728 1147 Weltpostverein»
750 1134 821 1142 ...
864 1118 962 1144 .12.50
1002 1117 1114 1144 .21.—

292 1157 305 1178 5
318 1154 457 1181 Tonhallcstr.
477 1149 767 1184 Aedakttonskureau
786 1149 900 1176 Soetheftr.
915 1150 942 1171 10

458 1248 547 1301 Jur
564 1245 864 1300 WinlerWori.

421 1315 451 1347 □
474 1312 602 1348 (Korresp.
624 1319 684 1342 vom
702 1314 729 1341 2.
748 1311 906 1346 Dezember.)

305 1376 368 1412 Die
392 1375 567 1417 ordentliche
590 1373 816 1416 Wintersession
849 1372 900 1407 der
938 1371 1080 1407 Bundes¬

240 1420 457 1463 versammlung
482 1419 638 1462 verspricht
662 1417 714 1459 sich
739 1414 846 1459 ruhig'
865 1416 1015 1450 abwickeln
1046 1425 1081 1459 zu

240 1465 367 1506 wollen;
391 1473 438 1497 am
463 1463 610 1506 Horizont
635 1461 671 1503 ist
695 1461 757 1495 kein
779 1454 825 1495 die
848 1460 991 1495 Gemüter
1014 1460 1081 1503 auf¬

241 1508 382 1552 regendes
405 1507 612 1541 Traktandum
637 1504 770 1549 sichtbar,
798 1504 877 1547 wohl
900 1504 968 1538 aber
988 1503 1083 1547 liegen

242 1552 392 1596 Geschäfte
413 1550 515 1592 bereit,
560 1550 604 1585 die
644 1549 805 1590 Studium,
848 1548 964 1589 Arbeit,
1006 1549 1083 1584 Ver¬

241 1598 359 1641 tiefung
383 1596 510 1639 fordern.
557 1595 644 1638 Ohne
667 1592 869 1637 Schmeichelei
894 1593 961 1636 darf
984 1593 1083 1636 gesagt

241 1642 367 1682 werden,
396 1639 453 1682 daß
478 1639 509 1674 in
534 1639 587 1674 den
611 1639 714 1682 letzten
739 1638 855 1682 Jahren
871 1638 940 1680 nach
956 1637 1081 1679 Kräften

241 1686 289 1721 die
312 1685 384 1729 Zeit
406 1694 460 1727 zur
483 1682 589 1719 Arbeit
612 1684 783 1725 ausgenützt
821 1682 938 1724 wurde;
983 1680 1082 1724 hierin

241 1729 349 1774 scheint
371 1728 440 1771 nach
475 1727 631 1771 vielfachen
669 1726 905 1768 Bestätigungen
950 1725 1078 1760 Wandel

244 1772 405 1817 gegenüber
428 1771 530 1806 weiter
570 1770 816 1814 zurückliegenden
859 1769 976 1812 Jahren
1023 1768 1085 1803 ein-

244 1821 376 1861 getreten
398 1825 433 1859 zu
456 1815 528 1857 sein.
578 1816 676 1850 Wenn
720 1818 754 1847 cs
798 1814 931 1856 trotzdem
976 1811 1087 1847 einmal

243 1861 389 1905 passieren
411 1859 497 1898 kann,
533 1858 591 1900 daß
615 1858 677 1893 eine
700 1857 833 1899 Tagliste
860 1856 1024 1899 „versagt",
1053 1856 1087 1898 so

244 1905 367 1948 braucht
390 1914 459 1939 man
484 1902 529 1937 die
554 1901 646 1946 Klage
669 1900 748 1945 nicht
772 1900 857 1944 gleich
880 1911 916 1944 zu
941 1898 1087 1943 generali¬

244 1950 349 1995 sieren.

310 1994 369 2032 Im
391 1991 604 2034 Vordergrund
630 1989 701 2034 steht
726 1988 870 2031 natürlich
901 1988 947 2024 die
970 1988 1087 2024 Bud-

245 2038 557 2081 getberatnng.
605 2033 668 2070 Die
712 2032 945 2076 Kommissionen
990 2032 1087 2066 beider

245 2083 327 2118 Räte
351 2080 443 2123 haben
469 2080 596 2120 beraten,
635 2077 689 2113 wie
712 2078 774 2112 und
797 2087 847 2112 um
871 2076 926 2111 wie
950 2076 1007 2110 viel
1030 2077 1086 2110 das

245 2123 472 2167 Budgetdefizit
494 2123 548 2167 sich
573 2122 739 2166 reduzieren
762 2121 840 2164 lasse.
890 2120 950 2154 Sie
987 2120 1086 2163 stellen

247 2168 362 2205 allerlei
385 2169 536 2210 Anträge,
577 2171 637 2201 uns
661 2166 731 2199 aber
768 2165 835 2199 aber
858 2164 923 2199 will
946 2164 1081 2207 scheinen,

246 2224 317 2250 man
341 2212 424 2255 führe
448 2211 487 2245 da
508 2211 586 2245 denn
620 2209 686 2252 doch
725 2209 974 2252 Scheimnanöver
1012 2212 1080 2248 aus,

248 2258 310 2294 und
334 2264 417 2298 wage
440 2259 474 2289 cs
495 2254 584 2297 nicht,
616 2254 673 2288 den
695 2252 786 2287 Stier
808 2264 848 2287 an
871 2253 926 2287 den
948 2253 1088 2296 Hörnern

250 2314 287 2347 zu
309 2300 418 2344 packen.
462 2298 533 2333 Von
560 2296 710 2340 fraglicher
735 2297 815 2331 Güte
838 2297 873 2339 ist
896 2297 946 2330 der
969 2296 1088 2338 Antrag

252 2346 306 2389 auf
329 2343 513 2385 Streichung
531 2342 583 2376 des
599 2341 729 2384 Postens
746 2348 804 2374 von
829 2342 1007 2381 1,000,000
1030 2341 1085 2383 Fr.

249 2391 300 2433 für
322 2390 378 2423 den
415 2384 748 2428 Amortisationsfonds
785 2384 836 2417 des
873 2383 1089 2426 Konversions-

251 2432 406 2476 anleihens
429 2439 489 2465 von
513 2432 609 2464 1897.
661 2428 787 2462 Warum
821 2427 875 2461 den
912 2428 1089 2462 Bundesrat

252 2476 443 2518 veranlassen,
481 2474 546 2509 eine
562 2472 700 2517 gesunder
715 2470 1002 2516 Fiuanzgebahrung
1026 2475 1090 2506 ent¬

251 2522 415 2565 sprungene
453 2518 615 2560 Maßregel
662 2514 860 2559 aufzugebcn?
908 2514 995 2549 Wird
1041 2515 1091 2549 der

254 2565 365 2610 Posten
389 2563 551 2606 gestrichen,
580 2562 607 2604 so
633 2560 702 2602 muß
728 2570 759 2594 er
774 2558 881 2602 einfach
897 2559 993 2600 später
1009 2559 1092 2602 uach-

240 2636 243 2639 •
252 2609 352 2652 geholt
377 2608 500 2647 werden,
530 2613 692 2648 gewonnen
707 2604 745 2646 ist
761 2602 854 2637 damit
870 2602 979 2645 nichts.
1014 2603 1092 2645 Auch

254 2653 362 2696 scheint
386 2656 417 2685 es
441 2651 491 2684 der
527 2648 768 2691 stäuderätlichen
790 2647 986 2687 Kommission
1010 2646 1093 2680 dabei

252 2697 336 2740 selbst
360 2695 438 2737 nicht
461 2694 536 2736 recht
561 2694 639 2736 wohl
660 2702 696 2735 zu
720 2691 788 2733 sein,
829 2690 1005 2733 wenigstens
1027 2690 1094 2733 fügt

254 2741 294 2782 sie
316 2738 372 2778 bei,
401 2737 447 2770 die
471 2737 655 2778 Streichung
678 2736 751 2778 habe
775 2736 828 2769 den
844 2734 944 2775 Sinn,
972 2734 1029 2776 daß
1045 2734 1091 2768 bei

253 2783 346 2818 einem
372 2780 540 2822 allfälligen
558 2778 893 2823 Rechnungsüberschuß
910 2779 962 2812 des
979 2778 1094 2821 Jahres

254 2828 339 2860 1899
365 2824 397 2858 in
412 2824 499 2865 erster
512 2823 599 2857 Linie
623 2823 695 2865 diese
719 2823 850 2857 Million
875 2823 936 2856 dem
961 2821 1097 2856 Amorti¬

252 2867 462 2913 sationsfonds
486 2866 665 2910 zuzuweisen
701 2866 752 2907 sei.
793 2865 901 2908 Hierin
940 2866 1012 2907 liegt
1046 2866 1096 2899 der

252 2914 325 2956 beste
350 2910 481 2951 Beweis,
525 2910 585 2951 daß
607 2918 678 2944 man
716 2909 825 2951 einfach
863 2909 950 2942 Wert
987 2909 1096 2950 darauf

253 2959 337 2999 legte,
390 2954 458 2997 nach
484 2954 590 2996 Außen
613 2953 662 2988 ein
699 2955 828 2986 netteres
873 2951 1014 2993 Bildchen
1059 2961 1094 2994 zu

252 3002 362 3046 zeigen.
397 3000 468 3033 Das
493 2998 527 3040 ist
553 2997 619 3032 aber
645 2996 677 3031 in
699 2995 914 3040 Finauzsachen
937 2994 1014 3038 nicht
1038 2994 1094 3029 das

252 3044 374 3087 richtige
398 3043 566 3085 Vorgehen.
614 3040 692 3076 Dem
716 3040 899 3082 Vernehmen
923 3039 991 3081 nach
1016 3038 1092 3072 wird

253 3090 308 3133 sich
333 3088 409 3122 denn
432 3086 502 3128 auch
525 3086 604 3130 Herr
621 3083 800 3119 Bundesrat
815 3083 930 3127 Hauser
953 3082 1092 3125 energisch

253 3134 384 3176 dagegen
400 3141 451 3174 zur
468 3130 575 3172 Wehre
597 3129 691 3172 setzen.
720 3128 825 3162 Sollte
841 3127 890 3161 der
907 3126 1089 3167 Ständerat,

253 3179 305 3213 der
327 3176 375 3210 die
399 3174 557 3218 Priorität
580 3173 641 3217 hat,
670 3172 792 3215 dennoch
816 3170 907 3213 seiner
930 3169 1096 3212 Komission

252 3220 433 3266 zustimmen,
463 3219 494 3261 so
516 3217 594 3252 wird
618 3226 692 3260 ganz
714 3215 800 3259 sicher
823 3216 872 3249 der
895 3214 1095 3249 Nationalrat

252 3265 345 3308 dieser
370 3263 557 3306 Streichung
580 3261 658 3304 nicht
680 3259 859 3305 zustimmen.

320 3308 392 3343 Mit
415 3307 465 3341 der
489 3305 704 3346 Dekretierung
733 3312 790 3338 von
829 3302 1097 3346 Mehreinnahmen

253 3353 372 3396 verhält
396 3356 427 3385 es
451 3350 504 3393 sich
528 3349 653 3393 ähnlich.
681 3348 750 3383 Wir
775 3348 903 3391 stimmen
920 3345 1098 3390 vollständig

254 3398 311 3432 mit
327 3397 383 3430 den
399 3394 639 3438 Ausführungen
656 3393 738 3427 eines
750 3390 1098 3435 zentralschweizerischen

252 3442 380 3477 Blattes
403 3438 534 3473 überein.
580 3439 623 3472 Es
649 3436 724 3470 wird
750 3443 846 3478 wegen
870 3434 974 3478 solcher
990 3462 994 3478 ,
1020 3434 1096 3468 Ein¬

254 3479 706 3527 nahmenerhöhungbeschlüssen
747 3479 807 3513 kein
845 3479 973 3521 Rappen
1018 3478 1099 3520 mehr

256 3527 406 3570 cingehen,
435 3526 486 3558 als
509 3529 542 3558 es
568 3522 705 3566 ohnedies
731 3523 780 3555 der
802 3522 874 3565 Fall
897 3524 985 3555 wäre.
1028 3521 1097 3555 Und

255 3572 345 3614 fügen
371 3568 427 3603 wir
450 3568 505 3607 bei,
552 3567 596 3600 die
619 3566 809 3607 Einnahmen
832 3565 896 3606 sind
921 3565 962 3598 im
986 3574 1096 3614 ganzen

253 3616 317 3661 jetzt
340 3614 420 3656 schon
445 3609 690 3654 hochgeschraubt.
731 3609 789 3644 Um
827 3608 890 3642 eine
927 3607 1096 3641 Reduktion

255 3661 308 3694 des
331 3656 481 3700 Defizites
517 3652 720 3698 herbeiführen
759 3662 793 3696 zu
833 3651 953 3691 können,
996 3651 1096 3692 nehme

254 3712 325 3739 man
352 3701 398 3735 die
420 3699 545 3742 Schccre
584 3699 644 3733 und
690 3697 771 3739 stutze
815 3695 859 3730 die
904 3694 1096 3736 ungezählten

254 3744 493 3782 Subventionen
515 3743 568 3786 für
590 3742 700 3783 Dinge,
745 3740 790 3774 die
813 3739 889 3781 nicht
913 3738 960 3772 ein
984 3737 1094 3780 eigent¬

254 3791 344 3833 liches
384 3786 639 3829 Staatsintcrcsse
662 3784 766 3828 haben,
816 3783 918 3826 Dinge
964 3781 1009 3815 die
1046 3782 1096 3815 der

256 3836 359 3870 Staat
382 3832 426 3866 bei
466 3829 706 3873 wohlgespicktein
755 3827 862 3863 Beutel
907 3825 1097 3868 unterstützen

255 3879 320 3922 soll,
343 3877 391 3911 die
412 3876 472 3918 ihn,
498 3875 567 3908 aber
590 3873 667 3916 nicht
684 3872 729 3907 die
746 3871 855 3906 Mittel
869 3871 920 3913 für
936 3869 1097 3912 wichtigere

256 3921 414 3962 Auslagen
437 3919 552 3952 rauben
577 3918 690 3960 dürfen.
742 3916 821 3950 Man
845 3915 914 3958 höre
952 3914 1005 3956 auf
1042 3913 1098 3947 mit

256 3966 307 4000 der
329 3962 504 4005 unheimlich
529 3962 640 4003 starken
666 3958 970 4000 Subventionierung
993 3957 1097 4000 reicher

256 4005 539 4049 Genossenschaften,
593 4003 817 4046 wohlhabender
840 4002 996 4037 Verbände
1020 4002 1094 4036 aller
1119 3994 1125 4037 !

1557 244 1633 314 Der
1671 239 1825 313 Mtt
1855 239 2019 313 Mm
2055 237 2151 299 M
2177 236 2391 310 IflitPi-

2665 231 2967 303 Sonntag,
2999 231 3073 291 4,
3103 226 3431 299 Dezember
3463 226 3667 288 1898.

3063 875 3425 914 Jusertionsprerser

2996 917 3035 944 Per
3049 918 3167 944 einspaltige
3176 916 3277 942 Pettlzeile
3289 916 3333 937 oder
3346 916 3404 937 deren
3418 914 3489 936 Raum

2938 944 2974 971 für
2985 945 3016 966 die
3030 943 3119 969 Schwei,
3132 946 3159 965 r»
3173 944 3222 970 Rp.,
3240 942 3275 967 für
3287 942 3325 963 das
3338 940 3436 962 Auilanfc
3449 942 3476 962 «0
3488 939 3537 967 StP.,

2775 972 2947 1000 Lokal-Inserate
2957 973 2986 995 20
2996 971 3037 999 Rp.
3047 971 3104 998 (ejll.
3112 971 3206 1000 Frnanz.
3217 974 3237 990 u.
3247 968 3450 994 Chissre-An,eigen,
3460 966 3522 992 sotole
3535 966 3549 993 s.
3561 964 3704 993 «Nien-Les.».

3082 996 3195 1019 Reklamen
3204 995 3243 1023 Fr.
3253 996 3344 1021 1.-Per
3350 993 3417 1020 Zeile.
3716 997 3723 1016 i

3056 1031 3167 1059 «lleinige
3180 1030 3297 1057 Inseraten
3305 1028 3445 1053 »Nnnafcme:

2927 1080 2979 1086 —
3066 1080 3068 1083 ■
3099 1060 3252 1091 Rudolf
3266 1059 3392 1088 Mosse
3503 1074 3555 1080 —

2805 1100 3043 1128 »nnoncen-Eipedition
3063 1099 3098 1126 für
3110 1099 3148 1120 alle
3163 1096 3318 1125 schweizerischen
3334 1097 3378 1117 und
3393 1094 3542 1121 auUändischen
3561 1093 3672 1122 Zeitungen
3718 1102 3723 1110 -

3005 1133 3019 1154 5
3031 1128 3171 1160 Tanfcallestr.
3195 1124 3291 1160 Jülich
3316 1127 3433 1153 S-etfcestr.
3447 1126 3696 1167 10_

1123 1215 1193 1255 Art,
1221 1212 1387 1256 begüterter
1408 1210 1517 1254 Kreise,
1544 1209 1591 1244 die
1613 1213 1645 1244 cs
1668 1219 1742 1253 ganz
1772 1207 1883 1251 einfach
1905 1217 1959 1242 an¬

1126 1257 1275 1302 genehmer
1298 1256 1408 1299 finden,
1445 1262 1534 1290 wenn
1556 1253 1606 1289 der
1628 1253 1720 1289 Bund
1745 1252 1807 1296 ihre
1851 1246 1960 1286 Sekre¬

1127 1302 1236 1337 tariate
1257 1300 1381 1344 bezahlt,
1426 1300 1474 1334 als
1498 1305 1584 1333 wenn
1607 1297 1645 1341 sie
1668 1297 1750 1340 selbst
1772 1296 1826 1331 den
1849 1295 1960 1331 Beutel

1128 1345 1228 1389 öffnen
1249 1344 1371 1387 müssen.
1397 1343 1553 1386 Auslagen
1576 1342 1625 1385 für
1647 1341 1777 1381 Bauten,
1807 1340 1852 1375 die
1868 1340 1962 1375 weder

1127 1390 1188 1434 jetzt
1213 1388 1354 1431 dringend
1377 1387 1472 1431 nötig,
1501 1387 1569 1430 noch
1586 1387 1682 1429 später
1697 1384 1863 1428 Bedürfnis
1881 1384 1955 1427 sind,

1129 1436 1211 1476 möge
1234 1443 1302 1467 man
1327 1432 1470 1476 streichen.
1497 1432 1561 1466 Der
1585 1429 1797 1474 diplomatische
1821 1430 1958 1472 Apparat

1129 1477 1203 1521 ließe
1226 1477 1277 1520 sich
1303 1480 1390 1512 unter
1427 1475 1646 1519 Beibehaltung
1685 1474 1735 1508 des
1780 1473 1961 1516 Charakters

1130 1523 1177 1557 der
1201 1522 1421 1563 Vertretungen
1445 1520 1478 1554 in
1501 1520 1554 1554 den
1578 1518 1785 1562 verschiedenen
1824 1517 1961 1552 Ländern

1130 1565 1247 1609 billiger
1271 1565 1418 1608 gestalten,
1447 1571 1533 1599 wenn
1556 1574 1624 1599 man
1647 1562 1722 1604 nicht
1748 1562 1890 1605 allzusehr
1914 1561 1959 1595 die

1131 1610 1288 1654 Schemata
1327 1609 1375 1644 der
1398 1608 1597 1651 Großstaaten
1636 1606 1811 1650 uachahmen
1848 1605 1958 1640 würde.

1130 1655 1178 1691 An
1203 1654 1311 1697 solchen
1335 1654 1395 1687 und
1420 1652 1568 1696 ähnlichen
1606 1652 1727 1692 Dingen
1772 1650 1864 1692 lassen
1910 1649 1962 1692 sich

1131 1698 1260 1734 dauernd
1284 1697 1429 1740 Abstriche
1446 1696 1621 1738 anbringcn.
1647 1694 1824 1738 Allerdings
1840 1693 1961 1736 müßten

1132 1743 1177 1777 die
1200 1742 1399 1784 Anregungen
1422 1741 1497 1783 dazu
1520 1745 1578 1774 ans
1601 1740 1656 1774 den
1678 1738 1779 1773 Räten
1817 1739 1955 1778 kommen,

1133 1785 1187 1822 wie
1211 1785 1255 1820 die
1280 1785 1501 1827 Veranlassung
1524 1793 1559 1826 zu
1597 1784 1651 1818 den
1688 1782 1850 1825 Ausgaben
1897 1782 1965 1824 auch

1134 1838 1191 1865 von
1215 1830 1333 1872 dorther
1366 1829 1440 1863 kam.
1489 1829 1553 1862 Der
1599 1826 1775 1863 Bundesrat
1812 1827 1864 1870 hat
1909 1826 1965 1860 das

1134 1874 1253 1917 Budget
1277 1872 1379 1916 geniäß
1403 1873 1456 1907 den
1480 1872 1615 1915 früheren
1637 1870 1817 1913 Beschliisscn
1862 1870 1965 1913 aufzu-

1134 1918 1243 1962 stellen.
1284 1918 1337 1952 Da
1360 1916 1429 1951 aber
1452 1916 1492 1950 im
1516 1915 1595 1951 Rate
1619 1919 1650 1950 es
1674 1914 1810 1949 nieniand
1833 1915 1889 1949 mit
1912 1915 1966 1949 den

1133 1961 1251 2004 Kreisen
1275 1961 1431 1996 verderben
1453 1959 1528 2001 will,
1571 1959 1617 1994 die
1654 1959 1795 2003 getroffen
1841 1959 1956 1993 werden

1134 2006 1262 2047 müßten,
1292 2005 1367 2040 wird
1406 2009 1439 2039 es
1462 2003 1542 2047 wohl
1581 2003 1628 2039 ein
1668 2003 1805 2047 frommer
1843 2003 1965 2046 Wunsch

1134 2050 1255 2090 bleiben,
1307 2049 1364 2092 daß
1388 2050 1443 2083 das
1482 2048 1601 2091 Budget
1625 2048 1656 2082 in
1695 2046 1881 2091 Einnahmen
1904 2048 1964 2081 und

1133 2094 1296 2136 Ausgaben
1320 2092 1523 2135 ausgeglichen
1546 2092 1648 2126 werde.

1199 2138 1258 2173 Die
1274 2138 1365 2180 Wahl
1382 2138 1433 2171 des
1449 2135 1762 2179 Vundespräsidenten
1778 2135 1813 2178 ist
1829 2135 1959 2178 gegeben,

1134 2182 1302 2224 vermutlich
1319 2182 1386 2224 auch
1409 2180 1455 2215 die
1471 2181 1522 2214 des
1539 2180 1805 2224 Vizepräsidenten,
1832 2180 1964 2222 nachdem

1135 2227 1178 2262 die
1203 2225 1546 2267 Bundesversammlung
1568 2225 1661 2266 letztes
1678 2224 1758 2267 Jahr
1780 2223 1828 2258 ein
1851 2224 1965 2266 Präju¬

1136 2270 1179 2313 diz
1197 2270 1360 2312 geschaffen,
1390 2269 1506 2312 wonach
1530 2268 1700 2311 zuerst.alle
1715 2278 1808 2302 neuen
1826 2268 1967 2302 Bundes¬

1136 2313 1369 2356 ratsmitglieder
1419 2322 1471 2355 zur
1532 2311 1785 2354 Primas-Würde
1845 2311 1968 2354 erhoben

1137 2358 1251 2394 werden
1271 2356 1373 2400 sollen,
1424 2356 1512 2390 bevor
1545 2355 1650 2390 wieder
1673 2354 1753 2389 einer
1775 2355 1824 2388 der
1847 2355 1968 2389 Aeltern

1137 2412 1175 2438 an
1221 2401 1266 2435 die
1312 2400 1404 2442 Reihe
1442 2400 1557 2440 kommt,
1597 2400 1642 2433 die
1676 2398 1756 2442 schon
1779 2398 1888 2433 einmal
1925 2398 1970 2433 die

1137 2444 1386 2491 Präsidentschaft
1410 2443 1545 2478 bekleidet
1567 2443 1670 2486 haben.

1203 2489 1270 2524 Mit
1294 2488 1440 2531 Interesse
1462 2487 1536 2530 sieht
1560 2497 1629 2522 man
1652 2488 1702 2521 der
1724 2487 1881 2529 Beratung
1920 2486 1970 2520 des

1139 2532 1443 2579 Forstpolizeigesetzes
1467 2535 1617 2575 entgegen.
1659 2531 1705 2566 Es
1742 2541 1808 2573 mag
1835 2531 1866 2573 ja
1890 2530 1970 2573 schon

1139 2577 1242 2621 richtig
1266 2577 1335 2620 sein,
1364 2577 1422 2618 daß
1445 2586 1514 2610 man
1538 2576 1616 2617 mehr
1639 2575 1714 2618 thun
1730 2575 1822 2616 sollte,
1852 2575 1900 2609 als
1924 2574 1970 2609 die

1139 2621 1333 2664 Kommission
1356 2620 1389 2654 in
1413 2620 1496 2663 ihren
1520 2619 1699 2662 bereinigten
1722 2619 1878 2661 Anträgen
1903 2626 1969 2652 vor¬

1140 2666 1256 2710 schlägt.
1283 2664 1365 2698 Man
1389 2664 1460 2705 muß
1484 2663 1552 2697 aber
1574 2663 1642 2698 eben
1666 2663 1806 2705 beachten,
1844 2662 1902 2703 daß
1925 2662 1970 2696 die

1140 2708 1335 2751 Kommission
1358 2707 1450 2750 selbst,
1483 2707 1516 2741 in
1539 2706 1791 2749 unvermeidlicher
1814 2706 1972 2749 Rücksicht¬

1141 2753 1246 2795 nahme
1269 2752 1323 2795 auf
1344 2751 1392 2785 die
1414 2750 1648 2793 gegenwärtigen
1672 2749 1860 2793 finanziellen
1898 2750 1974 2784 Ver¬

1143 2796 1280 2841 hältnisse
1304 2796 1355 2830 des
1378 2795 1515 2833 Bundes,
1559 2794 1610 2837 sich
1648 2793 1729 2836 weise
1754 2794 1973 2836 Beschränkung

1143 2841 1301 2882 auferlegte
1314 2839 1372 2873 und
1392 2838 1536 2881 Abstriche
1552 2839 1665 2881 machte,
1695 2838 1739 2871 die
1755 2837 1793 2879 sie
1809 2838 1974 2881 anfänglich

1143 2884 1219 2926 nicht
1242 2882 1414 2924 voraussah.
1464 2883 1560 2916 Unter
1590 2883 1651 2916 dem
1676 2881 1901 2924 Gesichtspunkt
1925 2882 1974 2915 der

1141 2926 1333 2968 allgemeinen
1356 2925 1524 2967 Interessen
1549 2925 1680 2961 verdient
1703 2926 1758 2958 das
1775 2925 1971 2968 unbedingtes

1141 2971 1214 3005 Lob.
1262 2970 1320 3004 Unr
1367 2969 1396 3011 so
1434 2969 1499 3011 eher
1537 2969 1638 3012 dürfen
1678 2968 1723 3002 die
1761 2969 1971 3012 Forstmänner

1141 3013 1315 3056 begründete
1338 3011 1475 3055 Aussicht
1498 3012 1598 3056 haben,
1642 3012 1699 3054 daß
1737 3012 1819 3055 ihren
1858 3013 1973 3047 weiter-

1142 3057 1283 3102 gchenden
1309 3056 1466 3099 Wünschen
1490 3056 1671 3100 entsprochen
1695 3055 1779 3097 wird,
1807 3056 1907 3099 sobald
1925 3058 1973 3091 der

1141 3114 1259 3137 norvus
1281 3113 1387 3135 rerum
1421 3101 1705 3135 confoederationis
1742 3101 1797 3134 das
1843 3101 1969 3135 erlaubt.

1207 3145 1275 3180 Und
1299 3148 1332 3179 es
1354 3144 1425 3186 muß
1449 3144 1554 3178 wieder
1592 3144 1681 3188 besser
1718 3143 1854 3186 kommen,
1906 3145 1973 3179 weil

1143 3189 1195 3231 auf
1218 3189 1263 3223 die
1286 3189 1385 3231 Länge
1408 3188 1508 3231 unsere
1531 3198 1569 3222 an
1592 3188 1639 3222 ein
1674 3188 1861 3232 Haushalten
1902 3190 1973 3230 ohne

1143 3233 1273 3276 Defizite
1297 3233 1446 3275 gewöhnte
1470 3232 1672 3275 Bevölkerung
1710 3237 1741 3265 cs
1765 3232 1841 3275 nicht
1864 3233 1972 3267 dulden

1144 3277 1230 3317 wird,
1269 3277 1328 3318 daß
1350 3276 1392 3310 im
1414 3276 1507 3311 Bund
1530 3276 1575 3309 die
1611 3275 1775 3318 Ausgaben
1820 3276 1852 3310 in
1896 3276 1975 3310 einer

1146 3321 1239 3363 Weise
1262 3320 1396 3363 wachsen,
1425 3319 1483 3362 daß
1500 3320 1546 3353 die
1562 3320 1747 3363 Einnahmen
1764 3319 1840 3362 nicht
1857 3320 1975 3362 Schritt

1146 3365 1246 3409 halten
1261 3365 1382 3399 können.
1424 3364 1468 3398 Es
1486 3364 1542 3407 gilt
1558 3374 1629 3398 neue
1645 3363 1925 3407 Einnahmequellen
1941 3374 1976 3405 zu

1145 3409 1255 3453 suchen.
1304 3409 1390 3451 Fasse
1413 3418 1482 3442 man
1506 3418 1564 3443 nur
1588 3408 1633 3442 die
1655 3407 1774 3449 Quelle,
1817 3415 1902 3442 wenn
1940 3409 1978 3450 sie

1146 3454 1289 3497 gefunden
1315 3453 1358 3495 ist,
1403 3452 1490 3495 gleich
1515 3452 1671 3496 ordentlich
1697 3451 1757 3493 tief,
1806 3452 1901 3486 damit
1938 3451 1976 3495 sie

1145 3497 1270 3540 reichlich
1294 3496 1426 3539 sprudlc;
1466 3497 1547 3530 dann
1569 3496 1643 3530 wird
1668 3496 1716 3530 der
1739 3496 1832 3530 Bund
1856 3496 1924 3538 auch
1948 3496 1979 3530 in

1145 3540 1189 3575 die
1214 3541 1290 3582 Lage
1316 3540 1452 3582 kommen,
1497 3540 1550 3582 auf
1583 3540 1644 3574 dem
1669 3539 1789 3575 Gebiete
1814 3540 1864 3574 des
1904 3540 1979 3574 Ver¬

1146 3584 1236 3627 kehrs,
1265 3585 1315 3617 der
1339 3584 1412 3626 Post
1436 3584 1496 3617 und
1521 3584 1569 3618 der
1593 3583 1793 3626 Telegraphen
1818 3584 1979 3628 diejenigen

1145 3627 1401 3670 Erleichterungen
1426 3627 1568 3661 cintreten
1584 3637 1617 3670 zu
1636 3627 1734 3669 lassen,
1757 3627 1801 3660 die
1818 3627 1977 3670 zeitgemäß

1143 3669 1224 3713 sind;
1257 3671 1337 3703 dann
1361 3670 1437 3704 wird
1461 3680 1530 3704 man
1555 3679 1611 3704 von
1636 3672 1697 3705 dem
1722 3670 1828 3711 Axiom
1852 3672 1979 3714 abgchen

1144 3714 1264 3754 können,
1293 3714 1367 3755 Post
1401 3714 1462 3748 und
1502 3714 1666 3757 Telegraph
1694 3713 1778 3754 (incl.
1806 3715 1971 3758 Telephon)

1143 3757 1262 3799 müßten
1286 3757 1363 3799 nicht
1385 3766 1445 3791 nur
1467 3757 1521 3799 sich
1545 3757 1625 3798 selbst
1662 3757 1790 3799 erhalten
1831 3759 1892 3792 und
1931 3759 1976 3792 die

1144 3800 1260 3843 eigenen
1284 3800 1447 3841 Ausgaben
1478 3800 1689 3842 amortisieren,
1732 3800 1855 3841 sondern
1894 3802 1978 3842 sogar

1144 3845 1211 3887 noch
1235 3844 1318 3879 einen
1342 3843 1471 3879 Gewinn
1495 3844 1544 3887 für
1588 3843 1633 3878 die
1678 3843 1847 3886 allgemeine
1892 3845 1978 3887 Kasse

1145 3888 1301 3932 abwerfen.

2158 1232 2239 1285 Des
2268 1231 2432 1284 Kaisers
2459 1229 2679 1283 Keimkehr.

2360 1313 2426 1350 cftp
2444 1311 2597 1347 Berlin,
2620 1313 2643 1342 1.
2664 1309 2813 1347 Dezember.

2072 1369 2140 1403 Das
2162 1367 2337 1411 Kaiserpaar
2358 1366 2425 1410 hält
2447 1365 2531 1409 heute
2563 1364 2658 1408 seinen
2692 1363 2832 1408 feier¬

2006 1412 2137 1455 lichen
2159 1412 2330 1455 Einzug
2353 1411 2386 1445 in
2403 1410 2526 1451 Berlin;
2550 1409 2596 1444 die
2608 1408 2742 1451 Kaiserin
2757 1406 2834 1441 wird

2006 1456 2090 1491 dabei
2114 1456 2152 1491 im
2175 1456 2289 1498 Wagen
2306 1456 2354 1490 der
2369 1454 2472 1497 Kaiser
2487 1463 2522 1496 zu
2538 1453 2647 1496 Pferde
2662 1451 2834 1496 erscheinen;

2006 1501 2052 1535 bei
2076 1501 2123 1535 der
2146 1499 2334 1543 Gelegenheit
2356 1498 2464 1541 möchte
2490 1497 2530 1540 ich
2553 1496 2734 1539 berichtigen,
2777 1494 2835 1536 daß

2007 1545 2055 1579 der
2078 1544 2184 1588 Kaiser
2206 1543 2283 1587 nicht
2305 1542 2349 1577 bei
2374 1543 2437 1577 dem
2462 1541 2596 1584 Einzüge
2625 1541 2655 1574 in
2678 1538 2832 1582 Jersalem,

2007 1589 2130 1630 sondern
2152 1588 2197 1623 bei
2221 1588 2271 1622 der
2294 1586 2492 1629 Einweihung
2524 1585 2572 1619 der
2596 1583 2784 1627 Erlöserkiche
2800 1582 2832 1617 in

2007 1633 2087 1675 jener
2109 1632 2248 1674 Rüstung
2287 1631 2347 1665 und
2370 1627 2586 1672 Kleiderpracht
2625 1629 2747 1671 auftrat,
2791 1626 2836 1661 die

2009 1678 2060 1719 ihn
2084 1677 2138 1712 wie
2160 1675 2327 1718 Lohengrin
2350 1674 2505 1717 erscheinen
2528 1673 2598 1716 ließ.
2626 1674 2720 1717 Heute
2735 1671 2835 1714 durch¬

2008 1721 2083 1764 zieht
2106 1722 2153 1756 der
2174 1720 2278 1762 Kaiser
2310 1727 2368 1753 von
2407 1719 2471 1752 dem
2493 1717 2533 1751 im
2571 1717 2750 1759 Tiergarten
2788 1714 2834 1749 be-

2009 1765 2125 1808 legenen
2158 1763 2338 1807 Schlößchen
2376 1763 2517 1798 Bellevue
2560 1761 2609 1796 ein
2653 1759 2744 1796 Stück
2789 1760 2838 1794 der

2011 1807 2418 1852 Berlin-Charlottenburger
2441 1805 2588 1849 Chaussee,
2639 1806 2724 1840 reitet
2747 1803 2832 1846 durch

2012 1854 2068 1888 das
2103 1851 2351 1894 Brandenburger
2388 1851 2473 1894 Thor
2509 1850 2554 1884 die
2591 1850 2709 1892 Straße
2744 1848 2841 1883 Unter

2011 1898 2065 1931 den
2089 1897 2200 1932 Linden
2225 1896 2344 1938 entlang
2389 1905 2439 1929 am
2475 1894 2619 1929 Denkmal
2656 1894 2706 1928 des
2743 1892 2841 1928 Alten

2011 1941 2089 1984 Fritz
2126 1941 2186 1976 und
2231 1940 2292 1974 dem
2338 1938 2617 1974 Nationaldenkmal
2661 1938 2711 1973 des
2756 1936 2838 1971 alten

2010 1985 2128 2028 Kaisers
2152 1985 2200 2019 bis
2222 1994 2287 2027 zum
2310 1983 2449 2019 Berliner
2472 1982 2663 2026 Stadtschloß
2701 1990 2740 2015 an
2791 1981 2840 2014 der

2011 2030 2119 2072 Spree.
2146 2028 2225 2064 Sein
2249 2027 2362 2071 Einzug
2402 2027 2468 2070 geht
2508 2027 2567 2069 also
2606 2026 2651 2061 die
2688 2024 2836 2068 berühmte

2010 2073 2167 2116 historische
2191 2071 2473 2115 Triumph-Straße
2500 2071 2630 2113 entlang,
2658 2069 2755 2112 welche
2771 2068 2839 2111 nach

2010 2119 2063 2152 den
2087 2117 2209 2160 Kriegen
2232 2124 2290 2150 von
2315 2118 2408 2156 1864,
2439 2117 2520 2148 1866
2544 2115 2606 2149 und
2632 2114 2769 2148 1870/71
2796 2113 2839 2147 die

2010 2161 2238 2205 heimkehrenden
2263 2159 2428 2202 siegreichen
2445 2159 2606 2202 Feldherrn
2623 2168 2660 2192 an
2676 2157 2725 2192 der
2740 2156 2841 2200 Spitze

2012 2207 2062 2239 der
2085 2207 2226 2248 Truppen
2250 2204 2383 2246 umringt
2407 2211 2466 2237 von
2502 2204 2550 2236 der
2588 2201 2744 2244 jubelnden
2782 2201 2842 2235 Be¬

2011 2250 2166 2292 völkerung
2190 2248 2393 2290 dnrchmaßen.
2420 2247 2486 2281 Vor
2500 2247 2562 2280 dem
2578 2244 2844 2287 Brandenburger-

2013 2294 2112 2336 Thorc
2135 2292 2257 2332 werden,
2286 2291 2341 2325 wie
2362 2291 2409 2324 bei
2425 2291 2474 2324 der
2488 2290 2629 2332 Rückkehr
2643 2290 2721 2332 jener
2736 2288 2846 2330 Sieger

2014 2337 2060 2370 die
2105 2336 2335 2377 Würdenträger
2386 2335 2437 2368 der
2492 2334 2591 2368 Stadt
2647 2332 2736 2367 neben
2793 2333 2846 2366 den

2016 2380 2137 2423 Spitzen
2159 2380 2208 2414 der
2231 2378 2422 2413 Generalität
2445 2379 2505 2412 und
2543 2377 2739 2413 Admiralität
2785 2377 2839 2410 das

2015 2424 2190 2466 Kaiserpaar
2202 2422 2358 2464 begrüßen.
2378 2424 2444 2457 Der
2456 2421 2684 2464 Bürgermeister
2695 2420 2846 2463 Kirschner

2017 2469 2067 2502 der
2090 2468 2141 2510 seit
2164 2467 2306 2510 ungefähr
2329 2466 2420 2500 einem
2444 2465 2546 2509 halben
2569 2466 2665 2509 Jahre
2688 2464 2841 2507 vergeblich

2016 2513 2069 2555 auf
2093 2512 2136 2546 die
2159 2510 2314 2554 kaiserliche
2338 2510 2532 2552 Bestätigung
2563 2510 2653 2551 seiner
2690 2516 2752 2543 vom
2786 2509 2839 2542 den

2016 2555 2304 2590 Stadtverordneten
2328 2555 2513 2597 vollzogenen
2537 2554 2628 2597 Wahl
2657 2563 2721 2596 zum
2745 2552 2841 2587 Ober¬

2017 2599 2235 2643 bürgermeister
2273 2598 2399 2634 Berlins
2445 2599 2537 2642 harrt,
2586 2598 2662 2632 wird
2709 2596 2846 2639 umgeben

2018 2652 2076 2678 von
2101 2643 2389 2678 Stadtverordneten
2414 2643 2474 2676 und
2511 2642 2753 2677 Gemeinderäten
2792 2641 2845 2674 den

2018 2688 2063 2731 hei
2073 2687 2255 2730 mkehrcnden
2279 2686 2378 2729 Kaiser
2401 2686 2459 2720 mit
2495 2686 2586 2720 einem
2610 2684 2847 2720 Willkommens-

2019 2732 2096 2774 gruß
2118 2731 2158 2765 im
2181 2731 2296 2766 Namen
2319 2731 2367 2763 der
2391 2730 2491 2764 Stadt
2521 2730 2701 2773 empfangen,
2749 2728 2843 2762 wobei

2020 2775 2066 2809 die
2087 2775 2314 2818 Kirchcnglocken
2336 2774 2440 2808 läuten
2462 2774 2583 2808 werden.
2622 2774 2681 2808 Die
2705 2772 2847 2814 gesamten

2020 2819 2121 2854 Garde
2137 2820 2278 2861 Truppen
2295 2819 2408 2851 werden
2426 2818 2479 2851 den
2494 2818 2565 2859 Weg
2585 2818 2705 2859 entlang
2722 2816 2849 2859 Spalier

2019 2863 2116 2897 bilden
2140 2863 2198 2896 und
2224 2862 2254 2895 in
2279 2862 2339 2895 dem
2355 2862 2530 2904 Lustgarten
2550 2861 2624 2895 beim
2642 2860 2753 2905 Schloß
2770 2860 2846 2894 wird

2018 2916 2083 2949 zum
2107 2906 2238 2950 Schlüsse
2262 2906 2323 2939 eine
2347 2906 2466 2948 Parade
2489 2905 2669 2948 abgehalten.
2705 2904 2760 2939 Bei
2785 2905 2847 2938 dem

2019 2951 2133 2993 schönen
2157 2950 2280 2989 Wetter,
2308 2950 2362 2983 das
2386 2949 2444 2983 wir
2467 2949 2549 2991 heute
2565 2949 2667 2992 haben,
2695 2948 2770 2983 wird
2786 2948 2843 2982 das

2019 2993 2191 3036 Schauspiel
2214 2993 2242 3035 so
2267 2994 2396 3028 lärmend
2421 2994 2483 3027 und
2499 2993 2527 3035 so
2544 2994 2684 3035 glänzend
2708 2992 2761 3026 wie
2785 3002 2844 3026 nur

2018 3038 2137 3081 möglich
2161 3037 2228 3080 sein,
2258 3037 2334 3072 denn
2357 3038 2407 3071 der
2429 3037 2566 3080 feierliche
2605 3037 2720 3079 Einzug
2757 3036 2852 3079 findet

2019 3082 2156 3124 Mittags
2180 3091 2229 3115 um
2245 3082 2259 3112 1
2276 3081 2339 3124 Uhr
2361 3082 2442 3123 statt,
2472 3082 2532 3123 also
2554 3092 2606 3124 zur
2624 3082 2702 3124 Zeit,
2730 3088 2777 3114 wo
2800 3080 2849 3123 für

2019 3125 2064 3159 die
2087 3125 2200 3168 meisten
2225 3124 2372 3168 Geschäfte
2395 3126 2457 3159 und
2480 3125 2656 3168 Komptoirs
2680 3124 2725 3159 die
2762 3125 2851 3167 große

2020 3169 2212 3212 Essenspausc
2246 3168 2290 3211 ist,
2319 3176 2364 3202 wo
2399 3169 2544 3209 Arbeiter,
2572 3169 2768 3212 Schulkinder
2791 3169 2851 3202 und

2020 3212 2251 3255 Ladenmädchen
2277 3213 2328 3255 auf
2350 3213 2411 3246 dem
2447 3212 2649 3255 Mittagsweg
2687 3212 2760 3255 sind,
2806 3219 2851 3246 wo

2019 3262 2051 3291 es
2075 3256 2239 3299 überhaupt
2254 3266 2294 3291 an
2309 3256 2398 3299 jedem
2416 3257 2607 3298 Wochentage
2623 3265 2680 3290 von
2695 3256 2851 3298 Menschen

2021 3301 2053 3335 in
2077 3301 2130 3335 den
2147 3301 2285 3341 Straßen
2301 3300 2452 3334 wimmelt.
2480 3301 2628 3343 Während
2645 3301 2694 3334 des
2711 3299 2846 3341 Einzugs

2022 3345 2087 3388 sind
2103 3344 2274 3388 polizeiliche
2292 3345 2642 3387 Straßen-Sperrnngen
2659 3345 2845 3386 angeordnet,

2023 3393 2088 3423 was
2113 3390 2176 3432 noch
2200 3389 2300 3422 weiter
2322 3399 2372 3431 zur
2394 3388 2583 3431 Aufstauung
2600 3389 2703 3428 starker
2726 3387 2847 3429 Massen

2025 3433 2098 3475 nahe
2120 3434 2167 3466 der
2191 3432 2459 3475 Einzugs-Straße
2481 3432 2628 3475 Vorschub
2651 3432 2750 3475 leistet.

2070 3477 2155 3518 Ohne
2171 3476 2279 3520 großen
2295 3477 2445 3518 Aufwand
2462 3485 2518 3510 von
2531 3476 2693 3520 Phantasie
2710 3476 2784 3509 kann
2800 3475 2851 3518 sich

2027 3521 2083 3554 das
2093 3521 2267 3563 Kaiserpaar
2283 3520 2419 3554 inmitten
2432 3521 2483 3554 des
2495 3520 2852 3563 Menschengewühls,das

2028 3564 2080 3607 sich
2106 3565 2213 3607 infolge
2237 3565 2286 3599 der
2301 3564 2605 3607 Verkehrs-Störung
2622 3564 2748 3607 anfthun
2764 3563 2850 3604 wird,

2026 3609 2256 3652 vorübergehend
2290 3610 2337 3642 der
2373 3608 2629 3652 schmeichelhaften
2666 3608 2855 3649 Vorstellung

2025 3652 2174 3696 hingeben,
2219 3653 2276 3692 daß
2300 3658 2330 3686 cs
2354 3653 2479 3695 wirklich
2517 3653 2563 3686 ein
2602 3653 2660 3687 Art
2698 3652 2855 3694 sieghaften

2025 3695 2174 3738 Einzuges
2199 3696 2230 3729 in
2255 3696 2299 3729 die
2315 3696 2592 3740 Reichshanptstadt
2616 3697 2689 3738 hält.
2718 3696 2786 3730 Nur
2811 3696 2855 3729 die

2024 3740 2269 3781 weißgekleideten
2315 3741 2413 3782 Ehren
2429 3756 2441 3768 -
2451 3741 2643 3782 Jungfrauen
2688 3740 2747 3773 und
2793 3739 2855 3773 eine

2023 3783 2303 3825 psalmen-singcnde
2326 3784 2531 3826 Schuljugend
2547 3784 2625 3817 tvird
2648 3783 2757 3826 fehlen;
2782 3782 2855 3824 diese

2023 3836 2057 3867 zu
2076 3826 2237 3868 beschaffen,
2259 3834 2322 3860 war
2340 3827 2385 3868 für
2401 3828 2448 3860 die
2463 3827 2602 3862 Berliner
2618 3826 2852 3871 Hoflieferanten

2023 3870 2084 3903 und
2109 3869 2457 3912 Magistrats-Personen
2482 3871 2526 3904 die
2541 3865 2612 3913 Zeit
2627 3865 2668 3913 "311
2687 3871 2760 3913 kurz.
2788 3870 2854 3904 Wie

2022 3912 2129 3954 gesagt,
2171 3914 2226 3947 das
2250 3913 2409 3956 äußerliche
2434 3914 2506 3949 Bild
2544 3914 2620 3948 wird
2666 3913 2710 3948 bei
2755 3918 2853 3955 gutem

2022 3956 2136 3990 Wetter
2158 3956 2204 3991 ein
2229 3956 2417 3999 bestechendes
2442 3958 2509 4000 sein,
2554 3958 2622 4000 auch
2647 3968 2683 3991 an
2710 3957 2853 3999 tüchtigen

2021 3999 2261 4043 Hnrrrahrufcrn
2288 4001 2362 4035 wird
2385 4006 2418 4035 es
2443 4001 2518 4044 nicht
2541 4002 2651 4045 fehlen;
2697 4000 2734 4044 sie
2757 4001 2852 4044 fehlen

2875 1199 2924 1235 nie
2946 1199 3007 1234 und
3040 1197 3089 1232 bei
3122 1197 3214 1232 keiner
3252 1194 3443 1239 Gelegenheit
3480 1193 3513 1229 in
3557 1192 3636 1228 einer
3676 1192 3709 1236 so

2877 1244 2988 1287 großen
3011 1241 3113 1277 Stadt
3141 1241 3199 1276 wie
3220 1239 3339 1275 Berlin.

2942 1288 3020 1323 Was
3044 1286 3113 1321 aber
3135 1285 3234 1329 hinter
3257 1284 3310 1318 den
3348 1282 3516 1326 befohlenen
3552 1282 3711 1324 Truppen-

2879 1332 3050 1375 Spalieren,
3102 1330 3201 1374 hinter
3246 1328 3295 1363 der
3316 1327 3403 1363 Kette
3441 1326 3491 1361 der
3526 1325 3712 1368 neugierigen

2880 1376 3105 1419 Müßiggänger
3138 1374 3201 1409 und
3235 1372 3285 1407 der
3314 1371 3400 1416 ihren
3446 1370 3714 1414 Geschäftsgängen

2881 1420 3104 1463 aufgehaltenen
3125 1417 3383 1459 Menschenmenge
3417 1415 3473 1449 das
3516 1413 3619 1457 übrige
3663 1422 3713 1447 ar¬

2881 1464 3011 1499 beitende
3034 1463 3096 1497 und
3117 1462 3272 1505 nüchterne
3294 1459 3402 1495 Berlin
3425 1466 3482 1493 von
3503 1458 3567 1493 dem
3610 1465 3713 1501 pomp¬

2883 1508 2983 1551 haften
3006 1507 3136 1550 Einzuge
3160 1504 3242 1540 denkt
3266 1503 3326 1539 und
3351 1503 3424 1547 sagt,
3468 1502 3523 1536 das
3561 1502 3634 1536 wird
3665 1502 3715 1536 der

2884 1551 3033 1588 Kenntnis
3057 1551 3108 1585 des
3131 1549 3326 1593 KaiserpaarS
3366 1547 3444 1590 wohl
3481 1546 3611 1581 dauernd
3649 1549 3712 1581 ent¬

2885 1606 2972 1640 zogen
2995 1594 3119 1630 bleiben.
3146 1593 3266 1629 Leider!
3289 1592 3360 1634 muß
3384 1601 3453 1626 man
3469 1590 3632 1625 bedauernd
3648 1589 3715 1633 hin¬

2884 1641 3015 1684 zufügen,
3044 1640 3120 1674 denn
3134 1639 3192 1673 das
3208 1637 3288 1681 kurze
3302 1637 3482 1678 Vergnügen
3497 1635 3550 1669 des
3566 1634 3714 1678 Einzuges

2885 1685 2921 1727 ist
2943 1684 3022 1728 wohl
3037 1684 3121 1718 kaum
3135 1683 3183 1718 die
3195 1681 3301 1723 langen
3317 1680 3465 1723 kritischen
3480 1679 3715 1721 Betrachtungen

2886 1732 2968 1769 wert,
2995 1728 3096 1771 welche
3116 1732 3149 1762 es
3173 1725 3416 1768 durchschnittlich
3440 1724 3481 1757 im
3502 1724 3612 1766 Gefolg
3649 1723 3713 1764 hat.

2952 1772 3025 1807 Seit
3049 1773 3111 1807 dem
3133 1772 3218 1814 Tage
3241 1771 3291 1804 der
3326 1768 3469 1811 Rückkehr
3505 1768 3557 1802 des
3594 1761 3715 1809 Kaisers

2887 1817 2919 1852 in
2943 1817 3094 1860 Potsdam
3116 1815 3192 1850 wird
3215 1814 3272 1849 das
3309 1813 3435 1856 Gerücht
3481 1811 3557 1855 nicht
3601 1811 3713 1853 stumm,

2887 1861 2944 1903 daß
2968 1861 3017 1896 der
3055 1860 3127 1904 Chef
3165 1860 3216 1894 des
3262 1857 3440 1900 kaiserlichen
3484 1855 3716 1890 Civilkabinetts

2887 1907 2964 1950 Herr
2987 1905 3014 1940 v.
3040 1905 3244 1939 Lucanns
3284 1901 3353 1936 bald
3377 1909 3434 1936 von
3457 1900 3561 1943 seinem
3606 1899 3714 1944 Posten

2887 1950 3008 1993 scheiden
3031 1949 3134 1984 lverde.
3185 1946 3245 1983 Die
3268 1946 3350 1981 einen
3374 1944 3507 1988 glauben,
3559 1954 3590 1979 er
3626 1944 3718 1978 werde

2887 1995 2973 2037 gehen
2997 1994 3045 2028 als
3070 1993 3165 2036 Opfer
3209 1990 3261 2025 des
3304 1990 3476 2033 Lippeschen
3519 1988 3708 2032 Streitfalls,

2887 2038 2954 2073 weil
2976 2037 3023 2072 ein
3047 2035 3239 2072 Sündenbock
3285 2035 3428 2078 gefunden
3474 2033 3587 2068 werden
3609 2032 3707 2075 müsse,

2886 2083 2946 2117 dem
2971 2082 3016 2116 die
3039 2081 3155 2125 schroffe
3179 2079 3310 2124 Fassung
3346 2079 3397 2112 der
3433 2077 3611 2120 kaiserlichen
3657 2078 3719 2111 De¬

2887 2127 2977 2169 pesche
3001 2136 3037 2160 an
3063 2127 3116 2160 den
3154 2124 3402 2166 Graf-Regenten
3440 2115 3629 2164 aufzuhalsen
3666 2120 3715 2163 sei,

2887 2171 2980 2204 damit
3024 2169 3088 2204 eine
3130 2167 3372 2212 Verständigung
3426 2166 3570 2209 geschehen
3615 2165 3714 2200 könne.

2889 2214 3004 2249 Andere
3025 2216 3187 2253 vermuten,
3230 2212 3306 2255 Herr
3329 2218 3358 2244 v.
3386 2211 3524 2244 Lucanns
3548 2209 3619 2252 habe
3663 2208 3715 2251 auf

2891 2259 2939 2292 der
2961 2255 3222 2300 Palästina-Reise
3244 2252 3298 2298 sich
3336 2254 3383 2288 die
3426 2253 3574 2297 bisherige
3616 2253 3723 2287 Gnade

2892 2302 2945 2336 des
2968 2301 3090 2345 Kaisers
3112 2300 3273 2344 verscherzt.
3321 2298 3440 2333 Wieder
3485 2298 3590 2332 andere
3625 2300 3717 2337 raten,

2892 2347 2969 2390 Herr
2992 2354 3020 2380 v.
3048 2346 3188 2379 Lucanns
3225 2343 3264 2386 sei
3286 2343 3450 2386 überhaupt
3477 2341 3640 2376 amtsmüde
3662 2341 3722 2375 und

2892 2391 2973 2433 sehne
2996 2378 3048 2432 sich
3073 2389 3139 2433 nach
3164 2389 3255 2423 einem
3279 2387 3433 2430 ruhigeren
3457 2387 3577 2429 Posten.
3618 2385 3721 2420 Darin

2892 2435 2958 2468 aber
2981 2434 3111 2476 stimmen
3145 2433 3192 2467 die
3230 2431 3345 2474 meisten
3391 2430 3517 2472 überein,
3570 2429 3626 2472 daß
3671 2430 3720 2463 der

2895 2478 3045 2521 „schwarze
3069 2478 3209 2518 Mann",
3258 2477 3306 2510 der
3329 2474 3483 2517 Minister,
3526 2474 3576 2508 der
3610 2473 3724 2516 welcher

2892 2522 2979 2566 ihnen
3003 2523 3086 2565 ihren
3109 2522 3208 2563 Sturz
3231 2530 3266 2562 zu
3289 2519 3450 2553 verkünden
3475 2518 3534 2561 hat,
3579 2524 3663 2551 wenn
3683 2517 3724 2560 sie

2892 2566 2960 2609 nach
2985 2566 3098 2600 Seiner
3130 2564 3278 2607 Majestät
3300 2563 3482 2605 Auffassung
3526 2560 3727 2605 abschiedsreif

2892 2611 2965 2652 sind,
2996 2610 3098 2653 gerade
3121 2609 3185 2652 jetzt
3208 2608 3308 2642 weiter
3324 2607 3366 2641 im
3382 2607 3469 2641 Amte
3485 2605 3596 2640 bleiben
3620 2605 3720 2646 werde,

2893 2654 3025 2697 nachdem
3049 2654 3082 2687 in
3105 2654 3153 2687 der
3178 2652 3279 2696 Presse
3301 2659 3360 2686 von
3390 2650 3494 2693 seinem
3530 2651 3626 2693 nahen
3640 2693 3649 2700 _
3664 2649 3726 2684 Ab¬

2894 2698 2980 2741 schied
3004 2698 3115 2741 geredet
3138 2696 3268 2731 worden.
3316 2696 3409 2730 Denn
3440 2695 3495 2728 das
3517 2694 3574 2736 soll
3596 2693 3725 2735 unserem

2895 2742 3031 2785 heutigen
3053 2741 3221 2784 politischen
3244 2739 3469 2781 Volksglauben
3491 2738 3593 2780 gemäß
3617 2737 3649 2771 in
3672 2737 3726 2772 den

2896 2786 3011 2826 meisten
3033 2786 3139 2829 Fällen
3164 2784 3232 2828 noch
3257 2784 3358 2818 immer
3395 2784 3450 2817 das
3496 2782 3568 2824 beste
3612 2779 3722 2816 Mittel

2896 2830 2965 2872 sein,
3014 2830 3098 2864 einen
3121 2829 3229 2863 bereits
3254 2828 3304 2862 ins
3350 2827 3481 2861 Wanken
3525 2826 3722 2868 gekommenen

2897 2875 3037 2916 Minister
3062 2874 3128 2908 oder
3144 2872 3288 2915 sonstigen
3303 2871 3534 2913 Würdenträger
3549 2869 3654 2904 wieder
3677 2869 3726 2904 bis

2899 2919 2949 2962 auf
2973 2918 3117 2953 Weiteres
3139 2928 3175 2961 zu
3200 2915 3362 2960 befestigen.
3727 2924 3734 2937 >

3175 2979 3190 2994 *
3304 2997 3319 3012 »
3426 2976 3443 2992 *

3186 3033 3244 3062 dp
3267 3029 3418 3062 Berlin,
3438 3028 3485 3057 den
3505 3031 3528 3056 I.
3547 3027 3692 3062 Dezember.

2964 3082 3026 3115 Der
3049 3079 3185 3122 feierliche
3208 3078 3320 3122 Einzug
3344 3078 3397 3112 des
3420 3077 3624 3120 Kaiserpaarcs
3659 3076 3728 3119 ging

2899 3124 2979 3167 heute
3002 3125 3105 3167 mittag
3127 3122 3365 3166 programmäßig
3403 3122 3433 3156 in
3471 3117 3519 3155 der
3542 3120 3646 3154 bereits
3684 3130 3729 3163 ge¬

2899 3169 3058 3211 schilderten
3083 3169 3174 3212 Form
3197 3175 3249 3201 vor
3272 3167 3332 3210 sich.
3380 3166 3450 3201 Von
3472 3165 3532 3199 vier
3569 3164 3729 3207 prächtigen

2899 3214 3023 3254 Rappen
3058 3223 3188 3256 gezogen,
3227 3211 3310 3245 rollte
3347 3210 3398 3244 der
3435 3209 3525 3252 offene
3548 3208 3730 3252 Galawagen

2897 3257 3004 3301 einher,
3027 3257 3058 3291 in
3083 3256 3212 3298 welchem
3227 3255 3272 3288 die
3282 3253 3416 3296 Kaiserin
3439 3253 3498 3296 saß,
3521 3252 3678 3296 eingehüllt
3697 3252 3731 3286 in

2898 3301 2990 3343 Zobel
3013 3300 3073 3334 und
3099 3301 3245 3334 Sammet.
3292 3297 3398 3342 Hinter
3421 3298 3468 3340 ihr
3489 3297 3541 3331 ritt
3564 3297 3612 3330 der
3623 3296 3730 3338 Kaiser,

2897 3345 2949 3377 den
2988 3344 3032 3377 die
3069 3354 3117 3377 am
3154 3342 3269 3384 meisten
3308 3341 3491 3384 nengierigen
3513 3340 3651 3375 Berliner
3683 3348 3731 3374 am

2898 3387 3013 3429 liebsten
3050 3388 3082 3421 in
3121 3387 3170 3421 der
3207 3385 3463 3429 phantasiereichen
3499 3383 3606 3426 Tracht
3643 3384 3731 3424 seiner

2898 3430 3071 3474 Orientreise
3095 3431 3207 3474 gesehen
3230 3430 3337 3472 hätten,
3362 3429 3402 3462 im
3426 3438 3534 3470 grauen
3554 3427 3731 3462 Kavallerie-

2898 3476 3006 3509 mantel
3027 3474 3082 3509 mit
3105 3473 3365 3518 orangenfarbener
3388 3473 3528 3515 Schärpe.
3554 3472 3627 3506 Eine
3643 3471 3732 3505 bunte

2899 3520 2996 3554 Wolke
3018 3527 3075 3553 von
3089 3517 3314 3560 Stallmeistern,
3337 3516 3517 3558 Adjutanten
3541 3518 3577 3550 u.'
3587 3516 3605 3557 s.
3618 3523 3655 3550 w.
3668 3525 3732 3549 um¬

2901 3564 2989 3608 hüllte
3012 3564 3067 3597 das
3092 3562 3273 3606 Kaiserpaar.
3297 3561 3356 3595 Am
3379 3559 3626 3603 Brandenburger
3650 3559 3733 3602 Thor

2902 3607 2956 3650 gab
2980 3611 3104 3641 namens
3141 3607 3191 3641 der
3214 3605 3389 3640 Stadtväter
3426 3605 3475 3638 der
3507 3603 3734 3647 Bürgermeister

2902 3651 3049 3695 Kirschner
3084 3652 3131 3685 der
3164 3649 3362 3693 tiefgefühlten
3386 3648 3498 3692 Freude
3531 3649 3583 3681 des
3606 3647 3734 3682 Wieder¬

2902 3696 3000 3739 sehens
3023 3695 3212 3737 rednerischen
3234 3692 3393 3733 Ausdruck,
3428 3692 3543 3734 worauf
3565 3691 3614 3726 der
3635 3691 3735 3734 Kaiser

2902 3740 2931 3773 in
2955 3740 3087 3782 längerer
3110 3739 3204 3772 lauter
3226 3737 3386 3779 Ansprache
3409 3738 3585 3775 antwortete,
3605 3735 3680 3777 „daß
3701 3743 3733 3769 er

2902 3783 2986 3825 hoffe,
3010 3787 3041 3816 es
3065 3782 3102 3824 sei
3124 3782 3185 3824 ihm
3215 3781 3268 3814 mit
3290 3771 3379 3822 seiner
3401 3779 3484 3817 Reise
3505 3779 3658 3822 gelungen,
3692 3787 3733 3813 an

2901 3828 2948 3859 der
2971 3825 3128 3868 erhabenen
3152 3823 3287 3866 Aufgabe
3308 3822 3512 3866 mitzuwirken,
3536 3822 3592 3857 den
3614 3822 3735 3857 Völker-

2900 3869 3007 3912 frieden
3028 3879 3064 3911 zu
3087 3868 3268 3912 befestigen".
3312 3868 3384 3901 Das
3408 3867 3525 3907 Wetter,
3558 3866 3734 3910 vormittags

2900 3913 2952 3954 erst
2975 3913 3038 3953 kalt,
3064 3912 3131 3947 aber
3153 3911 3266 3954 sonnig,
3290 3911 3432 3945 wandelte
3454 3910 3506 3954 sich
3528 3910 3667 3965 während
3683 3911 3734 3945 deS

2901 3958 3031 4000 Umzugs
3055 3957 3088 3991 in
3111 3955 3313 3999 abscheulichen
3344 3955 3447 3997 Regen
3485 3965 3544 3995 um,
3583 3954 3632 3989 der
3669 3953 3737 3989 aber

2902 4001 2976 4044 nicht
2999 4001 3087 4044 große
3111 3999 3470 4043 Menschenansammlung
3494 3998 3632 4042 hinderte.

539 4121 835 4189 Imilletorr.

463 4237 589 4266 Dritter
607 4234 900 4267 Nathansvortrag.

302 4291 470 4329 Pfarrer
487 4287 616 4318 Meili:
636 4286 708 4316 Die
726 4284 917 4319 Religion
937 4283 971 4312 in
991 4283 1053 4312 der

430 4328 584 4364 Politik
603 4327 666 4357 der
685 4325 927 4360 Gegenwart.

314 4381 368 4411 Ein
388 4379 469 4413 Gang
489 4377 564 4411 durch
584 4376 620 4405 die
642 4374 782 4408 Geschichte
800 4373 843 4402 der
879 4370 1100 4407 Tagesereignisse

258 4422 303 4450 der
322 4421 486 4454 Gegenwart
504 4417 575 4453 zeigt,
616 4414 669 4448 daß
706 4414 746 4442 die
783 4412 905 4447 Religion
925 4411 1018 4440 immer
1037 4410 1097 4444 noch

258 4460 334 4489 einen
356 4458 452 4492 großen
467 4456 580 4490 Einfluß
599 4455 646 4488 ans
666 4454 715 4483 das
735 4452 859 4489 politische
878 4450 958 4480 Leben
990 4449 1097 4479 ausübt.

257 4498 343 4533 Zwar
356 4497 422 4529 nicht
434 4499 502 4525 etwa
515 4496 579 4529 bloß
594 4496 618 4524 in
634 4494 730 4529 China,
751 4494 778 4522 in
792 4493 834 4521 der
848 4490 1101 4526 mohaincdanischcn

258 4536 337 4571 Welt,
380 4535 406 4563 in
425 4534 474 4563 den
494 4533 738 4568 Missionsgcbietcn
758 4532 873 4567 Afrikas,
914 4530 1021 4565 sondern
1041 4528 1100 4563 auch

259 4577 288 4607 in
309 4576 424 4609 Europa.
461 4574 517 4603 Der
537 4572 660 4602 bekannte
680 4572 909 4607 Oberprokurator
930 4571 975 4600 deS
994 4569 1101 4604 heiligen

259 4614 388 4650 Synods,
411 4611 633 4648 Pobjedonoszcss,
659 4611 703 4645 hat
722 4611 751 4640 in
776 4611 843 4641 einer
865 4609 1038 4643 Streitschrift
1057 4608 1102 4641 auf

257 4656 426 4690 Westeuropa
447 4652 492 4682 als
511 4651 559 4685 auf
579 4652 617 4681 ein
638 4650 836 4684 abschreckendes
868 4650 980 4685 Beispiel
1017 4649 1102 4685 hinge-

257 4695 359 4729 ivicscn,
402 4701 442 4722 wo
470 4692 509 4721 die
528 4692 633 4726 meisten
655 4690 786 4723 Konflikte
805 4690 921 4726 zwischen
942 4689 1030 4723 Kirche
1050 4688 1103 4717 und

258 4736 350 4765 Staat
369 4732 528 4768 stattfindcn.
573 4731 623 4761 Die
646 4730 735 4764 Kirche
757 4730 819 4765 habe
839 4730 892 4764 hier
911 4730 980 4759 keine
1000 4729 1103 4763 Selbst¬

258 4773 411 4810 ständigkeit
447 4772 526 4807 mehr,
571 4771 612 4800 der
652 4770 740 4800 Staat
778 4770 809 4803 sei
838 4770 892 4798 und
911 4769 1004 4804 regiere
1024 4768 1100 4803 alles,

257 4813 357 4844 arbeite
376 4812 461 4841 dai»it
480 4812 537 4840 dem
560 4810 755 4847 Sozialismus
787 4811 815 4839 in
844 4810 885 4838 die
921 4808 1013 4843 Händc
1050 4807 1105 4837 und

258 4853 357 4886 dränge
397 4851 435 4880 die
472 4850 581 4885 Bürger
615 4858 678 4880 vom
714 4849 850 4885 religiösen
869 4849 951 4878 Leben
970 4848 1010 4878 ab.
1052 4847 1105 4878 Die

258 4891 370 4925 Formel
390 4890 516 4919 Cavours
534 4898 588 4919 von
624 4889 670 4919 der
708 4889 788 4923 freien
824 4888 913 4923 Kirche
951 4888 988 4917 im
1025 4887 1105 4922 freien

259 4929 363 4958 Staate
383 4928 415 4962 sei
434 4929 489 4957 eine
509 4929 573 4957 leere
593 4928 701 4962 Phrase.
743 4929 824 4958 lieber
843 4928 883 4957 die
902 4927 1105 4963 protcstanlischc

258 4967 414 5002 Konfession
433 4967 491 5001 sagt
510 4967 732 5003 Pobjcdonoszcff,
775 4968 806 5001 sic
844 4968 875 5002 sei
912 4968 1033 5003 nüchtern
1051 4968 1105 4996 und

258 5008 303 5043 für
339 5007 380 5035 die
417 5005 516 5038 Russen
535 5006 604 5038 nicht
621 5006 744 5041 geeignet.
786 5007 842 5036 Der
861 5007 1105 5043 Protestantismus

256 5047 323 5083 habe
343 5044 492 5080 allerdings
512 5045 620 5078 Großes
642 5045 749 5079 gcivirkt
768 5045 805 5074 bei
825 5045 946 5082 Völker»,
982 5055 1010 5083 zu
1030 5047 1105 5077 deren

256 5086 403 5122 Charakter
420 5093 447 5115 er
466 5084 543 5119 passe.
582 5084 659 5118 Diese
680 5084 836 5119 Grnndsätzc
856 5085 901 5119 hat
921 5087 960 5116 die
991 5087 1105 5121 russische

256 5126 359 5164 Politik
379 5126 407 5154 in
426 5124 474 5154 den
496 5123 732 5159 Ostsceprovinzc»,
770 5125 797 5153 in
816 5124 859 5153 der
878 5125 1041 5160 Verfolgung
1062 5127 1105 5156 der

257 5166 421 5201 Stundisten
439 5173 466 5195 u.
491 5164 509 5196 s.
529 5172 564 5193 iv.
587 5164 612 5192 in
633 5163 673 5191 die
693 5163 793 5198 Praxis
811 5164 949 5199 umgescht.
972 5165 1025 5195 Die
1038 5166 1104 5200 Auf-

256 5208 361 5244 safsung
381 5207 424 5235 der
442 5204 584 5238 römischen
603 5202 693 5237 Kirche
711 5203 739 5232 in
778 5203 859 5236 diesen
898 5204 1008 5239 Dingen
1046 5206 1104 5241 geht

255 5248 304 5282 auf
324 5248 364 5276 die
385 5244 615 5277 mittelalterlichen
649 5242 778 5277 Theorien
808 5242 854 5272 deS
892 5243 1012 5277 Thomas
1051 5253 1103 5274 von

254 5288 365 5323 Aquino
385 5285 437 5316 nnd
457 5285 498 5314 die
516 5284 668 5319 päpstlichen
688 5282 787 5312 Bullen
806 5282 896 5317 zurück,
921 5283 995 5316 durch
1014 5284 1102 5317 welche

253 5333 332 5358 unter
351 5326 460 5356 andcrm
479 5325 530 5354 alle
551 5323 697 5357 Gelausten
716 5323 762 5352 der
781 5323 934 5357 päpstlichen
953 5324 1103 5358 Herrschaft

253 5368 434 5402 «ntermorsen
454 5366 567 5396 iverden.
606 5365 665 5394 Wie
685 5363 741 5392 dies
760 5362 840 5398 Ideal
860 5367 937 5392 untcr
966 5364 1102 5399 günstigen

1147 4095 1305 4129 Umständen
1343 4093 1507 4128 verwirklicht
1544 4094 1642 4123 werden
1679 4092 1778 4127 könnte,
1820 4093 1902 4129 zeigen
1935 4092 1979 4123 die

1148 4135 1317 4170 Philippinen
1336 4134 1384 4163 mit
1403 4134 1470 4169 ihrer
1489 4132 1735 4168 Mönchshcrrschaft
1765 4133 1818 4162 nnd
1856 4134 1979 4168 Spanien

1149 4174 1226 4209 selbst,
1250 4183 1290 4204 wo
1311 4174 1382 4209 selbst
1403 4174 1481 4209 große
1496 4174 1687 4207 Bankinstitntc
1701 4173 1744 4207 sich
1765 4173 1791 4202 in
1810 4173 1857 4202 den
1871 4174 1979 4208 Händen

1148 4213 1190 4243 der
1203 4214 1323 4249 Jesuiten
1338 4213 1465 4247 befinden.
1486 4214 1529 4249 In
1542 4213 1644 4248 Italien
1663 4212 1734 4247 sehen
1753 4212 1800 4242 wir
1820 4213 1867 4242 den
1881 4213 1979 4243 Wider¬

1148 4252 1218 4287 streit
1236 4252 1351 4287 zwischen
1370 4253 1511 4287 Papsttuin
1532 4253 1584 4281 und
1604 4251 1863 4288 LandcSautonoinic,
1900 4253 1979 4286 dessen

1147 4291 1261 4326 jüngster
1278 4292 1411 4320 Ausdruck
1429 4292 1468 4321 die
1487 4292 1610 4326 Unruhen
1646 4293 1673 4321 in
1709 4291 1835 4321 Mailand
1871 4293 1981 4326 gewesen

1145 4330 1210 4363 sind.
1235 4330 1321 4363 Sonst
1335 4331 1431 4365 könnte,
1449 4331 1510 4364 bloß
1525 4332 1553 4360 in
1566 4332 1698 4367 religiöser
1712 4331 1824 4365 Hinsicht
1838 4331 1976 4366 betrachtet,

1149 4368 1190 4397 der
1210 4369 1342 4403 päpstliche
1362 4370 1449 4404 Stuhl
1469 4370 1517 4399 mit
1537 4370 1592 4399 dem
1608 4371 1693 4406 Hanse
1709 4371 1837 4405 Savoyen
1856 4371 1981 4405 zufrieden

1149 4408 1205 4442 sein,
1230 4408 1273 4441 hat
1293 4408 1351 4441 doch
1371 4409 1409 4437 die
1428 4409 1505 4444 junge
1520 4410 1729 4445 Kronprinzessin
1748 4411 1786 4439 bei
1805 4411 1872 4445 ihrer
1890 4412 1982 4445 Heirat

1149 4447 1186 4476 die
1207 4447 1351 4480 katholische
1365 4448 1488 4482 Religion
1502 4449 1546 4478 als
1566 4449 1604 4478 die
1624 4450 1703 4479 allein
1723 4450 1821 4486 richtige
1841 4451 1892 4480 und
1912 4451 1981 4486 sclig-

1149 4486 1279 4520 machcnde
1299 4486 1462 4520 beschworen.
1503 4488 1545 4521 In
1565 4489 1713 4523 Frankreich
1733 4489 1762 4523 ist
1783 4489 1820 4519 die
1857 4491 1981 4525 Religion

1149 4535 1198 4557 von
1218 4525 1283 4560 jeher
1302 4529 1376 4554 unter
1406 4526 1561 4560 politischem
1600 4527 1811 4564 Gesichtspunkte
1848 4529 1983 4565 aufgcfaßt

1150 4566 1261 4597 worden.
1290 4565 1344 4594 Die
1362 4564 1424 4599 erste
1443 4566 1605 4596 Revolution
1625 4566 1678 4596 und
1699 4568 1724 4596 in
1743 4577 1847 4598 neuerer
1864 4569 1923 4604 Zeit
1941 4570 1982 4598 die

1150 4603 1403 4638 Untcrrichtsrcform
1416 4604 1498 4639 Jules
1514 4605 1613 4640 FcnyS
1627 4606 1670 4640 hat
1685 4606 1789 4642 vielfach
1803 4608 1979 4644 säkularisiert,

1150 4647 1209 4676 aber
1230 4644 1359 4678 schließlich
1379 4641 1498 4673 nur'das
1518 4644 1672 4679 Anwachsen
1693 4647 1749 4683 .der
1787 4648 1983 4682 Klostcrschulen

1152 4694 1193 4722 zur
1215 4685 1295 4720 Folge
1316 4683 1405 4719 gehabt
1424 4683 1477 4712 und
1497 4683 1547 4712 daS
1566 4684 1707 4719 Papsttum
1727 4686 1772 4720 hat
1791 4687 1851 4720 auch
1872 4688 1922 4717 mit
1940 4688 1983 4718 der

1152 4725 1276 4760 Republik
1295 4724 1367 4754 einen
1386 4722 1578 4758 annehmbaren
1598 4726 1694 4753 moä»»
1713 4727 1823 4755 vivendi
1843 4728 1980 4762 gefunden.

1151 4767 1191 4802 I»
1230 4764 1399 4798 Deutschland
1437 4763 1467 4796 ist
1503 4763 1553 4792 das
1590 4764 1718 4793 Ccntrum
1750 4765 1790 4794 die
1809 4766 1983 4801 Lcrbindung

1151 4804 1281 4841 religiöser
1299 4804 1353 4833 und
1371 4802 1510 4836 politischer
1525 4803 1660 4837 Faktoren.
1682 4804 1770 4833 Dabei
1789 4806 1920 4839 verhalten
1939 4807 1984 4840 sich

1154 4844 1191 4875 die
1210 4841 1400 4878 maßgebenden
1419 4840 1561 4875 kirchlichen
1579 4841 1665 4876 Kreise
1685 4841 1713 4870 in
1731 4841 1818 4878 Bezug
1838 4843 1885 4876 auf
1916 4845 1983 4879 poli¬

1154 4884 1221 4918 tische
1242 4884 1300 4913 oder
1320 4881 1537 4916 kirchenpolitischc
1557 4881 1660 4916 Fragen
1681 4888 1744 4915 ganz
1763 4881 1922 4918 verschiede»,
1957 4884 1983 4918 ja

1153 4922 1367 4958 widersprechend.
1407 4921 1444 4950 Ae
1470 4920 1535 4954 nlich
1555 4920 1611 4955 geht
1630 4924 1657 4950 cs
1677 4921 1799 4955 übrigens
1837 4922 1897 4956 auch
1935 4924 1984 4952 mit

1153 4965 1198 4994 den
1221 4963 1326 4998 Spitzen
1344 4964 1387 4991 der
1406 4969 1451 4996 pro
1462 4960 1630 4996 testantischen
1649 4960 1892 4996 Kirchenbchördcn,
1935 4962 1983 4991 de»

1153 5015 1274 5035 nimnius
1288 5004 1432 5040 episcopus
1446 5001 1488 5030 der
1502 5000 1628 5035 deutsche»
1643 5000 1860 5036 protestantischen
1871 5000 1984 5031 Landes¬

1152 5045 1226 5080 kirche
1244 5044 1309 5079 nicht
1329 5046 1542 5078 ausgenommen.
1584 5044 1651 5069 1890
1670 5041 1715 5076 hat
1734 5040 1777 5071 der
1807 5041 1984 5075 Oberkirchcn-

1152 5088 1194 5116 rat
1213 5085 1241 5114 in
1260 5083 1354 5114 Berlin
1372 5083 1411 5112 die
1430 5082 1455 5117 so
1474 5080 1523 5111 ialc
1542 5081 1691 5116 Bcivcgung
1710 5080 1752 5111 der
1772 5081 1880 5116 Pfarrer
1899 5085 1983 5111 unter¬

1153 5126 1229 5162 stützt,
1270 5127 1338 5153 1895
1375 5124 1485 5158 dagegen
1506 5122 1611 5152 wurden
1631 5122 1670 5151 die
1690 5121 1799 5157 Pfarrer
1818 5122 1980 5158 angciviesen,

1152 5165 1195 5201 sich
1216 5173 1267 5194 von
1286 5164 1368 5198 diesen
1388 5164 1495 5197 Dingen
1514 5170 1544 5199 zu
1563 5161 1700 5197 enthalten,
1724 5162 1755 5190 da
1776 5161 1806 5195 sic
1828 5161 1913 5191 davon
1927 5162 1984 5197 doch

1152 5205 1233 5239 nichts
1251 5203 1408 5240 verstände».
1449 5202 1516 5236 Auch
1536 5202 1601 5236 sonst
1622 5201 1693 5236 führt
1730 5201 1770 5230 die
1806 5201 1982 5237 Verquickung

1151 5244 1281 5279 religiöser
1290 5244 1345 5273 und
1357 5243 1496 5278 politischer
1515 5242 1603 5276 Dinge
1622 5240 1753 5277 Zustände
1772 5241 1862 5277 herbei,
1885 5241 1923 5271 die
1943 5242 1986 5272 der

1152 5284 1335 5318 Gerechtigkeit
1354 5284 1407 5313 und
1427 5283 1591 5319 Konsequenz
1610 5282 1753 5316 entbehren.

1202 5323 1257 5352 Am
1276 5325 1351 5354 Ende
1369 5323 1416 5353 dcö
1434 5324 1519 5358 letzten
1537 5321 1720 5358 JahrhundctS
1738 5321 1784 5356 hat
1796 5322 1917 5351 Voltaire
1935 5322 1986 5355 sein

1150 5365 1258 5392 öenwor:
1277 5365 1400 5393 I'inkame
1432 5362 1588 5399 gesprochen.
1627 5362 1697 5392 Aber
1715 5361 1753 5391 die
1775 5361 1899 5396 Religion
1920 5361 1986 5391 wird

2023 4095 2093 4129 wohl
2112 4097 2170 4130 noch
2190 4097 2236 4130 auf
2256 4097 2330 4131 lange
2350 4097 2447 4131 hinaus
2467 4098 2494 4127 in
2513 4097 2560 4127 den
2579 4098 2731 4132 wichtigsten
2750 4098 2855 4133 Fragen

2024 4135 2069 4164 des
2091 4135 2272 4166 Völkcrlebcns
2293 4137 2331 4166 ein
2351 4138 2507 4173 gewichtiges
2527 4138 2604 4168 Wort
2623 4138 2792 4173 mitsprcchcn.
2815 4137 2855 4167 Es

2024 4175 2112 4204 würde
2131 4176 2223 4206 darum
2243 4176 2292 4205 den
2311 4177 2543 4207 Staatsmännern
2562 4187 2610 4213 gar
2630 4179 2711 4212 nichts
2741 4175 2852 4212 schaden,

2024 4223 2101 4244 wenn
2119 4215 2151 4248 sie
2170 4215 2403 4251 Kirchcngcschichte
2424 4217 2547 4250 studieren
2567 4219 2683 4248 würden.
2716 4215 2784 4251 Auch
2806 4222 2856 4247 aus

2025 4253 2068 4283 der
2089 4255 2183 4288 Schule
2203 4256 2260 4289 läßt
2281 4257 2323 4289 sich
2343 4257 2467 4292 Religion
2487 4258 2550 4290 nicht
2568 4258 2709 4293 beseitigen.
2745 4258 2797 4287 Sie
2818 4258 2855 4287 be¬

2025 4293 2111 4323 deutet
2128 4295 2178 4324 das
2197 4299 2309 4325 centrale
2327 4296 2408 4326 Leben
2428 4297 2474 4326 des
2503 4298 2615 4332 Geistes.
2655 4298 2719 4329 Eine
2754 4297 2856 4331 saubere

2025 4333 2167 4370 Trennung
2186 4343 2237 4365 von
2256 4336 2347 4370 Kirche
2365 4337 2419 4366 und
2457 4337 2545 4367 Staat
2580 4338 2648 4368 wird
2683 4337 2748 4372 nicht
2784 4338 2854 4371 leicht

2026 4374 2135 4408 möglich
2155 4375 2212 4408 sein.
2254 4377 2311 4406 Der
2330 4376 2420 4406 Staat
2440 4377 2504 4406 kann
2523 4377 2563 4411 ihr
2599 4377 2740 4414 gegenüber
2776 4378 2858 4407 weder

2026 4412 2141 4448 feindlich
2160 4414 2219 4447 »och
2239 4414 2386 4450 indifferent
2404 4416 2463 4451 sein,
2480 4425 2505 4446 er
2524 4418 2586 4451 muß
2606 4418 2640 4450 sic
2659 4417 2812 4452 mindestens
2832 4417 2856 4450 so

2027 4456 2074 4487 gut
2111 4454 2282 4489 unterstützen,
2323 4456 2369 4484 wie
2407 4457 2493 4491 Kunst
2528 4458 2580 4485 nnd
2599 4456 2778 4491 Wissenschaft.
2820 4457 2857 4486 Cr

2027 4492 2133 4525 handelt
2150 4494 2176 4522 in
2196 4493 2289 4526 seinem
2308 4495 2413 4530 eigenen
2432 4495 2565 4530 Interesse,
2598 4505 2672 4526 wen»
2691 4504 2717 4525 er
2735 4495 2856 4530 diejenige

2027 4532 2151 4569 Religion
2169 4534 2313 4570 bevorzugt,
2355 4535 2394 4564 die
2432 4544 2476 4564 am
2513 4535 2687 4570 selbstlosesten
2707 4535 2755 4564 daS
2774 4535 2856 4564 ideale

2027 4571 2108 4601 Lebe»
2128 4572 2171 4602 der
2189 4573 2294 4608 Bürger
2313 4574 2397 4609 pflegt,
2442 4575 2504 4609 ohne
2532 4575 2600 4609 selbst
2621 4575 2856 4609 HcrrschaftSrcchle

2027 4619 2057 4646 zu
2075 4611 2265 4648 beanspruchen.
2306 4614 2405 4649 Mögen
2425 4614 2456 4646 sie
2485 4614 2511 4643 in
2547 4614 2694 4649 Frankreich
2732 4614 2768 4642 die
2807 4614 2856 4643 alte

2028 4648 2121 4684 Devise
2141 4654 2226 4686 „Dien
2246 4656 2359 4689 protege
2377 4656 2405 4682 ln
2423 4653 2542 4682 Franco"
2566 4653 2705 4689 beseitigen,
2744 4653 2794 4683 wir
2830 4653 2857 4682 in

2028 4691 2072 4720 der
2092 4691 2205 4726 Schweiz
2224 4692 2312 4727 fahren
2331 4701 2373 4721 am
2394 4693 2483 4728 besten,
2505 4701 2578 4722 wenn
2599 4692 2783 4728 Gesetzgebung
2804 4693 2856 4722 und

2029 4731 2176 4766 Regierung
2194 4740 2245 4761 von
2265 4732 2321 4761 dem
2342 4732 2426 4766 Geiste
2448 4732 2546 4766 geleitet
2575 4733 2630 4762 und
2666 4733 2857 4767 dnicbdiimgcn

2029 4762 2093 4803 sind,
2133 4770 2175 4799 der
2210 4770 2238 4801 in
2275 4771 2321 4800 den
2340 4771 2419 4805 ersten
2437 4771 2544 4801 Worten
2563 4771 2665 4805 unserer
2683 4771 2856 4802 Bundesver¬

2028 4800 2147 4843 fassung:
2176 4810 2227 4845 Im
2246 4811 2351 4839 Namen
2368 4811 2467 4840 GottcS
2486 4810 2531 4840 des
2549 4811 2752 4849 Allmächtigen!
2771 4812 2858 4847 seinen

2028 4847 2160 4877 Ausdnick
2177 4849 2303 4885 gefunden
2322 4850 2372 4885 hat.
2743 4854 2767 4882 J.
2787 4854 2826 4883 K.

2256 4917 2402 4954 Kleine
2434 4918 2629 4958 Chronik.

2081 4978 2116 4984 —
2134 4965 2183 4994 Gi»
2202 4963 2228 4992 in
2247 4964 2401 4998 botanischen
2418 4964 2521 5000 Kreisen
2539 4967 2623 5002 längst
2634 4967 2800 5002 gcwünschtcs
2810 4969 2863 4998 und

2029 5011 2063 5033 an
2083 5003 2277 5038 maßgebendem
2298 5004 2362 5033 Orte
2381 5005 2441 5038 auch
2460 5006 2636 5036 vorbereitetes
2656 5007 2729 5038 Werk
2747 5008 2794 5041 soll
2804 5010 2864 5043 liach

2029 5043 2086 5071 dem
2105 5042 2247 5072 Landbotcn
2267 5043 2359 5077 endlich
2389 5052 2434 5078 zur
2460 5045 2635 5082 Ausfühnmg
2665 5047 2796 5084 gelangen,
2826 5048 2864 5077 die

2029 5082 2174 5117 Eistellung
2191 5082 2245 5111 und
2264 5083 2430 5117 Publikation
2450 5085 2517 5122 einer
2534 5086 2651 5122 Flora
2679 5089 2744 5117 deS
2766 5088 2863 5117 Kan¬

2029 5125 2119 5151 tons
2137 5122 2267 5158 Zürich.
2308 5123 2387 5158 „Eine
2418 5133 2470 5154 von
2500 5127 2543 5156 der
2565 5127 2735 5163 zürcherischen
2754 5128 2864 5157 Botani¬

2030 5163 2096 5197 schen
2116 5162 2272 5197 Gesellschaft
2292 5171 2339 5193 vor
2357 5165 2438 5194 einem
2457 5165 2540 5201 Jahre
2560 5168 2667 5202 bestellte
2684 5167 2864 5203 Konimission,

2029 5202 2157 5238 bestehend
2175 5206 2226 5233 anS
2245 5204 2294 5233 den
2312 5205 2408 5240 Hcrwn
2428 5206 2505 5240 Prof.
2523 5208 2574 5237 Dr.
2591 5209 2627 5243 H.
2646 5208 2746 5243 Schinz,
2771 5209 2865 5238 Rektor

2030 5243 2083 5272 Dr.
2102 5243 2137 5274 R.
2154 5243 2237 5273 Keller
2254 5244 2451 5281 (Winterthur),
2476 5247 2526 5277 Dr.
2544 5248 2577 5277 C.
2596 5248 2726 5283 Schröter,
2756 5248 2808 5277 Dr.
2827 5248 2864 5278 O.

2031 5283 2125 5318 Rägeli
2143 5283 2195 5313 und
2214 5283 2265 5313 Dr.
2284 5284 2329 5314 M.
2348 5285 2425 5320 Ritli,
2457 5286 2500 5320 hat
2518 5287 2608 5316 bereits
2640 5288 2678 5317 ein
2705 5288 2864 5323 vorläusigcS

2030 5322 2285 5358 Arbcitsprogramm
2304 5325 2454 5360 ausgestellt,
2472 5327 2573 5360 welche«
2590 5327 2641 5356 mit
2666 5327 2864 5361 entsprechenden

2031 5361 2212 5398 Formularen,
2231 5363 2477 5402 Musteretiqncttcn,
2494 5366 2676 5402 Kartenskizzen
2694 5368 2747 5396 nnd
2776 5368 2865 5397 Anlei¬

2901 4101 2963 4132 tung
2983 4098 3030 4127 den
3060 4098 3107 4131 mtf
3135 4096 3301 4130 botanischem
3325 4096 3430 4126 Gebiete
3461 4096 3505 4130 sich
3535 4095 3738 4130 Bcthätigende»

2902 4137 2976 4171 dieser
2994 4138 3063 4172 Tage
3084 4137 3218 4172 zugcsandt
3236 4136 3339 4165 ivordcn
3358 4136 3397 4170 ist.
3435 4135 3538 4170 Gemäß
3566 4136 3622 4164 dem
3649 4135 3738 4170 Zirku¬

2902 4177 2942 4206 lar
2960 4177 3015 4211 sind
3033 4177 3076 4210 für
3095 4177 3132 4206 die
3150 4176 3324 4210 Bearbeitung
3343 4175 3436 4205 bereits
3455 4175 3507 4204 eine
3537 4174 3616 4207 Reihe
3647 4177 3737 4209 ausge¬

2902 4217 3029 4252 zeichneter
3047 4217 3138 4251 Kräfte
3169 4224 3309 4252 gewonnen
3339 4216 3452 4244 worden.
3490 4215 3539 4244 Die
3566 4214 3738 4247 Kommission

2903 4257 2946 4290 hat
2964 4257 3014 4286 das
3032 4257 3176 4290 Bestreben,
3196 4256 3248 4285 eine
3267 4256 3394 4290 möglichst
3421 4254 3585 4288 vollständige
3603 4252 3689 4282 Arbeit
3705 4259 3737 4288 zu

2903 4297 3052 4331 publizieren
3083 4297 3136 4325 und
3154 4297 3196 4325 ein
3215 4295 3290 4324 Werk
3306 4303 3334 4330 zu
3366 4294 3478 4328 schaffen,
3505 4293 3570 4327 „das
3600 4292 3668 4321 allen
3695 4292 3738 4321 be¬

2904 4336 3032 4369 rechtigten
3051 4336 3265 4370 Anforderungen
3294 4334 3421 4367 entspricht
3450 4333 3503 4361 und
3533 4331 3738 4366 gewissennaßen

2904 4375 2946 4404 als
2965 4376 3005 4403 ein
3022 4375 3213 4409 Kompendium
3231 4375 3276 4402 des
3295 4372 3448 4405 botanischen
3461 4371 3572 4405 Wissens
3591 4379 3651 4399 vom
3666 4370 3737 4400 Kan¬

2903 4421 2948 4443 ton
2977 4414 3067 4449 Zürich
3100 4422 3141 4442 am
3171 4413 3243 4443 Ende
3274 4412 3318 4440 des
3342 4410 3514 4447 neunzehnten
3540 4409 3738 4445 Jahrhunderts

2903 4455 2982 4488 gelten
3001 4454 3081 4486 darf."

2953 4508 2987 4513 —
3013 4492 3062 4525 In'
3075 4492 3191 4525 Paris
3221 4490 3288 4525 starb
3317 4498 3361 4519 am
3392 4492 3435 4519 27.
3462 4489 3608 4519 November
3625 4490 3669 4519 der
3696 4489 3739 4519 be¬

2902 4533 2990 4560 kannte
3009 4532 3037 4561 O
3047 4540 3062 4565 p
3073 4540 3085 4560 c
3097 4540 3110 4561 r
3118 4531 3155 4560 »l
3164 4531 3173 4560 i
3183 4531 3199 4561 b
3208 4538 3222 4560 r
3230 4538 3242 4559 e
3252 4533 3262 4559 t
3272 4533 3282 4559 t
3292 4529 3300 4559 i
3309 4530 3330 4566 st
3354 4530 3381 4564 P
3392 4539 3407 4559 a
3417 4538 3429 4559 e
3438 4529 3447 4558 i
3456 4538 3475 4558 n
3484 4530 3501 4559 i.
3536 4529 3666 4564 Italiener
3686 4536 3739 4559 von

2903 4571 3010 4606 Geburt,
3030 4571 3116 4604 schrieb
3135 4579 3160 4600 er
3178 4571 3222 4605 für
3238 4570 3318 4599 Verdi
3336 4569 3400 4603 einst
3418 4570 3465 4598 den
3485 4569 3547 4604 Text
3565 4577 3623 4605 zuni
3638 4569 3739 4604 „Trou¬

2902 4611 3025 4646 badour",
3044 4611 3144 4646 gehörte
3163 4619 3193 4645 zu
3224 4610 3271 4639 den
3290 4609 3420 4644 intimsten
3449 4609 3588 4645 Frcnndcii
3614 4609 3741 4644 Rossinis,

2901 4649 2944 4684 für
2962 4650 3009 4678 den
3029 4658 3054 4679 er
3073 4650 3199 4684 ebenfalls
3218 4652 3260 4679 als
3286 4649 3409 4684 Librettist
3439 4649 3530 4679 wirkte.
3567 4649 3635 4683 Nach
3667 4649 3743 4683 seiner

2903 4689 3097 4725 llcbcrsiedlnng
3115 4690 3174 4724 nach
3195 4690 3278 4724 Paris
3297 4690 3369 4719 ward
3389 4689 3483 4724 Pacini
3505 4689 3572 4718 einer
3599 4690 3640 4719 der
3658 4688 3740 4723 eifrig¬

2903 4729 2955 4762 sten
2975 4729 3140 4760 Mitarbeiter
3158 4729 3342 4764 Mcyerbecrs;
3361 4738 3413 4758 von
3432 4730 3485 4761 ihm
3511 4729 3615 4762 stammt
3633 4719 3691 4760 auch
3703 4727 3742 4757 die

2904 4764 3060 4799 sranzösischc
3079 4766 3254 4800 llcbersetzung
3273 4766 3317 4794 des
3328 4764 3501 4800 „Freischütz",
3518 4763 3557 4793 die
3575 4765 3618 4792 der
3627 4762 3740 4797 Sprach¬

2905 4800 3010 4834 kundige
3040 4800 3084 4832 für
3114 4801 3151 4829 die
3171 4801 3261 4834 Große
3280 4801 3353 4834 Oper
3380 4800 3520 4833 anfcrligtc.
3565 4798 3659 4833 Pacini
3687 4805 3744 4828 war

2907 4838 2950 4864 der
2969 4835 3050 4870 Sohn
3070 4837 3116 4865 des
3134 4836 3329 4875 gleichnamigen
3360 4829 3522 4869 italienischen
3553 4834 3744 4868 Komponisten.

2909 4871 2965 4901 Der
3001 4871 3027 4899 in
3064 4872 3239 4909 französischen
3275 4870 3416 4905 Künstlerki
3422 4870 3485 4902 eisen
3528 4870 3584 4904 sehr
3623 4869 3744 4903 geschätzte

2909 4906 3097 4942 Schriftsteller,
3126 4905 3169 4936 der
3186 4906 3271 4936 Ritter
3299 4907 3340 4934 der
3372 4905 3545 4939 französischen
3573 4904 3744 4938 Ehrenlegion

2909 4950 2972 4977 war,
2991 4942 3102 4975 erreichte
3120 4942 3158 4971 ein
3178 4941 3251 4971 Alter
3268 4949 3320 4969 von
3337 4943 3371 4967 87
3391 4940 3501 4974 Jahren.

2961 4996 2994 5001 —
3014 4982 3082 5011 Dem
3103 4981 3239 5014 Dcntschcn
3258 4979 3368 5012 Theater
3385 4979 3413 5007 in
3431 4978 3521 5008 Berlin
3545 4978 3585 5013 ist,
3614 4977 3662 5007 wie
3691 4984 3744 5007 von

2910 5016 2965 5045 dort
2984 5016 3130 5050 geschrieben
3160 5015 3233 5047 nsird,
3265 5014 3303 5042 die
3334 5014 3503 5048 Aufsührnng
3532 5013 3577 5041 der
3607 5012 3745 5047 einaktigen

2910 5051 3032 5081 Groteske
3052 5052 3125 5084 „Der
3134 5051 3214 5085 grüne
3223 5049 3341 5078 Kakadu"
3362 5049 3415 5078 von
3433 5047 3580 5082 Arthur
3599 5047 3746 5083 Schnitz¬

2910 5088 2963 5115 ler
2993 5087 3111 5115 verboten
3140 5086 3251 5114 worden,
3289 5083 3357 5117 Nach
3376 5083 3531 5119 Ausfassung
3562 5085 3606 5113 der
3635 5083 3746 5118 Censur-

2910 5121 3014 5156 bchörde
3035 5121 3121 5154 scheint
3139 5122 3188 5150 das
3208 5119 3288 5150 Stück
3317 5119 3410 5155 scincin
3440 5128 3535 5156 ganzen
3559 5119 3658 5156 Inhalt
3688 5119 3747 5155 nach

2910 5165 2953 5192 zur
2971 5157 3125 5191 öffentlichen
3143 5156 3313 5192 Aufführung
3330 5156 3395 5190 nicht
3414 5157 3532 5191 geeignet.
3569 5156 3632 5185 DaS
3651 5156 3747 5185 Verbot

2910 5192 2973 5221 ivird
2991 5200 3041 5221 von
3073 5193 3117 5221 der
3145 5192 3280 5222 Direktion
3312 5192 3357 5221 des
3381 5185 3521 5227 Deutschen
3548 5192 3673 5226 Theaters
3701 5191 3748 5224 auf

2910 5229 2965 5256 dem
2996 5228 3142 5269 gesetzlichen
3173 5228 3251 5261 Wege
3288 5228 3448 5262 angefochrcn
3484 5228 3602 5262 werden,
3637 5225 3749 5260 zunächst

2910 5263 2983 5296 durch
3013 5263 3169 5297 Bcjchwcrdc
3201 5257 3267 5293 beim
3299 5264 3529 5298 Obcrpräsidcnten
3560 5265 3604 5292 der
3634 5257 3746 5296 Provinz

2910 5297 3110 5335 Brandenburg.
3145 5299 3221 5334 „Der
3237 5298 3318 5334 grüne
3338 5299 3460 5329 Kakadu"
3482 5298 3550 5333 spicll
3568 5306 3613 5331 zur
3630 5293 3687 5332 Zeit
3703 5296 3748 5325 der

2910 5333 3086 5369 französischen
3106 5334 3263 5365 Revolution
3293 5335 3346 5364 und
3365 5335 3412 5368 soll
3443 5334 3508 5363 keine
3528 5332 3650 5368 politische
3680 5332 3747 5361 Tcu-

2911 5370 2969 5405 den;
2988 5369 3078 5405 haben.
