3402 4606
389 197 579 225 Slbonnrtntn,:

325 259 329 263 .
345 236 390 261 Bei
402 236 463 260 allen
472 233 625 264 Postbmeaus

326 267 408 294 franko
433 268 495 293 durch
515 264 552 291 die
571 272 639 298 ganj«

417 301 554 331 Schwer»:

381 336 395 358 8
404 335 502 359 Monate
520 334 556 361 Fr.
565 334 588 358 8.

381 365 394 386 3
404 364 503 388 Monate
519 364 556 392 Fr.
565 362 590 387 t.

326 397 379 426 Für
385 396 464 426 Zürich
472 403 495 420 u.
504 396 640 430 Umgebung

361 431 396 455 der
411 430 451 454 der
466 429 613 461 Expedition:

381 463 395 486 6
404 463 503 487 Monate
521 463 557 493 Fr.
566 463 591 488 6.

379 492 395 518 S
404 492 504 517 Monate
520 493 557 521 Fr.
566 493 590 519 S.

352 545 401 575 Für
420 546 466 570 da«
485 546 623 573 Ausland

327 575 441 600 abonnire
450 581 505 600 man
514 575 556 607 gef.
564 576 601 602 bei
608 577 645 602 der

327 603 387 631 Post
392 614 400 622 -
406 603 644 635 Zeitunglerpedition

326 631 447 661 »Zürich
461 633 512 657 oder
522 634 599 659 direkt,
610 634 645 660 bet

358 661 402 686 den
409 661 536 693 Berleger»
543 662 617 693 selbst.

760 619 948 686 Zürich,
1000 620 1180 677 Dienstag

1514 532 1840 590 »eumd-reiMtt
1857 531 2042 590 Jahrgang.

1375 692 1469 725 Druck
1487 693 1546 724 und
1565 692 1676 731 Verlag
1696 695 1753 724 von
1772 691 1873 727 Orell,
1892 689 1982 730 Mßli
2000 691 2058 722 und
2079 691 2184 729 Comp.

2943 184 3191 220 Znserlionsgedüdr:

2911 224 2957 252 Die
2976 225 3085 257 tspaltige
3105 224 3220 257 Petitzeile

2954 255 3006 280 »der
3020 255 3084 280 deren
3098 254 3176 280 Rau«

2991 284 3019 308 IS
3028 283 3130 313 Rappen.

2910 337 3109 369 Korrespondenzen
3124 337 3172 367 sind
3188 344 3223 362 air

2943 367 2977 391 die
2993 367 3181 393 Rtdak'ion.

2909 395 3013 426 Inserate
3027 397 3123 427 dagegen
3139 403 3169 420 an
3184 395 3223 421 die

2975 424 3160 456 Expedition'
3203 428 3207 434 '

2918 454 2956 479 der
2971 453 3004 479 R.
3011 453 3213 486 Zürcher-Zeitunj»

2981 489 3007 513 zu
3022 483 3143 513 adreffiren.

2938 510 3131 544 Ankündigungen
3145 517 3189 538 von

2911 541 3091 568 Medikamente»
3112 541 3221 572 bedürfe»

2931 570 2967 594 der
2977 571 3149 604 Genehmigung
3159 572 3196 596 »er

2894 602 2926 626 ■
2943 599 3177 632 Medizinaldirektron

2323 621 2391 661 20.
2415 615 2641 671 September
2675 619 2795 661 1889.

2910 655 2984 685 Briefe
2991 654 3036 679 und
3042 654 3126 680 Gelder
3132 654 3218 684 frank».

357 926 435 961 Das
459 926 538 971 letzte
559 927 919 965 Quartal-Abonnement
943 926 997 967 auf
1017 925 1088 970 diese
1104 926 1242 973 Zeitung,

278 979 395 1022 welche
418 979 563 1025 täglich
587 982 728 1027 erscheint,
750 981 873 1027 beginnt
894 979 950 1015 mit
973 981 1038 1014 dem
1062 980 1091 1015 1.
1114 979 1243 1015 Oktober

279 1032 354 1067 und
380 1032 487 1075 kostet:

357 1088 392 1125 a)
417 1085 541 1129 Franko
563 1090 650 1132 durch
672 1088 719 1124 die
741 1097 829 1134 ganze
851 1086 985 1130 Schweiz
1008 1085 1058 1129 Fr.
1080 1086 1113 1120 4.

356 1140 394 1178 b)
419 1138 489 1182 Für
514 1140 559 1175 die
581 1141 683 1178 Stadt
698 1140 804 1185 Zürich
828 1139 888 1180 (bei
910 1140 959 1174 der
975 1137 1151 1182 Expedition
1165 1138 1244 1182 selbst

283 1190 451 1236 abgeholt)
475 1192 530 1236 Fr.
551 1194 583 1229 3.

372 1250 464 1289 ME*
485 1255 644 1294 Außerhalb
664 1257 708 1286 der
728 1256 820 1288 Stadt
848 1252 944 1293 Zürich
968 1252 1127 1289 Wohnende
1146 1254 1242 1285 wollen

283 1302 335 1340 fich
358 1309 396 1333 an
418 1304 476 1334 da«
497 1304 578 1341 ihnen
601 1303 719 1344 zunächst
738 1304 860 1344 gelegene
881 1303 1005 1341 Postamt
1025 1304 1144 1333 wenden.

282 1468 705 1522 Zürcher-Zlonserenzen
722 1472 791 1512 und
812 1470 1059 1519 Europäischer
1074 1470 1242 1520 Kongreß

288 1550 386 1593 stehen
410 1549 471 1584 mit
495 1551 635 1587 einander
656 1551 690 1587 in
711 1553 761 1587 der
784 1550 1079 1596 Wechselbeziehung,
1115 1550 1171 1591 daß
1194 1552 1243 1585 der

292 1604 400 1647 letztere
424 1603 505 1647 nicht
529 1614 563 1649 zu
586 1605 710 1641 Stande
730 1605 850 1647 konrmt,
874 1611 958 1640 wenn
982 1603 1027 1639 die
1043 1604 1146 1646 erster»
1162 1603 1243 1646 schei¬

286 1657 371 1692 tern.
413 1656 472 1692 Da
496 1658 569 1701 diese
593 1659 717 1702 nämltch
740 1658 834 1702 nichts
862 1659 983 1693 anderes
1017 1656 1077 1700 find
1115 1657 1163 1691 als
1197 1656 1242 1691 die

279 1707 484 1755 Fortsetzung
508 1712 577 1745 oder
600 1710 646 1746 die
669 1712 744 1756 letzte
766 1711 855 1755 Hand
879 1719 945 1754 zum
968 1709 1109 1752 Abschluß
1139 1711 1188 1744 der
1210 1709 1242 1743 in

276 1760 484 1804 Dillafranka
509 1761 712 1799 vereinbarten
733 1762 1112 1807 Friedenspräliminarien,
1146 1762 1175 1805 so
1208 1762 1243 1804 ist

273 1812 332 1856 ihr
361 1815 526 1858 Scheitern
549 1817 595 1852 ein
618 1817 772 1861 Aufhören
796 1818 847 1851 des
871 1815 923 1856 auf
949 1815 1150 1857 unbestimmte
1175 1814 1242 1858 Zeit

276 1866 543 1913 abgeschlossenen
564 1868 873 1913 Waffenstillstandes.
896 1868 977 1904 Tritt
1001 1868 1067 1902 aber
1090 1870 1139 1902 der
1154 1868 1242 1913 Krieg

275 1919 399 1955 wieder
424 1921 459 1957 in
481 1922 556 1965 seine
577 1923 681 1965 Rechte
705 1922 759 1964 ein,
784 1921 812 1964 so
834 1921 871 1963 ist
891 1920 966 1956 keine
989 1920 1067 1955 Rede
1091 1927 1149 1954 von
1166 1920 1241 1955 einer

278 1973 505 2020 Vermittlung
529 1978 589 2010 und
622 1975 697 2018 nicht
725 1974 898 2019 abzusehen,
935 1976 1001 2008 was
1036 1974 1109 2015 ohne
1142 1973 1241 2018 vorige

280 2027 542 2073 Verständigung
574 2028 708 2072 zwischen
739 2031 795 2062 den
830 2026 1066 2072 kriegführenden
1102 2025 1242 2069 Mächten

286 2080 333 2115 rin
359 2080 505 2125 Kongreß
531 2082 577 2115 als
601 2080 829 2123 Schiedsrichter
853 2089 887 2124 zu
909 2080 986 2121 thun
1010 2080 1092 2121 habe.

353 2133 420 2169 Die
445 2132 751 2178 Hauptschwierigkeit
774 2132 875 2175 scheint
906 2131 970 2176 jetzt
1003 2132 1057 2167 wie
1091 2139 1145 2167 vor
1177 2133 1241 2167 dem

280 2186 452 2230 Ausbruch
476 2189 530 2220 des
555 2186 662 2231 Kriegs
692 2186 723 2220 in
756 2188 806 2220 der
839 2184 1017 2231 Abneigung
1051 2185 1249 2228 Oesterreichs,

280 2249 381 2285 gegen
405 2242 465 2275 den
488 2238 627 2284 Kongreß
650 2248 685 2283 zu
707 2239 812 2283 liegen,
835 2238 974 2280 während
992 2237 1158 2281 Frankreich
1182 2238 1242 2272 die¬

278 2293 334 2334 sen
361 2292 503 2336 Kongreß
529 2291 664 2334 wünscht,
689 2292 757 2326 aber
779 2299 839 2325 von
862 2290 1022 2334 demselben
1037 2291 1110 2334 ohne
1125 2290 1241 2333 Oester¬

273 2343 384 2386 reichs
405 2344 538 2380 Beitritt
558 2343 637 2379 keine
659 2343 812 2387 Resultate
834 2345 980 2378 erwartet.

357 2398 454 2432 Unter
477 2396 585 2440 solchen
609 2396 903 2441 Verumständungen
927 2396 994 2438 darf
1015 2405 1084 2430 man
1108 2396 1163 2430 mit
1176 2395 1241 2439 Zu¬

269 2449 411 2493 versicht
438 2450 494 2492 auf
516 2449 577 2485 eine
587 2467 593 2478 -
606 2459 657 2484 um
691 2449 720 2491 so
754 2450 871 2494 längere
893 2449 999 2485 Dauer
1032 2451 1079 2483 der
1102 2448 1240 2491 Zürcher-

270 2502 495 2547 Konserenzen
520 2503 646 2545 rechnen,
670 2502 724 2545 auf
743 2502 772 2546 je
794 2502 912 2547 größere
928 2502 1079 2537 Bedenken
1096 2501 1241 2543 einerseits

273 2556 329 2591 die
359 2555 545 2599 Einleitung
566 2564 633 2598 zum
654 2555 803 2599 Kongreß,
839 2554 1000 2598 anderseits
1035 2555 1083 2589 der
1108 2554 1241 2589 Wieder¬

278 2608 399 2654 beginn
426 2610 480 2642 des
504 2607 627 2652 Krieges
648 2606 733 2649 stößt.
779 2608 846 2642 Und
869 2607 948 2642 beide
971 2607 1124 2643 Bedenken
1148 2607 1240 2650 wach¬

287 2662 336 2705 sen
357 2671 414 2696 um
441 2660 471 2704 so
493 2660 587 2702 mehr,
622 2659 649 2703 je
672 2659 752 2702 mehr
774 2660 825 2702 sich
850 2661 898 2694 der
932 2659 1145 2705 gegenwärtige
1177 2659 1242 2702 Zu¬

283 2716 373 2758 stand
398 2714 434 2749 in
458 2711 579 2756 Italien
603 2720 636 2756 zu
659 2712 802 2757 kräftigen
836 2712 904 2755 Zeit
938 2713 1000 2755 hat.
1043 2712 1137 2755 Jeder
1170 2722 1241 2747 neue

282 2769 421 2810 Monat,
449 2767 506 2800 den
530 2765 574 2799 die
597 2763 746 2807 Italiener
780 2774 814 2808 zu
837 2765 913 2808 ihrer
946 2764 1160 2810 Organisation
1194 2774 1243 2810 ge¬

285 2821 427 2863 winnen,
453 2819 489 2861 ist
513 2818 561 2860 für
584 2817 623 2860 sie
645 2816 720 2860 nicht
735 2826 793 2852 nur
816 2817 861 2852 ein
876 2818 1031 2859 Gewinnst
1052 2828 1090 2852 an
1107 2817 1243 2860 Waffen¬

285 2876 419 2919 rüstung
446 2873 510 2908 und
534 2870 647 2906 innerer
669 2870 895 2915 Organisation,
919 2871 1043 2913 sondern
1065 2870 1187 2915 zugleich
1203 2879 1241 2905 an

283 2927 494 2973 öffentlichem
524 2923 637 2960 Kredit.
694 2923 851 2969 Diejenige
884 2923 998 2966 Politik
1030 2924 1108 2968 also,
1144 2924 1242 2966 welche

281 2983 382 3025 ihnen
406 2978 484 3023 diese
508 2976 575 3021 Zeit
599 2976 756 3020 verschafft,
780 2976 815 3019 ist
838 2977 884 3012 ein
907 2976 1017 3021 Nutzen
1040 2976 1088 3018 für
1111 2976 1149 3019 sie
1182 2976 1242 3011 und

282 3036 353 3072 kein
378 3034 537 3076 Schaden,
559 3030 636 3065 denn
660 3036 745 3064 wenn
767 3029 885 3073 dieselbe
913 3030 982 3073 auch
1014 3029 1066 3064 mit
1090 3030 1139 3063 der
1162 3028 1244 3063 einen

289 3089 384 3132 Hand
409 3088 468 3121 den
489 3082 630 3128 Kongreß
654 3082 833 3127 zurückhält,
869 3083 896 3126 so
931 3083 1024 3126 wehrt
1056 3082 1094 3126 sie
1117 3080 1173 3116 mit
1195 3081 1244 3115 der

295 3143 404 3175 andern
431 3138 503 3180 auch
528 3138 593 3171 dem
615 3134 713 3180 Krieg.

374 3192 446 3228 Mit
481 3189 569 3232 dieser
602 3187 755 3233 Meinung
788 3187 888 3232 scheint
921 3191 982 3223 uns
1015 3189 1063 3222 der
1098 3185 1244 3229 Genueser

286 3241 549 3290 Handelskourier
571 3239 648 3284 nicht
671 3240 737 3275 übel
760 3240 977 3282 einverstanden
1002 3249 1035 3284 zu
1056 3239 1125 3282 sein,
1159 3245 1244 3273 wenn

284 3310 319 3334 er
347 3301 400 3333 den
428 3296 481 3332 16.
505 3294 584 3339 sagt:
626 3292 705 3337 „Die
727 3292 796 3335 Zeit
819 3296 868 3328 der
890 3292 1156 3336 Manifestationen
1178 3293 1239 3325 und

1310 799 1447 844 Adressen
1468 799 1504 841 ist
1525 799 1662 834 vorüber.
1706 797 1777 833 Wir
1801 797 1899 841 wissen
1922 796 1988 838 alle,
2010 798 2076 830 was
2100 794 2156 830 wir
2176 795 2250 830 wol¬

1310 853 1372 896 len;
1395 851 1451 888 wir
1472 852 1536 897 find
1560 852 1593 887 in
1615 851 1729 893 unsrrm
1752 850 1865 886 Willen
1893 848 2069 894 einstimmig
2104 849 2165 883 und
2188 848 2250 882 ent¬

1310 905 1449 950 schlossen.
1495 905 1619 948 Europa
1642 903 1716 946 weiß
1740 904 1796 938 das
1818 905 1897 939 aucb.
1942 903 1989 938 Es
2021 902 2056 945 ist
2091 901 2180 942 dieses
2205 900 2249 935 ein

1310 959 1412 1005 großer
1434 958 1582 1000 Vortheil.
1627 958 1697 993 Von
1719 957 1803 1000 heute
1825 967 1864 992 an
1885 955 2024 997 bedürfen
2046 954 2103 989 wir
2125 964 2183 988 nur
2198 955 2249 989 des

1310 1011 1616 1056 Zusammenwirkens
1638 1010 1670 1046 in
1692 1012 1741 1046 der
1764 1010 1971 1054 Verwaltung,
1994 1008 2036 1043 im
2058 1005 2194 1049 Militär,
2218 1006 2249 1042 in

1310 1067 1359 1101 der
1396 1064 1576 1111 Regierung.
1645 1063 1849 1109 Regierungen
1884 1063 1945 1097 und
1985 1060 2249 1104 Repräsentanten-

1310 1117 1575 1163 Versammlungen
1596 1116 1630 1152 in
1653 1118 1706 1152 den
1730 1115 1898 1160 Provinzen
1922 1114 2031 1159 müssen
2061 1113 2159 1159 thätig
2182 1113 2249 1155 sein.

1310 1171 1388 1215 Auch
1411 1171 1457 1206 die
1480 1170 1650 1216 Regierung
1674 1170 1779 1206 Viktor
1809 1169 1976 1205 Emanuels
2008 1167 2077 1207 muß
2112 1166 2248 1210 handeln.

1309 1224 1369 1260 Sie
1391 1225 1443 1265 hat
1466 1230 1526 1259 von
1548 1233 1613 1258 nun
1636 1232 1675 1258 an
1697 1222 1774 1265 nicht
1807 1231 1865 1257 nur
1897 1223 1954 1256 das
1988 1220 2091 1261 Recht,
2127 1220 2248 1262 sondern

1310 1276 1355 1311 die
1377 1276 1495 1320 Pflicht,
1517 1276 1574 1311 mit
1597 1276 1674 1311 allen
1696 1285 1732 1320 zu
1754 1275 1854 1310 Gebot
1875 1274 2023 1316 stehenden
2046 1273 2173 1308 Mitteln
2195 1273 2249 1307 den

1310 1329 1547 1373 Völkerschaften,
1571 1329 1617 1364 die
1640 1328 1723 1371 unser
1745 1327 1871 1369 Geschick
1892 1327 1999 1371 theilen
2021 1326 2145 1368 wollen,
2169 1326 2249 1360 einen

1309 1382 1412 1426 sichern
1433 1382 1605 1428 Uebergang
1628 1391 1663 1426 zu
1685 1380 1883 1425 verschaffen."

1504 1559 1565 1595 Die
1589 1557 1790 1602 Dolksadresse
1812 1559 1862 1592 der
1883 1557 2061 1603 Romagnen

1309 1633 1345 1655 an
1365 1625 1413 1654 den
1433 1623 1527 1659 Kaiser
1548 1622 1695 1659 Napoleon
1726 1623 1783 1652 und
1813 1622 1862 1651 den
1886 1620 1979 1660 König
1999 1620 2096 1652 Viktor
2116 1620 2250 1652 Emanuel

1308 1673 1338 1710 ist
1357 1672 1419 1703 laut
1440 1670 1577 1708 amtlichen
1599 1670 1757 1707 Ausweisen
1779 1669 1807 1700 in
1828 1669 1971 1709 folgenden
1986 1668 2184 1708 Verhältnissen
2198 1677 2248 1700 un¬

1307 1720 1456 1759 terzeichnet
1475 1719 1602 1749 worden:

1308 1769 1442 1806 Bologna
1463 1768 1511 1799 mit
1531 1774 1602 1799 einer
1617 1764 1804 1803 Bevölkerung
1824 1771 1877 1796 von
1897 1763 2002 1801 74,421
2019 1765 2094 1797 See¬

1365 1817 1420 1855 len,
1441 1818 1534 1847 davon
1553 1813 1719 1853 männlichen
1734 1813 1896 1852 Geschlecht«
1918 1821 1972 1845 von
1994 1814 2030 1845 17
2050 1813 2097 1844 bi«

1367 1865 1405 1896 95
1425 1864 1532 1902 Jahren
1632 1887 1640 1894 .
1722 1882 1731 1892 .
1814 1885 1822 1893 .
1903 1885 1911 1892 .
1994 1884 2001 1893 .
2084 1884 2092 1890 -
2139 1860 2245 1897 22,541

1308 1923 1394 1963 zählte
1414 1920 2247 1960 Unterzeichnende.19,570

1307 1973 1376 2010 dazu
1387 1977 1441 2001 von
1455 1968 1542 2006 seinen
1554 1966 1715 2004 Vorstädten
1726 1975 1753 1998 u.
1765 1968 1812 1998 der
1822 1967 1978 2005 Landschaft
1989 1967 2046 2006 (Ca
2048 1967 2132 2005 stelli)
2140 1966 2245 2000 24,471

1308 2028 1365 2060 Die
1395 2025 1597 2064 Unterschriften
1628 2027 1673 2056 der
1702 2032 1804 2064 ganzen
1837 2025 1958 2064 Provinz
1991 2025 2094 2063 beläuft

1364 2076 1411 2115 sich
1432 2075 1489 2110 also
1509 2073 2090 2111 auf.
2138 2072 2245 2110 44,041

1308 2122 1509 2162 Unterschriften
1528 2123 1574 2153 der
1594 2121 1716 2161 Provinz
1735 2122 1854 2160 Ferrara
1901 2142 1909 2151 .
1991 2145 1998 2153 .
2080 2145 2088 2153 .
2141 2121 2249 2158 13,477

1365 2172 1442 2203 dabei
1462 2171 1573 2211 figurirt
1592 2170 1647 2200 das
1666 2169 1814 2206 Städtchen
1835 2169 1923 2202 Cento
1942 2176 1997 2200 von
2016 2169 2094 2200 4014

1365 2221 1466 2252 Seelen
1488 2220 1537 2250 mit
1557 2218 1634 2249 1505
1654 2218 1866 2255 Unterschriften.

1309 2269 1364 2301 Die
1384 2268 1477 2300 Stadt
1497 2267 1632 2299 Ravenna
1653 2273 1705 2297 von
1725 2265 1833 2300 21.056
1855 2266 1954 2297 Seelen
2000 2289 2007 2297 .
2090 2290 2098 2298 .
2159 2266 2250 2304 6,877

1310 2318 1365 2348 Die
1385 2317 1476 2348 Stadt
1495 2316 1595 2350 Jmola
1615 2322 1670 2345 von
1690 2313 1764 2345 9321
1786 2314 1886 2346 Seelen
1909 2336 1917 2345 .
1998 2337 2005 2345 .
2089 2336 2099 2346 .
2159 2315 2176 2345 3
2190 2315 2248 2346 626

1310 2365 1364 2397 Die
1385 2363 1508 2402 Provinz
1528 2362 2247 2402 Forli.9,082

1366 2414 1452 2443 daran
1473 2411 1573 2445 lieferte
1602 2413 1656 2441 da«
1685 2409 1761 2441 8648
1784 2410 1949 2447 Einwohner
1970 2410 2094 2448 haltende

1367 2461 1468 2496 Cesena
1488 2459 1576 2491 2667.
1619 2460 1661 2492 Es
1682 2459 1713 2498 ist
1727 2459 1789 2490 aber
1802 2458 1869 2496 nicht
1887 2467 1919 2497 zu
1939 2457 2090 2496 übersehen,
2147 2462 2160 2472 *

1365 2508 1418 2546 daß
1437 2508 1506 2545 diese
1525 2509 1674 2546 Romagna
1693 2514 1756 2538 vom
1782 2506 1945 2546 eigentlichen
1966 2507 2092 2546 Kirchen¬

1365 2558 1436 2595 staat
1455 2560 1509 2587 aus
1529 2556 1611 2587 direkt
1632 2555 1786 2594 influenzirt
1806 2555 1847 2592 ist.

1308 2605 1363 2637 Die
1383 2605 1456 2643 Zahl
1476 2604 1648 2640 sämmtlicher
1660 2602 1861 2640 Unterschriften
1880 2603 1913 2641 ist
1991 2627 1998 2634 .
2081 2625 2089 2633 .
2139 2603 2249 2639 81.440

1367 2652 1422 2684 Als
1442 2653 1559 2690 Beweis,
1583 2652 1637 2688 daß
1656 2660 1720 2682 man
1734 2652 1801 2682 keine
1816 2651 2018 2689 Plusmacherei
2031 2652 2132 2683 treiben
2146 2653 2245 2691 wollte,

1309 2701 1382 2733 dient
1404 2700 1445 2731 dir
1463 2698 1655 2738 merkwürdige
1676 2699 1827 2737 Thatsache,
1859 2699 1911 2737 daß
1940 2700 1982 2730 die
2011 2699 2154 2731 Soldaten
2182 2701 2249 2739 nicht

1310 2758 1369 2790 zum
1388 2748 1586 2788 Unterzeichnen
1607 2747 1751 2788 zugelassen
1771 2748 1903 2786 wurden,
1926 2748 1988 2779 weil
2007 2748 2052 2787 fich
2075 2748 2156 2783 dieser
2175 2749 2248 2787 poli¬

1309 2798 1382 2836 tische
1400 2797 1452 2829 Akt
1472 2797 1538 2833 nicht
1557 2795 1606 2827 mit
1627 2798 1672 2827 der
1691 2795 1875 2832 militärischen
1896 2795 2124 2828 Subordination
2146 2798 2247 2828 verein¬

1310 2847 1392 2877 baren
1411 2845 1486 2883 lasse.
1525 2845 1597 2881 Auch
1617 2844 1674 2881 find
1704 2844 1743 2876 die
1773 2844 1875 2881 meisten
1903 2844 2070 2885 Jünglinge,
2091 2845 2178 2879 welche
2198 2847 2247 2876 den

1310 2895 1395 2933 letzten
1417 2893 1497 2933 Krieg
1517 2895 1595 2924 unter
1614 2892 1835 2930 piemontesischen
1857 2893 1970 2931 Fahnen
1997 2894 2178 2931 mitmachten,
2201 2894 2248 2930 erst

1309 2942 1372 2978 nach
1402 2942 1448 2972 der
1478 2940 1676 2980 Einzeichnung
1704 2940 1886 2978 heimzekehrt.
1929 2941 2002 2972 Man
2031 2941 2094 2978 darf
2119 2941 2176 2979 also
2209 2941 2249 2973 dir

1309 2990 1382 3027 Zahl
1401 2989 1566 3034 derjenigen,
1587 2989 1676 3025 welche
1696 2988 1748 3026 hier
1768 2989 1842 3026 ihren
1858 2988 1959 3020 Willen
1974 2990 2160 3028 aussprachen,
2175 2990 2249 3028 wohl

1310 3036 1358 3075 auf
1378 3036 1505 3071 100,000
1524 3036 1618 3068 Mann
1639 3037 1787 3074 annehmen
1807 3038 1862 3067 und
1884 3045 1955 3077 zwar
1975 3044 2029 3068 von
2049 3039 2094 3068 der
2117 3038 2191 3071 Elite
2206 3040 2250 3070 der

1312 3084 1511 3123 Bevölkerung.

1370 3200 1424 3232 Di«
1443 3197 1702 3238 schweizerische
1724 3199 2059 3241 Rettungsanstalt
2079 3201 2125 3239 für
2137 3202 2250 3234 Knaben

1312 3248 1339 3281 in
1360 3249 1405 3279 der
1426 3247 1566 3285 Bächtelen
1587 3247 1629 3279 bei
1650 3248 1726 3279 Bern
1746 3248 1793 3286 hat
1823 3247 1897 3287 ihren
1928 3250 2099 3289 zwanzigsten
2130 3251 2250 3289 Jahre«-

1312 3295 1406 3333 bericht
1425 3295 1650 3336 herau«gegeben,
1671 3296 1788 3334 welchem
1807 3297 1858 3328 wir
1878 3297 1998 3336 folgende
2019 3299 2099 3330 Data
2112 3299 2248 3337 entheben.

2315 795 2374 827 Neu
2396 793 2540 833 angekauft
2559 794 2669 824 wurden
2692 792 2725 823 11
2747 792 2892 830 Jucharten
2914 792 2999 830 Land,
3020 792 3061 823 «in
3077 800 3156 823 neuer
3167 791 3260 829 Spei¬

2313 843 2366 880 cher
2387 843 2495 882 gebaut,
2519 842 2604 873 wobei
2622 841 2716 879 Lehrer
2737 843 2792 871 und
2814 840 2949 881 Zöglinge
2970 840 3142 880 mitgeholfeu
3157 841 3257 879 haben.

2314 891 2365 923 Bei
2385 890 2478 928 diesem
2499 890 2565 922 Bau
2585 891 2677 920 wurde
2696 889 2808 929 zugleich
2829 889 2877 925 auf
2890 889 3086 929 Unterbriogen
3100 889 3168 920 einer
3182 888 3260 928 fünf¬

2313 942 2356 971 ten
2376 938 2491 975 Familie
2511 945 2566 969 von
2586 937 2743 977 Zöglingen
2766 936 2893 976 Rücksicht
2922 945 3089 976 genommen.
3130 938 3180 970 Da
3201 937 3261 969 eine

2314 996 2379 1018 neue
2410 986 2534 1024 reichliche
2565 985 2754 1025 Wasserqurlle
2781 984 2819 1016 im
2849 984 2956 1023 Bereich
2986 988 3032 1017 de«
3060 986 3259 1026 Anstalt-gut«

2313 1035 2498 1075 aufgefunden
2518 1036 2624 1066 worden
2645 1034 2693 1072 ist,
2723 1034 2752 1071 so
2772 1034 2861 1065 wurde
2882 1034 2991 1070 dieselbe
3011 1034 3100 1074 gefaßt
3122 1037 3179 1066 und
3199 1037 3260 1067 dem

2312 1084 2402 1122 Hause
2423 1083 2577 1123 zugeleitet,
2606 1085 2659 1113 da«
2684 1083 2733 1114 mit
2753 1083 2836 1114 einem
2856 1082 3047 1120 Stallbestand
3070 1089 3122 1114 von
3142 1083 3261 1115 20—30

2314 1130 2433 1163 Stücken
2462 1132 2529 1170 Vieh
2556 1133 2619 1167 auch
2639 1131 2680 1163 bei
2703 1131 2765 1170 zwei
2785 1132 2881 1162 bereit«
2904 1132 3094 1168 vorhandenen
3115 1133 3260 1170 laufenden

2313 1179 2450 1211 Brunnen
2469 1180 2530 1216 noch
2551 1178 2672 1218 Mangel
2692 1187 2727 1209 an
2749 1178 2852 1216 Wasser
2872 1179 2955 1216 hatte.
3003 1180 3058 1211 Die
3078 1179 3191 1220 Leitung
3213 1181 3260 1212 be¬

2312 1228 2377 1266 steht
2397 1231 2451 1258 au-
2473 1228 2576 1259 irdenen
2598 1227 2707 1265 Röhren
2730 1234 2784 1257 von
2805 1226 2881 1264 bester
2909 1226 3061 1265 Qualität,
3088 1228 3178 1264 welche
3203 1234 3260 1261 von

2313 1276 2362 1307 den
2383 1275 2537 1316 Zöglingen
2559 1275 2632 1313 selbst
2652 1276 2740 1315 gelegt
2760 1277 2886 1313 wurden,
2920 1276 2948 1313 so
2980 1276 3030 1313 daß
3056 1284 3109 1308 nur
3136 1276 3178 1308 die
3198 1278 3260 1308 An¬

2313 1324 2551 1363 schaffungskosten
2581 1323 2649 1355 baar
2679 1324 2784 1363 bezahlt
2813 1324 2917 1355 werden
2937 1324 3054 1361 mußten.
3102 1325 3261 1365 Immerhin

2314 1372 2370 1410 find
2391 1374 2432 1403 die
2454 1373 2594 1412 Finanzen
2614 1373 2658 1403 der
2677 1372 2784 1411 Anstalt
2803 1372 2879 1409 durch
2902 1373 2953 1404 all«
2975 1373 3038 1411 diese
3058 1373 3262 1413 Acquifittonen

2314 1420 2382 1458 stark
2402 1421 2607 1460 mitgenommen
2627 1420 2748 1451 worden.

2372 1478 2440 1509 Das
2461 1477 2610 1517 Vermögen
2631 1479 2676 1508 der
2695 1474 2806 1515 Anstalt
2826 1478 2921 1516 besteht
2941 1479 3062 1518 lediglich
3083 1483 3136 1511 au«
3148 1479 3261 1520 Liegen¬

2314 1525 2425 1563 schaften
2447 1528 2501 1556 und
2523 1525 2772 1563 Gebäulichkeiten,
2796 1527 2904 1564 welche,
2931 1529 3011 1558 unter
3036 1528 3260 1568 Hinzurechnung

2312 1582 2366 1606 von
2381 1576 2431 1614 Fr.
2443 1574 2500 1605 865
2518 1573 2873 1615 Kostgelder-Ausständen,
2892 1575 2933 1606 die
2948 1576 3068 1608 Summe
3084 1577 3129 1608 der
3143 1577 3259 1609 Aktiven

2314 1623 2365 1662 auf
2383 1622 2540 1661 annähernd
2571 1624 2620 1662 Fr.
2643 1623 2754 1657 98.000
2773 1623 2874 1662 stellen;
2906 1625 2996 1655 davon
3023 1624 3109 1664 ziehen
3134 1625 3180 1664 fich
3199 1633 3262 1658 nun

2313 1674 2401 1704 etwa«
2422 1673 2494 1709 mehr
2515 1673 2560 1703 als
2585 1673 2633 1711 Fr.
2656 1672 2766 1710 39,000
2792 1672 2933 1709 Schulden
2959 1673 3011 1708 ab.
3038 1676 3095 1705 und
3123 1678 3152 1705 r«
3177 1674 3263 1708 bleibt

2314 1719 2355 1750 ein
2386 1720 2576 1757 Rettobestand
2601 1728 2637 1751 an
2663 1719 2839 1757 fruchtbarem
2868 1720 3021 1761 Vermögen
3049 1728 3104 1754 von
3134 1730 3187 1754 nur
3207 1723 3259 1762 Fr.

2315 1768 2426 1805 58,000
2445 1768 2535 1807 übrig.
2577 1767 2690 1807 Freilich
2708 1768 2784 1803 wirft
2811 1768 2894 1806 diese«
2920 1769 3088 1809 Vermöge«,
3116 1770 3146 1801 in
3172 1771 3262 1811 Folge

2317 1817 2364 1847 de«
2385 1815 2516 1855 tüchtigen
2536 1815 2915 1854 Landwirthschaflbetriebc«,
2937 1817 3013 1849 einen
3034 1817 3092 1855 sehr
3109 1817 3262 1857 beträchtli¬

2316 1865 2373 1902 chen
2394 1864 2468 1902 Zin«
2487 1864 2538 1903 ab;
2566 1866 2611 1895 der
2637 1864 2797 1904 Reinertrag
2826 1866 2870 1895 der
2890 1865 3127 1904 Landwirthschast
3146 1866 3261 1905 nämlich

2314 1913 2382 1951 stellt
2402 1912 2448 1951 fich
2469 1912 2517 1943 auf
2538 1914 2588 1951 Fr.
2609 1912 2701 1951 5200,
2724 1915 2779 1944 und
2800 1912 2868 1952 zieht
2887 1921 2952 1944 man
2972 1915 3064 1946 davon
3083 1915 3132 1946 den
3154 1915 3261 1955 Betrag

2313 1968 2369 1992 von
2392 1961 2442 1999 Fr.
2467 1960 2542 1991 1120
2561 1961 2606 1996 ab,
2626 1961 2673 1991 der
2693 1962 2738 1991 al«
2760 1960 2918 2000 Pasfivzi»«
2937 1961 3043 2001 bezahlt
3062 1965 3167 1994 werden
3181 1964 3259 2002 muß,

2314 2009 2343 2046 so
2364 2010 2412 2047 hat
2431 2017 2495 2040 man
2516 2009 2557 2040 die
2577 2008 2647 2040 reine
2667 2009 2763 2047 Frucht
2783 2010 2831 2040 de«
2849 2010 3137 2050 Anstaltsvermögen«
3150 2010 3180 2043 in
3191 2019 3262 2044 run¬

2315 2059 2360 2088 der
2380 2058 2500 2089 Summe
2520 2056 2572 2093 auf
2597 2058 2648 2096 Fr.
2673 2056 2752 2087 4000
2777 2057 2984 2097 anzuschlagen,
3014 2058 3072 2096 also
3099 2059 3261 2099 annähernd

2314 2106 2386 2141 7"/o
2406 2107 2454 2136 dt«
2475 2106 2540 2136 oben
2560 2104 2706 2144 verzeigten
2728 2105 2984 2145 Nettovermögen«.
3001 2123 3036 2131 —
3052 2108 3130 2146 Diese
3139 2108 3261 2141 Summe

2316 2154 2387 2191 nebst
2417 2155 2467 2184 den
2492 2154 2669 2193 Kostgeldern
2694 2169 2730 2176 —
2762 2153 2803 2185 die
2833 2154 2868 2185 im
2900 2156 2987 2194 letzten
3015 2156 3105 2194 Jahr«
3126 2156 3193 2196 sich-
3210 2157 3262 2196 auf

2316 2203 2365 2241 Fr.
2377 2202 2457 2233 5800
2476 2202 2623 2241 bezifferten
2637 2218 2673 2224 —
2685 2202 2770 2233 bildet
2788 2210 2848 2233 nun
2867 2202 2910 2233 die
2930 2203 3087 2242 ordentlich«
3105 2204 3262 2244 EiunBhme

2316 2252 2361 2280 der
2381 2251 2501 2288 Anstalt,
2522 2251 2578 2281 und
2599 2254 2629 2281 e«
2643 2250 2673 2287 ist
2687 2250 2874 2289 einleuchtend,
2892 2251 2945 2289 daß
2958 2251 3002 2283 «in
3015 2253 3151 2285 normaler
3166 2253 3263 2294 sttg«-

2316 2298 2404 2338 zieller
2423 2299 2544 2336 Zustand
2572 2298 2703 2336 derselben
2734 2299 2783 2336 erst
2812 2300 2979 2339 dannzumal
3000 2302 3157 2339 vorhanden
3176 2301 3259 2342 wäre,

2316 2354 2394 2377 wenn
2414 2346 2464 2377 mit
2491 2345 2575 2384 diesen
2608 2347 2785 2384 ordentlichen
2816 2347 2983 2386 Einkünften
3013 2349 3055 2380 die
3085 2350 3263 2388 ordentlichen

2317 2395 2468 2433 Ausgaben
2486 2394 2532 2432 fich
2553 2393 2715 2433 vollständig
2744 2395 2830 2427 decken
2855 2396 2952 2432 ließe».
2994 2396 3191 2438 Gegenwärtig
3217 2399 3263 2430 in¬

2316 2434 2400 2480 dessen
2421 2443 2451 2480 ist
2470 2443 2549 2477 dieser
2576 2442 2805 2482 Normalzustand
2836 2444 2897 2482 noch
2927 2444 3009 2484 lange
3038 2446 3107 2484 nicht
3136 2446 3264 2485 erreicht;

2316 2490 2357 2522 die
2376 2491 2469 2522 reinen
2489 2491 2702 2530 Anstaltskosten
2723 2491 2846 2530 belaufen
2864 2492 2913 2531 fich
2940 2492 2977 2524 im
2999 2494 3085 2533 letzten
3104 2495 3264 2533 Jahrtaus

3070 2544 3118 2582 Fr.
3141 2545 3261 2584 11,642.

2317 2587 2450 2627 Dagegen
2471 2587 2596 2627 betragen
2614 2588 2656 2619 die
2682 2589 2744 2627 zwei
2764 2589 2954 2628 Hauptposten
2977 2591 3021 2622 der

2357 2636 2472 2667 ordentl.
2494 2636 2669 2672 Einnahme«
2688 2645 2742 2667 nur
2830 2661 2838 2669 .
3013 2662 3021 2670 .
3082 2661 3099 2679 „
3159 2642 3262 2682 9,800,

2317 2688 2346 2726 so
2365 2687 2419 2726 daß
2437 2688 2483 2726 fich
2503 2688 2547 2720 ein
2567 2688 2670 2729 Defizit
2690 2690 2786 2729 ergibt,
2809 2692 2861 2722 da«
2882 2691 3022 2730 immerhin

2356 2756 2420 2792 noch
2441 2755 3117 2800 auf.Fr.
3160 2762 3251 2800 1,800

2356 2808 2478 2847 ansteigt.

2373 2866 2429 2897 Die
2450 2867 2557 2903 Anstalt
2577 2867 2608 2905 ist
2628 2867 2685 2905 also
2719 2868 2782 2906 auch
2811 2868 2869 2908 jetzt
2899 2870 2961 2908 noch
2990 2871 3122 2909 durchaus
3142 2873 3211 2912 nicht
3232 2874 3261 2905 in

2316 2915 2362 2945 der
2381 2914 2463 2954 Lage,
2483 2916 2523 2946 die
2544 2915 2688 2953 jährlichen
2718 2916 2884 2956 freiwilligen
2914 2918 3043 2958 Beiträge
3066 2921 3206 2960 entbehren
3228 2931 3263 2962 zu

2317 2962 2432 2999 können,
2455 2964 2541 3000 welche
2571 2970 2633 2995 vom
2663 2965 2806 3005 Anbeginn
2835 2966 2908 3001 ihre«
2937 2967 3084 3006 Bestehen«
3105 2977 3142 3000 an
3163 2969 3192 3001 in
3213 2971 3264 3002 den

2318 3010 2507 3048 verschiedenen
2520 3013 2666 3043 Kantonen
2687 3013 2840 3052 gesammelt
2852 3016 2961 3046 worden
2975 3015 3031 3054 find
3045 3018 3102 3047 und
3116 3021 3171 3049 au«
3186 3019 3265 3051 deren

2319 3059 2421 3098 Ertrag
2442 3059 2566 3099 allmälig
2586 3062 2638 3091 da«
2660 3060 2811 3101 Vermögen
2833 3065 2877 3094 der
2893 3063 3035 3100 Bächtelen
3057 3065 3197 3104 erwachsen
3220 3066 3262 3105 ist.

2318 3107 2391 3138 Man
2414 3107 2476 3145 muß
2495 3108 2572 3139 dabei
2592 3108 2733 3148 immerhin
2754 3110 2809 3142 in'«
2830 3111 2908 3150 Auge
2927 3111 3020 3150 fassen,
3042 3112 3095 3151 daß
3115 3113 3182 3152 dies«
3194 3114 3265 3147 Bei¬

2317 3153 2395 3195 träge
2416 3155 2482 3192 nicht
2500 3156 2564 3187 blo«
2585 3157 2749 3196 erforderlich
2771 3158 2839 3197 find,
2860 3167 2908 3190 um
2927 3159 2969 3191 die
2990 3160 3115 3199 Ausfälle
3140 3163 3186 3194 der
3204 3163 3264 3195 ein¬

2319 3205 2410 3243 zelnen
2430 3205 2667 3245 Jahresrechnung
2688 3214 2720 3246 zu
2741 3207 2846 3246 decken,
2857 3207 2972 3245 sondern
2991 3209 3065 3247 auch,
3086 3217 3131 3241 um
3144 3211 3185 3242 die
3199 3212 3264 3252 noch

2319 3252 2509 3288 vorhandenen
2530 3253 2669 3289 Schulden
2700 3255 2765 3291 nach
2800 3257 2855 3286 und
2885 3256 2948 3292 nach
2980 3264 3012 3295 zu
3038 3256 3122 3297 tilgen
3143 3260 3200 3290 und
3222 3259 3264 3292 die

2320 3300 2429 3337 Anstalt
2447 3301 2472 3339 je
2491 3300 2587 3341 länger
2606 3302 2630 3341 je
2651 3303 2722 3340 mehr
2743 3303 2792 3340 auf
2811 3303 2899 3342 eigen«
2919 3303 2996 3343 Füße
3017 3312 3050 3344 zu
3071 3306 3169 3344 stellen.

683 3406 866 3461 /rmllrtou.

347 3502 417 3532 Am
449 3501 516 3529 »a.
539 3496 738 3531 September
761 3497 871 3526 1804
897 3498 968 3532 erlag
996 3497 1246 3528 Pierre-Francois-

280 3550 389 3579 Andr«
407 3547 544 3575 Mechain
573 3549 606 3577 JU
624 3544 759 3571 Caaiillon
787 3545 821 3571 de
846 3545 873 3571 la
891 3545 979 3571 Plana
1006 3543 1054 3572 den
1082 3542 1244 3576 Strapatzen

280 3596 337 3626 der
358 3590 553 3628 französischen
567 3586 777 3622 Gradmessung.
799 3603 834 3610 —
855 3589 898 3620 An
912 3588 1060 3623 demselben
1074 3588 1152 3624 Tage
1165 3585 1245 3621 stellte

281 3639 364 3669 1803
385 3636 432 3669 die
459 3636 488 3666 in
518 3632 652 3670 Freiburg
681 3634 792 3668 tagende
813 3631 1171 3669 Liquidationskommission
1199 3632 1245 3667 für

283 3687 374 3719 Lern
393 3682 459 3714 eine
477 3676 778 3712 Dotations-Urkunde
796 3684 859 3710 aus.

518 3785 743 3831 Fchweizerische
768 3787 1023 3832 VereinsstatiM.

364 3848 403 3879 ES
422 3846 454 3880 ist
471 3845 531 3876 bald
546 3842 589 3875 ein
607 3843 697 3879 Fahr,
722 3842 766 3877 seit
791 3846 839 3875 da«
856 3844 1041 3881 «idgenbsstsche
1057 3845 1244 3877 Departement

291 3891 348 3921 de«
364 3891 476 3925 Innern
493 3887 536 3919 die
552 3885 755 3922 schweizerischen
773 3887 885 3919 Vereine
908 3888 946 3920 im
963 3889 1023 3925 In-
1039 3891 1093 3919 und
1110 3888 1244 3919 Auslände

280 3940 322 3971 za
353 3933 498 3968 Beitragen
525 3929 618 3965 behufs
642 3929 713 3962 einer
738 3931 890 3966 statistischen
911 3931 1177 3969 Zusammenstellung
1203 3938 1243 3962 er-

280 3980 412 4009 «unter»
431 3979 487 4010 hat.
523 3975 577 4011 Fm
596 3972 777 4009 Allgemeinen
794 3975 822 4007 ist
839 3982 901 4006 man
925 3976 1017 4008 diesem
1033 3975 1104 4008 Auf«
1120 3974 1168 4005 mit
1184 3976 1243 4005 der¬

282 4018 398 4055 jenigen
416 4014 641 4053 Bereitwilligkeit
665 4017 781 4054 gefolgt,
807 4017 848 4050 die
873 4025 923 4051 von
949 4020 1035 4051 einem
1059 4019 1242 4054 verständige»,

284 4062 381 4096 seinen
398 4063 542 4096 vehbrden
558 4060 610 4091 mit
625 4061 779 4093 Vertrauen
804 4061 1099 4099 entgegenkommenden
1116 4060 1196 4095 Volk«
1213 4069 1244 4098 »u

282 4107 423 4137 erwarten
441 4112 509 4137 war.
544 4103 598 4137 Die
615 4104 808 4141 Ausnahmen,
829 4106 871 4137 di«
887 4106 932 4140 stch
949 4108 1036 4142 bisher
1050 4105 1146 4143 gezeigt
1162 4107 1243 4139 haben

282 4149 350 4181 «ad
367 4151 433 4181 noch
450 4148 514 4180 viele
531 4146 645 4181 fühlbare
662 4146 755 4179 Lücken
771 4149 847 4185 übrig
864 4150 960 4186 lassen,
985 4151 1038 4184 sind
1054 4152 1120 4183 ohne
1137 4148 1245 4186 Zaeifel

279 4197 356 4231 zum
374 4190 453 4224 The«
469 4192 532 4221 dem
547 4190 661 4226 Mangel
681 4198 716 4222 an
733 4192 904 4228 vrrstündniß
930 4196 974 4226 der
992 4192 1113 4228 Statistik
1128 4193 1182 4224 und
1200 4194 1245 4223 der

278 4236 434 4270 dahengen
452 4232 679 4269 Smngichavung
705 4234 777 4267 ihre«
794 4236 918 4271 Werthe«
939 4236 1135 4274 zuzuschreiben.
1171 4236 1245 4269 viele

275 4285 344 4313 von
372 4278 423 4307 dm
450 4274 634 4309 Betreffende«
657 4275 747 4310 wissen
774 4285 861 4315 »war,
887 4280 937 4311 wie
951 4283 1015 4315 hoch
1031 4280 1071 4312 die
1089 4279 1244 4317 Franzose»,

276 4321 402 4356 «ritten
426 4320 485 4349 and
510 4319 606 4349 ander«
620 4317 717 4350 «Slker
740 4319 783 4351 die
807 4321 981 4357 sogenannten
1005 4322 1107 4362 exakten
1130 4324 1246 4358 Wissen-

274 4363 403 4404 ftchaftm
421 4360 543 4397 s»««;
557 4362 621 4390 aber
635 4359 667 4391 «e
684 4360 810 4394 bedmkm
826 4364 913 4400 nicht,
939 4365 989 4399 da«
1005 4368 1098 4403 gerade
1112 4367 1154 4398 di«
1172 4367 1246 4400 Eta-

273 4406 353 4444 MKf
364 4402 496 4439 diejenige
507 4401 684 4436 Wissenschaft
698 4402 740 4438 sei,
757 4405 836 4440 durch
847 4409 937 4442 weich«
946 4411 1011 4442 auch
1020 4409 1060 4442 di«
1070 4409 1245 4445 sogenaantm

804 4489 859 4527 eck,
874 4490 1105 4535 b-ffdiw.v»«
1116 4492 1246 4527 Erkamt-

270 4535 381 4568 «««rt
395 4531 448 4568 stch
462 4534 517 4560 »o,
533 4525 614 4561 Seite
627 4527 674 4560 der
689 4527 828 4565 Behöch«
853 4533 903 4568 an,
925 4535 975 4567 U»
991 4536 1186 4571 Brreinswesrn
1203 4544 1246 4568 er-

1311 3400 1411 3434 strecken
1429 3399 1485 3435 soll,
1502 3401 1551 3431 da«
1567 3400 1608 3431 die
1625 3400 1815 3437 Verfassungen
1832 3403 1877 3433 des
1896 3401 1996 3434 Landes
2016 3402 2055 3433 im
2072 3401 2252 3438 Allgemeinen

1311 3444 1356 3474 der
1373 3443 1557 3480 Einmischung
1575 3446 1630 3475 und
1649 3443 1818 3481 Einwirkung
1834 3447 1878 3476 der
1896 3444 2031 3481 Obrigkeit
2056 3452 2179 3482 entzogen
2198 3448 2252 3478 und

1311 3488 1355 3516 der
1381 3485 1462 3518 freien
1488 3486 1634 3523 Tbätigkeit
1659 3489 1703 3519 der
1729 3489 1832 3524 Bürger
1857 3490 1996 3522 überlassen
2023 3492 2115 3523 haben.
2160 3491 2252 3526 Ihnen

1311 3531 1425 3564 mangelt
1441 3530 1489 3559 das
1506 3528 1572 3561 klar«
1590 3530 1752 3566 Bewußtsein
1776 3536 1821 3562 de»
1848 3532 2070 3566 republikanischen
2089 3532 2251 3569 Ebarakler»,

1311 3575 1355 3603 der
1371 3571 1507 3606 außerhalb
1533 3574 1580 3604 der
1597 3574 1706 3607 Privat-
1722 3577 1777 3606 und
1795 3576 2010 3611 Familienleben,
2036 3575 2110 3611 jeder
2128 3578 2254 3609 Gemein¬

1312 3616 1392 3647 wesen
1417 3623 1448 3651 zu
1474 3615 1558 3646 einem
1585 3616 1744 3651 öffentlichen
1762 3627 1793 3654 zu
1811 3623 1915 3653 machen
1942 3620 2008 3653 sucht
2025 3622 2079 3650 und
2097 3621 2136 3650 im
2153 3621 2253 3655 Unheil

1313 3661 1357 3690 der
1368 3658 1524 3692 bffenilichen
1536 3659 1672 3695 Meinung
1685 3662 1883 3697 Genugihuung
1895 3664 1949 3693 und
1962 3662 2151 3698 Befriedigung
2162 3662 2251 3697 findet.

1312 3704 1351 3736 E«
1369 3703 1421 3739 gibt
1446 3704 1507 3733 aber
1531 3706 1594 3733 auch
1619 3706 1681 3735 »och
1706 3706 1800 3734 andere
1817 3705 1945 3740 Gründe,
1974 3711 2024 3735 aus
2050 3707 2133 3736 denen
2151 3707 2196 3739 sich
2213 3707 2253 3738 die

1311 3747 1513 3784 Zurückhaltung
1530 3745 1602 3776 einer
1617 3745 1735 3780 gewissen
1746 3748 1844 3782 Anzahl
1861 3748 1972 3779 Verein«
1989 3749 2100 3780 erklären
2117 3749 2179 3786 läßt,
2198 3752 2252 3781 und

1311 3798 1378 3827 zwar
1394 3789 1452 3823 darf
1475 3796 1538 3819 man
1563 3788 1643 3821 ihnen
1668 3790 1717 3819 den
1743 3789 1851 3824 größten
1868 3790 1944 3823 Theil
1971 3792 2013 3822 der
2030 3792 2182 3824 Rückstände
2209 3801 2253 3829 zu-

1311 3834 1442 3868 schreiben,
1468 3833 1522 3863 al»:
1548 3832 1593 3862 der
1611 3832 1936 3870 Seschüftsüderhaufung,
1964 3836 2007 3865 ber
2026 3834 2250 3872 Bequemlichkeit,

1310 3879 1355 3909 der
1372 3878 1463 3910 Scheu
1487 3883 1532 3906 vor
1557 3877 1602 3907 der
1618 3874 1839 3911 Oeffentlichkeit,
1865 3878 1924 3908 dem
1951 3878 2136 3913 statutarischen
2154 3880 2252 3912 Verbot

1311 3921 1433 3957 einzelner
1449 3919 1580 3955 vereine,
1606 3920 1666 3949 an'»
1682 3920 1830 3955 Tageslicht
1855 3928 1886 3958 zu
1911 3925 2012 3958 treten,
2038 3925 2084 3954 der
2102 3923 2250 3960 Hoffnung,

1310 3966 1387 3998 durch
1402 3963 1543 3999 Zuwarten
1570 3962 1723 3996 reichlichere
1746 3964 1871 3999 Angaben
1898 3964 1988 3998 liefern
2013 3973 2044 4002 zu
2071 3965 2171 3997 können
2197 3970 2251 3998 und

1309 4009 1362 4043 dgl.
1396 4007 1487 4039 Wenn
1504 4013 1567 4037 man
1585 4007 1627 4037 die
1644 4007 1692 4037 mit
1709 4007 1862 4039 Antworten
1879 4009 2057 4045 eingelangten
2074 4010 2185 4042 Vereine
2202 4012 2250 4042 den

1310 4050 1388 4084 damit
1405 4050 1443 4080 im
1460 4050 1599 4082 Rückstand
1616 4050 1777 4086 gebliebenen
1793 4053 2011 4087 gegenüderstellt,
2030 4061 2092 4089 mag
2107 4055 2250 4087 Manchem

1310 4094 1377 4126 nickt
1401 4092 1486 4129 wenig
1510 4092 1655 4128 auffallen,
1680 4092 1767 4129 daß».
1791 4094 1827 4126 B-
1856 4096 1916 4129 »der
1939 4095 2066 4130 christliche
2089 4097 2252 4134 Jüngling,,

1309 4137 1409 4169 verein*
1425 4138 1471 4167 der
1488 4137 1679 4172 Prvtestantm,
1700 4136 1749 4168 wir
1765 4138 1812 4169 der
1830 4139 2019 4172 »Piusverein*
2037 4144 2081 4170 eer
2098 4139 2250 4173 Katholiken

1310 4185 1387 4213 unter
1402 4180 1442 4211 di«
1458 4181 1545 4213 erster«
1562 4181 1665 4216 Klaffe,
1682 4180 1722 4212 die
1737 4181 2016 4217 »Männer-Helvetia*
2032 4182 2157 4219 hingegen
2175 4186 2251 4214 unter

1310 4225 1350 4258 die
1367 4226 1456 4260 Untere
1474 4226 1575 4261 gebbrt.

1378 4269 1499 4302 0bschon
1523 4270 1585 4301 dem
1606 4268 1774 4303 vernehmen
1797 4272 1861 4301 »ach
1884 4268 1910 4302 so
1934 4277 1967 4306 zu
1984 4269 2057 4305 sagen
2082 4268 2172 4305 täglich
2188 4271 2251 4300 noch

1311 4309 1549 4345 veremremgaden
1574 4313 1626 4339 von
1652 4308 1791 4341 Bebdrdm
1815 4310 1871 4339 und
1896 4308 2023 4343 Privaten
2049 4308 2089 4340 bei
2114 4311 2159 4340 der
2183 4307 2252 4340 sam¬

1311 4348 1431 4382 melnden
1443 4346 1533 4384 Stell«
1550 4347 1697 4383 «inlangen,
1714 4346 1773 4381 darf
1787 4354 1852 4378 man
1863 4350 1923 4380 dock
1933 4350 2091 4383 aanrhmen,
2108 4349 2153 4379 der
2164 4347 2252 4384 größt«

1311 4386 1388 4422 Theü
1404 4387 1448 4417 der
1455 4385 1664 4421 schweiierüchen
1674 4387 1786 4421 vere««
1801 4388 1866 4421 hade
1881 4389 1941 4417 dem
1953 4386 2066 4422 Aufrufe
2083 4387 2177 4418 dereüs
2197 4391 2255 4418 rot-

1311 4424 1445 4461 finnchm,
1471 4424 1559 4460 indem
1583 4423 1721 4461 sihond,«
1736 4422 2060 4462 ein,ekommen«Anjahl
2082 4425 2255 4458 rinIueBr-

1310 4461 1387 4499 rW«
1402 4464 1449 4493 der
1463 4464 1563 4498 g»de«
1579 4461 1680 4499 Länder
1705 4463 1860 4499 beträchtlich
1882 4464 2086 4501 -dersteigmde»
2101 4462 2254 4500 verhältst,t

1310 4500 1443 4554 hardAet.
1472 4500 1520 4537 Lu
1535 4500 1792 4545 dessm^Wlhoün
1790 4502 2020 4545 ^Knull^

1311 4540 1500 4574 SWwtiwi
1525 4540 1599 4570 (inet
1623 4540 1724 4572 Stuftet
1747 4547 1781 4577 in

1797 4541 1910 4574 Sruuo«
1933 4548 1966 4579 ,»
1991 4543 2078 4579 !<*»;
2103 4543 2171 4575 denn
2188 4548 2254 4575 «an

2319 3406 2379 3439 darf
2403 3406 2470 3439 nicht
2494 3406 2646 3443 schlechtweg
2665 3409 2825 3442 behaupten,
2840 3407 2865 3443 je
2883 3408 2976 3444 größer
2993 3410 3034 3441 rin
3051 3410 3123 3443 Land
3141 3411 3179 3448 ist,
3196 3414 3264 3447 desto

2320 3448 2395 3477 mehr
2412 3446 2486 3476 bietet
2502 3452 2531 3476 es
2542 3447 2732 3483 Veranlassung
2751 3455 2796 3484 zur
2809 3448 2965 3484 Entstehung
2978 3454 3028 3480 von
3039 3449 3185 3483 Verein«.
3212 3452 3264 3484 Die

2321 3485 2500 3519 Ausdehnung
2518 3487 2562 3514 de,
2574 3485 2695 3516 Raumes
2706 3486 2733 3518 ist
2745 3488 2802 3520 eher
2813 3491 2938 3522 geeignet,
2958 3487 2998 3518 die
3009 3489 3105 3523 darauf
3113 3490 3263 3525 zerstreut«

2321 3523 2469 3554 Bewohner
2492 3530 2522 3558 zu
2548 3526 2676 3558 trennen,
2703 3526 2744 3555 als
2770 3526 2800 3557 sie
2825 3526 3106 3562 zusammenzuführen.
3141 3528 3180 3560 Er
3196 3528 3264 3560 wird

2319 3561 2369 3594 also
2387 3561 2427 3591 die
2445 3559 2623 3597 Bevölkerung
2640 3569 2672 3597 zu
2690 3563 2799 3595 Grunde
2816 3565 2898 3598 gelegt
2915 3567 3019 3595 werben
3036 3565 3153 3601 müssen,
3180 3567 3264 3598 wobei

2319 3600 2359 3630 die
2376 3600 2480 3631 meisten
2496 3601 2542 3630 der
2559 3601 2679 3636 Schweiz
2703 3603 2847 3637 gegenüber
2870 3610 2904 3639 zu
2921 3602 3056 3634 stellenden
3074 3604 3171 3637 Länder
3194 3605 3264 3639 ins»,

2319 3639 2379 3670 weit
2396 3646 2441 3675 zur
2459 3639 2576 3675 Bildung
2601 3646 2651 3670 von
2669 3640 2796 3672 Vereinen
2822 3641 2897 3672 «inen
2923 3643 3071 3679 günstigem
3089 3644 3180 3675 Boden
3202 3646 3264 3675 da»

2321 3677 2414 3712 bieten,
2432 3678 2472 3708 al«
2489 3679 2520 3710 sie
2537 3677 2765 3715 verbältnißmäßig
2782 3679 2838 3711 eine
2856 3682 2999 3712 bedeutend
3024 3682 3182 3718 pchlreichere
3198 3684 3264 3716 städ¬

2320 3717 2391 3750 tische
2413 3716 2593 3752 Bevölkerung
2610 3720 2649 3749 al,
2667 3720 2706 3749 die
2732 3726 2785 3750 nur
2811 3727 2871 3756 zum
2888 3723 2917 3752 8.
2939 3721 3015 3756 Theü
3039 3721 3121 3751 damit
3146 3723 3265 3755 betachte

2321 3756 2443 3793 Schweiz
2459 3758 2512 3787 und
2529 3756 2556 3786 in
2575 3757 2759 3792 Ermanglung
2784 3758 2960 3793 umfassender
2977 3759 3265 3798 Gemeind,befugniffe

2320 3794 2444 3830 größere,
2471 3795 2580 3830 zunächst
2604 3801 2656 3825 von
2674 3797 2806 3828 Vereinen
2832 3806 2863 3833 zu
2890 3797 3072 3832 befriedigende
3096 3798 3266 3835 Bedürfnisse

2320 3833 2486 3868 aufjuweisen
2503 3835 2595 3865 haben.
2631 3834 2700 3871 In'«
2717 3836 2835 3867 Gewicht
2858 3835 2916 3869 fällt
2932 3837 3042 3871 dagegen
3060 3835 3201 3875 allerdings
3219 3840 3266 3870 der

2322 3873 2445 3906 Unstand,
2464 3870 2510 3904 baß
2527 3873 2576 3902 den
2594 3873 2725 3905 Vereinen
2744 3875 2772 3904 in
2789 3873 2987 3906 monarchischen
3005 3874 3122 3906 Staaten
3139 3879 3203 3909 nach
3220 3884 3266 3914 ge-

2321 3910 2407 3944 wissen
2424 3909 2589 3947 Richtungen
2605 3912 2650 3944 hin
2668 3911 2722 3943 kein
2741 3913 2767 3945 so
2783 3912 2858 3945 freier
2875 3912 3034 3945 Spielraum
3052 3912 3163 3947 eröffnet
3178 3914 3218 3948 ist.

2370 3957 2528 3992 Hinstchllick
2545 3961 2592 3989 de»
2609 3959 2740 3995 Begriffe,
2757 3961 2800 3989 der
2817 3958 3029 3995 darzustellenden
3041 3960 3155 3993 vereine
3172 3962 3265 3997 scheint

2319 3997 2366 4026 da»
2383 3997 2569 4032 «idgenösfische
2581 3999 2767 4030 Departement
2783 4000 2829 4028 de,
2840 3998 2950 4035 Iunern
2961 3999 3144 4034 aurschlirßlich
3161 4002 3206 4034 die
3213 4008 3266 4035 non

2320 4036 2487 4071 Schweizern
2514 4038 2653 4072 gebildeten
2679 4038 2740 4067 oder
2766 4039 2827 4070 doch
2843 4038 3020 4072 dauptsäcklich
3036 4045 3090 4071 au,
3107 4040 3203 4075 solchen
3222 4044 3266 4074 de-

2319 4075 2453 4107 stebendm
2470 4074 2660 4107 Gesellschaft«
2678 4074 2714 4105 im
2734 4075 2792 4112 gn-
2809 4078 2863 4107 und
2874 4077 3009 4108 Ausland«
3024 4077 3168 4116 in'sAug«
3177 4079 3267 4117 gefaßt

2320 4121 2351 4149 zu
2366 4115 2449 4146 bade»
2467 4114 2520 4143 und
2544 4113 2603 4148 die,
2628 4114 2753 4149 übrigen,
2770 4114 2923 4147 dekanntlich
2947 4115 2977 4147 in
2994 4115 3048 4151 sehr
3066 4119 3185 4155 geringe»
3200 4119 3267 4157 Zahl

2319 4152 2347 4181 in
2364 4152 2410 4181 der
2427 4151 2546 4186 Schweiz
2563 4153 2744 4184 vorhandenen
2763 4154 2872 4187 Vereine
2898 4155 3076 4188 andrrerArt
3092 4158 3221 4192 höchsten»
3236 4165 3267 4190 «

2319 4188 2393 4219 «inen
2411 4188 2522 4224 Anhang
2544 4188 2625 4223 seiner
2641 4190 2907 4228 Zusammenstellung
2932 4194 3092 4229 qusnehmen
3109 4202 3142 4231 zu
3157 4196 3265 4229 wollt»:

2319 4228 2445 4263 Dagegm
2463 4231 2545 4260 macht
2556 4234 2586 4259 e»
2599 4229 2740 4266 di,den,e,
2752 4230 3014 4269 Erfabru»,»if«l-e
3024 4237 3102 4264 unter
3111 4235 3161 4266 d«
3172 4235 3268 4267 erstem

2319 4267 2462 4301 Veremm,
2474 4265 2555 4299 sobald
2572 4267 2604 4301 «e
2619 4269 2666 4303 stch
2676 4270 2740 4300 üder
2751 4271 2797 4301 den
2810 4270 2914 4306 Swift
2923 4278 2994 4305 ««er
3004 4274 3071 4305 ohne
3081 4272 3188 4305 Somit«
3198 4273 3267 4307 selbst

2319 4305 2507 4336 verwaltenden
2519 4306 2651 4343 Handel,-
2666 4309 2728 4339 oder
2738 4309 3097 4346 Kommanhümgesellichgft
3109 4311 3210 4346 *mm»
3226 4320 3267 4344 cm

2320 4339 2442 4384 strecken,
2467 4343 2554 4376 keinen
2571 4345 2874 4384 Ausschließung*««»
2901 4351 3018 4385 damus,
3045 4351 3079 4382 ob
3095 4350 3127 4383 st«
3140 4350 3192 4384 stch
3206 4349 3268 4386 bloß

2321 4382 2481 4414 materiell«,
2497 4386 2559 4415 oder
2575 4385 2799 4424 unsigennü^ea
2817 4389 2872 4418 und
2889 4389 2987 4423 höben,
3003 4388 3121 4425 Zweck«
3138 4390 3266 4421 mton«.
