3839 5551
186 159 410 207 Mittwoch.
436 166 510 208 29.
535 167 777 217 September
803 172 925 215 1943
1001 177 1121 222 Blatt
1145 184 1167 225 1

1550 203 1625 245 Der
1647 208 1791 261 Zürcher
1813 216 1963 271 Zeitung
1989 226 2064 265 164
2065 255 2074 265 .
2088 226 2275 285 Jahrgang

3008 258 3377 316 Morgenausgabe
3527 276 3650 321 1510

180 684 438 717 Abonnemente:

178 735 267 763 Zürich
282 744 319 760 am
334 740 441 765 Schalter
456 743 511 765 oder
525 744 561 766 bei
575 745 683 772 Ablagen

206 766 280 793 Durch
295 769 429 798 Austräger
442 772 483 794 in«
498 774 565 800 tzau«
582 777 685 803 gebracht

178 811 290 838 Schweig
306 813 436 842 Bestellung
451 817 511 839 beim
524 818 626 843 Postamt

205 841 326 869 Lielerung
340 846 408 866 unter
423 847 563 870 Streifband

178 884 314 908 Siueianb,
330 887 452 917 Lieferung
465 891 533 914 unter
553 894 560 914 I
570 894 582 914 i
591 894 605 914 3
613 895 749 919 Rp.-Porio
763 912 777 922 „
802 895 852 918 8.15

204 915 344 939 Streifband
552 923 559 944 I
570 926 581 944 i
590 924 603 945 S
612 926 747 949 Rp.-Porio
761 942 774 952 „
790 926 850 948 10.15

752 699 760 719 1
772 700 861 721 Monat
912 700 925 720 3
935 702 996 725 Mtr.
1032 704 1045 724 8
1054 706 1116 729 Mte.
1157 708 1181 729 12
1189 711 1251 734 MIe.

520 975 716 1003 («rieg«,»schlag
732 978 751 1003 je
766 980 793 999 1»
801 979 901 1004 Rappen
915 985 958 1005 pro
973 983 1062 1005 Monat
1076 985 1226 1015 inbegriffen)

1448 731 1559 792 und
1590 732 1983 822 schweizerisches
2014 744 2375 827 Handelsblatt

1619 828 1824 877 Täglich
1862 840 1890 870 »
1924 840 2196 887 Ausgaben

1628 901 1788 933 Redaktion:
1805 907 1903 941 Halten
1906 911 1993 945 strafe
2010 916 2050 949 u.
2066 917 2163 953 Zürich
2179 922 2192 948 1

1449 944 1691 981 Administration:
1707 955 1912 994 Theaterstraß«
1929 963 1953 995 1.
1968 963 2119 997 Druckerei:
2133 972 2323 1009 «oethestratze
2338 980 2370 1005 IV

1448 992 1585 1028 Telephon
1601 997 1622 1025 2
1634 999 1673 1027 71
1689 1002 1743 1035 «0.
1758 1005 1974 1043 Haiiptpostsach.
1990 1013 2206 1049 Postscheckkonto
2222 1024 2287 1052 VIII
2299 1025 2367 1054 645

2534 756 2716 789 Annoncen
2723 771 2731 789 :
2763 765 2814 788 Pro
2830 767 2898 790 Seite
2911 770 2926 790 8
2935 771 3039 795 Spalten
3047 775 3060 793 i
3069 774 3110 793 HO
3118 775 3332 804 Millimeter,eilen

2545 822 2554 833 ,
2695 799 2801 832 Preis
2825 802 2882 831 der
2905 805 3214 845 Millimeterzeile

2611 834 2649 857 für
2661 837 2732 861 totale
2746 840 3038 872 SelchSstsempseblungen
3271 850 3298 871 25
3309 853 3355 877 «p.

2610 865 2647 889 für
2660 868 2778 895 Anzeigen
2793 871 2973 899 ichwei,erlichen
2990 878 3124 905 Ursprung«
3269 881 3296 902 SO
3308 885 3354 908 «p.

2610 895 2649 919 für
2661 898 2779 926 Anzeigen
2794 903 2966 928 auiländischen
2986 907 3119 936 Ursprung«
3268 912 3295 933 35
3308 915 3352 938 «p.

2611 925 2648 949 für
2661 929 2784 953 Retlamen
2798 937 2839 956 pro
2854 934 3009 960 doppelbreite
3024 939 3088 962 Zeile
3254 943 3301 964 1.25
3313 945 3353 969 Zr.

2612 961 2666 984 Seit
2689 964 2708 985 I.
2722 964 2819 988 Zanuar
2836 968 2898 989 >««:
2922 970 3107 1000 Krieg,Zuschlag
3130 975 3170 996 15»
3178 981 3187 993 -
3207 981 3258 998 vom
3280 980 3353 1002 Reit»

2531 992 2854 1033 Annoncen-Abteilung:
2885 1002 3082 1041 Thraterstraße
3106 1008 3116 1033 1
3151 1012 3202 1036 nnd
3228 1012 3437 1050 Bahnhofs,raße
3458 1017 3493 1043 70

2603 1034 2803 1070 Briefadresse:
2820 1039 2948 1076 Postfach
2961 1044 3175 1079 Fraumünster.
3187 1050 3335 1084 Postscheck
3347 1053 3412 1081 Vlll
3423 1056 3492 1083 1264

277 1096 394 1156 Die
421 1102 820 1171 Operationen
847 1110 948 1165 der
975 1114 1296 1178 Alliierten
1325 1125 1385 1181 in
1417 1128 1757 1197 Süditalien

398 1190 642 1247 Besetzung
664 1200 752 1237 von
774 1197 948 1250 Foggia
968 1220 1024 1231 —
1042 1203 1318 1257 Langsames
1340 1213 1628 1270 Dordringen

639 1247 720 1289 der
741 1249 1043 1294 Amerikaner
1063 1254 1137 1297 bei
1159 1259 1361 1305 Salerno

299 1328 386 1371 Die
408 1330 609 1384 deutsche
632 1335 860 1387 Südfront

214 1395 337 1431 Berlin.
362 1401 408 1430 28.
423 1401 510 1440 Sept.
536 1402 615 1441 (Tel.
643 1404 769 1441 unseres
793 1406 826 1437 E.
838 1405 868 1436 0
880 1407 1000 1445 -Korr.)

153 1435 202 1472 In
216 1436 328 1468 Berlin
344 1439 471 1480 herrscht
487 1442 539 1473 der
554 1443 752 1482 ciitschirdenc
767 1445 922 1481 Eindruck,
938 1448 998 1484 daß

153 1474 202 1507 die
239 1476 500 1516 Engländer
536 1483 601 1513 und
638 1484 928 1517 Amerikaner
964 1488 998 1518 in

154 1514 340 1547 Süditalien
367 1518 400 1549 in
428 1521 560 1560 nächster
584 1522 653 1561 Zeit
679 1523 734 1562 ans
760 1524 873 1556 breiter
899 1527 998 1565 Front

150 1555 242 1592 zum
270 1555 457 1597 Angriff
484 1561 701 1601 übergehe
714 1572 733 1594 n
763 1566 894 1596 werden.
914 1566 996 1598 Alan

150 1592 216 1624 will
232 1594 345 1633 wisse»,
362 1597 422 1635 daß
439 1599 476 1636 sie
492 1609 567 1632 neue
583 1601 675 1640 starke
692 1602 996 1641 Trnppcnvcrbände

151 1641 192 1663 an
210 1632 298 1665 Land
314 1636 453 1677 gebracht
471 1639 578 1677 haben.
596 1641 664 1673 Wie
681 1643 733 1674 der
750 1644 881 1682 deutsche
898 1646 995 1676 Gene¬

150 1673 267 1710 ralstab
289 1674 384 1712 dieser
406 1677 557 1718 Offensive
577 1688 612 1719 zu
635 1680 785 1719 begegnen
806 1684 938 1721 gedenkt,
959 1685 995 1723 ist

148 1712 311 1752 vorläufig
325 1714 404 1754 nicht
419 1719 595 1751 erkennbar.
610 1720 787 1759 Jedenfalls
803 1723 837 1761 ist
852 1725 884 1754 cs
900 1724 986 1755 inter¬

148 1751 253 1789 essant,
269 1753 330 1791 daß
346 1763 380 1786 er
394 1759 506 1793 gerade
520 1759 582 1797 jetzt
598 1760 657 1791 das
672 1761 782 1792 Gebiet
796 1767 858 1793 von
884 1764 910 1801 F
921 1772 939 1794 o
951 1773 970 1802 g
982 1781 986 1790 -

146 1798 165 1829 g
178 1790 187 1821 i
201 1800 219 1822 a
244 1792 302 1824 mit
317 1793 418 1827 seinen
432 1797 547 1835 großen
563 1799 759 1838 Flugplätzen
774 1802 907 1833 räumen
922 1803 992 1839 ließ.

204 1831 364 1870 Während
395 1835 428 1866 in
459 1837 644 1870 Süditalicn
675 1839 723 1870 die
752 1841 832 1879 Lage
862 1841 915 1879 für
944 1843 992 1874 die

145 1869 310 1909 Deutschen
330 1873 463 1914 ziemlich
482 1878 719 1918 undurchsichtig
738 1889 773 1918 zn
793 1880 854 1919 sein
875 1881 991 1920 scheint,

143 1908 179 1948 ist
198 1909 236 1948 sie
253 1912 388 1951 dagegen
408 1916 464 1953 ans
482 1917 549 1949 dem
576 1918 748 1950 Balkan
776 1922 892 1958 geklärt
908 1928 990 1953 wor-

143 1949 209 1980 den.
226 1950 285 1982 Die
300 1952 391 1990 Insel
417 1955 442 1986 K
455 1965 472 1986 o
485 1965 501 1987 r
513 1957 523 1995 f
535 1966 554 1988 n
581 1958 645 1989 und
662 1958 708 1989 die
724 1959 859 1998 wichtige
874 1961 988 1999 Hasen»

141 1988 221 2026 stadt
250 1990 279 2022 S
291 1997 310 2029 P
323 2001 341 2022 a
355 1992 366 2023 l
378 2002 396 2024 a
410 1995 421 2024 t
433 2003 451 2025 o
482 2005 522 2027 an
543 1998 595 2028 der
616 1998 867 2038 dalmatinischen
888 2001 988 2040 Küste,

140 2028 188 2060 die
214 2035 274 2061 von
302 2030 551 2074 jugoslawischen
577 2036 766 2075 Partisanen
793 2040 858 2070 und
884 2039 986 2072 italie¬

139 2068 255 2106 nischen
292 2070 441 2110 Truppen
477 2076 617 2113 gehalten
652 2079 791 2112 wurden,
826 2078 917 2117 fielen
952 2081 985 2112 in

139 2108 271 2147 deutsche
292 2110 394 2143 Hand.
417 2112 528 2146 Damit
550 2115 648 2153 haben
672 2116 719 2147 die
740 2117 905 2156 Deutschen
928 2128 985 2151 nn-

137 2147 321 2187 zweifelhaft
337 2149 427 2183 einen
445 2153 601 2193 wichtigen
620 2156 727 2195 Erfolg
745 2166 908 2196 errungen.
926 2159 984 2192 Sie

136 2186 201 2225 sind
224 2189 282 2219 den
305 2190 509 2229 Engländern
532 2197 597 2226 nnd
619 2195 842 2228 Amerikanern
865 2206 907 2229 an
931 2200 984 2230 der

135 2226 269 2266 Ostküste
298 2229 356 2267 des.
380 2231 589 2272 Adriatischen
619 2235 741 2267 Meeres
769 2239 982 2276 zuvorgekom-

134 2274 217 2304 men;
244 2267 293 2299 die
318 2269 447 2309 Gefahr,
475 2273 535 2310 daß
562 2273 599 2312 sie
625 2275 683 2306 mit
709 2275 824 2312 starken
850 2277 981 2314 Kräften

134 2306 240 2344 hätten
261 2307 376 2341 landen
396 2313 460 2342 und
480 2312 566 2351 ihren
586 2313 803 2347 Verbündeten
824 2315 871 2348 die
889 2317 980 2356 Hand

133 2345 249 2384 reichen
264 2346 395 2385 können,
414 2350 450 2390 ist
468 2352 568 2384 damit
584 2353 667 2392 wohl
684 2354 829 2392 gebannt.

264 2423 476 2478 Rückzug
498 2427 577 2469 der
598 2429 845 2481 Deutschen

280 2477 361 2528 auf
381 2488 499 2521 neue
522 2480 827 2533 Stellungen?

231 2550 305 2583 Der
326 2551 482 2591 Vorstoß
505 2564 553 2586 an
576 2556 638 2587 der
659 2556 872 2594 AdriakUste

189 2609 247 2648 Im
286 2611 536 2650 Hauptquartier
574 2615 710 2646 General
746 2617 971 2654 Eisenhowers.

128 2650 175 2681 28.
196 2649 285 2688 Scpt.
307 2651 431 2686 (United
450 2653 546 2691 Preß)
568 2654 612 2693 In
633 2654 732 2687 einem
752 2657 969 2696 übcrrasck)cttd

129 2687 270 2727 schnellen
293 2691 426 2730 Borstoß
449 2693 503 2732 hat
526 2693 572 2724 die
594 2693 729 2732 britische
750 2696 837 2735 Achte
860 2698 969 2729 Armee

129 2727 162 2759 in
177 2730 228 2760 der
242 2730 328 2768 Nähe
342 2731 394 2762 der
408 2731 613 2771 italienischen
628 2734 759 2773 Ostküstc
773 2737 845 2773 nach
859 2737 967 2769 Ileber-

126 2766 296 2808 schreitung
335 2771 389 2802 des
429 2771 459 2804 O
471 2772 481 2809 s
494 2781 513 2804 a
525 2781 545 2803 n
558 2773 569 2803 t
581 2782 599 2804 o
612 2787 623 2798 -
635 2772 755 2812 Flusses
792 2775 878 2812 mehr
915 2777 968 2807 als

124 2809 163 2839 50
181 2807 351 2840 Kilometer
371 2812 443 2849 nach
462 2812 586 2843 Norden
606 2814 805 2851 znrückgelegt
826 2816 890 2848 und
910 2816 965 2847 den

125 2847 242 2887 großen
282 2847 472 2889 Eisenbahn,
510 2852 575 2882 nnd
616 2851 965 2892 Straßenknotenpnnkt

124 2886 293 2925 Foggia
332 2889 462 2921 erobert.
500 2890 546 2930 In
575 2892 628 2922 der
657 2892 755 2927 letzten
784 2893 882 2931 Phase
910 2895 964 2926 de8

121 2925 267 2964 Angriffs
300 2930 408 2960 wurde
439 2929 556 2968 einiger
588 2931 737 2969 deutscher
768 2932 964 2969 Widerstand

122 2970 184 2997 von
216 2966 372 3005 britischen
405 2969 702 3007 Panzerverbänden
731 2972 795 3003 und
826 2974 961 3004 anderen

120 3005 347 3043 motorisierten
371 3008 615 3047 Truppenteilen
639 3010 801 3049 gebrochen
826 3013 890 3042 nnd
914 3011 962 3043 die

119 3045 259 3083 Nachhut
288 3047 475 3087 Kcsselrings
503 3050 575 3088 nach
604 3049 728 3081 Norden
758 3050 959 3089 abgedrängt.

119 3085 218 3117 wobei
232 3085 281 3124 ihr
295 3086 500 3127 beträchtliche
513 3089 652 3127 Vrrlnstc
665 3089 807 3129 zngesügt
819 3092 957 3123 wurden.

314 3144 382 3176 Die
405 3144 599 3184 FlugbasiS
623 3145 761 3185 Foggia

178 3198 288 3230 Damit
308 3199 472 3239 beherrscht
491 3201 537 3232 die
557 3201 645 3239 Achte
663 3202 772 3233 Armee
791 3202 837 3233 die
855 3204 958 3242 große,

116 3237 284 3278 strategisch
305 3239 569 3278 außerordentlich
590 3241 724 3279 wichtige
742 3242 957 3280 Küstenebene,

116 3278 164 3310 die
184 3285 246 3310 von
264 3279 317 3310 der
336 3280 408 3318 nach
426 3279 565 3317 Brindisi
583 3280 752 3318 führenden
770 3281 956 3321 Hanptlinic

116 3318 297 3356 durchquert
326 3319 406 3350 wird
433 3321 496 3351 und
523 3321 612 3357 durch
640 3320 705 3351 eine
732 3322 824 3359 große
853 3321 954 3358 Eisen-

114 3357 278 3396 bahnlinic
290 3358 348 3389 mit
360 3359 476 3398 Neapel
489 3359 665 3391 verbunden
679 3359 722 3398 ist.
738 3356 855 3398 Größte
870 3360 954 3392 mili¬

115 3396 239 3436 tärische
263 3398 448 3437 Bcdciitnng
476 3398 529 3436 hat
556 3400 606 3435 für
632 3399 679 3430 die
705 3398 866 3431 Alliierten
894 3401 952 3431 das

111 3435 236 3475 System
269 3442 330 3468 von
364 3438 657 3478 Flugstützpunkten,
693 3439 751 3469 das
786 3438 819 3470 in
852 3439 952 3472 einem

112 3476 227 3514 großen
259 3476 350 3509 Kreis
382 3477 414 3508 in
446 3479 497 3509 der
530 3477 629 3509 Ebene
662 3479 802 3517 angelegt
835 3480 950 3511 wnrde.

110 3516 303 3556 Hauptbasis
351 3516 387 3555 ist
436 3518 488 3549 der
535 3511 710 3555 Flughafen
757 3512 949 3557 Foggia-

111 3556 139 3588 G
153 3555 161 3586 i
176 3564 194 3586 n
208 3565 225 3587 o
239 3571 249 3581 -
261 3556 282 3588 L
296 3555 305 3587 i
317 3556 328 3593 s
340 3565 369 3590 a.
405 3564 459 3589 »m
485 3558 539 3588 den
567 3557 617 3595 sich
644 3557 675 3588 in
702 3557 799 3589 einein
825 3558 949 3590 Radius

109 3599 170 3627 von
197 3596 276 3627 etwa
304 3598 342 3626 40
368 3596 559 3628 Kilometern
586 3596 675 3634 zwölf
700 3596 826 3628 kleinere
854 3596 948 3636 Flug-

107 3635 199 3673 Plätze
217 3635 415 3674 gruppieren,
435 3636 482 3668 die
499 3639 549 3667 als
566 3636 763 3673 Stützpunkte
780 3636 829 3674 für
847 3637 948 3676 Jagd-

107 3671 214 3712 slicgcr
237 3675 349 3713 gebaut
375 3676 448 3713 sind.
472 3675 664 3713 Bergleichen
689 3675 781 3713 lassen
807 3675 856 3713 sich
881 3676 947 3714 jene

105 3714 222 3752 großen
243 3714 387 3753 Anlagen
410 3723 471 3746 nur
493 3715 549 3746 Mit
574 3715 667 3746 denen
691 3713 733 3747 im
755 3714 861 3747 Gebiet
885 3721 945 3747 von

105 3754 134 3787 G
148 3762 161 3784 e
174 3762 188 3784 r
201 3753 218 3785 b
232 3753 240 3784 i
255 3762 273 3784 n
288 3754 297 3786 i
327 3755 382 3789 ans
399 3753 542 3792 Sizilien,
560 3754 606 3786 die
624 3755 675 3785 der
693 3753 843 3790 deutschen
860 3754 945 3788 Luft¬

104 3792 198 3831 waffe
227 3798 284 3825 vor
314 3794 367 3824 der
394 3793 550 3831 Invasion
579 3794 630 3825 als
657 3793 872 3829 AktionSbasis
900 3793 944 3826 im

103 3833 260 3869 zentralen
296 3832 486 3866 Mittclmeer
521 3832 652 3864 dienten.
690 3832 752 3865 Ter
787 3833 943 3871 Flugplatz

105 3870 412 3911 Foggia-Gino-Lisa
441 3878 511 3904 war
543 3871 626 3908 schon
656 3872 759 3910 Jahre
787 3877 845 3903 vor
874 3873 941 3904 dem

101 3909 196 3950 Krieg
217 3912 268 3943 als
289 3910 443 3950 wichtiger
464 3910 608 3945 Militär»
629 3912 692 3943 »nd
713 3910 942 3950 Zivilslngplatz

100 3950 232 3983 bekannt
253 3952 317 3982 »nd
336 3951 394 3983 mit
412 3950 603 3987 modernsten
622 3951 781 3987 Hangars.
801 3951 941 3987 Repara¬

100 3990 344 4028 turwerkstätten
370 3991 432 4022 »nd
457 3990 604 4028 sonstigen
626 3990 768 4028 Anlagen
791 3989 940 4027 versehen.

100 4030 142 4061 Er
166 4036 235 4061 war
259 4027 311 4067 für
335 4029 383 4061 die
407 4029 584 4067 Aufnahme
609 4028 693 4060 einer
719 4029 834 4066 großen
860 4029 940 4066 Zahl

101 4074 162 4101 von
193 4069 386 4108 Flugzeugen
416 4068 567 4107 bestimmt
596 4069 659 4099 nnd
690 4068 745 4100 mit
775 4067 939 4107 Treibstoff

97 4110 163 4140 und
183 4109 264 4141 allen
285 4108 500 4147 notwendigen
521 4107 710 4143 Ersatzteilen
732 4108 782 4143 für
804 4108 840 4144 sie
863 4111 937 4140 a»s-

95 4147 236 4187 gerNstct.
258 4147 317 4181 Die
341 4147 494 4180 alliierten
519 4146 769 4185 Luftstreitkräste
791 4147 937 4185 verfügen

96 4187 158 4225 letzt
194 4186 269 4219 über
303 4187 351 4219 ein
386 4187 566 4225 gewaltige?
600 4189 694 4217 neues
727 4186 936 4224 OperatwnS-

95 4227 245 4265 zentrum.
269 4231 330 4258 von
353 4228 421 4259 dein
444 4229 506 4259 ans
528 4226 625 4264 Flüge
648 4225 698 4257 bis
721 4226 794 4264 nach
818 4226 936 4264 Oester¬

94 4266 180 4303 reich.
219 4266 496 4304 Süddentschland.
532 4264 759 4303 Jugoslawien.
794 4265 934 4304 Ungarn.

93 4305 285 4339 Rumänien.
304 4306 481 4344 Bulgarien
500 4306 565 4337 und
583 4306 635 4335 der
655 4303 933 4343 Tschechoslowakei

93 4346 333 4377 unternommen
360 4346 481 4377 werden
506 4345 631 4376 können.

243 4402 310 4434 Die
332 4402 423 4439 Lage
447 4410 493 4433 an
518 4403 579 4433 der
601 4401 787 4438 Westküste

151 4457 201 4490 An
220 4458 273 4489 der
289 4457 391 4496 Front
409 4457 461 4488 der
478 4455 615 4496 Fünften
632 4456 742 4488 Armee
760 4455 803 4487 im
823 4456 931 4488 Gebiet

91 4497 152 4530 von
190 4497 390 4529 Salerno
426 4496 479 4533 hat
505 4497 556 4527 der
581 4495 711 4531 deutsche
735 4494 931 4534 Widerstand

89 4536 305 4575 nachgelassen,
339 4536 408 4573 doch
441 4536 520 4567 kann
553 4535 612 4566 das
643 4533 843 4573 Bordringen
878 4536 931 4567 der

87 4576 251 4609 Alliierten
275 4582 378 4614 wegen
403 4574 631 4613 ausgedehnten
657 4573 809 4610 deutschen
846 4574 929 4606 Mi¬

88 4615 355 4652 nenfeldern
393 4622 455 4646 mir
491 4613 676 4653 schrittweise
689 4613 834 4652 erfolgen.
869 4614 928 4646 Die

85 4655 228 4692 Position
243 4654 277 4693 ist
290 4655 361 4691 auch
375 4662 415 4685 an
430 4653 536 4692 diesem
549 4652 702 4691 Abschnitt
715 4653 765 4690 für
778 4653 927 4685 General-

86 4695 308 4733 fcldmarschall
337 4693 506 4732 Kessclring
532 4691 700 4731 wesentlich
725 4691 927 4732 ungünstiger

85 4735 259 4772 geworden,
287 4735 326 4765 da
353 4733 401 4765 die
427 4731 627 4767 Amerikaner
657 4730 700 4763 im
728 4731 925 4769 Nordwcsten

1040 1345 1102 1372 von
1118 1343 1258 1377 Salerno
1274 1348 1321 1380 die
1338 1351 1468 1391 deutsche
1483 1358 1719 1403 Haiiptstcllnng
1736 1367 1877 1407 teilweise

1038 1382 1188 1419 umgehen
1219 1385 1348 1420 konnten
1377 1395 1442 1423 und
1468 1396 1775 1442 Umfassungsgesahr
1801 1412 1876 1443 auch

1292 1428 1302 1457 l
1301 1436 1309 1453 ’
1309 1467 1319 1486 f
1312 1435 1336 1466 f,
1340 1438 1366 1483 -f
1369 1430 1379 1460 r
1378 1439 1396 1484 L
1390 1433 1402 1462 t
1404 1455 1410 1462 -
1431 1434 1545 1467 weiter
1567 1439 1630 1473 sind
1651 1443 1697 1474 die
1720 1446 1875 1480 alliierten

1037 1457 1289 1500 Luststreitkrastc
1308 1467 1361 1503 seit
1380 1470 1432 1502 der
1450 1474 1610 1515 Besetzung
1626 1486 1687 1513 von
1704 1484 1823 1522 Foggia
1842 1488 1876 1519 in

1037 1505 1120 1529 einer
1140 1503 1210 1533 weit
1231 1504 1424 1545 günstigeren
1444 1511 1523 1551 Lage
1543 1517 1594 1548 als
1615 1519 1728 1558 bisher,
1749 1525 1787 1556 da
1809 1526 1875 1561 ihre

1034 1539 1291 1584 Jagdflugzeuge.
1306 1546 1555 1586 Schnellbomber
1571 1559 1635 1588 nnd
1653 1558 1873 1599 Langstrecken-

1037 1585 1122 1614 lagcr
1141 1579 1212 1611 bald
1230 1584 1285 1619 ans
1302 1585 1385 1624 kurze
1403 1589 1528 1629 Distanz
1545 1603 1637 1633 gegen
1655 1599 1702 1631 die
1719 1602 1873 1641 deutschen

1034 1618 1189 1655 Straßen,
1212 1624 1276 1653 und
1301 1626 1709 1674 Eisenbahnverbindungen
1735 1642 1873 1681 zwischen

1034 1655 1115 1687 Rom
1139 1660 1202 1690 nnd
1225 1661 1339 1700 Neapel
1362 1668 1426 1698 und
1450 1670 1497 1701 die
1521 1672 1669 1712 Truppen
1692 1678 1735 1710 im
1758 1682 1874 1721 Kampf

1032 1696 1130 1732 gebiet
1152 1698 1236 1736 selbst
1260 1708 1418 1739 operieren
1442 1708 1568 1744 können.
1590 1715 1672 1753 Nach
1692 1719 1747 1750 den
1771 1722 1871 1758 letzten

1032 1734 1223 1776 Meldungen
1250 1742 1302 1777 hat
1327 1745 1494 1787 Kcsselring
1519 1750 1632 1786 bereits
1658 1757 1723 1788 eine
1748 1760 1871 1793 weitere

1030 1776 1261 1815 Ziiriicknahmc
1277 1781 1372 1817 seiner
1388 1786 1590 1828 Hanptkräfte
1605 1794 1785 1833 eingeleitct.
1800 1801 1869 1837 doch

1032 1815 1158 1852 zweifelt
1175 1826 1249 1849 man
1268 1820 1345 1860 nicht
1362 1824 1474 1859 daran,
1492 1829 1552 1866 daß
1570 1830 1601 1862 in
1621 1833 1672 1864 der
1689 1836 1871 1877 Uingebnnq

1030 1855 1090 1887 von
1127 1855 1293 1895 Neapel
1331 1864 1403 1902 noch
1440 1865 1561 1904 schwere
1596 1872 1725 1910 Kämpfe
1762 1877 1868 1909 bevor-

1030 1891 1138 1931 stehen.

1087 1932 1146 1965 Die
1179 1936 1312 1970 alliierte
1346 1941 1508 1982 Luftwaffe
1541 1953 1609 1980 war
1644 1959 1695 1983 am
1730 1954 1867 1993 Montag

1026 1973 1132 2004 weiter
1150 1974 1239 2014 durch
1267 1982 1559 2023 ungünstiges
1588 1988 1615 2026 F
1625 1991 1636 2020 l
1648 1998 1667 2020 n
1680 2000 1698 2028 g
1709 1998 1739 2023 w
1750 2003 1765 2024 e
1777 1995 1789 2025 t
1800 1996 1812 2025 t
1823 2005 1838 2027 c
1849 2006 1867 2027 r

1027 2012 1195 2047 behindert,
1213 2016 1284 2052 doch
1295 2021 1424 2052 wurden
1439 2023 1579 2062 ?lngriffc
1593 2035 1684 2064 gegen
1700 2032 1755 2063 den
1770 2034 1865 2071 Flug-

1025 2051 1100 2087 Platz
1123 2053 1307 2087 Biterbo
1332 2061 1397 2091 und
1421 2062 1531 2101 Lago
1557 2065 1595 2096 di
1620 2068 1865 2105 Braceiano

1026 2098 1068 2121 im
1087 2091 1283 2131 Nordwcsten
1301 2102 1361 2129 von
1381 2101 1461 2133 Nom
1480 2105 1730 2141 nnternommen.
1746 2112 1793 2150 In
1811 2113 1863 2144 der

1023 2129 1212 2169 Kanipszonc
1246 2139 1375 2168 wurden
1412 2140 1568 2180 feindliche
1602 2146 1763 2186 Trnppen-
1798 2154 1863 2183 und

1022 2168 1442 2216 Fahrzeiigansammlniigen
1462 2181 1672 2217 bombardiert
1689 2190 1752 2220 und
1771 2193 1862 2223 unter

1020 2209 1311 2250 Bordwaücnfeiier
1323 2226 1514 2253 genommen.
1528 2223 1587 2255 Ein
1604 2225 1752 2263 deutsches
1765 2230 1860 2267 Fing,

1021 2256 1092 2288 zeug
1109 2253 1215 2283 wurde
1232 2254 1442 2294 abgcschossen.
1458 2260 1608 2297 während
1624 2263 1774 2302 sämtliclze
1791 2269 1861 2301 alli-

1020 2287 1115 2320 irrten
1138 2290 1309 2332 Flugzeuge
1333 2305 1366 2334 zu
1392 2297 1477 2336 ihren
1501 2300 1719 2340 Stützpunkten
1745 2310 1859 2345 zurück-

1021 2328 1148 2366 kehrten.

1123 2387 1189 2419 Die
1213 2387 1348 2428 Fünfte
1371 2393 1501 2427 Armee
1524 2401 1590 2429 vor
1612 2399 1752 2434 Nocera

1074 2440 1131 2479 Im
1171 2444 1422 2483 Hauptquartier
1461 2452 1596 2484 General
1635 2455 1860 2494 Eisenhowers.

1015 2482 1061 2510 28.
1075 2481 1163 2520 Sept.
1180 2484 1305 2518 (United
1319 2488 1414 2526 Preß)
1429 2489 1510 2529 Nach
1525 2493 1581 2523 den
1596 2494 1696 2531 letzten
1710 2496 1859 2529 Meldun-

1013 2527 1036 2597 S
1036 2528 1070 2550 en
1094 2526 1155 2552 von
1181 2524 1234 2555 der
1257 2525 1357 2563 Front
1382 2529 1480 2566 haben
1505 2531 1552 2562 die
1576 2532 1706 2573 Kämpfe
1731 2535 1773 2568 im
1797 2537 1858 2570 Ab-

1035 2559 1118 2597 hnitt
1142 2561 1283 2594 Salerno
1307 2566 1421 2598 wieder
1444 2578 1486 2600 an
1511 2570 1671 2610 Heftigkeit
1694 2583 1858 2614 zugenom-

1012 2607 1091 2634 men.
1105 2600 1173 2638 doch
1186 2602 1272 2639 sehen
1286 2604 1337 2643 sich
1350 2605 1397 2637 die
1409 2607 1574 2648 Deutschen
1587 2619 1621 2649 zu
1635 2612 1855 2653 schrittweisem

1011 2638 1169 2679 Anfgebcn
1202 2641 1286 2679 ihrer
1318 2645 1628 2686 Gebirgspositionen
1661 2660 1855 2693 gezwungen.

1010 2676 1067 2716 Im
1106 2680 1361 2723 Frontalangriff
1399 2687 1513 2719 rückten
1553 2689 1687 2730 britische
1725 2693 1855 2727 Sturm-

1010 2719 1124 2756 trnpps
1144 2728 1185 2751 an
1206 2721 1259 2753 der
1277 2717 1450 2761 Bahnlinie
1469 2728 1534 2759 und
1553 2729 1761 2772 Hanptstraße
1781 2735 1855 2774 nach

1010 2752 1126 2796 Neapel
1150 2758 1198 2790 bis
1223 2760 1255 2792 in
1280 2763 1338 2793 das
1362 2764 1469 2797 Gebiet
1493 2767 1554 2799 von
1587 2767 1754 2804 Nocera
1787 2778 1854 2810 vor,

1010 2796 1068 2826 das
1091 2802 1151 2828 von
1177 2800 1232 2831 den
1257 2802 1409 2841 deutschen
1434 2804 1582 2845 Truppen
1608 2816 1657 2840 am
1683 2809 1854 2852 Dienskag.

1008 2836 1179 2876 vormittag
1197 2841 1341 2875 geräumt
1358 2844 1473 2875 wurde.
1492 2845 1556 2878 Der
1573 2847 1663 2886 durch
1681 2850 1852 2883 Artillerie-

1007 2873 1091 2912 fencr
1124 2877 1329 2914 größtenteils
1363 2883 1502 2920 zerstörte
1538 2886 1597 2918 Ort
1632 2887 1765 2926 befindet
1800 2891 1851 2930 sich

1007 2915 1235 2956 augenblicklich
1270 2918 1312 2951 im
1346 2921 1607 2959 Niemandsland,
1641 2927 1680 2958 da
1713 2937 1746 2960 er
1778 2932 1850 2969 noch

1005 2952 1116 2986 immer
1141 2960 1202 2987 von
1231 2959 1286 2989 den
1324 2960 1470 2999 erhöhten
1499 2964 1650 3003 deutschen
1678 2968 1848 3001 Ariilleric-

1004 2992 1170 3032 stellnngen
1187 2995 1352 3036 beherrscht
1366 3000 1447 3032 wird
1463 3004 1528 3033 nnd
1544 3004 1591 3034 die
1606 3004 1770 3039 Alliierten
1786 3013 1848 3040 ans

1004 3032 1111 3070 diesem
1126 3034 1255 3067 Grnnde
1268 3039 1339 3071 noch
1355 3039 1431 3076 nicht
1445 3049 1498 3079 zur
1510 3042 1671 3089 Besetzung
1685 3047 1736 3077 der
1750 3048 1846 3079 Stadt

1001 3072 1176 3109 geschritten
1214 3075 1285 3112 sind.
1323 3078 1469 3119 Britische
1505 3081 1687 3120 Infanterie
1723 3085 1845 3123 säubert

1000 3113 1210 3152 gegenwärtig
1232 3115 1279 3146 die
1301 3117 1515 3156 umliegenden
1537 3121 1644 3161 Hänge
1665 3129 1726 3155 von
1750 3126 1844 3162 feind-

1001 3151 1094 3189 lichen
1119 3152 1351 3193 Strcitkräftcn.
1378 3158 1426 3189 die
1451 3159 1503 3197 sich
1529 3161 1600 3194 dort
1624 3162 1657 3193 in
1683 3165 1843 3203 günstigen

1000 3189 1185 3228 Stellungen
1201 3192 1231 3226 so
1245 3194 1336 3232 lange
1349 3197 1407 3227 wir
1420 3198 1548 3235 möglich
1562 3208 1595 3235 z»
1611 3201 1715 3233 halten
1731 3203 1842 3238 suchen.

1059 3229 1136 3261 Eine
1153 3231 1314 3269 besondere
1332 3236 1448 3273 Gefahr
1468 3238 1519 3278 für
1537 3239 1584 3271 die
1602 3241 1750 3280 Truppen
1771 3245 1837 3282 Kes-

998 3266 1129 3308 sclrings
1152 3271 1204 3308 hat
1227 3273 1277 3310 sich
1301 3276 1389 3314 durch
1411 3277 1466 3308 den
1490 3277 1630 3316 schnellen
1655 3282 1837 3323 Bormarsch

998 3308 1051 3339 des
1068 3310 1182 3347 rechlen
1201 3311 1330 3351 Flügels
1348 3317 1399 3346 der
1418 3316 1553 3355 Fünften
1572 3319 1680 3352 Armee
1700 3323 1835 3360 ergeben,

998 3348 1050 3379 der
1074 3348 1099 3380 A
1113 3355 1130 3380 v
1143 3358 1157 3381 e
1170 3352 1179 3381 l
1193 3352 1202 3381 l
1216 3350 1224 3381 i
1239 3361 1257 3383 n
1271 3361 1288 3382 o
1313 3353 1377 3392 sehr
1393 3356 1471 3391 nahe
1488 3359 1602 3394 gerückt
1618 3359 1651 3395 ist
1666 3361 1729 3391 und
1747 3363 1837 3401 durch

996 3387 1083 3419 einen
1099 3391 1269 3426 parallelen
1283 3393 1408 3432 Angriff
1424 3396 1672 3435 amerikanischer
1686 3400 1833 3438 Truppen

997 3426 1039 3459 im
1058 3427 1248 3467 Onellgebiet
1265 3432 1319 3463 des
1350 3433 1379 3466 O
1391 3433 1401 3471 f
1413 3443 1431 3465 a
1445 3444 1464 3465 n
1478 3436 1488 3465 t
1501 3444 1519 3467 o
1531 3451 1542 3461 -
1554 3436 1673 3475 FlnsseS
1690 3439 1741 3473 bis
1758 3441 1834 3472 über

992 3465 1013 3498 L
1028 3466 1036 3497 i
1050 3476 1067 3498 v
1081 3477 1099 3498 n
1113 3467 1122 3498 i
1158 3469 1215 3503 (bet
1240 3471 1278 3504 S.
1302 3473 1439 3511 Angel
1452 3475 1482 3511 o)
1507 3477 1675 3515 vordrang,
1698 3480 1764 3510 und
1786 3480 1833 3511 die

993 3506 1083 3545 durch
1122 3508 1181 3539 das
1221 3509 1354 3549 Gebirge
1393 3513 1540 3550 führende
1580 3516 1833 3555 Eisenbahnlinie

992 3545 1244 3585 Foggia-Neapel
1258 3559 1299 3581 an
1317 3551 1410 3588 dieser
1424 3553 1521 3585 Stelle
1537 3555 1726 3593 unterbrach.
1741 3558 1831 3591 Lioni

992 3587 1099 3617 iviirde
1128 3586 1212 3624 schon
1243 3598 1294 3620 am
1326 3592 1462 3630 Montag
1491 3599 1552 3624 von
1582 3596 1831 3633 amerikanischer

990 3624 1172 3663 Infanterie
1193 3627 1299 3665 besetzt,
1318 3630 1365 3661 die
1383 3640 1423 3662 an
1443 3632 1541 3664 einem
1560 3633 1644 3673 Tage
1662 3636 1727 3671 acht
1744 3636 1829 3669 Kilo¬

989 3666 1083 3697 meter
1107 3666 1138 3697 in
1160 3666 1360 3707 schwierigem
1382 3671 1520 3704 Gelände
1541 3674 1728 3712 znrücklrgte.
1748 3676 1830 3715 Nach

990 3703 1150 3742 Auslagen
1167 3706 1315 3745 deutscher
1331 3709 1535 3747 Gefangener,
1553 3712 1599 3744 die
1615 3714 1666 3745 der
1683 3716 1728 3746 16.
1743 3716 1828 3752 Pan¬

988 3743 1166 3779 zerdivision
1203 3747 1403 3784 angehörten,
1437 3750 1520 3785 hatte
1554 3752 1612 3783 das
1645 3753 1743 3790 Feiicr
1776 3756 1827 3786 der

987 3784 1241 3822 ainerikanischen
1268 3786 1409 3824 schweren
1434 3790 1581 3826 Geschütze
1606 3791 1671 3823 eine
1695 3793 1827 3830 vernich¬

987 3822 1073 3854 tende
1097 3823 1247 3863 Wirkung
1269 3828 1333 3858 »nd
1356 3828 1501 3866 zerschlug
1526 3831 1580 3861 den
1604 3832 1732 3869 größten
1757 3833 1825 3865 Teil

986 3861 1039 3893 der
1059 3872 1099 3894 an
1121 3864 1177 3895 den
1196 3865 1326 3903 Hängen
1349 3867 1402 3899 des
1420 3868 1519 3901 Tales
1539 3870 1718 3909 angelegten
1739 3873 1824 3903 drnt-

986 3900 1064 3940 schen
1083 3903 1393 3944 Feldbefestigungen.

1044 3942 1093 3972 An
1119 3943 1175 3974 den
1201 3943 1455 3983 amerikanischen
1480 3946 1592 3979 Sektor
1616 3948 1824 3986 enschliehend

986 3981 1118 4019 versucht
1141 3982 1188 4013 die
1212 3983 1299 4021 Achte
1320 3985 1430 4016 Armee
1455 3986 1497 4017 im
1522 3987 1678 4023 zentralen
1703 3988 1823 4020 Sektor,

984 4020 1032 4051 die
1074 4020 1175 4057 Front
1209 4022 1240 4059 so
1272 4023 1375 4061 schnell
1409 4026 1461 4057 als
1495 4026 1622 4064 möglich
1667 4028 1722 4064 ans
1764 4029 1823 4059 das

982 4059 1152 4097 Ofantotnl
1172 4063 1395 4100 ansznrichten.
1416 4064 1480 4104 Ihr
1502 4066 1596 4098 linker
1618 4067 1727 4105 Flügel
1751 4068 1821 4106 steht

982 4102 1192 4139 gegenwärtig
1219 4101 1262 4134 im
1288 4103 1413 4136 Gebiete
1439 4112 1500 4136 von
1536 4106 1573 4137 M
1586 4114 1600 4137 e
1612 4107 1623 4137 l
1635 4106 1645 4141 s
1658 4107 1667 4138 i
1704 4107 1737 4139 in
1763 4108 1819 4138 Ge¬

982 4140 1091 4178 fechten
1124 4141 1181 4174 mit
1215 4143 1367 4180 deutschen
1392 4145 1578 4183 Nachhuten,
1603 4147 1649 4177 die
1674 4148 1820 4184 Verzöge-

980 4180 1225 4219 rnngSaktionen
1248 4184 1460 4222 durchführen.
1494 4185 1667 4223 Angesichts
1688 4188 1741 4218 des
1764 4188 1818 4218 Er¬

981 4219 1079 4257 folges
1100 4222 1152 4252 der
1173 4221 1329 4261 britischen
1349 4224 1553 4263 Hauptmacht
1575 4225 1618 4257 bei
1641 4226 1760 4264 Foggia
1784 4227 1817 4259 ist

979 4259 1076 4298 jedoch
1106 4262 1178 4297 auch
1209 4262 1256 4293 die
1285 4263 1513 4301 Zurücknahme
1544 4265 1637 4303 dieser
1667 4266 1815 4304 Trnppen

979 4300 1216 4337 nnvermeidlich
1240 4304 1411 4341 geivorden.

1036 4340 1084 4371 An
1109 4341 1164 4372 den
1188 4340 1384 4380 Flugplätzen
1409 4343 1454 4375 bei
1478 4344 1503 4381 F
1515 4353 1532 4375 v
1545 4352 1562 4382 g
1574 4352 1592 4382 g
1606 4344 1614 4375 i
1628 4352 1655 4378 a.
1688 4345 1735 4377 die
1758 4347 1813 4376 den

976 4377 1133 4418 britischen
1154 4380 1303 4421 Truppen
1324 4382 1356 4413 in
1379 4382 1426 4414 die
1447 4384 1539 4421 Hand
1562 4383 1661 4420 fielen,
1684 4386 1812 4416 wurden

977 4418 1124 4457 einige
1166 4420 1191 4458 Z
1205 4428 1218 4452 e
1232 4430 1245 4452 r
1260 4421 1279 4456 st
1294 4423 1310 4452 ö
1324 4431 1339 4453 r
1352 4430 1370 4454 »
1385 4431 1404 4453 n
1417 4430 1434 4460 g
1447 4431 1460 4453 c
1474 4431 1492 4453 n
1537 4423 1710 4462 sestgcstcllt.
1743 4425 1811 4461 doch

975 4458 1099 4496 dürften
1123 4459 1160 4497 sie
1183 4460 1215 4491 in
1239 4461 1383 4500 kürzester
1402 4462 1470 4500 Zeit
1495 4462 1546 4501 für
1568 4463 1812 4502 Iagdflngzcngc

974 4498 1086 4530 wieder
1107 4500 1309 4532 verwendbar
1329 4501 1400 4537 sein.

1176 4557 1318 4596 Gefecht
1341 4560 1379 4591 in
1403 4561 1463 4592 der
1487 4560 1602 4592 Adria

1028 4612 1297 4652 Konstantinopel.
1328 4616 1374 4646 27.
1396 4615 1484 4654 Sept.
1515 4616 1569 4654 (tt.
1583 4616 1812 4656 v.-Privattel.)

970 4651 1045 4684 Bier
1067 4653 1229 4691 Einheiten
1254 4654 1304 4685 der
1328 4654 1532 4692 italienischen
1556 4656 1666 4694 Flotte,
1699 4655 1745 4688 die
1778 4656 1810 4688 in

968 4692 1033 4723 dem
1066 4692 1256 4731 griechischen
1288 4693 1386 4732 Hasen
1418 4695 1445 4732 P
1458 4703 1475 4725 a
1490 4695 1501 4725 t
1513 4703 1528 4725 r
1541 4704 1558 4725 a
1572 4698 1587 4726 s
1631 4695 1718 4733 (Golf
1748 4701 1808 4727 von

967 4731 1113 4770 Korinth)
1136 4731 1311 4770 stationiert
1332 4739 1447 4767 waren,
1469 4733 1532 4772 sind
1554 4732 1595 4767 im
1617 4734 1736 4773 Schiitze
1758 4736 1809 4766 der

173 5404 297 5432 Ungefährer
310 5400 442 5424 FrontverW

775 5396 1032 5425 Hauptangrifftridrhmgen
1046 5395 1081 5418 der
1095 5395 1191 5418 Alterte*

1922 1111 2106 1154 Dunkelheit
2138 1124 2354 1163 ausgelaufen,
2387 1137 2441 1160 um
2474 1132 2531 1162 den
2564 1134 2693 1174 Versuch
2724 1147 2758 1175 zu

1922 1154 2153 1193 unternehmen,
2175 1162 2261 1194 einen
2282 1170 2343 1196 von
2366 1168 2421 1198 den
2442 1170 2603 1202 Alliierten
2626 1174 2759 1212 besetzten

1921 1192 2020 1229 Hasen
2042 1203 2077 1233 zn
2099 1199 2256 1238 erreichen.
2279 1204 2337 1235 Sic
2357 1208 2484 1239 wurden
2507 1211 2563 1247 ans
2584 1212 2677 1250 hoher
2699 1216 2758 1247 See

1921 1234 1982 1261 von
2008 1233 2160 1273 deutschen
2186 1234 2377 1282 Fliigzengen
2403 1249 2593 1288 angegriffen
2628 1254 2691 1283 nnd
2725 1258 2757 1285 es

1919 1270 2073 1324 ^"Espann
2105 1275 2157 1313 sich
2189 1279 2237 1310 ein
2260 1282 2386 1321 Gefecht,
2409 1285 2441 1317 in
2475 1289 2540 1327 dem
2573 1292 2672 1327 zwei
2707 1295 2757 1324 der

1920 1310 2033 1348 «chisfe
2054 1313 2219 1356 beschädigt
2240 1322 2303 1351 und
2325 1330 2506 1364 gezwungen
2527 1330 2664 1364 wurden,
2686 1333 2757 1370 nach

1918 1348 2039 1383 Patras
2082 1361 2095 1391 z
2107 1362 2126 1384 »
2140 1363 2156 1385 r
2167 1358 2188 1387 ü
2200 1358 2224 1388 ck
2234 1366 2246 1396 z
2259 1368 2278 1389 u
2292 1361 2304 1390 k
2315 1369 2329 1391 e
2342 1363 2359 1399 h
2372 1371 2388 1392 r
2399 1371 2413 1394 c
2426 1365 2454 1404 n.
2507 1366 2621 1404 Zwei
2664 1374 2756 1403 ent¬

1917 1388 2071 1421 kamen.

2097 1440 2575 1498 Fliegeroperationen

2079 1491 2140 1534 im
2162 1495 2433 1551 Aegaischen
2456 1504 2592 1547 Meer

2060 1562 2324 1603 Kommunique
2337 1572 2399 1601 der
2410 1574 2606 1607 Alliierten

1974 1613 2084 1649 Kairo,
2101 1620 2147 1648 28.
2161 1618 2248 1657 Sept.
2267 1634 2305 1661 ag
2322 1625 2464 1662 (Reuter)
2481 1628 2551 1660 Das
2569 1631 2751 1664 Eommiini.

1915 1658 1973 1687 qnc
2005 1654 2057 1685 der
2087 1655 2338 1700 Luftstreitkräste
2369 1664 2412 1697 im
2445 1667 2607 1700 Mittleren
2640 1671 2751 1704 Orient

1915 1690 2025 1722 lautet:

1972 1739 2019 1776 In
2039 1742 2092 1772 der
2109 1744 2203 1784 Nacht
2222 1755 2289 1785 znm
2309 1750 2445 1791 Montag
2465 1753 2563 1792 haben
2585 1757 2748 1799 „Welling-

1913 1776 2175 1821 ton'-Fliigzengc
2209 1787 2262 1818 der
2297 1789 2330 1819 R.
2344 1792 2381 1820 A.
2396 1791 2425 1823 F.
2461 1793 2517 1824 den
2552 1796 2651 1834 Hafen
2686 1804 2746 1830 von

1912 1818 1970 1854 Sy
1983 1823 2056 1850 ros
2089 1821 2131 1853 im
2153 1824 2331 1865 Aegäischen
2353 1830 2441 1861 Meer
2462 1834 2663 1873 angegriffen.
2686 1839 2748 1875 Auf

1911 1856 1967 1887 den
1984 1858 2208 1900 Onaianlagr»
2227 1867 2292 1898 kam
2310 1871 2342 1899 es
2359 1877 2394 1907 zn
2412 1871 2613 1910 Erplosioncn
2632 1878 2695 1908 nnd
2714 1878 2745 1909 in

1910 1896 1966 1926 den
1985 1898 2229 1941 Lagerschuppen
2249 1905 2373 1945 brachen
2394 1909 2520 1942 Brände
2539 1917 2610 1944 ans.
2628 1916 2675 1952 In
2694 1918 2747 1948 der

1908 1934 2003 1974 Nacht
2031 1946 2098 1976 znm
2128 1941 2282 1982 Dienstag
2311 1949 2538 1986 unternahmen
2570 1953 2744 1991 .Hudson'-

1909 1976 1972 2005 und
2001 1978 2400 2023 .Baltimore'-Flngzengc
2424 1988 2514 2021 einen
2539 1991 2663 2031 Angriff
2689 1995 2744 2034 ans

1908 2015 1963 2045 den
1989 2016 2147 2057 Flugplatz
2172 2022 2321 2060 Kastracli
2346 2028 2484 2064 Prdiada
2511 2031 2566 2070 aus
2600 2033 2742 2066 Kreta.

1906 2053 1948 2084 Es
1966 2055 2092 2096 brachen
2109 2060 2271 2101 zahlreiche
2287 2064 2414 2098 Brände
2430 2072 2501 2099 ans.

1963 2103 2021 2134 Am
2040 2106 2178 2146 Montag
2196 2109 2306 2148 griffen
2325 2113 2479 2153 feindliche
2497 2117 2633 2151 Bomber
2651 2123 2741 2153 unter

1903 2141 1956 2170 der
1968 2143 2095 2175 Eskorte
2107 2151 2169 2177 von
2182 2149 2447 2192 Jagdflugzeugen
2462 2156 2509 2186 die
2521 2157 2631 2195 Inseln
2655 2161 2739 2192 Kos

1904 2181 1967 2212 und
1996 2182 2044 2214 Le
2056 2188 2130 2216 ros
2159 2196 2210 2218 an.
2242 2190 2599 2235 .Spitfirc'-Fliig,enge
2619 2199 2739 2236 schossen

1903 2221 1974 2257 zwei
1999 2223 2129 2263 deutsche
2153 2226 2323 2268 Flngzciigc
2347 2233 2395 2262 ab.
2420 2234 2494 2265 Drei
2520 2235 2621 2274 eigene
2645 2239 2738 2278 Flng-

1902 2267 1990 2299 zcnge
2008 2262 2125 2301 kehrten
2145 2271 2206 2298 von
2226 2269 2280 2299 den
2301 2270 2513 2309 Operationen
2533 2276 2610 2314 nicht
2627 2280 2738 2316 zurück.

1944 2327 2339 2388 Bombardierung
2361 2343 2451 2380 von
2471 2341 2693 2395 Florenz?

1961 2405 2094 2445 «hiasso,
2117 2411 2163 2440 28.
2186 2411 2273 2452 Sept.
2294 2414 2544 2457 (^-Privattel.)
2563 2422 2601 2450 06
2624 2424 2735 2454 amcri-

1901 2442 2029 2482 kanisckie
2055 2447 2225 2488 Flugzeuge
2253 2452 2345 2490 sollen
2371 2464 2423 2487 am
2452 2458 2551 2494 letzten
2578 2460 2733 2500 Samstag

1903 2484 1935 2512 H
1960 2484 2023 2519 Uhr
2043 2489 2080 2516 25
2101 2486 2232 2528 Florenz
2253 2494 2462 2527 bombardiert
2484 2499 2592 2535 haben.
2633 2501 2733 2533 Dabei

1900 2521 1937 2558 sei
1975 2525 2047 2564 nach
2082 2527 2138 2558 den
2176 2530 2240 2567 hier
2275 2531 2514 2573 eingctroffenen
2540 2539 2731 2579 Nachrichten

1899 2562 2061 2599 besonders
2110 2567 2154 2601 im
2189 2570 2507 2609 Stadtinncrn.
2545 2578 2588 2609 im
2636 2580 2731 2617 Rif-

1899 2610 1915 2632 r
1927 2610 1940 2632 c
1953 2603 1970 2634 d
1983 2603 1993 2634 i
2005 2619 2016 2629 -
2028 2604 2180 2639 Quartier
2203 2613 2265 2642 nnd
2287 2612 2318 2642 in
2342 2615 2393 2645 der
2413 2615 2498 2652 Nähe
2520 2619 2572 2649 des
2592 2618 2629 2651 M
2643 2628 2659 2649 a
2674 2629 2688 2651 r
2701 2624 2730 2651 s-

1897 2641 2040 2677 selbes
2071 2646 2272 2681 bedeutender
2294 2651 2433 2689 Schaden
2456 2657 2638 2694 angrrichtrt
2649 2665 2729 2690 wor-

1896 2682 1962 2713 den.
2000 2684 2063 2716 Ter
2091 2685 2260 2727 Telephon-
2289 2694 2352 2723 und
2381 2693 2728 2737 Straßcnbahiiverkchr

1896 2728 1964 2753 war
1980 2723 2124 2764 zcitivcise
2140 2729 2367 2769 unterbrochen.
2387 2733 2445 2765 Tic
2462 2735 2542 2772 Zahl
2560 2738 2612 2768 der
2629 2738 2727 2770 Toten

1897 2763 1961 2792 und
1990 2763 2153 2803 Verletzten
2181 2768 2259 2800 wird
2289 2770 2345 2802 mit
2375 2773 2448 2804 über
2478 2775 2608 2810 hundert
2638 2783 2728 2818 ange¬

1894 2802 1997 2839 geben.

2006 2888 2245 2942 Deutscher
2265 2893 2610 2950 Heeresbericht

1949 2958 2071 2995 Berlin,
2094 2964 2140 2993 28.
2163 2962 2251 3002 Scpt.
2276 2977 2314 3004 ag
2338 2967 2452 3004 (DNB)
2486 2970 2556 3003 Das
2588 2971 2722 3004 Ober-

1891 2997 1903 3028 k
1915 3006 1932 3028 o
1945 3007 1974 3029 m
1988 3008 2017 3030 m
2030 3009 2048 3031 a
2061 3009 2081 3031 n
2094 3002 2112 3032 d
2124 3011 2142 3033 o
2173 3005 2225 3034 der
2244 3005 2436 3046 Wehrmacht
2458 3010 2522 3047 gibt
2542 3011 2683 3044 bekannt:

1947 3047 2005 3078 Am
2025 3048 2330 3092 Kiibanbrückcnkopf
2352 3057 2479 3088 wurden
2501 3059 2636 3094 mehrere
2659 3061 2705 3091 ört

1887 3082 1958 3123 liche
1975 3087 2116 3127 Angriffe
2134 3092 2186 3122 der
2204 3093 2315 3131 Russen
2334 3095 2527 3133 abgewicsrn.
2547 3098 2605 3130 Die
2622 3100 2719 3131 Stadt

1886 3124 1911 3156 T
1925 3134 1938 3155 e
1951 3133 1981 3157 m
1994 3135 2009 3157 r
2022 3127 2031 3166 j
2044 3136 2064 3159 n
2079 3129 2090 3158 k
2130 3133 2234 3162 wurde
2267 3134 2451 3173 planmäßig
2491 3138 2614 3175 zerstört
2655 3142 2718 3170 und

1885 3173 1903 3202 g
1915 3173 1929 3195 e
1942 3173 1957 3196 r
1969 3167 1989 3196 ä
2001 3175 2021 3197 n
2034 3176 2065 3199 m
2077 3169 2097 3199 t.

1943 3209 2001 3248 Im
2026 3213 2233 3251 Kampfraum
2259 3216 2459 3255 südostwärts
2484 3221 2547 3252 und
2573 3221 2717 3258 ostwärts

1883 3247 1912 3279 S
1925 3257 1942 3278 a
1957 3256 1975 3287 p
1988 3259 2004 3280 o
2018 3259 2032 3281 r
2045 3261 2062 3282 o
2076 3251 2086 3289 s
2098 3253 2115 3290 h
2129 3252 2138 3290 j
2151 3261 2164 3283 e
2198 3254 2274 3294 setzte
2300 3257 2351 3288 der
2377 3257 2473 3297 Feind
2499 3259 2577 3296 seine
2603 3261 2716 3300 Durch-

1881 3288 2128 3330 brnchsversiiche
2157 3294 2214 3325 mit
2245 3295 2429 3334 massierten,
2459 3306 2527 3336 zum
2558 3300 2627 3332 Teil
2655 3309 2714 3332 neu

1881 3328 2140 3369 hcrangesührten
2183 3334 2311 3372 Kräften
2355 3336 2424 3372 fort.
2467 3339 2533 3370 Alle
2575 3340 2715 3379 Angriffe

1881 3366 2052 3404 scheiterten
2074 3370 2107 3402 in
2131 3373 2307 3405 erbitterten
2328 3377 2481 3415 Kämpfen
2503 3380 2595 3409 unter
2616 3381 2714 3418 hohen

1880 3406 2058 3447 feindlichen
2091 3410 2261 3450 Verluste».
2314 3415 2390 3447 Eine
2423 3417 2555 3454 russische
2588 3420 2713 3458 Kampf¬

1878 3452 2005 3485 gruppe.
2025 3449 2072 3480 die
2090 3452 2338 3492 vorübergehend
2356 3455 2387 3485 in
2403 3456 2509 3491 nnserc
2527 3457 2712 3497 Stellungen

1879 3485 2094 3527 eingebrochen
2117 3496 2194 3524 war.
2221 3495 2325 3525 wurde
2351 3494 2394 3527 im
2418 3496 2638 3537 Gegenangriss
2664 3507 2712 3536 zu¬

1877 3526 2106 3567 rückgeworfen.
2130 3549 2168 3553 —
2193 3532 2250 3563 Am
2275 3533 2430 3566 mittleren
2456 3535 2576 3573 Dnjepr
2599 3538 2709 3576 grissen

1876 3565 1923 3596 die
1941 3566 2052 3605 Russen
2072 3569 2239 3603 wiederum
2259 3573 2305 3603 die
2324 3575 2474 3613 deutschen
2494 3577 2709 3616 Brückenköpfe

1875 3605 2026 3645 erfolglos
2060 3617 2111 3640 an.
2152 3610 2211 3642 Die
2243 3613 2372 3650 Kämpfe
2406 3622 2497 3653 gegen
2533 3616 2630 3655 einige
2665 3618 2707 3649 im

1875 3644 1995 3684 Schutze
2022 3648 2074 3679 der
2099 3650 2280 3685 Dunkelheit
2307 3653 2381 3684 über
2409 3655 2463 3685 den
2490 3655 2572 3692 Flnß
2596 3657 2708 3695 gesetzte

1873 3684 2013 3725 schwache
2050 3688 2182 3728 russische
2217 3691 2422 3729 Abteilungen
2459 3694 2521 3730 sind
2557 3696 2627 3734 noch
2663 3697 2705 3728 im

1873 3724 1991 3764 Gange.
2021 3744 2060 3749 —
2089 3728 2148 3760 Am
2179 3730 2333 3763 mittlere»
2363 3732 2608 3771 Frontabschnitt
2639 3737 2706 3774 hält

1872 3764 1924 3795 der
1957 3765 2048 3802 starke
2080 3767 2233 3807 feindliche
2262 3771 2356 3802 Druck
2389 3773 2622 3807 unvermindert
2653 3783 2704 3807 an.

1869 3803 2014 3842 Mehrere
2039 3806 2195 3844 feindliche
2221 3809 2362 3849 Angriffe
2388 3821 2430 3843 an
2457 3814 2509 3844 der
2534 3814 2703 3846 Mnrman»

1871 3842 1954 3881 front
1975 3847 2103 3878 wurden
2123 3848 2313 3887 zerschlagen.

1927 3887 2040 3925 Leichte
2079 3891 2209 3930 dentschc
2249 3893 2491 3932 Serstrcitkräftc
2532 3897 2701 3931 versenkten

1868 3925 1910 3957 im
1952 3927 1981 3959 S
1992 3928 2020 3966 ch
2033 3935 2202 3968 Warzen
2241 3933 2358 3964 Meer
2400 3940 2455 3965 vor
2483 3936 2534 3966 der
2563 3936 2700 3968 Taman-

1867 3965 1943 4004 küste
1970 3967 2018 3998 ein
2045 3968 2198 4007 russisches
2223 3973 2449 4004 Kanonenboot
2477 3976 2542 4005 und
2567 3977 2622 4013 ans
2648 3977 2700 4007 der

1866 4003 1962 4037 Reede
1990 4012 2051 4038 von
2079 4007 2187 4047 Anapc
2213 4011 2348 4049 mehrere
2374 4012 2698 4055 Nachschnbfahrzengc

1865 4044 1923 4075 mit
1942 4046 2115 4084 zusammen
2136 4051 2212 4080 2100
2231 4050 2299 4082 Brt.

1922 4088 1971 4127 In
2011 4089 2040 4122 S
2051 4092 2072 4121 ü
2085 4091 2103 4123 d
2116 4091 2125 4122 i
2139 4092 2149 4122 t
2161 4100 2180 4123 a
2193 4095 2202 4123 I
2215 4093 2225 4123 i
2238 4102 2252 4124 c
2264 4102 2284 4125 n
2321 4095 2375 4132 hat
2404 4096 2455 4132 sich
2483 4097 2536 4128 der
2573 4097 2697 4129 Druck

1863 4127 1914 4158 der
1932 4128 2258 4167 Anglo-Amerikaner,
2276 4133 2323 4165 die
2341 4142 2415 4166 neue
2433 4136 2539 4168 Kräfte
2555 4137 2695 4173 gelandet

1862 4167 1971 4205 haben,
1999 4170 2166 4210 wesentlich
2206 4177 2224 4202 v
2236 4181 2250 4203 c
2262 4181 2278 4203 r
2290 4172 2312 4209 st
2324 4175 2342 4204 ä
2355 4182 2371 4204 r
2382 4175 2395 4205 k
2408 4176 2426 4205 t.
2467 4175 2625 4210 Mährend
2652 4176 2694 4207 in,

1861 4206 1966 4239 Raum
1990 4208 2130 4241 Salerno
2155 4212 2212 4242 alle
2237 4212 2377 4250 Angriffe
2402 4214 2585 4251 abgewiesen
2612 4221 2693 4247 wur¬

1860 4246 1926 4279 den.
1961 4248 2060 4285 haben
2095 4249 2146 4288 sich
2181 4251 2287 4289 unsere
2319 4252 2467 4290 Trnppen
2512 4253 2555 4286 im
2587 4255 2692 4286 Raum

1860 4285 2026 4325 Foggia
2069 4289 2252 4329 planmäßig
2281 4296 2351 4324 vom
2382 4292 2477 4330 Feind
2507 4294 2599 4332 gelöst
2629 4297 2692 4325 nnd

1859 4324 1910 4363 sich
1948 4327 2004 4364 ans
2038 4329 2237 4362 vorbereitete
2274 4331 2575 4371 Gcbirgsftrllnngrn
2623 4341 2636 4370 z
2647 4342 2667 4365 n
2680 4348 2690 4359 -

1858 4373 1873 4396 r
1886 4366 1904 4396 ü
1918 4366 1941 4396 ck
1952 4375 1969 4404 g
1982 4375 1995 4397 e
2008 4374 2020 4404 z
2033 4376 2049 4398 o
2063 4376 2079 4405 g
2093 4377 2105 4399 e
2119 4377 2148 4399 n.
2187 4369 2304 4407 Foggia
2336 4372 2441 4403 wurde
2473 4372 2544 4409 nach
2574 4372 2689 4410 Zcrstö-

1857 4412 1937 4443 rnng
1974 4407 2049 4438 aller
2086 4407 2340 4448 kriegswichtigen
2367 4411 2508 4450 Anlagen
2537 4413 2687 4450 geräumt.

1913 4448 1960 4487 In
1988 4449 2230 4489 Nordostitalien
2260 4454 2323 4484 nnd
2349 4453 2532 4487 Dalmatien
2560 4457 2686 4487 wurden

1855 4487 1946 4520 starke
1968 4489 2239 4530 Bandengrnppen
2262 4491 2493 4532 eingeschlossen.
2515 4494 2572 4526 Sie
2594 4496 2685 4533 gehen

1854 4527 1937 4562 ihrer
1965 4528 2175 4569 Vernichtung
2203 4533 2356 4571 entgegen.
2405 4533 2469 4564 Ter
2493 4534 2685 4572 Adriahafen

1852 4566 1989 4605 Split,
2025 4570 2080 4599 de»
2105 4569 2395 4610 Badogliotrnppcn
2419 4573 2603 4610 gemeinsam
2628 4574 2684 4606 mit

1850 4606 2039 4645 Partisanen
2064 4609 2272 4647 verteidigten,
2298 4612 2404 4643 wurde
2429 4611 2471 4643 im
2495 4612 2611 4644 Sturm
2635 4621 2683 4651 ge-

1852 4653 2005 4678 nominell.
2038 4665 2077 4670 —
2110 4648 2171 4682 Ans
2206 4650 2257 4681 der
2289 4650 2377 4688 Insel
2411 4652 2436 4682 K
2449 4659 2465 4682 o
2479 4660 2494 4682 r
2506 4651 2516 4687 f
2529 4660 2558 4685 n.
2591 4653 2680 4684 deren

1850 4686 2061 4725 verräterische
2097 4688 2262 4727 Besatzung
2300 4689 2348 4721 die
2381 4690 2586 4730 Verbindung
2625 4693 2682 4724 mit

1851 4725 1905 4755 den
1941 4725 2278 4763 Anglo-Amerikanern
2314 4729 2552 4767 ausgenommen
2587 4730 2679 4768 hatte,

1848 4764 1989 4797 landeten
2027 4766 2099 4802 nach
2134 4767 2318 4807 Ablehnung
2354 4769 2439 4800 eines
2471 4769 2680 4802 Ultimatums

1847 4803 1976 4841 deutsche
2001 4804 2232 4844 Gebirgsjäger.
2257 4807 2327 4839 Bo»
2355 4808 2589 4846 Kriegsmarine
2615 4811 2679 4841 nnd

1844 4841 2007 4881 Lnftwafse
2038 4844 2177 4879 wirksam
2210 4847 2390 4884 unterstützt.
2423 4848 2605 4885 zerschlugen
2641 4849 2676 4884 sie

1845 4883 1899 4913 den
1923 4883 2118 4921 Widerstand
2141 4885 2193 4916 de8
2216 4885 2357 4922 Feindes,
2378 4887 2517 4923 brachten
2542 4888 2676 4924 mehrere

1845 4921 1970 4957 tausend
1993 4923 2168 4962 Gefangene
2191 4924 2238 4957 ein
2264 4927 2327 4957 nnd
2350 4926 2484 4963 besetzten
2507 4927 2553 4959 die
2576 4927 2675 4966 Intel.

1901 4964 2254 5006 Sichernngsfahrzenge
2295 4969 2380 5000 eines
2423 4969 2575 5006 deutschen
2616 4970 2675 5001 Ge¬

1843 5003 1914 5036 leits
1942 5005 2109 5041 versenkte»
2137 5006 2181 5038 bei
2209 5006 2341 5047 FLcamp
2369 5014 2425 5039 vor
2452 5010 2503 5039 der
2531 5009 2673 5046 französi¬

1842 5042 1919 5080 schen
1959 5044 2049 5083 Küste
2087 5045 2158 5083 zwei
2194 5046 2328 5085 britische
2366 5047 2672 5087 Artillerie-Schnell¬

1842 5082 1938 5114 boote.

1896 5126 2215 5168 Nordamerikanische
2239 5129 2514 5168 Flicgerverbändc
2539 5130 2670 5169 versuch¬

1839 5166 1886 5197 ten
1915 5175 1965 5198 am
1978 5167 2122 5206 Montag,
2136 5167 2178 5200 im
2191 5168 2309 5206 Schutze
2323 5171 2373 5200 der
2386 5170 2508 5201 Wvlken
2521 5171 2594 5202 über
2624 5172 2670 5202 die

1837 5205 1977 5244 Dentschc
2006 5207 2102 5244 Bucht
2130 5209 2202 5246 nach
2227 5207 2577 5248 Nordwestdentschland
2605 5210 2668 5240 ein-

1836 5245 2013 5284 zndringei:.
2060 5246 2118 5279 Sie
2145 5248 2270 5279 wurden
2301 5253 2360 5279 von
2390 5248 2540 5285 deutschen
2568 5249 2667 5286 Jagd¬

1836 5284 2039 5321 geschwadern
2060 5294 2126 5323 znm
2147 5286 2259 5325 Kampf
2277 5287 2386 5325 gestellt
2405 5289 2467 5319 nnd
2488 5288 2665 5326 zersprengt.

1835 5324 1945 5356 Damit
1969 5326 2074 5357 wnrde
2099 5327 2150 5356 der
2172 5332 2241 5357 vom
2266 5326 2362 5363 Feind
2388 5326 2591 5365 beabsichtigte
2616 5335 2664 5364 zn-

1835 5363 2089 5403 sammengefaßtc
2116 5364 2239 5403 Angriff
2267 5365 2412 5397 vereitelt.
2442 5365 2542 5404 Durch
2570 5366 2663 5399 Bom¬

1833 5402 2031 5441 benabwürfe
2071 5404 2126 5442 aus
2167 5404 2302 5443 mehrere
2342 5404 2419 5436 Orte
2459 5406 2523 5436 und
2563 5406 2663 5437 Land-

2799 1142 2974 1178 gemeinden
2996 1147 3039 1178 im
3062 1149 3268 1186 Küstenraum
3292 1155 3467 1190 entstanden
3492 1158 3631 1196 Verluste

2800 1182 2890 1212 unter
2909 1183 2961 1214 der
2979 1185 3192 1228 Bevölkernng
3212 1194 3276 1223 und
3295 1193 3435 1230 Schäden
3455 1205 3497 1227 an
3515 1198 3631 1236 Wohn-

2799 1219 2939 1258 Häusern.
2987 1225 3033 1262 In
3064 1228 3115 1258 der
3142 1235 3354 1270 vergangenen
3385 1235 3477 1270 Nacht
3506 1237 3630 1274 führten

2798 1256 2931 1299 britische
2988 1259 3279 1302 Bomberverbände
3339 1272 3479 1311 Angriffe
3537 1284 3631 1315 gegen

2797 1297 3034 1334 Hannover
3078 1308 3141 1337 und
3177 1309 3234 1340 mit
3269 1310 3463 1349 schwächeren
3500 1316 3629 1353 Kräften

2798 1345 2889 1375 gegen
2932 1341 2961 1372 B
2973 1350 2989 1372 r
3000 1351 3019 1373 a
3032 1352 3052 1374 n
3066 1354 3086 1375 n
3099 1345 3110 1382 s
3121 1346 3150 1384 ch
3160 1353 3189 1377 w
3201 1357 3215 1379 e
3227 1349 3238 1378 i
3249 1357 3276 1387 g.
3318 1350 3417 1382 Dabei
3449 1354 3628 1390 entstanden

2796 1376 2934 1415 Berliiste
2967 1390 3007 1412 an
3044 1383 3199 1422 Personen
3235 1390 3298 1419 nnd
3333 1390 3559 1431 Zerstörungen
3595 1395 3628 1425 in

2795 1415 2915 1455 einigen
2934 1420 3183 1461 Wohngebieten.
3200 1427 3301 1465 Jäger
3320 1432 3384 1460 und
3402 1430 3629 1469 Flakartillerie

2796 1455 2847 1485 der
2879 1455 3042 1497 Luftwaffe
3074 1464 3138 1494 »nd
3171 1464 3540 1508 Sichernngsstrcitkräfte
3574 1474 3626 1502 der

2794 1494 3027 1532 Kriegsmarine
3043 1501 3182 1536 brachten
3201 1506 3275 1536 über
3292 1508 3358 1538 dem
3376 1509 3463 1544 Reich
3480 1512 3543 1541 und
3558 1512 3625 1542 dem

2794 1533 2966 1569 Westranm
2988 1541 3026 1569 56
3049 1541 3133 1578 meist
3156 1543 3373 1585 viermotorige
3398 1547 3534 1580 Bomber
3557 1558 3624 1588 zum

2793 1572 2928 1613 Absturz.

2792 1647 2910 1705 Der
2928 1651 3430 1729 deutsch-russische
3446 1662 3628 1734 Krieg

2821 1738 3253 1799 Situationsbericht
3274 1753 3361 1791 aus
3384 1752 3592 1796 Moskau

2907 1810 3038 1849 Kampf
3061 1823 3121 1846 um
3146 1817 3199 1848 die
3221 1818 3500 1860 Riegelstellung

2812 1848 2973 1886 zwischen
2995 1852 3137 1891 Dnjepr
3158 1859 3231 1887 und
3253 1858 3463 1895 Asowschcm
3486 1862 3593 1894 Meer

2843 1903 2988 1939 Moskau.
3020 1910 3066 1940 28.
3090 1909 3177 1948 Sept.
3210 1912 3389 1952 (Erchangr)
3421 1915 3497 1948 Eine
3527 1918 3620 1954 starke

2784 1941 2913 1978 deutsche
2942 1944 3052 1978 Armee
3084 1949 3196 1986 kämpft
3228 1951 3284 1984 mit
3315 1953 3533 1993 Berbisienheit
3564 1966 3617 1988 um

2784 1979 2819 2010 M
2833 1988 2846 2010 e
2858 1981 2868 2011 l
2881 1980 2890 2010 i
2904 1982 2914 2012 t
2927 1992 2944 2013 o
2956 1989 2975 2021 p
2987 1994 3005 2015 o
3017 1986 3028 2015 l
3060 1988 3123 2017 und
3156 1988 3203 2021 die
3234 1990 3370 2029 zivischcn
3402 1993 3523 2032 Dnjepr
3553 1998 3618 2027 und

2783 2017 2963 2059 Asowschem
2998 2024 3086 2057 Meer
3119 2027 3303 2066 aufgebaiite
3337 2031 3465 2070 deutsche
3499 2034 3617 2072 Riegel-

2781 2056 2908 2098 stellnng
2939 2069 3007 2097 znm
3038 2063 3142 2102 Schutz
3174 2068 3226 2098 der
3255 2068 3404 2108 Zugänge
3435 2080 3488 2108 zur
3517 2073 3617 2105 Krim.

2782 2096 2948 2136 Melitopol
2985 2101 3067 2140 selbst
3104 2103 3138 2142 ist
3164 2105 3384 2146 Kampfgebiet.
3420 2110 3478 2141 Die
3504 2111 3615 2149 Russen

2782 2135 2885 2171 halten
2900 2137 2951 2175 sich
2966 2139 3035 2178 trotz
3050 2141 3192 2179 schweren
3215 2146 3436 2184 deutschen
3459 2150 3616 2188 Gegen-

2781 2175 2966 2214 angrisfen
2997 2179 3029 2210 in
3049 2180 3169 2221 einigen
3187 2183 3438 2224 Außenbezirken.
3458 2188 3521 2220 Der
3538 2189 3615 2221 linke

2781 2212 2889 2258 Flügel
2905 2217 2957 2247 der
2971 2217 3205 2261 Riegelstellung
3220 2223 3254 2260 ist
3269 2233 3310 2255 an
3326 2226 3384 2256 das
3399 2225 3615 2267 Sumpsgebiet

2781 2251 2888 2289 südlich
2918 2260 2978 2287 von
2998 2257 3190 2298 Saporoshje
3210 2264 3382 2301 angelchnt.
3411 2271 3459 2295 wo
3479 2266 3614 2298 General

2779 2290 2947 2331 Tolbnchin
2965 2295 3022 2327 mit
3037 2297 3213 2331 Kavallerie
3230 2301 3263 2331 in
3279 2301 3326 2333 die
3342 2303 3455 2341 Flanke
3470 2305 3522 2336 der
3537 2306 3612 2337 Ver¬

2779 2328 2904 2369 teidiger
2935 2341 2968 2370 zu
3001 2335 3136 2368 kommen
3168 2339 3254 2377 hofft.
3295 2340 3353 2373 Die
3384 2341 3518 2381 Sümpfe
3549 2344 3612 2382 sind

2777 2368 2889 2401 bereits
2911 2376 2972 2403 von
2993 2374 3317 2414 Kosakenpatrouillen
3341 2381 3512 2417 infiltriert.

2835 2409 2914 2447 Auch
2936 2410 2982 2444 bei
3015 2412 3292 2455 Saporoshje
3323 2419 3426 2454 halten
3449 2420 3495 2453 die
3515 2421 3611 2453 Deut-

2777 2445 2854 2483 scheu
2890 2449 2948 2480 mit
2980 2452 3159 2490 verbissener
3183 2454 3339 2495 Zähigkeit
3373 2458 3459 2489 einen
3495 2461 3608 2492 kleinen

2775 2485 2974 2526 Brückenkopf
2991 2499 3044 2521 u,n
3063 2492 3109 2524 die
3124 2493 3232 2529 Stadt,
3249 2497 3301 2527 der
3316 2496 3413 2536 jedoch
3430 2497 3607 2537 steigendem

2775 2523 2939 2563 russischem
2962 2528 3057 2561 Druck
3080 2532 3239 2570 ansgesrtzt
3261 2533 3305 2572 ist.

2841 2582 3013 2621 Rnsstschc
3034 2585 3294 2628 Brückenköpfe
3316 2601 3374 2624 am
3396 2593 3537 2632 Dnjepr

2830 2638 2985 2677 Während
3005 2643 3057 2674 der
3074 2644 3187 2683 Kampf
3203 2655 3295 2684 gegen
3313 2647 3360 2680 die
3377 2649 3448 2687 noch
3466 2651 3520 2688 aus
3537 2652 3605 2683 dem

2771 2675 2892 2713 Ostnscr
2930 2680 2982 2710 des
3012 2681 3132 2720 Dnjepr
3171 2684 3325 2720 stehenden
3355 2687 3518 2724 Deutschen
3557 2690 3603 2721 bei

2770 2714 3055 2757 Dnjepropetrowsk
3085 2723 3149 2753 und
3169 2723 3399 2764 Krcmentschng
3429 2727 3602 2767 erfolgreich

2767 2753 2950 2794 »beitergeht.
2973 2757 3046 2796 liegt
3069 2761 3126 2792 das
3149 2762 3376 2802 Hauptgewicht
3399 2766 3451 2797 der
3473 2766 3602 2806 Kämpfe

2768 2792 2872 2825 tvsiter
2888 2794 3024 2835 zwilchen
3048 2795 3162 2830 Kiew
3186 2804 3250 2832 nnd
3264 2802 3289 2833 K
3302 2811 3319 2832 r
3330 2811 3344 2834 c
3355 2812 3385 2834 m
3398 2812 3411 2834 c
3423 2813 3443 2834 n
3455 2804 3467 2834 t
3479 2804 3490 2842 s
3500 2805 3529 2843 ch
3540 2814 3561 2837 u
3573 2815 3600 2845 g.

2766 2836 2814 2862 wo
2850 2832 2895 2864 die
2929 2835 3145 2874 Brückenköpfe
3179 2839 3233 2877 aiif
3267 2842 3331 2871 dem
3366 2842 3515 2880 Mestiifer
3548 2846 3600 2876 des

2764 2869 2882 2908 Flnsses
2915 2878 2975 2905 von
3009 2876 3065 2907 den
3099 2876 3209 2915 Russen
3243 2880 3389 2916 während
3422 2883 3475 2912 der
3505 2883 3599 2921 Nacht

2764 2908 2868 2941 weiter
2900 2912 3043 2950 verstärkt
3075 2916 3211 2949 wurden.
3254 2918 3310 2950 Bei
3343 2920 3596 2959 Morgengrauen

2763 2947 2826 2985 sind
2843 2948 2891 2980 die
2909 2950 3090 2988 verstärkten
3109 2955 3263 2995 russischen
3282 2958 3453 2992 Verbände,
3472 2960 3518 2992 die
3536 2960 3597 2999 jetzt

2762 2986 2834 3025 auch
2851 2988 3073 3030 Kampswagen
3091 2995 3154 3024 und
3171 2995 3327 3027 Artillerie
3342 3005 3396 3034 zur
3412 2998 3595 3038 Verfügung

2760 3026 2866 3060 habe»,
2892 3028 3003 3061 wieder
3027 3039 3094 3069 znm
3119 3033 3245 3071 Angriff
3268 3035 3509 3074 übergegangen.
3536 3038 3594 3070 Die

2759 3064 2887 3103 Kämpfe
2911 3067 3025 3099 wickeln
3051 3070 3101 3107 sich
3125 3072 3217 3110 längs
3241 3072 3323 3105 einer
3346 3077 3403 3104 050
3426 3076 3594 3109 Kilometer

2759 3103 2872 3135 breiten
2898 3106 2996 3142 Front
3020 3109 3067 3140 ab.
3092 3110 3244 3150 Mächtige
3267 3112 3400 3152 russische
3422 3114 3591 3147 Artillcrie-

2759 3142 3026 3180 konzentrationen
3048 3149 3208 3186 hämmern
3231 3151 3445 3191 »nanshörlich
3468 3154 3522 3191 auf
3544 3154 3590 3186 die

2757 3182 2907 3220 deutschen
2928 3184 3105 3223 Positionen
3127 3188 3181 3226 auf
3202 3191 3267 3221 dem
3287 3190 3435 3228 Mestufer
3454 3191 3512 3223 ein.

2816 3229 2873 3262 Bei
2907 3231 3021 3263 Kiew
3055 3234 3122 3271 hält
3146 3235 3193 3268 die
3217 3236 3355 3276 Schlacht
3378 3246 3432 3270 um
3456 3238 3504 3271 die
3526 3239 3588 3279 Zu¬

2756 3268 2854 3306 gänge
2872 3276 2924 3306 zur
2943 3270 3040 3303 Stadt
3059 3274 3135 3310 ohne
3154 3275 3370 3315 Entscheidung
3388 3286 3439 3309 an.

2812 3324 2962 3363 Rascher
2984 3328 3137 3367 Vorstoß
3160 3336 3227 3363 von
3251 3332 3436 3371 Smolensk
3459 3339 3529 3367 aus

2811 3380 2952 3418 Nördlich
2973 3386 3037 3416 und
3058 3385 3167 3424 südlich
3187 3393 3248 3418 von
3268 3388 3427 3427 Smolensk
3447 3390 3585 3429 ergießen

2755 3418 2804 3456 sich
2838 3420 2884 3451 die
2916 3421 3055 3460 schnellen
3088 3426 3310 3462 motorisierten
3342 3428 3503 3461 Verbände
3535 3431 3586 3461 der

2751 3457 2941 3491 Nordarmec
2960 3462 3048 3499 durch
3067 3462 3114 3495 die
3131 3465 3283 3502 Breschen,
3303 3465 3350 3498 die
3367 3468 3419 3498 der
3437 3467 3505 3504 Fall
3523 3473 3583 3500 von

2751 3496 2911 3536 Smolensk
2932 3502 2994 3532 und
3016 3501 3153 3539 Roslawl
3174 3503 3205 3535 in
3227 3504 3273 3536 die
3293 3505 3421 3544 deutsche
3441 3506 3584 3545 Abwehr-

2752 3535 2835 3572 sront
2863 3537 2986 3575 gerissen
3017 3540 3079 3577 hat.
3108 3540 3307 3580 Südwestlich
3335 3550 3394 3575 von
3423 3544 3584 3585 Smolensk

2750 3575 2841 3611 gehen
2869 3567 3000 3614 Kosaken
3028 3578 3060 3610 in
3087 3580 3237 3620 Richtung
3273 3582 3309 3613 M
3324 3590 3340 3614 o
3353 3583 3369 3620 h
3384 3582 3392 3613 i
3405 3584 3415 3614 l
3428 3592 3441 3614 c
3453 3590 3480 3615 w
3516 3590 3582 3617 vor.

2749 3606 2807 3644 Die
2842 3614 2932 3650 ihnen
2967 3617 3126 3655 folgenden
3151 3620 3312 3652 Verbände
3347 3622 3422 3654 aller
3444 3623 3581 3661 Waffen¬

2749 3652 2917 3697 gattungen
2934 3655 3032 3692 haben
3049 3658 3096 3689 die
3111 3658 3324 3698 wcißnissisck)e
3340 3661 3453 3699 Grenze
3469 3661 3581 3695 bereits

2746 3690 2815 3721 weit
2839 3693 2940 3728 hinter
2963 3693 3012 3733 sich
3035 3696 3172 3734 gelassen.

2805 3729 2863 3762 Die
2896 3732 2973 3770 rasch
3006 3735 3223 3768 vorrückenden
3254 3737 3366 3775 Russen
3397 3738 3495 3777 haben
3527 3749 3578 3772 am

2746 3768 2880 3808 Montag
2921 3775 2981 3802 aus
3021 3772 3117 3805 einem
3167 3775 3577 3814 Konzentrations¬

2745 3806 2870 3845 lager
2903 3812 2939 3839 25
2951 3812 3009 3841 000
3042 3812 3068 3850 Z
3080 3812 3089 3843 i
3102 3818 3120 3844 v
3132 3812 3141 3844 i
3154 3815 3164 3844 l
3178 3813 3187 3845 i
3200 3814 3222 3852 st
3234 3823 3248 3845 e
3259 3824 3279 3846 n
3314 3815 3427 3854 befreit,
3454 3817 3500 3849 die
3523 3826 3578 3855 zur

2743 3845 2982 3885 Zwangsarbeit
3023 3851 3095 3889 nach
3136 3852 3337 3892 Deutschland
3379 3856 3483 3893 hätten
3524 3857 3575 3889 ab¬

2744 3885 2967 3924 transportiert
2991 3891 3111 3922 werden
3137 3891 3238 3929 sollen.

2746 3949 2832 3992 Die
2855 3951 3155 4005 Unsicherheit
3175 3955 3222 3998 in
3244 3957 3569 4010 Weißrußland

2792 4026 2900 4059 Berlin,
2918 4031 2960 4057 28.
2980 4030 3059 4064 Sept.
3079 4031 3151 4064 (Irl.
3170 4033 3280 4065 unseres
3300 4035 3330 4063 E.
3340 4034 3483 4069 G.»flott.)
3502 4036 3573 4064 Man

2739 4065 2807 4099 weiß
2828 4068 2890 4101 auch
2910 4071 2962 4095 a»S
2983 4069 3146 4105 zahlreichen
3167 4072 3300 4107 deutschen
3322 4073 3499 4108 Nachrichten,
3521 4076 3572 4109 daß

2738 4104 2788 4132 das
2805 4105 2899 4134 Dritte
2918 4106 2994 4141 Reich
3014 4108 3043 4137 in
3062 4111 3111 4138 den
3131 4110 3250 4146 besetzte»
3270 4111 3502 4147 sowjetrussischen
3521 4115 3572 4143 Ge¬

2738 4143 2823 4172 bieten
2843 4145 2925 4179 große
2943 4146 3176 4183 Schwierigkeit«!
3196 4150 3246 4178 mit
3265 4152 3314 4178 de»
3332 4152 3497 4186 Partisanen
3517 4153 3570 4186 hat.

2736 4182 2820 4211 Eines
2842 4185 2889 4211 der
2911 4186 3088 4221 unruhigsten
3111 4188 3220 4217 Gebiete
3242 4195 3302 4217 war
3324 4194 3378 4219 von
3400 4191 3512 4226 Anfang
3533 4200 3570 4220 an

2736 4222 2785 4249 bas
2825 4223 3140 4260 Keueralkommissariat
3181 4227 3414 4263 Weißruthenien,
3446 4230 3497 4258 wie
3529 4231 3570 4259 die

2734 4260 2877 4295 Deutschen
2893 4263 3182 4299 Weißrußland
3197 4274 3310 4296 »ennc».
3327 4269 3385 4297 Bor
3402 4270 3505 4302 kurzem
3522 4269 3569 4303 siel

2734 4300 2780 4327 der
2795 4300 2860 4336 Ehef
2877 4302 2922 4329 der
2939 4303 3063 4337 dortige»
3081 4305 3213 4339 deutschen
3230 4307 3420 4342 Verwaltung,
3437 4308 3567 4342 Wilhelm

2732 4339 2809 4367 K»b
2820 4348 2840 4371 e.
2870 4341 2915 4368 der
2937 4341 2983 4375 sich
3012 4342 3089 4372 einen
3111 4345 3214 4373 Name»
3245 4347 3289 4373 als
3310 4346 3491 4381 Vorsitzender
3520 4348 3567 4376 der

2733 4378 3061 4415 natlonnlsozialistischeu
3083 4383 3211 4416 Fraktion
3235 4384 3271 4412 im
3293 4384 3460 4419 preußische»
3482 4387 3567 4415 Land-

2731 4417 2775 4451 tag
2800 4419 2854 4446 und
2878 4421 2922 4446 als
2947 4420 3090 4449 Gauleiter
3115 4423 3160 4450 der
3184 4423 3320 4452 Knrmark
3344 4425 3458 4459 gemacht
3483 4426 3563 4458 hatte,

2730 4455 2816 4485 einem
2831 4457 2959 4493 Anschlag
2973 4467 3035 4493 zum
3051 4460 3144 4494 Opfer.
3159 4461 3212 4491 Die
3225 4463 3359 4496 Zustände
3376 4462 3403 4491 in
3418 4464 3563 4499 Weißruß-

2729 4495 2793 4522 land
2821 4497 2927 4525 werden
2956 4499 3034 4533 durch
3062 4499 3120 4528 eine
3148 4501 3316 4536 Bemerkung
3344 4502 3492 4536 beleuchtet,
3520 4503 3561 4531 die

2729 4534 2946 4570 Reichsminister
2960 4538 2985 4566 R
2996 4546 3012 4565 o
3022 4537 3032 4571 s
3042 4547 3055 4566 e
3066 4547 3082 4566 n
3093 4539 3109 4567 b
3119 4547 3132 4567 e
3143 4547 3157 4567 r
3167 4547 3183 4575 g
3198 4540 3226 4568 in
3242 4540 3328 4573 seiner
3342 4542 3412 4569 Rebe
3426 4541 3496 4570 beim
3510 4542 3561 4571 Be¬

2727 4574 2842 4606 gräbnis
2861 4574 2951 4603 Kiibcs
2971 4577 3076 4611 machte.
3096 4578 3134 4606 Er
3153 4579 3226 4607 teilte
3246 4579 3360 4614 nämlich
3380 4580 3439 4611 mit,
3459 4581 3510 4614 daß
3531 4581 3559 4609 in

2725 4612 2949 4646 Weißruthenien
2964 4616 3008 4643 bis
3025 4616 3078 4651 jetzt
3095 4617 3162 4651 nicht
3178 4617 3297 4653 weniger
3311 4619 3356 4652 als
3372 4619 3558 4655 fünfzehn

2725 4651 2894 4686 Prozent
2923 4654 2968 4682 der
2996 4655 3058 4683 dort
3087 4656 3188 4691 tätigen
3217 4657 3409 4691 deutschen
3438 4658 3557 4686 Land-

2724 4689 3112 4727 wirtschaftssührer
3141 4701 3194 4724 von
3224 4696 3362 4731 russischen
3391 4696 3557 4732 Partisanen

2723 4731 2917 4759 ermordet
2936 4734 3045 4762 worden
3066 4734 3129 4768 sind.

2774 4804 2885 4853 Der
2906 4807 3178 4868 Luftkrieg
3200 4810 3270 4859 im
3292 4809 3498 4870 Westen

2778 4883 2843 4914 Die
2866 4883 3183 4924 Bombardierung
3206 4892 3273 4919 von
3297 4887 3490 4923 Hannover

2774 4936 2830 4974 Im
2861 4938 3110 4977 Hauptquartier
3141 4942 3191 4972 der
3224 4942 3257 4972 R.
3270 4942 3308 4972 A.
3321 4943 3362 4976 F„
3392 4944 3438 4973 28.
3460 4943 3549 4981 Sept.

2714 4975 2894 5013 (Erchangc)
2925 4978 2983 5009 Die
3003 4978 3278 5020 Bombardierung
3298 4986 3358 5012 von
3379 4981 3548 5020 Hannover

2712 5014 2744 5045 i»
2762 5016 2814 5046 der
2839 5016 2961 5054 Nacht
2987 5026 3054 5055 znm
3082 5018 3110 5051 D
3123 5018 3131 5049 i
3146 5027 3159 5049 e
3173 5027 3191 5050 n
3204 5022 3220 5049 s
3235 5027 3242 5049 l
3256 5029 3273 5051 a
3288 5028 3305 5058 g
3331 5026 3399 5051 war
3425 5020 3547 5053 einer

2713 5054 2785 5084 der
2836 5054 2847 5092 s
2858 5055 2887 5092 ch
2898 5062 2927 5085 w
2939 5064 2953 5086 e
2966 5065 2981 5087 r
2993 5056 3014 5094 st
3027 5065 3040 5088 e
3054 5066 3072 5088 n
3126 5058 3344 5097 Angriffe,
3398 5061 3451 5090 der
3493 5060 3546 5097 seit

2710 5092 2976 5132 Kriegsausbruch
2995 5100 3055 5127 von
3076 5097 3127 5128 der
3148 5097 3180 5128 R.
3194 5099 3231 5128 A.
3245 5097 3275 5129 F.
3294 5106 3386 5136 gegen
3406 5094 3544 5137 Deutsch-

2710 5132 2785 5163 land
2818 5133 3055 5166 unternommen
3090 5137 3203 5168 tvurde.
3237 5137 3379 5174 Mehrere
3411 5139 3544 5174 hundert

2708 5169 2925 5211 viermotorige
2941 5173 3076 5205 Bomber
3090 5174 3250 5212 erreichten
3266 5176 3312 5207 die
3328 5176 3425 5207 Stadt
3440 5176 3541 5208 inner¬

2708 5209 2782 5246 halb
2803 5215 2862 5241 von
2885 5214 2922 5241 45
2944 5212 3101 5245 Minuten.
3125 5214 3246 5253 Nahezu
3274 5216 3327 5246 >00
3338 5217 3396 5247 000
3417 5216 3540 5247 Brand¬

2707 5250 2860 5287 granaten
2889 5252 2950 5281 »nd
2979 5251 3056 5283 viele
3084 5253 3209 5290 tausend
3239 5253 3358 5292 schwere
3386 5254 3539 5293 Explosiv-

2706 5288 2832 5320 bvmben
2858 5291 2984 5322 wurden
3011 5291 3053 5323 im
3077 5291 3459 5330 Flächcnbombardemcnt
3483 5294 3538 5334 ans

2705 5326 2751 5358 die
2771 5327 3042 5365 Industrieviertel
3064 5331 3116 5361 der
3137 5331 3233 5362 Stadt
3256 5332 3458 5369 abgcworfcn.
3479 5333 3536 5365 Be¬

2704 5367 2779 5398 reits
2797 5368 2867 5404 »ach
2887 5371 2919 5398 15
2937 5368 3084 5401 Minuten
3101 5371 3205 5408 hatten
3223 5370 3273 5408 sich
3290 5370 3321 5402 in
3339 5372 3394 5403 den
3411 5372 3534 5403 Werken

2702 5406 2755 5436 der
2805 5406 2848 5444 .H
2861 5415 2879 5436 a
2892 5415 2911 5437 n
2924 5416 2942 5438 o
2954 5417 2983 5438 m
2996 5417 3014 5438 a
3028 5409 3063 5446 g'
3115 5409 3178 5440 und
3219 5410 3272 5440 der
3310 5409 3534 5442 Gummiwerke
