3839 5551
223 108 320 176 Jfö
337 106 492 164 350
535 107 812 180 Zweites
847 109 1256 173 Abendblatt.

1575 119 1658 187 Drr
1693 117 1852 189 Zilchn
1887 118 2054 194 Mmg
2081 122 2177 185 128.
2217 124 2439 202 ZahWilg.

2691 127 3047 206 Mittwoch,
3075 133 3187 200 18.
3209 132 3552 210 Dezember
3579 140 3779 207 war.

2983 282 3032 358 y

290 719 708 754 Slbo««ementspreise.

192 770 194 779 .
211 758 306 787 Liirich
322 764 382 781 >«»»
397 761 429 781 du
445 760 539 787 Zeitung
551 762 646 788 obgeboll
662 760 717 782 wir»
739 774 746 783 .

250 786 285 808 bo.
323 785 362 808 ins
377 786 444 812 Haus
458 787 556 815 gebrixhi
601 799 743 810 .

211 812 327 840 Schwei,
349 813 470 841 »cil.llutig
486 813 682 837 Ixim'boflbutcou
702 828 707 835 .
737 827 744 836 .
787 833 797 839 .

268 840 301 862 da.
347 841 387 862 mit
403 841 474 867 Bezug
489 841 550 861 unier
562 839 717 865 Privaiadretze
732 854 739 863 .
784 841 794 865 >
824 841 836 862 8
838 857 842 863 .
856 851 879 857 —

211 866 331 891 DrutI»!
340 870 393 888 »„»
416 866 538 892 »ijtilltmg
557 866 610 887 beim
624 865 720 893 Postamt
735 882 741 889 .
755 866 801 888 'Bit.
824 868 842 889 0.
856 879 879 883 —

211 893 250 916 ve
261 892 371 918 sierreich
540 892 570 915 bo.
734 908 740 917 .
752 893 794 916 Är.
810 895 840 916 11.
851 895 878 917 3T

211 919 328 945 Jtaltrn
540 918 569 941 ba
735 935 741 944 .
755 921 797 948 Fr.
824 921 842 943 8.
857 922 881 943 10

211 935 345 971 Rntzland
538 945 569 968 bo.
734 962 740 971 .
753 947 809 970 »tbl.
824 948 842 969 3.
853 949 880 969 00

211 972 401 1000 pedrig«Staaten
414 972 453 993 dt»
467 972 712 998 Wcltbostvoroin«
731 990 737 997 .
752 975 793 1000 Kr.
810 975 839 995 >2.
851 975 879 996 SO

767 727 888 750 »MonaK
916 729 1031 754 «Monat«
1052 731 1183 756 12Monat,

775 759 812 786 Kr.
827 761 846 782 6.
857 762 885 784 50
953 763 979 784 10
979 778 985 784 .
997 773 1020 780 -
1085 765 1119 787 So.
1130 775 1156 780 —

951 789 982 810 12.
996 800 1019 806 -
1083 792 1117 813 24.
1129 802 1154 806 -

951 816 983 837 12.
993 816 1020 839 50
1082 818 1117 840 25.
1128 827 1154 833 -

950 843 982 864 15.
995 853 1018 860 -
1083 845 1118 866 80.
1128 853 1154 859 —

407 1005 720 1035 RedasitionsSurea«:
738 1004 928 1038 Goctheslrasse
941 1009 984 1033 10.

1084 939 1117 970 ie!
1126 949 1153 969 24

1081 975 1154 997 48.—

1320 804 1457 936 nnii
1524 803 2065 969 Wchmschw

3134 785 3502 824 AnsertlonSpreise!

3011 827 3052 851 V«r
3060 827 3187 856 einspaltig«
3195 830 3301 857 PeNljclle
3309 834 3354 854 ober
3365 836 3425 856 deren
3436 836 3508 858 Raum
3525 835 3552 856 25
3567 834 3614 862 Np,

3012 859 3046 883 für
3064 859 3177 887 Anzeigen
3197 863 3361 890 anslänbiich-n
3384 865 3509 894 Niwrmigs
3524 867 3553 888 40
3566 866 3614 894 Tip.,

3140 893 3257 916 SleNaincn
3270 894 3301 922 Fr
3317 896 3361 917 1.—
3373 901 3414 920 per
3420 896 3485 923 Zeit«.

3111 931 3223 960 «lltinige
3238 934 3377 960 Jiisteitrn,
3389 935 3520 960 «unabmc:

2989 978 3082 986 —---
3161 969 3314 1000 Itmloir
3327 971 3461 1002 Glosse
3572 988 3624 995 —

2868 994 3108 1027 slnameeu-s^rditio»
3128 1004 3160 1025 iilv
3173 1004 3208 1025 otlc
3223 1006 3385 1031 sck„«!,«ri>ck>en
3402 1011 3442 1030 und
3457 1009 3612 1036 auriüubijchen
3626 1009 3746 1037 Zeitungen

3075 1034 3088 1053 5
3106 1032 3232 1059 Theaterstc.
3256 1033 3348 1065 Mrtcks
3370 1039 3486 1065 Sueibcstr.
3503 1042 3529 1063 10

490 1152 787 1188 (Privattelegramm.)

534 1210 756 1243 Natioualrat.

695 1267 737 1296 W.
770 1266 887 1299 Bern.
910 1269 942 1295 1»
971 1266 1034 1301 Dez.

263 1307 322 1338 Den
340 1308 437 1343 Vorsitz
456 1308 532 1342 fiifirt
549 1309 591 1339 der
609 1310 752 1342 Präsident
774 1311 828 1341 Sv
839 1310 889 1340 eis
899 1317 943 1339 er.

262 1348 315 1377 Die
331 1349 551 1385 Tagesordnung
563 1351 717 1384 verzeichnet
730 1352 778 1379 als
792 1350 870 1383 erstes
883 1348 1065 1378 Traktandum

205 1387 249 1416 die
269 1389 385 1422 Vorlage
405 1389 470 1418 bctr.
499 1390 540 1417 die
566 1389 744 1423 Ratifikation
772 1390 818 1418 der
837 1390 1066 1419 internationalen

205 1427 454 1457 Nebereinkonimen
483 1432 544 1457 vom
570 1432 615 1457 26.
649 1429 811 1461 September
831 1432 901 1458 1906
928 1431 994 1459 über
1021 1431 1069 1459 das

206 1468 309 1497 »erbot
336 1468 383 1497 der
412 1468 590 1498 industriellen
622 1470 827 1501 Nachtarbeit
856 1474 913 1500 der
938 1472 1067 1506 Frane«

205 1510 265 1539 «nd
282 1508 343 1537 Über
362 1509 414 1537 da?
428 1509 532 1538 Verbot
549 1512 591 1539 der
610 1511 840 1548 Verwendung
859 1517 924 1541 von
939 1511 1069 1546 weißem

207 1549 363 1585 sgelbem)
387 1550 567 1584 Phosphor,
583 1551 612 1580 in
634 1554 680 1581 der
698 1552 975 1587 Zitndholzindustric.
1014 1552 1067 1580 Der

205 1589 330 1620 Re'rrent
349 1590 473 1625 Heinrich
493 1591 598 1623 Scher
609 1599 672 1620 rer
690 1594 745 1625 gibt
768 1593 798 1620 in
811 1592 895 1624 seiner
909 1590 1070 1626 Einleitung

205 1629 266 1659 «ine
287 1630 448 1662 iiinlinarisch
469 1632 603 1664 gehaltene
624 1631 798 1665 Darstellung
816 1633 860 1661 der
874 1632 1067 1666 Vestrebunge»

207 1669 258 1699 auf
286 1670 338 1697 dem
370 1670 481 1698 Gebiete
510 1671 554 1699 des
582 1673 817 1701 internationalen
837 1673 1068 1706 Arbeilerichutze«,

207 1708 287 1738 dabei
313 1710 473 1743 »anientlich
502 1711 563 1743 auch
580 1712 628 1740 de«
649 1712 816 1746 Verdienste«
835 1715 989 1746 gedeulend.
1022 1715 1069 1742 da«

207 1749 248 1779 die
268 1750 479 1779 internationale
499 1752 683 1788 Bereinigung
702 1753 745 1784 für
765 1754 918 1788 geietzlichen
938 1754 1067 1783 Arbeiter,

205 1790 281 1824 schütz
299 1790 339 1822 sich
359 1790 389 1819 in
408 1792 454 1819 der
473 1792 672 1827 Vorbereitung
690 1797 736 1824 de»
749 1795 863 1824 Boden«
876 1796 951 1824 durch
966 1796 1068 1828 private

206 1830 303 1859 Aktion
322 1833 458 1860 erworben
481 1834 535 1864 hat.
569 1834 629 1862 Der
648 1836 753 1868 einstige
774 1836 897 1864 Gedanke
916 1837 961 1864 der
976 1835 1068 1868 Schaf,

205 1868 278 1904 fuiig
305 1871 378 1899 einer
406 1871 640 1903 internationalen
672 1874 950 1910 Fabrikgesetzgebung
982 1876 1069 1906 wusste

206 1910 273 1939 bald
293 1911 450 1945 aufgegrbcn
471 1915 580 1943 werden.
609 1915 684 1943 Man
705 1917 761 1945 kam
782 1924 813 1951 zu
832 1917 878 1945 der
896 1916 1067 1950 Erkenntnis,

206 1950 262 1983 dass
281 1956 308 1980 e«
327 1953 462 1987 angezeigt
483 1954 526 1986 sei,
556 1955 597 1987 sich
617 1957 669 1989 auf
687 1957 804 1992 einzelne
823 1958 1066 1987 Uebcreinkommen

205 1999 238 2027 zu
260 1992 288 2021 br
299 1992 429 2027 chränken,
451 1994 478 2022 in
500 1996 578 2024 denen
594 1997 737 2027 bestimmte
751 1998 942 2033 Einzelpunkte
956 2000 1067 2032 geregelt

208 2031 314 2061 würden
333 2035 390 2061 und
410 2034 458 2066 aus
477 2035 558 2063 denen
578 2037 680 2066 bereit«
709 2037 767 2066 ein«
799 2038 900 2071 gewisse
932 2039 1069 2067 Uebcrrin»

205 2072 347 2107 siimmung
367 2076 446 2102 unter
465 2076 516 2104 den
529 2076 748 2111 Geietzgrbungen
770 2079 816 2107 der
829 2079 949 2108 Staaten
965 2079 1065 2110 destebe.

205 2111 248 2140 Es
270 2115 324 2147 galt
342 2114 468 2149 zunächst,
490 2116 530 2144 die
542 2117 856 2154 Minimalforderungen
876 2120 924 2152 aus
942 2120 1001 2148 dem
1017 2119 1066 2148 Ge¬

203 2151 276 2181 biete
304 2154 346 2181 der
375 2155 606 2186 internationalen
635 2159 1010 2195 Arbeiterichutzgesetzgebung
1039 2168 1068 2196 zu

205 2192 407 2226 verwirklichen.
446 2196 502 2230 Auf
522 2197 609 2227 bieicm
631 2198 806 2233 Fundament
826 2201 915 2234 sollten
936 2203 1010 2229 dann
1030 2201 1067 2229 die

202 2232 338 2267 «inzelnen
358 2234 483 2265 Staaten
513 2238 562 2266 da«
580 2240 644 2271 erste
664 2242 718 2268 und
735 2241 825 2276 zweite
844 2241 990 2271 Stockwerk
1008 2242 1067 2272 aus¬

204 2273 293 2302 baue»
312 2275 423 2305 können.
461 2277 507 2311 Zn
536 2279 627 2308 diesem
649 2280 740 2310 Sinne
770 2285 879 2310 wurden
908 2283 946 2311 im
966 2282 1066 2315 Schosst

205 2313 251 2342 der
271 2314 501 2346 internationalen
522 2319 705 2354 Vereinigung
724 2327 779 2351 und
800 2325 877 2351 unter
890 2322 1065 2357 Mitwirkung

204 2354 427 2388 heroorragender
457 2359 678 2389 Slaai-männer
705 2361 743 2391 die
776 2364 856 2393 ersten
885 2364 1063 2397 Grundlagen

203 2394 347 2428 aufgesiellt
379 2397 425 2429 für
455 2400 500 2427 ein
532 2400 778 2431 Ucbcreinkommen
810 2411 869 2437 zum
901 2403 1005 2435 Schutze
1024 2407 1064 2431 der

202 2434 402 2469 Frauenarbeit
429 2442 486 2467 und
515 2440 559 2469 de«
585 2442 720 2471 Verbote«
738 2447 785 2471 der
804 2443 992 2478 Verwendung
1020 2445 1065 2472 de«

202 2477 297 2511 Selbe»
316 2477 483 2511 Phosphor«
503 2480 530 2508 in
550 2483 592 2510 der
611 2483 891 2520 Zündholziudustrie.

259 2514 315 2544 Ter
326 2517 487 2547 Buudesrat
506 2520 535 2552 ist
547 2525 619 2549 danu
636 2529 689 2551 von
703 2527 746 2552 der
761 2526 991 2554 internationalen
1002 2524 1066 2555 Ver»

201 2554 329 2590 rinignng
348 2557 442 2590 rrsuchi
463 2565 577 2594 worden,
596 2563 647 2595 auf
667 2565 764 2592 Grund
785 2565 864 2596 dieser
888 2565 1062 2595 Vorarbeiten

203 2595 263 2623 «ine
282 2596 492 2628 inlernalionale
511 2603 658 2638 Konferenz
677 2605 871 2640 einzuberufen.
907 2607 960 2639 Zm
979 2605 1063 2639 Jahr«

205 2636 277 2662 19»L
295 2638 363 2669 tagte
383 2639 423 2665 die
442 2640 719 2678 Exverlenkonserenz.
737 2653 783 2674 «in
803 2646 878 2678 Jahr
896 2646 982 2678 später
1008 2647 1064 2676 san»

204 2674 253 2703 den
274 2675 315 2708 sich
332 2678 373 2706 die
393 2678 603 2714 diplomatischen
626 2683 761 2713 Berircier
781 2691 939 2719 zmammen,
964 2693 1010 2714 um
1029 2686 1066 2713 die

203 2718 256 2743 von
278 2716 345 2749 jener
365 2719 537 2753 geschaffenen
562 2724 724 2758 Grundzuge
756 2725 786 2753 in
818 2725 948 2759 Verträge
980 2733 1065 2760 umzu-

202 2755 328 2784 arbeitc».
367 2758 498 2790 Nachdem
518 2769 544 2789 er
560 2764 608 2789 den
630 2763 733 2795 Inhalt
753 2765 799 2793 der
818 2766 907 2793 beiden
929 2766 1064 2794 Ucberein»

201 2793 319 2823 kommen
338 2795 459 2832 skizziert,
480 2801 548 2832 weist
565 2803 612 2830 der
630 2804 756 2835 Referent
776 2805 875 2835 darauf
894 2806 949 2839 hin.
970 2807 1023 2839 dah
1035 2806 1064 2838 sie

202 2834 349 2870 allerdings
381 2839 481 2872 ipeziell
514 2842 614 2872 unjerm
648 2846 735 2872 Lande
770 2847 836 2878 nicht
867 2851 953 2874 elwa«
986 2852 1063 2875 neue«

201 2873 322 2909 bringe».
358 2876 430 2909 Ihre
448 2878 599 2915 Satzungen
620 2882 679 2914 find
697 2885 735 2913 bei
755 2890 812 2913 un«
830 2887 929 2915 bereit«
948 2887 1066 2915 verwirk,

200 2915 271 2948 licht.
307 2916 358 2944 Die
378 2918 537 2955 Bedeutung
555 2923 635 2954 dieser
667 2925 912 2956 Uebereinkommcn
945 2928 975 2959 ist
1005 2930 1064 2956 aber

201 2956 265 2987 auch
286 2956 347 2988 nicht
369 2958 396 2986 in
418 2960 496 2992 erster
515 2962 587 2991 Linie
608 2964 638 2993 in
660 2965 740 2995 ihrem
762 2968 925 2995 materiellen
945 2967 1064 2997 Resultat

200 3003 232 3031 zu
252 2995 353 3031 suchen;
374 2998 405 3031 sie
425 2999 490 3035 liegt
510 3003 644 3037 vielmehr,
665 3011 713 3034 wie
731 3008 890 3036 Buudesrat
909 3008 1025 3042 Deucher
1037 3010 1064 3038 i«

199 3035 285 3070 seiner
303 3037 464 3071 Schlussrede
485 3050 521 3070 an
541 3045 582 3072 der
600 3047 750 3082 »ouserenz
773 3049 877 3076 betont«
906 3049 994 3081 darin,
1015 3050 1062 3080 dah

199 3075 254 3105 das
272 3077 321 3106 E:S
339 3082 481 3113 gebrochen
501 3087 603 3113 worden
625 3086 665 3117 ist.
685 3087 735 3118 dah
754 3088 798 3116 eiu
818 3089 929 3124 Anfang
948 3090 997 3122 auf
1010 3093 1061 3119 dem

199 3116 308 3146 Gebiete
325 3120 373 3148 de»
391 3121 623 3155 iutcrnatiouale.r
644 3128 868 3162 Arbeiterichuve»
893 3131 982 3165 erzielt
1003 3138 1063 3160 wer-

198 3156 250 3186 den
269 3160 368 3190 konnte.
406 3162 463 3191 Not
483 3170 536 3192 uu»
553 3167 665 3201 Zwang
683 3171 726 3197 der
744 3170 933 3205 Verhältnisse,
955 3172 1061 3201 bemerkt

184 3199 244 3232 /ba
263 3198 386 3232 Rcserciit
404 3205 505 3237 weiter,
524 3211 625 3236 werden
647 3210 733 3238 unsere
754 3211 874 3243 stärksten
905 3212 1061 3246 Hilfskräfte

198 3239 229 3268 iu
249 3239 293 3268 der
310 3241 418 3271 weitern
439 3243 619 3281 Eiitwickiung
633 3251 680 3277 de»
691 3251 920 3281 inlernalionaleu
932 3254 1061 3282 Aibeiter-

197 3278 299 3314 schntze»
317 3281 379 3314 sein.
417 3283 473 3314 Al»
492 3292 563 3315 eines
582 3289 628 3317 der
648 3290 789 3321 besonder»
819 3295 1059 3324 erstrebeuSweuen

195 3318 276 3355 Ziele
304 3323 387 3351 nennt
419 3332 447 3352 er
478 3326 543 3359 die»,
566 3330 616 3359 auf
646 3331 702 3359 dem
722 3333 816 3362 Boden
836 3335 883 3362 de»
903 3335 1060 3364 nationalen

197 3360 421 3396 Arbcitcrschuye»
441 3366 518 3395 ciuen
538 3369 668 3405 kräftigen
689 3371 790 3404 Schritt
811 3375 946 3404 vorwärts
960 3383 991 3410 zu
1006 3382 1058 3410 tun,

196 3407 244 3430 tu»
263 3400 335 3436 jenen
357 3403 535 3439 Standpunkt
552 3412 629 3438 unter
651 3413 699 3440 den
719 3413 840 3443 Staaten
861 3418 955 3445 wieder
975 3425 1006 3451 zu
1022 3426 1059 3453 ge¬

196 3442 313 3475 winnen,
344 3443 394 3473 de»
427 3449 479 3476 wir
510 3451 609 3480 ehedem
636 3455 683 3481 al«
702 3452 955 3489 fortgeschrittenster
976 3459 1058 3489 Staat

195 3482 246 3516 auf
264 3482 353 3516 diesem
375 3487 484 3517 Gebiete
495 3489 538 3518 der
548 3491 740 3527 Sozialpolitik
753 3497 954 3531 eingenominen
968 3501 1057 3533 haben.

194 3522 249 3556 Im
285 3525 478 3560 einstimmigen
516 3531 647 3567 Auftrag«
684 3538 727 3564 der
764 3539 940 3571 Komiin»ion
979 3542 1056 3568 drückt

194 3562 319 3595 Echcrrcr
338 3566 395 3595 dem
416 3568 581 3605 Bundesrat.
600 3575 651 3602 den
672 3575 802 3605 Beamte»
831 3581 877 3607 de«
907 3580 1057 3615 Industrie,

192 3603 390 3638 deparlement«
422 3611 478 3639 und
511 3612 536 3640 in
565 3614 646 3646 erster
672 3616 747 3646 Linie
768 3618 926 3650 Bundesrat
945 3622 1057 3656 Deucher

193 3645 282 3683 seinen
301 3652 419 3677 warmen
439 3649 520 3680 Dank
537 3659 596 3685 au«,
619 3656 673 3689 dah
693 3657 721 3688 sie
741 3662 792 3687 mit
822 3661 913 3693 solcher
946 3663 1056 3699 Energie

193 3686 249 3716 »nd
270 3687 315 3715 mit
334 3688 439 3723 solchem
458 3693 681 3729 Zielbewusst,ein
702 3700 768 3730 ohne
785 3708 817 3735 zu
837 3703 945 3733 weichen
966 3708 1019 3734 und
1028 3713 1057 3740 zu

192 3727 302 3756 wanken
320 3732 375 3757 und
394 3732 462 3761 ohne
483 3733 525 3765 sich
543 3736 618 3769 durch
640 3739 680 3766 die
700 3738 808 3772 früher»
829 3743 994 3779 Mihcrfolge
1005 3751 1057 3775 ent-

192 3767 310 3801 mutigen
341 3776 373 3803 zu
406 3771 499 3806 lassen,
530 3774 570 3807 sich
603 3780 648 3806 der
677 3778 765 3814 Frage
786 3782 845 3812 stets
866 3789 961 3813 wieder
980 3794 1055 3820 ange.

190 3813 316 3837 Kommen
335 3811 430 3842 habe».
469 3813 534 3843 Da«
550 3817 663 3852 Re,erat
681 3827 709 3848 ,n
728 3821 907 3856 frauzösijchcr
939 3825 1054 3859 Sprache

189 3848 251 3883 hält
272 3850 403 3886 Georg.

245 3888 401 3920 Buudesrat
422 3891 580 3925 Deucher
612 3898 672 3932 gibt
690 3898 733 3928 der
753 3900 839 3933 hohen
861 3902 1053 3941 Befriedigung

189 3929 237 3958 de»
258 3930 444 3961 Bniidcsratc»
465 3937 576 3965 da,über
595 3938 736 3974 Ausdruck,
759 3942 811 3975 dah
830 3944 872 3972 die
892 3946 1050 3981 Grundlage

187 3970 236 4006 für
268 3972 339 4000 eine»
373 3979 484 4004 weiter»
513 3978 626 4008 Ausbau
660 3982 705 4009 des
735 3984 971 4016 iuleriialioiialen
1002 3992 1053 4017 und

187 4011 276 4041 damit
305 4014 365 4045 auch
398 4016 445 4043 des
477 4022 637 4049 »atioualeu
659 4022 883 4059 Arbeilerjchutze«
915 4029 1051 4062 geschaffen

188 4054 296 4082 worden
323 4053 362 4086 ist.
401 4055 466 4084 Das
487 4059 585 4092 Gtsühl
615 4062 662 4089 der
680 4061 783 4096 Freude
807 4071 860 4094 »uv
882 4067 925 4096 der
945 4071 1052 4104 Genug,

186 4094 277 4127 luuilg
294 4094 322 4127 ist
342 4096 404 4129 »och
424 4097 528 4132 gröher,
554 4107 634 4129 wenn
656 4110 717 4131 man
738 4104 788 4137 auf
808 4107 847 4135 die
868 4110 1049 4143 reuiltatlojen

186 4133 383 4168 Bcuiühungcil
405 4137 524 4169 früherer
546 4141 637 4174 Jahre
668 4147 833 4176 zurnckdlickt.
871 4148 935 4177 Nu»
965 4150 995 4182 ist
1021 4158 1050 4186 zu

186 4173 277 4210 sage»,
295 4176 346 4207 dah
366 4177 418 4205 wir
437 4185 467 4207 es
487 4179 527 4208 bei
545 4185 614 4210 alle»
637 4184 831 4220 Bemühungen
853 4190 975 4222 vielleicht
995 4193 1049 4224 doch

186 4217 250 4247 «och
272 4218 333 4250 nicht
355 4218 381 4249 so
400 4221 461 4247 weit
477 4223 589 4255 gebracht
604 4223 706 4259 häite»,
726 4234 803 4256 wenn
825 4234 879 4258 un«
901 4231 966 4265 nicht
981 4234 1049 4262 weit¬

183 4256 310 4285 blickende
328 4260 384 4287 und
404 4260 577 4295 hochstehende
597 4265 721 4295 Männer
747 4282 785 4289 —
803 4275 833 4297 cs
853 4271 919 4301 seien
940 4280 994 4301 nur
1012 4276 1050 4302 die

184 4296 292 4326 Name»
311 4299 455 4334 Berlepsch,
481 4303 628 4334 Millcraud
662 4309 712 4335 »,,d
741 4311 783 4336 alt
803 4309 962 4341 Buudesrat
982 4312 1048 4349 Frey

184 4340 305 4373 genannt
324 4354 358 4360 —
388 4346 438 4369 mit
458 4343 529 4374 ihrer
546 4349 673 4379 privaten
691 4347 826 4384 Tätigkeit
845 4359 892 4385 zur
911 4353 991 4382 Seite
1010 4364 1048 4390 ge.

184 4378 293 4413 standen
320 4380 421 4410 wäre».
460 4385 515 4412 Ein
542 4391 660 4416 weitercr
685 4389 901 4426 BiinveSgcnosse
930 4396 1046 4428 eiitstanü

183 4424 241 4447 uns
263 4422 290 4448 in
308 4420 356 4450 den
378 4423 600 4459 uiiabivcislichcn
623 4429 810 4465 Bcdürfiusseii
832 4436 876 4461 der
894 4433 964 4469 Zeit.
992 4435 1047 4464 Ter

183 4459 329 4489 Auöbaiic«
361 4464 409 4491 de«
442 4471 599 4496 ualionaicn
631 4470 858 4507 Arbeitclichiitze»
896 4477 1046 4510 gedenkend,

182 4501 329 4533 louiiaticrt
352 4504 396 4532 der
416 4504 531 4540 Redner,
557 4508 611 4540 dah
633 4511 673 4539 bei
694 4515 739 4541 den
761 4513 914 4544 Vertreter»
936 4520 980 4545 der
1000 4519 1047 4547 Ar»

181 4542 312 4576 bcilgcber
340 4549 391 4573 wie
418 4548 460 4575 bei
487 4549 565 4577 dciien
586 4553 633 4579 der
652 4552 774 4582 Arbeiter
794 4562 822 4583 in
843 4559 887 4584 der
906 4558 1046 4591 Expcrlen-

181 4583 342 4616 kommiffion
377 4587 418 4615 die
439 4589 496 4622 >cste
517 4589 717 4628 Uebcrzeugung
738 4600 792 4624 von
813 4600 857 4625 der
877 4597 1046 4635 Nolwendig.

180 4624 231 4653 ke>t
250 4632 318 4653 einer
336 4626 482 4664 Einigung
510 4631 537 4659 in
563 4635 609 4660 der
630 4635 842 4672 Ausgestauung
870 4638 917 4667 de«
937 4639 1045 4674 Fabrik-

180 4667 284 4700 gesctzc«
303 4671 459 4698 vorhanden
481 4671 517 4703 ist.
537 4672 592 4701 Ter
613 4680 674 4709 gule
689 4677 767 4705 Wille
781 4685 828 4710 aus
843 4680 933 4708 beiden
949 4681 1042 4711 Seilen

181 4706 241 4737 iätzl
262 4712 313 4736 un«
332 4708 430 4742 hojfcii,
460 4712 514 4744 dah
540 4719 589 4742 wir
619 4722 652 4751 zu
677 4723 763 4747 euicm
783 4720 952 4755 ersreuliche»
971 4723 1044 4758 Ziele

178 4747 298 4778 koiumen
317 4755 430 4779 werde».

234 4788 312 4822 Ohne
331 4790 514 4827 Widcripruch
543 4793 679 4830 beschlieht
697 4797 741 4827 der
762 4799 818 4828 Rat
837 4800 978 4832 Eintreten
999 4804 1043 4839 auf

177 4828 228 4858 den
249 4831 531 4867 BeschlusscSeulwurs.
566 4835 621 4865 Die
641 4838 819 4873 Ralisikation
844 4843 931 4872 beider
951 4845 1042 4874 Ueber-

177 4869 338 4901 einkomme»
361 4874 459 4910 ersolgt
480 4876 648 4913 euistimiuig.

233 4912 314 4941 Ueber
341 4914 383 4943 die
408 4917 529 4951 Vorlage
547 4918 692 4952 betreffend
710 4920 959 4962 Ueberwcisuug
979 4930 1041 4957 von

174 4951 392 4986 Nechtsfällcu
425 4965 467 4987 au
500 4960 558 4989 daS
596 4961 855 5000 Vuudcsgcrikht
890 4968 1039 5000 refencrle»

173 4992 236 5028 lurz
249 4992 277 5021 D
287 5001 302 5022 a
313 5000 328 5021 v
340 5002 349 5023 l
360 5001 376 5023 d
389 5003 444 5026 und
458 4999 485 5027 R
496 5008 514 5028 u
523 5005 532 5029 l
542 5005 551 5030 l
561 5007 586 5036 y.
608 5002 664 5032 Sic
676 5006 839 5039 beaiilragcn
853 5007 1040 5042 Zustimmung

171 5040 206 5068 zu
227 5036 283 5064 dem
304 5041 365 5064 vom
390 5037 544 5070 Slünderat
572 5044 673 5073 bereit«
702 5048 885 5082 geuehmigten
906 5049 1041 5085 Entwurf.

170 5076 257 5106 Leine
277 5077 439 5109 Diskussion.

229 5119 300 5147 Vom
328 5120 460 5155 Budget
493 5120 544 5154 für
571 5121 673 5151 1v«8
711 5126 809 5156 kommt
847 5136 878 5164 zu
918 5133 1037 5161 erneuter

169 5155 316 5195 Beratung
343 5163 388 5190 der
423 5161 522 5196 Posten
557 5163 675 5198 Benrag
712 5172 749 5194 a»
789 5171 839 5196 da«
872 5170 1038 5202 Slrbciter-

170 5197 368 5233 sekreiarlat.
409 5202 468 5232 Der
505 5202 667 5233 Buudesrat
704 5209 751 5236 hat
791 5206 836 5242 sich
876 5211 1036 5246 belauiitlich

170 5238 238 5269 Über
270 5246 307 5272 die
327 5245 417 5280 Frage
449 5249 496 5275 der
515 5245 664 5280 Erhöhung
701 5248 745 5275 der
767 5246 945 5278 Suvvcntioil
985 5257 1035 5281 vo»

166 5281 275 5318 Aft.ooo
302 5285 351 5315 auf
371 5289 476 5321 so,ovo
497 5286 542 5320 Fr.
583 5286 717 5323 schriftlich
757 5292 917 5322 verneymeu
940 5291 1031 5324 lassen.
1054 5287 1061 5320 I

1118 1071 1356 1107 Schobinger
1384 1072 1509 1104 referiert.
1538 1073 1590 1104 Die
1609 1074 1786 1109 Kommission
1808 1076 1837 1109 ist
1858 1077 1907 1107 mit
1927 1080 1974 1108 de»

1118 1112 1371 1149 Voraiisscvuiigcik,
1407 1114 1448 1143 die
1466 1115 1510 1145 der
1531 1116 1690 1147 Bundesrat
1709 1125 1744 1146 au
1766 1116 1808 1146 die
1826 1118 1975 1154 Eihöhnng

1118 1153 1217 1188 knüpft,
1250 1153 1460 1187 einverstanden.
1498 1156 1555 1186 Ter
1584 1157 1712 1188 Reicrcnt
1742 1157 1803 1194 gibt
1832 1160 1890 1187 dem
1918 1159 1976 1188 vlat

1117 1193 1255 1223 Kennlni»
1289 1201 1340 1224 von
1380 1196 1462 1225 einem
1494 1196 1641 1230 Schreiben
1682 1199 1726 1227 de«
1767 1199 1975 1233 tchwcizerische»

1118 1234 1445 1271 Baumeisterverbaude«,
1482 1237 1529 1264 der
1547 1236 1591 1271 sich
1624 1245 1705 1273 gegen
1734 1238 1779 1268 die
1799 1240 1976 1274 Gewährung

1118 1273 1162 1301 der
1182 1274 1293 1303 weitern
1313 1276 1383 1303 5uoo
1403 1275 1449 1308 Fr.
1472 1276 1629 1310 ausspricht.
1670 1277 1834 1313 Mächler
1875 1282 1976 1309 wendet

1119 1311 1165 1345 sich
1192 1320 1274 1348 gegen
1307 1314 1348 1343 die
1386 1315 1474 1349 falsche
1494 1317 1713 1348 Interpretation
1752 1320 1798 1347 der
1816 1318 1976 1356 Bedeutung

1118 1352 1199 1383 seiner
1219 1353 1331 1384 Motion
1360 1354 1499 1387 beireisend
1529 1357 1688 1393 Errichtung
1724 1357 1800 1388 eine«
1837 1359 1975 1394 speziellen

1118 1393 1362 1430 sozialstatistischeu
1382 1397 1485 1428 Aiiite«.
1527 1397 1576 1427 Die
1597 1398 1765 1434 Bestrebung
1804 1398 1893 1432 richtet
1933 1401 1976 1434 lich

1118 1433 1280 1467 keineswegs
1316 1445 1395 1472 gegen
1416 1439 1465 1466 da«
1484 1438 1768 1472 Arbcilersckrctariat.
1806 1439 1861 1469 Ein
1881 1440 1974 1474 solche«

1119 1474 1361 1511 sozialstatistisches
1381 1478 1444 1507 Amt
1464 1480 1537 1509 hätte
1566 1480 1645 1509 einen
1683 1480 1738 1509 viel
1778 1482 1886 1510 weitern
1907 1481 1976 1514 Aus-

1117 1515 1274 1549 gabcnlrei«
1302 1520 1347 1546 al«
1378 1520 1430 1547 dar
1449 1519 1731 1550 Arbeitcriekretariat.
1776 1521 1840 1550 Ta»
1880 1522 1976 1556 letztere

1119 1559 1186 1584 laiiii
1219 1556 1261 1585 bei
1299 1560 1342 1587 der
1360 1559 1510 1594 Erfüllung
1542 1561 1623 1593 seiner
1644 1560 1789 1595 Aufgaben
1827 1563 1890 1596 stet«
1929 1564 1975 1592 als

1120 1594 1252 1626 wirksame
1271 1596 1297 1626 E
1309 1598 1446 1635 rgänzung
1465 1603 1512 1629 des
1542 1603 1687 1635 geplanten
1705 1602 1803 1631 Amte«
1834 1603 1974 1635 betrachte!

1118 1637 1230 1666 werden.
1274 1638 1326 1668 Ein
1346 1641 1440 1674 groher
1459 1640 1580 1675 Apparat
1601 1642 1633 1674 ist
1665 1642 1731 1675 nicht
1764 1642 1886 1677 geplant.
1909 1642 1973 1672 Dar

1119 1678 1183 1706 Amt
1202 1679 1276 1712 zahlt
1296 1681 1344 1714 auf
1363 1681 1403 1710 die
1423 1682 1619 1718 Unterstützung
1639 1682 1975 1713 desAcbeilcrickretaria-

1117 1717 1167 1747 teS.
1208 1718 1309 1749 Ador
1330 1723 1468 1756 beantragt
1487 1722 1691 1754 Nichleinlreten
1722 1725 1774 1757 auf
1793 1727 1840 1753 de»
1861 1724 1974 1759 Antrag

1119 1758 1259 1792 betreffend
1280 1760 1427 1799 Erhöhung
1446 1767 1490 1792 de«
1512 1763 1656 1799 BciUage»
1684 1764 1732 1794 mit
1762 1767 1819 1794 dem
1840 1764 1974 1800 Auttrage

1117 1805 1154 1826 an
1175 1801 1224 1828 den
1245 1800 1407 1832 Buudesrat
1433 1803 1509 1833 einen
1539 1804 1714 1835 detaillierten
1735 1804 1840 1837 Bericht
1872 1813 1903 1840 zu
1936 1814 1974 1834 er-

1118 1839 1223 1870 staltcn.
1247 1840 1305 1871 Ter
1323 1846 1427 1874 Redner
1446 1844 1475 1877 ist
1495 1844 1550 1874 kein
1568 1845 1784 1881 grundsätzlicher
1803 1846 1909 1880 Gegner
1928 1846 1974 1875 des

1117 1879 1435 1919 Arbeileriekretariate«;
1454 1885 1539 1915 allein
1558 1888 1584 1919 so
1604 1886 1657 1916 wie
1675 1892 1703 1916 es
1717 1886 1772 1922 jetzt
1792 1886 1835 1921 sich
1851 1886 1970 1921 betäliqt,

1118 1920 1213 1953 möchte
1232 1930 1261 1951 er
1279 1928 1308 1952 e«
1329 1924 1396 1959 nicht
1415 1927 1501 1955 weiter
1534 1930 1611 1957 unter
1625 1927 1715 1963 tützen.
1756 1927 1815 1956 Mit
1847 1929 1896 1956 deu
1917 1927 1972 1957 Be¬

1118 1961 1283 1998 dingungen,
1304 1964 1345 1993 die
1363 1969 1408 1994 der
1425 1966 1582 1997 Bundeirat
1602 1975 1641 1997 an
1661 1968 1700 1997 die
1717 1968 1974 2005 Bcitragerhühuug

1117 2002 1217 2038 knüpft,
1260 2006 1344 2037 haben
1365 2006 1414 2036 wir
1433 2006 1501 2037 keine
1521 2009 1600 2043 grohe
1621 2009 1756 2038 Garautie
1790 2010 1834 2042 für
1867 2009 1973 2044 richtige

1118 2043 1306 2081 Verwendung
1326 2047 1370 2075 des
1391 2048 1499 2078 Gcloe«.
1522 2049 1577 2078 Vor
1599 2048 1653 2083 acht
1669 2049 1761 2085 Lagen
1777 2050 1823 2084 hat
1844 2049 1973 2084 übrigen«

1118 2086 1161 2111 der
1179 2083 1340 2115 Bunücrrat
1359 2089 1461 2124 erklärt,
1494 2088 1523 2117 in
1542 2089 1566 2121 so
1597 2092 1685 2124 kurzer
1704 2091 1764 2125 Zeit
1786 2090 1867 2121 könne
1886 2098 1911 2119 er
1933 2090 1972 2119 die

1117 2122 1325 2160 Angelegenheit
1344 2127 1410 2160 nicht
1429 2128 1590 2164 hinlänglich
1612 2129 1717 2162 prüien.
1759 2131 1823 2160 Nun
1854 2131 1972 2163 erstattet

1117 2171 1144 2192 er
1163 2167 1222 2197 doch
1241 2167 1346 2198 Bericht
1365 2174 1419 2197 u»o
1437 2172 1480 2199 der
1499 2170 1810 2205 Kommifsionrrefereut
1828 2171 1860 2204 ist
1888 2171 1971 2207 glück¬

1117 2205 1172 2240 lich,
1194 2206 1236 2235 die
1270 2207 1537 2246 Uebercinsttmmuiig
1574 2211 1694 2246 zwischen
1714 2212 1876 2242 Buudesrat
1915 2215 1969 2242 und

1115 2246 1292 2281 Kommission
1312 2250 1478 2281 konstatiere»
1497 2259 1531 2287 zu
1550 2252 1662 2282 können.
1682 2252 1735 2281 Die
1756 2254 1860 2287 Freuse
1872 2252 1970 2285 Ärüst-

1116 2287 1194 2322 leiu«,
1239 2288 1292 2321 dah
1329 2289 1368 2319 die
1386 2291 1501 2321 Kreatur
1538 2294 1582 2321 des
1602 2292 1690 2321 Rate«
1728 2293 1776 2326 sich
1813 2300 1845 2328 zu
1884 2293 1967 2326 ihrem

1117 2327 1244 2362 Schöpfer
1266 2331 1371 2359 bekennt
1391 2335 1444 2360 und
1464 2332 1532 2360 teine
1550 2332 1711 2368 Auffassung
1730 2333 1881 2368 akzeptiert,
1904 2333 1971 2365 muh

1115 2369 1181 2402 groh
1200 2369 1266 2402 sein.
1304 2371 1415 2400 Warten
1435 2371 1483 2401 wir
1503 2373 1576 2402 eine»
1597 2374 1768 2408 gründlichen
1789 2374 1892 2407 Bericht
1922 2376 1966 2408 ab,

1116 2412 1159 2441 che
1197 2410 1247 2438 wir
1268 2409 1393 2444 Beschluh
1430 2413 1509 2448 fasten
1548 2415 1612 2443 über
1651 2416 1691 2444 die
1709 2414 1872 2450 Erhöhung.
1911 2413 1969 2443 Der

1116 2450 1275 2479 Buudesrat
1296 2451 1359 2480 wird
1379 2452 1419 2482 die
1438 2454 1526 2488 Frage
1550 2455 1670 2488 parallel
1706 2456 1756 2485 mit
1794 2457 1837 2485 der
1858 2454 1969 2484 Motion

1117 2491 1234 2523 Mächler
1254 2499 1285 2524 zu
1305 2493 1400 2526 prüfe»
1420 2493 1512 2527 habe».
1551 2494 1591 2523 Es
1612 2495 1643 2527 ist
1664 2503 1714 2525 nur
1733 2498 1799 2532 gute
1819 2494 1966 2525 Lradiiion

1113 2534 1159 2559 de«
1178 2531 1274 2566 Rates,
1316 2539 1392 2562 wenn
1411 2542 1438 2562 er
1457 2539 1485 2563 e«
1516 2535 1634 2570 ablehnt,
1676 2537 1720 2570 sich
1752 2536 1967 2572 gcwisscrmahc»

1113 2573 1162 2599 da«
1184 2572 1281 2605 Messer
1300 2581 1335 2602 an
1357 2574 1397 2603 die
1415 2577 1493 2607 Kehle
1513 2575 1584 2609 setzen
1605 2584 1637 2611 zu
1659 2576 1749 2613 lasten,
1775 2579 1829 2606 und
1841 2578 1967 2611 verlangt

1113 2613 1177 2640 über
1196 2613 1252 2646 jede
1271 2613 1358 2649 Frage
1375 2615 1513 2649 gründlich
1532 2616 1671 2645 orientiert
1690 2622 1745 2647 und
1767 2619 1917 2654 aufgeklärt
1937 2628 1967 2655 z»

1113 2651 1175 2685 sein.

1168 2691 1291 2725 Heinrich
1318 2692 1495 2726 Scherrer
1534 2696 1679 2725 antwortet
1713 2696 1773 2726 dem
1805 2696 1972 2728 Vorredner:

1114 2731 1205 2761 Dieser
1243 2732 1334 2767 scheint
1358 2733 1400 2763 die
1429 2734 1550 2769 Aufgabe
1587 2739 1634 2764 des
1666 2737 1970 2770 Arbcilcrsclretarialcs

1114 2772 1179 2805 nicht
1199 2781 1230 2808 zu
1253 2775 1356 2808 tcniie»,
1380 2774 1443 2807 resp.
1465 2783 1495 2810 zu
1518 2777 1669 2810 verkennen,
1698 2777 1751 2810 dah
1771 2781 1815 2806 der
1835 2779 1969 2808 Ardcitcr-

1112 2813 1219 2844 sekrelär
1238 2813 1281 2842 die
1300 2814 1352 2847 ihm
1373 2816 1541 2850 zugedachlcn
1560 2817 1689 2847 Arbeiten
1709 2825 1760 2853 gar
1794 2818 1861 2852 nicht
1892 2820 1970 2850 über¬

1114 2857 1222 2883 nehmen
1245 2856 1348 2885 könnte.
1389 2856 1482 2885 Damit
1517 2857 1556 2886 die
1588 2857 1859 2893 Finanzlomuiistion
1892 2860 1968 2890 eine»

1114 2895 1202 2923 klaren
1220 2894 1339 2924 Einblick
1357 2895 1386 2925 in
1405 2897 1445 2925 die
1456 2896 1587 2930 Tätigkeit
1605 2901 1654 2928 dcö
1666 2900 1969 2932 ArbeiterselretariateS

1114 2935 1252 2971 bekomme,
1277 2939 1322 2968 hat
1341 2938 1386 2966 der
1406 2937 1566 2971 Sprechende
1585 2938 1627 2968 die
1648 2940 1676 2969 in
1695 2940 1816 2974 Ausficht
1836 2943 1968 2976 gestellte»

1112 2975 1304 3008 Kopierbücher
1322 2978 1438 3007 kommen
1474 2979 1565 3013 lassen.
1604 2980 1647 3008 ES
1684 2981 1756 3011 wäre
1792 2984 1965 3019 grundfalsch,

1113 3019 1204 3046 wollte
1224 3019 1329 3048 jemand
1350 3020 1508 3055 behaupten,
1549 3024 1577 3049 c«
1598 3022 1683 3050 werde
1717 3022 1747 3051 in
1769 3022 1864 3058 Zürich
1901 3025 1970 3058 nicht

1113 3058 1167 3092 sehr
1187 3057 1282 3094 slcihig
1300 3059 1449 3094 gearbeitet.
1490 3058 1637 3097 Vielleicht,
1661 3061 1715 3095 dah
1734 3062 1862 3098 Greulich
1883 3066 1968 3094 etwa«

1111 3106 1142 3134 zu
1162 3099 1217 3133 sehr
1237 3100 1302 3128 bald
1321 3101 1362 3133 da.
1405 3101 1464 3129 bald
1484 3102 1545 3130 dort
1581 3102 1676 3138 nascht,
1717 3107 1783 3133 aber
1802 3111 1828 3133 >o
1862 3104 1916 3135 viel
1938 3106 1968 3139 ist

1111 3145 1205 3175 genug,
1241 3140 1295 3173 dah
1314 3148 1340 3169 er
1360 3140 1403 3170 ein
1423 3141 1541 3174 rastloser
1560 3142 1685 3173 Arbeiter
1705 3143 1744 3178 ist.
1786 3145 1843 3175 Der
1862 3148 1969 3177 Redner

1110 3180 1182 3214 zählt
1201 3179 1280 3209 einen
1299 3182 1415 3216 Katalog
1434 3187 1486 3212 von
1510 3182 1637 3212 Arbeiten
1657 3191 1703 3215 aut
1733 3185 1791 3214 und
1810 3186 1896 3221 zitiert
1916 3190 1967 3217 das

1111 3220 1196 3249 Urteil
1228 3220 1302 3251 eine«
1322 3223 1450 3255 deutschen
1470 3223 1568 3257 Sozial
1576 3224 1709 3254 Politiker«
1740 3226 1805 3255 über
1826 3228 1966 3262 Grculichs

1110 3259 1254 3297 Tätigkeit.
1293 3263 1363 3291 Was
1382 3264 1455 3293 Ador
1482 3267 1540 3294 dem
1558 3265 1838 3299 Arbeiterjekretariat
1858 3277 1894 3298 an
1915 3273 1966 3299 Ar¬

1109 3301 1195 3331 beiten
1215 3308 1358 3338 zuwenden
1378 3304 1478 3339 möchte,
1522 3306 1588 3335 kann
1629 3311 1657 3334 e»
1695 3306 1763 3341 nicht
1795 3309 1964 3345 akzeptieren.

1109 3343 1168 3372 Wie
1195 3343 1248 3377 soll
1281 3348 1310 3373 eS
1336 3352 1360 3379 z.
1379 3344 1416 3375 A.
1437 3345 1604 3382 Differenzen
1637 3347 1755 3384 zwilchen
1776 3349 1965 3385 Arbeitgeber»

1109 3388 1163 3413 und
1183 3384 1325 3414 Arbeitern
1346 3390 1398 3415 au«
1410 3386 1452 3414 der
1466 3386 1537 3415 Well
1557 3388 1666 3421 schaffen
1679 3388 1800 3419 können?
1818 3389 1905 3420 Wenn
1918 3393 1966 3425 aus

1108 3430 1204 3454 andere
1224 3424 1408 3455 Sekretariate
1437 3432 1491 3456 un»
1522 3426 1595 3460 ihren
1616 3428 1835 3465 Wirkungskreis
1874 3432 1966 3468 hiugc-

1109 3465 1197 3497 wiese»
1220 3465 1295 3500 wir»,
1328 3467 1353 3497 so
1373 3466 1403 3499 ist
1423 3474 1454 3502 zu
1475 3468 1559 3502 sage»,
1592 3468 1647 3500 dah
1665 3478 1687 3505 z.
1708 3470 1744 3501 B.
1768 3473 1818 3500 da»
1839 3472 1965 3503 Baucrn-

1107 3506 1258 3541 sekrelariat
1279 3508 1469 3540 auSichliehlich
1490 3508 1528 3537 im
1547 3508 1657 3542 Dienste
1676 3513 1717 3539 der
1737 3512 1890 3546 Interessen
1921 3516 1964 3543 der

1106 3547 1326 3581 Laiidwirt'chaft
1344 3547 1413 3582 tätig
1429 3548 1467 3581 ist.
1491 3549 1654 3580 Bundesrat
1671 3551 1835 3584 Deucher
1856 3555 1960 3591 cnliirt,

1105 3589 1148 3616 der
1168 3587 1329 3617 Bundesrat
1348 3591 1413 3620 habe
1432 3593 1485 3619 ans
1506 3591 1548 3619 der
1568 3591 1626 3625 ihm
1648 3592 1741 3627 vorher
1763 3596 1830 3627 nicht
1852 3597 1965 3626 dekann-

1106 3632 1149 3658 ten
1168 3627 1293 3664 Eingabe
1322 3631 1369 3659 de«
1389 3631 1551 3662 Vorstände«
1589 3634 1638 3661 de«
1657 3633 1885 3665 Arbeiterbunde«
1923 3637 1964 3666 die

1108 3671 1311 3705 Ucberzeuguiig
1332 3671 1464 3707 geschöpit,
1486 3672 1539 3704 dah
1557 3671 1592 3707 sie
1613 3672 1655 3704 ein
1675 3674 1808 3709 Körnchen
1822 3675 1962 3712 Wahrheit

1105 3713 1233 3743 enihalte.
1274 3711 1327 3740 Die
1345 3712 1551 3748 Versammlung
1570 3715 1620 3746 hat
1648 3715 1780 3751 verlangt,
1816 3718 1871 3749 dah
1888 3719 1961 3752 schon

1106 3753 1180 3782 heute
1200 3751 1303 3781 Bericht
1323 3751 1436 3784 erstattet
1455 3755 1547 3783 werde.
1567 3754 1634 3782 Au»
1656 3756 1748 3788 kiiiipst
1770 3765 1796 3787 in
1816 3760 1861 3785 der
1880 3758 1959 3787 Bun-

1105 3794 1196 3820 desrat
1209 3791 1405 3826 Bedingungen
1425 3799 1458 3821 an
1478 3792 1520 3820 die
1539 3793 1649 3822 weitern
1669 3797 1683 3820 S
1687 3798 1738 3822 000
1759 3796 1806 3830 Fr.
1830 3799 1869 3826 Er
1889 3800 1958 3829 wird

1102 3835 1164 3863 auch
1179 3831 1218 3859 bei
1229 3832 1317 3865 Herrn
1329 3831 1402 3866 Siqg
1416 3832 1443 3860 in
1456 3833 1527 3865 Genf
1538 3833 1581 3866 sich
1596 3841 1642 3863 um
1655 3835 1714 3870 ehe»
1733 3840 1788 3865 ,,»d
1802 3844 1874 3872 zwar
1889 3839 1956 3871 nicht

1102 3878 1155 3900 nur
1174 3872 1330 3906 hinsichtlich
1350 3871 1430 3902 seiner
1440 3871 1570 3909 Tätigkeit
1590 3874 1659 3904 beim
1672 3876 1820 3914 .Peuple",
1844 3880 1955 3911 sondern

1101 3915 1163 3944 auch
1183 3913 1212 3941 in
1231 3913 1279 3942 der
1297 3913 1436 3948 Richtung,
1470 3914 1505 3944 ob
1535 3914 1602 3948 nicht
1634 3922 1684 3946 oar
1703 3917 1879 3955 BuudcSgcld
1912 3921 1957 3954 für

1102 3953 1316 3983 internationale
1336 3954 1398 3987 statt
1417 3954 1460 3988 für
1481 3955 1624 3985 nationale
1644 3958 1740 3992 Zwecke
1761 3960 1882 3991 tcilivei'e
1891 3961 1959 3992 Ver¬

1102 3998 1236 4029 wendung
1264 3995 1355 4028 tiubet.
1396 3995 1447 4025 Tie
1464 3997 1647 4031 Verhältnisse
1676 3999 1705 4029 in
1725 4001 1800 4036 Genf
1830 4002 1886 4037 sind
1918 4009 1956 4040 e«,

1101 4035 1141 4064 die
1161 4036 1265 4071 speziell
1285 4037 1429 4070 untersucht
1450 4044 1550 4068 weroe»
1570 4040 1683 4074 müsse».
1724 4042 1809 4072 Unter
1838 4046 1885 4073 den
1918 4054 1959 4080 ge¬

1101 4080 1216 4107 machten
1235 4076 1420 4106 Vorbehalten
1439 4077 1517 4110 sollte
1534 4082 1577 4108 der
1598 4082 1655 4110 Rat
1682 4081 1723 4110 die
1742 4083 1891 4120 Erhöhung
1912 4087 1958 4115 de«

1099 4115 1349 4150 BiinocSveiiragc«
1371 4117 1531 4153 bewilligen.

1153 4156 1209 4185 Mit
1238 4158 1334 4192 groher
1353 4157 1485 4192 Mehrheit
1517 4158 1579 4189 wird
1601 4160 1647 4191 der
1665 4161 1782 4199 Antrag,
1818 4164 1858 4194 die
1878 4164 1958 4195 Sub¬

1098 4196 1206 4227 vention
1227 4203 1282 4226 von
1302 4200 1384 4233 25,00
1387 4207 1401 4224 j
1421 4200 1469 4236 auf
1497 4202 1530 4227 3o
1531 4222 1538 4237 r
1542 4203 1596 4228 ooo
1619 4203 1666 4236 Fr.
1686 4210 1716 4238 zu
1739 4204 1862 4242 erhöhe»,
1887 4215 1903 4236 a
1917 4216 1956 4237 n»

1098 4247 1113 4273 g
1125 4246 1164 4267 e»
1177 4246 1191 4267 o
1203 4246 1227 4267 m
1241 4245 1266 4266 m
1279 4247 1290 4268 c
1301 4247 1327 4269 n.

1155 4278 1201 4308 Ta
1214 4282 1261 4309 der
1291 4280 1450 4315 französische
1479 4281 1545 4316 Text
1574 4283 1623 4312 de«
1651 4286 1731 4315 neuen
1771 4286 1956 4318 Militär¬

1098 4319 1266 4355 budgets
1286 4323 1344 4352 »och
1365 4324 1430 4352 nicht
1449 4324 1568 4358 vorliegt,
1592 4324 1661 4354 wird
1674 4327 1712 4354 die
1727 4326 1867 4363 Beratung
1879 4329 1956 4364 einst¬

1097 4360 1191 4390 weilen
1210 4361 1366 4396 verschoben.
1404 4362 1460 4391 Der
1488 4364 1543 4392 Rat
1571 4365 1625 4397 fetzt
1652 4367 1691 4395 die
1708 4367 1890 4404 Behandlung
1908 4371 1955 4399 de«

1097 4402 1249 4438 Budgets
1295 4404 1351 4432 der
1399 4403 1660 4440 Bundesbahnen
1704 4407 1749 4439 sür
1789 4412 1856 4438 1908
1893 4411 1954 4442 fort.

1095 4443 1138 4477 Z,
1149 4445 1172 4475 ch
1185 4451 1199 4471 o
1209 4444 1220 4470 k
1233 4445 1245 4470 k
1256 4451 1269 4471 e
1299 4444 1368 4476 weist
1398 4444 1495 4478 darauf
1525 4446 1579 4479 hm,
1613 4447 1665 4478 dah
1691 4451 1893 4480 unverkennbar
1910 4454 1956 4481 der

1098 4482 1274 4516 »lahgcbcnde
1306 4484 1402 4513 Grund
1433 4484 1476 4517 für
1509 4485 1553 4514 den
1588 4486 1729 4522 fosortigen
1763 4490 1877 4520 Ausbau
1908 4493 1954 4522 de«

1097 4528 1200 4557 zweite»
1212 4524 1339 4553 Tunncl«
1359 4525 1423 4557 nicht
1442 4527 1481 4555 die
1502 4526 1631 4562 technische
1644 4528 1787 4559 Silnation
1806 4531 1853 4560 de«
1873 4532 1952 4565 erste»

1094 4566 1221 4594 Tunnels
1255 4565 1293 4599 ist»
1323 4565 1431 4597 sondern
1463 4567 1508 4595 der
1534 4568 1653 4603 Wunich.
1684 4570 1722 4598 die
1755 4571 1837 4606 jetzige
1862 4573 1955 4603 Unlcr-

1095 4609 1229 4639 nehmung
1250 4613 1307 4639 z»m
1327 4606 1391 4636 Bau
1421 4609 1554 4642 verhallen
1587 4617 1619 4645 zu
1652 4610 1760 4641 können.
1798 4613 1852 4642 Ein
1878 4614 1954 4644 Recht

1094 4651 1145 4674 von
1164 4648 1212 4675 den
1233 4647 1452 4679 Bundcrbahne»
1481 4656 1512 4684 zu
1540 4654 1693 4685 verlange»,
1725 4652 1759 4685 sie
1791 4652 1879 4687 sollten
1912 4664 1953 4691 zu-

1094 4688 1195 4716 warte»
1217 4686 1267 4716 mit
1287 4689 1342 4716 dem
1362 4689 1433 4721 Bau,
1461 4690 1508 4721 hat
1528 4690 1657 4726 natürlich
1676 4692 1715 4720 die
1735 4693 1952 4731 Unternehmung

1093 4729 1166 4761 nicht.
1204 4728 1333 4763 Dagegen
1359 4729 1451 4759 dürfen
1481 4731 1537 4761 hier
1560 4733 1635 4761 wobt
1654 4733 1708 4761 eine
1727 4734 1811 4765 Reihe
1830 4740 1882 4765 von
1901 4737 1953 4767 Be-

1092 4770 1263 4803 trachlnngcn
1278 4772 1348 4803 mehr
1361 4770 1531 4805 meujchlichcr
1540 4771 1632 4801 Natur
1653 4773 1680 4802 in
1690 4773 1812 4809 Betracht
1827 4777 1952 4811 komme»,

1092 4810 1120 4838 in
1141 4817 1226 4838 einem
1246 4810 1323 4843 State,
1354 4816 1397 4840 wo
1427 4811 1485 4845 doch
1504 4811 1611 4847 Fragen
1632 4813 1709 4846 dieser
1727 4816 1780 4845 Art
1799 4817 1828 4845 in
1848 4818 1953 4848 Berück,

1090 4850 1231 4885 stchligung
1251 4858 1359 4886 gezogen
1380 4857 1480 4881 werden
1502 4853 1608 4889 müsse«.
1634 4855 1673 4884 ES
1688 4855 1719 4888 sei
1735 4857 1851 4893 zunächst
1866 4860 1951 4889 daran

1090 4890 1216 4924 erinnert,
1250 4891 1301 4923 dah
1332 4892 1372 4921 die
1405 4894 1619 4928 Uiitcrnehmung
1648 4896 1700 4930 ihre
1720 4896 1951 4935 Berpstichlungeir

1092 4934 1160 4959 1893
1178 4933 1359 4966 eingegangen
1379 4932 1418 4966 ist,
1454 4934 1508 4967 daß
1534 4935 1578 4964 der
1598 4936 1662 4965 Bau
1681 4938 1743 4967 aber
1762 4939 1808 4972 erst
1828 4943 1845 4967 S
1864 4940 1951 4975 Jahre

1089 4972 1173 5005 später
1205 4973 1337 5008 beginnen
1369 4975 1459 5004 konnte
1489 4976 1542 5005 und
1562 4976 1671 5011 längere
1689 4978 1751 5013 Zeit
1770 4978 1798 5008 in
1818 4981 1950 5015 Anspruch

1089 5015 1169 5046 nahm
1190 5015 1238 5042 al»
1259 5015 1409 5049 vorgesehen
1437 5022 1503 5045 war.
1539 5016 1676 5050 Während
1705 5019 1786 5052 dieser
1812 5021 1873 5057 Zeit
1904 5023 1951 5055 hat

1087 5055 1132 5083 der
1163 5054 1281 5089 Vcrirag
1311 5056 1338 5083 i»
1372 5056 1441 5085 einer
1469 5057 1550 5091 Weise
1579 5060 1637 5089 eine
1657 5060 1815 5096 Sleuderung
1835 5062 1949 5098 erlitten,

1086 5094 1140 5127 dah
1152 5102 1189 5124 an
1200 5095 1289 5125 Stelle
1300 5096 1347 5125 de»
1358 5097 1650 5134 eiiienKontrahenten,
1663 5101 1949 5137 derJura-Simplou-

1086 5137 1167 5169 bahn,
1187 5137 1227 5164 die
1249 5136 1465 5171 BniideSbahnen
1486 5144 1600 5174 geirelcn
1623 5140 1684 5173 sind.
1722 5143 1796 5172 Man
1825 5145 1871 5173 bat
1891 5152 1947 5173 nun

1085 5184 1122 5205 an
1143 5182 1269 5209 manchen
1288 5178 1373 5206 Orten
1394 5179 1490 5213 grohe»
1510 5181 1647 5214 Aufheben
1678 5184 1792 5216 gemacht
1818 5184 1883 5212 über
1906 5184 1947 5213 die

1086 5217 1291 5252 Unlerftützung,
1340 5221 1427 5252 welche
1472 5222 1518 5248 der
1563 5222 1781 5257 Uutcrnchmiiiig
1821 5225 1860 5251 bei
1901 5224 1946 5254 der

1084 5257 1292 5291 nachträgliche»
1323 5257 1457 5293 Ordnung
1489 5262 1534 5288 de«
1565 5261 1762 5296 VerhällniffeS
1793 5263 1872 5298 zuteil
1903 5272 1945 5299 ge¬

1082 5299 1189 5327 worden
1221 5296 1265 5326 lei.
1302 5297 1384 5326 lieber
1414 5298 1475 5332 diese
1509 5300 1700 5336 Uiiterstüyuilg
1726 5302 1783 5335 sind
1802 5306 1865 5332 aber
1883 5311 1943 5338 zum

2025 1080 2086 1109 Teil
2105 1081 2246 1116 unrichlige
2259 1083 2455 1116 Miiteilnnge»
2475 1087 2587 1121 gemacht
2607 1093 2720 1119 worbe».
2741 1089 2780 1118 ES
2800 1089 2833 1121 ist
2855 1098 2882 1124 z»

2025 1121 2140 1153 betonen,
2161 1122 2214 1155 dah
2233 1123 2279 1153 für
2298 1126 2371 1154 einen
2390 1126 2457 1156 Teil
2480 1128 2521 1156 der
2542 1129 2732 1164 Anibesscrnng
2751 1130 2795 1159 der
2815 1130 2882 1160 Der-

2024 1162 2199 1196 tragSsumme
2217 1164 2256 1193 die
2271 1165 2491 1201 Nntcrnehliiung
2504 1169 2612 1202 grössere
2625 1172 2670 1198 al«
2683 1171 2724 1199 die
2738 1171 2881 1205 »ripriing-

2025 1202 2070 1233 lich
2091 1203 2250 1235 stipuiierlen
2273 1205 2502 1241 Verpflichinngen
2535 1210 2696 1242 aurgeiüiirt
2727 1211 2778 1240 Hai.
2817 1212 2880 1241 Von

2023 1242 2153 1274 cffekliven
2165 1244 2388 1278 Auibcsseriingen
2403 1248 2475 1275 kann
2487 1249 2554 1276 de»»
2568 1249 2632 1281 bloh
2642 1249 2688 1279 bis
2698 1258 2730 1283 zu
2741 1254 2882 1284 1,700,000

2024 1281 2071 1315 Fr.
2090 1282 2128 1311 die
2146 1283 2217 1313 Rede
2237 1284 2301 1314 lein.
2321 1286 2372 1318 Auf
2389 1286 2477 1320 diesen
2490 1288 2593 1323 Betrag
2612 1290 2758 1324 reduzieren
2777 1291 2820 1321 sich
2842 1291 2881 1320 die

2025 1323 2206 1356 angegebenen
2226 1327 2242 1351 4
2262 1325 2416 1357 Millionen.
2455 1327 2512 1362 Für
2538 1329 2590 1358 den
2609 1329 2672 1358 Bau
2701 1331 2748 1358 de»
2774 1331 2881 1365 zweite»

2025 1363 2148 1392 Tunnel«
2169 1363 2200 1396 ist
2219 1365 2258 1394 die
2274 1364 2386 1397 Summe
2407 1373 2462 1396 von
2484 1372 2514 1397 l5
2533 1371 2583 1402 aus
2606 1373 2661 1403 19,5
2677 1370 2825 1400 Millionen
2848 1379 2882 1400 er¬

2025 1404 2087 1437 höht
2113 1404 2228 1435 worden.
2267 1406 2337 1436 Aber
2363 1408 2402 1437 die
2425 1409 2556 1444 Sachlage
2587 1411 2631 1442 bat
2660 1411 2704 1444 sich
2733 1412 2881 1447 inzwischen

2024 1443 2111 1473 derart
2128 1445 2261 1479 geändert,
2283 1447 2334 1478 dah
2352 1447 2391 1477 die
2412 1449 2630 1487 Unternehmung
2650 1451 2679 1480 in
2700 1452 2790 1481 diciem
2804 1453 2881 1484 Plu«

2025 1485 2079 1513 kein
2099 1487 2263 1520 gciiügeiidcS
2278 1487 2459 1522 Acquivalcnt
2476 1492 2597 1521 erblicken
2611 1495 2689 1521 ta»n.
2708 1492 2763 1522 Ter
2777 1493 2883 1522 Redner

2024 1524 2054 1556 ist
2074 1525 2137 1557 nicht
2156 1526 2188 1555 in
2206 1527 2250 1555 der
2268 1527 2347 1563 Lage,
2376 1530 2420 1559 die
2440 1531 2582 1564 Tatiachcu
2602 1533 2788 1568 zablenmässig
2806 1535 2882 1566 nach-

2024 1564 2165 1601 zuweiien;
2197 1568 2257 1600 auch
2292 1569 2331 1598 die
2356 1569 2577 1602 Bundesbahnen
2610 1573 2715 1606 dürften
2746 1574 2809 1603 über
2844 1574 2881 1603 die

2022 1606 2191 1641 Kostensrage
2209 1609 2281 1638 keine
2292 1617 2357 1646 ganz
2369 1619 2490 1645 genauen
2504 1613 2660 1648 Ausschlüsse
2674 1615 2754 1649 gebe»
2769 1614 2880 1644 könne».

2023 1646 2156 1676 Geändert
2176 1649 2222 1680 hat
2241 1650 2287 1682 sich
2308 1653 2367 1680 aber
2379 1655 2445 1685 auch
2459 1654 2496 1683 die
2510 1654 2657 1684 Situation
2672 1656 2718 1685 für
2734 1655 2773 1685 die
2786 1656 2882 1684 Unter-

2025 1688 2155 1723 nchmiulg
2176 1689 2203 1717 in
2223 1690 2307 1726 bezug
2324 1692 2369 1726 aus
2387 1694 2446 1725 ihr«
2464 1694 2609 1728 sührenden
2621 1696 2751 1725 Männer.
2770 1696 2880 1725 Brandi

2024 1727 2053 1758 ist
2082 1729 2125 1762 tot,
2158 1728 2294 1761 Brandan
2322 1733 2361 1761 ein
2389 1737 2461 1763 alter
2479 1737 2572 1765 Mann
2602 1739 2747 1772 geworden.
2785 1736 2880 1769 Oberst

2023 1768 2121 1802 Locher,
2138 1768 2186 1798 der
2205 1779 2239 1799 an
2259 1771 2302 1801 die
2315 1773 2395 1803 Stelle
2415 1774 2501 1804 beider
2520 1777 2586 1810 trat,
2605 1777 2633 1808 ist
2653 1779 2727 1808 heule
2747 1780 2781 1805 68
2793 1777 2881 1810 Jahre

2023 1809 2072 1836 alt.
2108 1810 2177 1843 Ihm
2207 1812 2237 1846 ist
2265 1815 2296 1842 c»
2322 1815 2493 1848 vornehmlich
2514 1824 2545 1851 zu
2566 1817 2721 1850 verdanken,
2748 1818 2800 1850 dah
2832 1818 2881 1847 da«

2023 1848 2098 1877 Werk
2127 1851 2188 1883 trotz
2207 1852 2254 1880 den
2277 1853 2384 1888 gröhlen
2405 1855 2633 1891 Schwierigkeiten
2654 1865 2687 1894 zu
2707 1858 2796 1888 unircr
2816 1859 2881 1887 aller

2022 1888 2128 1924 Freude,
2161 1898 2208 1924 zur
2231 1892 2334 1926 Freude
2362 1895 2410 1924 de»
2444 1904 2541 1932 ganzen
2568 1898 2667 1928 Volke»
2700 1899 2881 1932 durchgeführt

2023 1930 2121 1958 werden
2151 1932 2254 1961 konnte.
2295 1934 2355 1963 Nun
2383 1937 2416 1968 ist
2447 1938 2505 1969 auch
2531 1945 2558 1966 er
2579 1939 2620 1967 ein
2640 1941 2710 1968 aller
2729 1939 2820 1968 Mann
2844 1948 2881 1973 ge¬

2022 1971 2135 2000 worden.
2153 1971 2242 2001 Wenn
2262 1973 2309 2004 der
2326 1975 2430 2010 Bericht
2449 1977 2493 2006 des
2511 1978 2703 2008 BnnoeSrateS
2721 1980 2818 2013 betont,
2843 1980 2880 2008 die

2021 2009 2155 2043 Behörden
2192 2013 2277 2048 legten
2308 2016 2376 2045 Wert
2410 2018 2515 2051 darauf,
2546 2018 2601 2051 dah
2632 2019 2673 2049 die
2702 2020 2796 2054 Firma
2832 2020 2877 2050 den

2021 2051 2124 2085 zweiten
2137 2052 2248 2083 Tunnel
2270 2059 2395 2091 anSbaue.
2420 2059 2481 2088 weil
2500 2060 2555 2094 ihre
2577 2061 2706 2094 tcchniiche
2721 2061 2877 2095 Erfahrung

2020 2093 2076 2120 dem
2096 2093 2182 2122 Werke
2202 2097 2296 2130 zugute
2315 2098 2419 2133 komme,
2452 2100 2510 2133 darf
2539 2108 2604 2130 man
2627 2102 2687 2135 doch
2708 2102 2810 2136 fragen,
2847 2104 2876 2131 ob

2020 2131 2060 2159 die
2088 2134 2214 2168 technische
2233 2136 2406 2173 Befähigung
2440 2140 2479 2168 bei
2510 2140 2597 2170 einem
2616 2142 2723 2170 Manne
2754 2142 2816 2174 noch
2851 2150 2878 2177 zu

2019 2171 2104 2204 finden
2122 2175 2161 2207 ist,
2181 2176 2225 2204 der
2242 2177 2297 2207 da»
2316 2180 2450 2212 genannte
2468 2180 2543 2209 Alter
2563 2181 2665 2210 erreicht
2687 2182 2742 2209 und
2758 2182 2817 2210 dem
2839 2182 2877 2210 die

2019 2212 2107 2246 Sorge
2125 2222 2172 2244 um
2193 2216 2258 2246 seine
2280 2218 2393 2254 Existenz
2415 2221 2529 2255 zuqeietzt
2558 2222 2613 2251 bat.
2640 2221 2686 2255 In
2706 2222 2810 2256 welcher
2834 2221 2880 2251 Si-

2019 2255 2123 2283 tuatioil
2150 2255 2266 2289 besindct
2302 2258 2345 2291 sich
2369 2259 2413 2288 die
2446 2260 2662 2297 Unternchnning
2692 2263 2788 2293 beute?
2828 2262 2880 2292 Die

2020 2294 2279 2330 Hanptangcstellten
2301 2299 2352 2328 sind
2372 2302 2445 2328 1906
2470 2302 2596 2334 entlassen
2624 2304 2732 2332 worden
2763 2303 2817 2332 und
2853 2304 2877 2332 i»

2022 2335 2090 2362 allen
2107 2335 2272 2372 Richtungen
2293 2340 2336 2368 der
2354 2340 2493 2372 Windrose
2511 2344 2639 2378 zerstreut.
2667 2343 2765 2380 Einzig
2782 2343 2878 2376 Oberst

2021 2374 2111 2406 Locher
2128 2377 2191 2410 steht
2211 2381 2256 2407 als
2277 2379 2413 2412 Techniker
2435 2383 2492 2416 noch
2511 2384 2553 2412 da.
2594 2384 2670 2413 Wird
2702 2393 2730 2414 er
2749 2388 2808 2418 noch
2832 2388 2878 2414 mit

2021 2417 2064 2443 der
2083 2416 2156 2449 Ruhe
2177 2423 2229 2448 »nd
2249 2420 2296 2449 der
2315 2422 2438 2456 Energie,
2467 2423 2504 2452 die
2523 2424 2563 2452 die
2585 2424 2803 2458 Bundesbahnen
2827 2430 2877 2455 vo»

2020 2456 2074 2486 ihm
2093 2461 2243 2494 verlangen,
2264 2460 2347 2491 einem
2361 2463 2453 2492 Werke
2470 2464 2512 2496 sich
2532 2465 2644 2494 widmen
2660 2467 2771 2498 können,
2791 2467 2874 2500 dessen

2019 2496 2243 2532 Schwierigkeiten
2266 2502 2426 2535 unterschätzt
2442 2509 2543 2533 worden
2564 2506 2641 2538 sind?
2663 2507 2726 2535 Ta«
2739 2508 2805 2536 alle«
2823 2507 2876 2537 sind

2015 2537 2233 2574 Belrachluiigen,
2252 2541 2296 2571 die
2314 2543 2359 2571 den
2379 2543 2537 2574 Buudesrat
2557 2547 2613 2575 und
2631 2551 2686 2576 uns
2707 2548 2873 2582 veranlaffen

2016 2578 2122 2613 könne»,
2141 2582 2202 2612 tros
2219 2582 2278 2610 dem
2290 2582 2412 2615 Bestehe»
2435 2585 2505 2614 eine«
2518 2587 2710 2621 geichriebeueu
2725 2588 2873 2624 Vertrage«

2016 2619 2114 2652 gewisse
2131 2621 2290 2654 Rücksichten
2308 2625 2437 2653 eintreten
2455 2633 2485 2659 zu
2503 2627 2595 2660 taffe».

2071 2659 2207 2693 Vergesse»
2227 2663 2280 2690 wir
2299 2664 2369 2697 nicht,
2388 2665 2445 2695 dass
2464 2665 2529 2694 beim
2549 2666 2637 2696 Werke
2656 2668 2705 2696 des
2719 2668 2815 2701 Simpl
2821 2673 2875 2697 o»s

2020 2699 2070 2727 alle
2089 2699 2128 2732 sich
2148 2701 2229 2735 geirrt
2248 2703 2344 2737 haben,
2360 2703 2401 2733 die
2422 2706 2568 2740 Geologe»,
2593 2708 2632 2736 die
2650 2707 2789 2741 Techmkcr
2823 2712 2877 2738 und

2019 2741 2070 2768 wir
2087 2743 2142 2769 alle.
2182 2741 2242 2771 Wir
2262 2744 2345 2773 haben
2375 2750 2433 2774 uns
2459 2747 2583 2781 getäuscht
2613 2748 2641 2777 in
2661 2751 2707 2777 der
2738 2750 2877 2778 iiational-

2021 2781 2204 2812 ökonouiiichen
2224 2784 2379 2821 Bedeutung
2399 2787 2447 2815 de«
2460 2786 2573 2818 Werkes.
2611 2790 2693 2822 Hcute
2713 2790 2800 2824 wissen
2813 2791 2875 2824 wir,

2018 2821 2071 2853 dah
2088 2823 2128 2851 der
2159 2822 2253 2858 Nutzen
2287 2827 2418 2856 desselben
2450 2829 2495 2858 erst
2526 2828 2555 2857 in
2589 2830 2631 2859 der
2650 2831 2769 2866 Zukunft
2801 2834 2874 2868 liegt.

2018 2863 2102 2892 Wenn
2121 2872 2188 2893 man
2207 2869 2286 2895 unter
2305 2868 2397 2900 solchen
2419 2870 2616 2905 Verhältnisse»
2634 2880 2689 2903 nur
2720 2874 2768 2903 den
2797 2875 2874 2904 eine»

2017 2905 2087 2937 Teil,
2105 2905 2171 2937 bloss
2189 2909 2249 2936 weil
2270 2916 2298 2938 er
2317 2911 2470 2945 vertraglich
2488 2913 2623 2947 geblluden
2645 2914 2685 2948 ist,
2716 2922 2761 2950 zur
2786 2915 2875 2948 June-

2018 2947 2129 2982 haltiiiig
2147 2947 2194 2977 der
2213 2949 2334 2983 schweren
2351 2951 2545 2986 Bedingungen
2568 2955 2704 2988 verhalte»
2738 2956 2799 2989 will,
2838 2960 2875 2987 be¬

2018 2989 2076 3021 geht
2095 2996 2156 3017 man
2178 2989 2233 3018 eine
2253 2992 2352 3024 gewisse
2364 2993 2591 3029 Ungerechtigkeit.
2626 2997 2765 3031 Verträge,
2779 2999 2823 3026 die
2835 2998 2875 3030 sich

2018 3029 2080 3057 über
2098 3029 2121 3061 so
2141 3031 2290 3065 ungeheure
2309 3033 2446 3063 Summcn
2465 3035 2603 3069 erstrecken,
2621 3036 2661 3067 die
2688 3038 2731 3070 sich
2762 3039 2811 3068 mit
2834 3039 2875 3068 der

2016 3069 2117 3105 Lösung
2135 3075 2190 3100 von
2208 3072 2318 3107 Fragen
2337 3074 2515 3111 beschäftige»,
2533 3077 2624 3109 welche
2643 3086 2674 3112 zu
2695 3080 2742 3107 den
2774 3080 2873 3112 schwie-

2016 3111 2107 3145 rigsten
2125 3112 2172 3140 der
2190 3112 2301 3144 Technik
2331 3116 2453 3148 gehören,
2483 3117 2536 3147 sind
2568 3118 2623 3146 eine
2641 3120 2874 3156 an»»alimswelse

2016 3152 2196 3186 Erscheinung.
2233 3154 2322 3184 Wenn
2340 3157 2458 3188 trotzdem
2477 3157 2556 3187 Leute
2576 3159 2618 3190 sich
2636 3160 2766 3193 gesunden
2777 3163 2874 3196 haben,

2015 3192 2139 3227 Männer,
2174 3194 2214 3223 die
2244 3197 2323 3225 unser
2340 3196 2402 3229 sind,
2439 3205 2480 3227 um
2499 3199 2540 3227 die
2568 3200 2668 3233 schwere
2689 3201 2873 3232 Verantwort¬

2015 3233 2108 3266 lichkeit
2125 3242 2158 3269 zu
2189 3235 2369 3269 übernehmen,
2402 3238 2431 3268 so
2462 3239 2544 3268 haben
2580 3242 2628 3268 wir
2659 3242 2729 3270 allen
2764 3243 2872 3276 Grund,

2015 3274 2093 3303 ihnen
2111 3277 2257 3310 gegenüber
2277 3276 2409 3312 Billigkeit
2431 3282 2527 3308 walten
2548 3286 2580 3315 zu
2601 3281 2691 3313 laffen.
2728 3283 2784 3313 Der
2804 3285 2872 3314 Red¬

2016 3323 2061 3343 ner
2080 3317 2196 3345 erinnert
2225 3324 2262 3346 an
2296 3319 2341 3347 den
2361 3319 2741 3353 Gotthardbaiinnternebmer
2772 3325 2870 3357 Favre.

2014 3356 2055 3385 Er
2084 3357 2203 3386 erinnert
2231 3358 2296 3392 auch
2325 3366 2359 3387 an
2388 3360 2434 3388 die
2463 3360 2575 3395 Elogrn,
2599 3363 2639 3392 die
2658 3372 2724 3393 man
2753 3366 2794 3395 bei
2830 3366 2872 3396 der

2015 3397 2290 3433 Simploneröffniing
2317 3400 2362 3429 den
2395 3401 2534 3431 Männern
2575 3404 2619 3434 hat
2650 3405 2729 3440 zuteil
2766 3408 2871 3438 werden

2013 3438 2102 3470 laffen.
2118 3438 2162 3467 die
2182 3439 2235 3468 ihre
2255 3440 2430 3474 aufopfernde
2447 3441 2580 3477 Tätigkeit
2599 3445 2653 3474 dem
2669 3446 2768 3481 grossen
2779 3448 2870 3478 Werke

2013 3479 2153 3511 gewidmet.
2193 3480 2231 3509 Er
2261 3482 2331 3510 kann
2360 3481 2405 3515 sich
2440 3483 2501 3513 nicht
2521 3485 2664 3518 vorstellen,
2697 3487 2758 3522 dass,
2789 3495 2868 3518 wenn

2013 3519 2055 3551 sich
2074 3519 2111 3549 die
2130 3520 2267 3549 Bedenken
2301 3522 2342 3550 der
2360 3522 2580 3556 Unternehmung
2611 3527 2757 3559 erwahrcn,
2791 3535 2869 3559 wen»

2012 3570 2076 3591 neue
2104 3561 2333 3597 Schwierigkeiten
2363 3564 2491 3595 entstehen
2523 3565 2622 3598 sollten,
2654 3568 2701 3596 der
2728 3569 2809 3598 Bund
2844 3576 2870 3601 es

2011 3604 2069 3633 doch
2087 3602 2129 3632 bi«
2149 3611 2181 3638 zu
2200 3604 2247 3632 den
2270 3603 2352 3635 letzten
2370 3605 2572 3640 Konsequenzen
2605 3611 2655 3636 an«
2676 3609 2732 3638 dem
2752 3611 2870 3646 Vertrag

2011 3645 2124 3673 kommen
2164 3644 2244 3677 laffen
2285 3645 2356 3674 wird.
2413 3646 2545 3678 Vielleicht
2583 3648 2635 3679 sind
2674 3649 2703 3678 in
2740 3649 2782 3679 der
2818 3652 2867 3681 Be-

2010 3686 2116 3720 ziebimg
2166 3686 2337 3718 weitgehende
2375 3686 2603 3721 Versprechnngen
2648 3689 2717 3719 nicht
2752 3690 2865 3723 gemacht

2009 3725 2118 3753 worden.
2158 3724 2246 3753 Allein
2278 3730 2351 3753 wenn
2379 3725 2424 3754 bci
2452 3726 2706 3760 Uiiterhaiidliingen
2732 3729 2773 3758 ein
2798 3731 2863 3760 Teil

2007 3764 2129 3792 wankend
2149 3764 2225 3796 wird,
2246 3764 2313 3797 sucht
2329 3764 2372 3797 ihn
2394 3766 2442 3793 der
2459 3766 2553 3795 andere
2573 3775 2603 3802 z»
2619 3768 2765 3803 crmiitigcn
2785 3770 2863 3805 durch

2005 3803 2101 3834 Worte,
2120 3804 2199 3833 deren
2218 3804 2373 3838 Bedeutung
2404 3805 2472 3840 nicht
2491 3807 2527 3835 im
2547 3806 2686 3841 Protokoll
2707 3810 2777 3846 liegt.
2818 3811 2864 3841 So

2004 3851 2066 3878 mag
2084 3847 2110 3873 e«
2130 3843 2193 3878 auch
2213 3847 2284 3872 1903
2304 3845 2345 3874 der
2363 3845 2427 3879 Fall
2448 3847 2558 3881 gewesen
2579 3848 2638 3879 sein.
2681 3849 2743 3884 Die,
2772 3853 2865 3886 welche

2007 3884 2047 3913 die
2066 3884 2295 3919 Vcrhandliiiigcii
2315 3886 2494 3921 durchführe»,
2523 3889 2601 3924 legen
2621 3890 2696 3922 mehr
2715 3891 2789 3921 Wert
2819 3895 2865 3927 aus

2004 3925 2054 3954 den
2074 3924 2154 3958 Geist,
2174 3925 2217 3955 der
2236 3925 2303 3955 über
2321 3926 2400 3960 ihnen
2424 3927 2533 3961 schwebt,
2565 3932 2610 3958 al»
2629 3931 2678 3964 auf
2696 3931 2747 3961 da«
2766 3933 2867 3967 Proto¬

2006 3966 2062 3995 koll.
2093 3965 2152 3996 Wir
2172 3967 2267 3996 wollen
2290 3972 2341 3996 un«
2360 3968 2429 4002 nicht
2444 3970 2498 3998 dem
2511 3970 2642 4005 Vorwurf
2657 3973 2792 4007 ausjctzc»,
2815 3975 2866 4008 dah

2006 4007 2058 4035 wir
2076 4007 2100 4038 so
2117 4008 2259 4042 gewaltige
2279 4006 2364 4038 Werke
2392 4016 2450 4040 nur
2474 4010 2586 4045 dadurch
2612 4020 2642 4047 zu
2663 4014 2786 4048 erreichen
2809 4020 2865 4045 ver¬

2008 4048 2107 4083 mögen,
2125 4047 2181 4081 dah
2199 4049 2250 4077 wir
2271 4050 2330 4080 nach
2348 4049 2407 4078 dem
2429 4050 2587 4083 Buchsiabcn
2606 4054 2767 4085 entscheiden.
2808 4055 2866 4085 Ter

2005 4088 2108 4118 Redner
2134 4090 2210 4118 bittet
2227 4089 2279 4117 den
2299 4090 2462 4122 BmidcSrat,
2491 4091 2531 4119 bci
2551 4092 2597 4120 der
2615 4093 2798 4130 Behandlung
2822 4097 2865 4125 der

2006 4129 2207 4163 Angelegenheit
2226 4129 2273 4156 der
2293 4130 2508 4165 Unternehmung
2528 4132 2676 4166 gegenüber
2696 4142 2779 4170 einige
2800 4136 2863 4166 Bil¬

2006 4168 2090 4203 ligkeit
2108 4170 2206 4197 walten
2225 4176 2258 4204 zu
2280 4169 2357 4203 lasten
2384 4172 2442 4198 und
2468 4172 2533 4202 nicht
2555 4172 2599 4201 bi«
2617 4181 2664 4207 zur
2685 4176 2769 4209 letzten
2788 4177 2864 4207 Kon¬

2004 4209 2105 4245 sequenz
2133 4216 2165 4244 zu
2194 4212 2284 4244 gehen.
2322 4209 2419 4244 Gewiß
2449 4209 2478 4246 ist
2505 4213 2564 4242 dem
2585 4213 2788 4250 Schweizcrvolk
2823 4219 2862 4248 ein

2003 4248 2115 4284 Vertrag
2144 4248 2233 4285 heilig,
2264 4250 2326 4279 aber
2353 4254 2381 4279 c«
2413 4250 2469 4286 gibt
2487 4254 2718 4290 a»S»ah»iswei>e
2736 4257 2865 4293 Verhält¬

2003 4290 2074 4325 nisse,
2093 4296 2132 4320 wo
2153 4290 2195 4320 die
2213 4290 2347 4326 Billigkeit
2365 4290 2444 4327 Platz
2462 4293 2561 4328 greifen
2584 4295 2653 4329 niuss.

2057 4331 2211 4366 Buudesrat
2239 4332 2347 4366 Zemv
2376 4333 2520 4363 antwortet
2549 4336 2599 4369 auf
2624 4338 2676 4365 das
2697 4338 2796 4368 Votum
2820 4339 2864 4369 de«

2002 4372 2177 4404 Vorredners,
2197 4373 2286 4401 worin
2306 4373 2349 4404 soll
2367 4372 2412 4402 die
2432 4376 2570 4409 verlangte
2583 4377 2710 4411 Nachsicht
2723 4380 2865 4410 bestehen?

2002 4411 2054 4442 Die
2066 4411 2282 4447 Uiilcrnchmiing
2294 4413 2337 4447 hat
2349 4418 2377 4443 cS
2393 4415 2564 4451 »nterlaffe»,
2585 4417 2727 4450 bestimmte
2740 4421 2813 4449 Wün
2828 4421 2864 4456 che

2001 4458 2086 4489 auSzu
2097 4454 2209 4487 preche».
2246 4453 2303 4483 Sie
2331 4455 2458 4490 wünschte
2487 4462 2550 4485 vom
2576 4458 2693 4493 Vertrag
2712 4463 2862 4492 entbunden

2011 4502 2040 4529 zu
2073 4494 2183 4524 ivcrden.
2219 4494 2276 4524 Die
2311 4495 2397 4531 Frage
2439 4495 2499 4532 liegt
2537 4498 2610 4530 heute
2647 4500 2766 4535 einfach:
2801 4503 2864 4532 Wir

2001 4535 2079 4569 solle»
2113 4535 2281 4570 culschcide»,
2319 4537 2348 4566 ob
2385 4537 2440 4566 wir
2475 4540 2522 4567 de»
2543 4539 2652 4570 Tunnel
2674 4543 2757 4576 sofort
2775 4543 2862 4573 baue»

2002 4578 2102 4607 wolle».
2140 4577 2198 4606 Ter
2228 4577 2345 4611 Vertrag
2373 4578 2477 4612 besteht.
2529 4580 2571 4610 E«
2603 4582 2687 4617 hängt
2718 4592 2769 4614 nur
2801 4591 2862 4615 vom

2002 4618 2098 4647 Willen
2128 4618 2174 4646 der
2193 4618 2413 4654 VundcSbahuen
2436 4619 2476 4653 ab,
2508 4621 2540 4650 ob
2575 4622 2604 4653 sic
2635 4621 2683 4653 ihn
2713 4626 2862 4658 aiiSstthren

2001 4660 2102 4688 wollen.
2140 4659 2182 4687 ES
2202 4660 2231 4692 ist
2251 4661 2334 4693 wahr,
2364 4660 2421 4693 daß
2440 4664 2496 4695 alle,
2528 4664 2617 4695 welche
2646 4672 2684 4693 an
2713 4666 2755 4694 der
2775 4666 2862 4701 Sache

2002 4699 2065 4732 sind,
2096 4699 2142 4729 mit
2163 4699 2280 4729 Gewalt,
2310 4701 2518 4735 gewissermasscil
2540 4703 2589 4732 ins
2607 4704 2749 4741 Ungewisse
2768 4707 2861 4740 hinein

2000 4739 2155 4772 Entschlüsse
2174 4740 2264 4774 gefasst
2284 4741 2372 4773 haben.
2414 4742 2485 4771 Man
2510 4746 2643 4774 vertraute
2665 4746 2714 4779 auf
2730 4747 2769 4775 die
2789 4748 2861 4777 Geo-

2002 4782 2077 4814 logen
2096 4780 2148 4809 und
2170 4780 2233 4811 fand
2253 4780 2298 4814 sich
2317 4781 2451 4816 getäuscht.
2487 4783 2577 4813 Allein
2604 4789 2633 4814 c«
2663 4787 2693 4818 ist
2722 4787 2778 4822 doch
2799 4791 2862 4823 auch

2000 4828 2031 4856 zu
2050 4821 2132 4856 sagen,
2152 4821 2206 4853 dah
2224 4820 2268 4851 die
2285 4822 2610 4860 Tuiinelunternehmnng
2628 4829 2680 4856 mit
2700 4829 2861 4864 ungewisse»

1999 4860 2126 4896 Faktoren
2147 4862 2218 4894 halte
2237 4863 2341 4895 rechnen
2360 4864 2469 4898 müsse».
2489 4865 2542 4895 Sie
2563 4866 2650 4899 musste
2671 4872 2701 4896 e»
2719 4871 2767 4898 tun
2788 4871 2860 4904 schon

2000 4902 2037 4931 im
2056 4902 2172 4936 Hinblick
2191 4904 2238 4936 auf
2264 4904 2305 4933 die
2324 4904 2512 4940 Erfahrungen
2533 4906 2602 4936 beim
2620 4909 2764 4939 Gotthard.
2799 4911 2862 4940 Wir

1999 4943 2083 4973 haben
2100 4949 2156 4973 un«
2176 4945 2236 4978 auch
2257 4945 2352 4980 geirrt;
2384 4947 2440 4975 das
2467 4948 2496 4979 ist
2523 4948 2621 4983 richtig.
2660 4949 2718 4978 Alle
2738 4951 2860 4981 Betrach-

1998 4985 2094 5018 tnngen
2113 4985 2216 5014 können
2236 4991 2293 5014 uns
2311 4987 2372 5016 aber
2392 4994 2447 5016 von
2459 4988 2513 5016 dem
2528 4987 2706 5022 Standpniikt
2726 4992 2791 5022 nicht
2815 4992 2861 5021 ab»

1997 5025 2114 5059 bringen,
2134 5026 2189 5057 dass
2208 5027 2259 5055 wir
2280 5028 2326 5056 den
2344 5029 2452 5062 zweiten
2464 5029 2575 5058 Tunnel
2589 5032 2728 5059 ansbauen
2749 5032 2859 5068 müssen,

1997 5064 2030 5093 da
2063 5065 2125 5097 sonst
2158 5065 2213 5094 dem
2246 5067 2325 5100 ersten
2356 5068 2463 5100 Getnhr
2493 5070 2581 5101 droht.
2616 5070 2704 5099 Wenn
2736 5073 2786 5100 wir
2822 5073 2859 5102 die

1996 5104 2077 5139 jetzige
2089 5104 2186 5139 Firma
2204 5106 2273 5140 nicht
2292 5107 2354 5141 dazu
2373 5109 2519 5141 verhalten,
2540 5115 2599 5138 wen
2617 5110 2698 5142 sollen
2717 5114 2767 5140 wir
2785 5112 2857 5142 denn

1995 5146 2078 5174 damit
2096 5147 2246 5175 betrauen?
2286 5147 2352 5176 War
2383 5149 2473 5178 würde
2505 5154 2561 5179 un«
2593 5150 2648 5180 eine
2676 5159 2739 5181 neue
2758 5152 2857 5187 Firma

1995 5187 2039 5215 Tür
2058 5186 2253 5220 Bedingungen
2287 5188 2367 5220 stelle»
2377 5189 2394 5218 ?
2433 5189 2487 5221 Auf
2517 5192 2576 5219 eine
2605 5190 2759 5224 Diskussion
2792 5194 2859 5223 über

1993 5227 2042 5255 den
2062 5227 2169 5259 Wiinich
2188 5228 2329 5263 Zichokkc«,
2360 5234 2390 5258 es
2425 5230 2490 5264 nicht
2521 5231 2571 5265 auf
2601 5231 2641 5261 die
2673 5234 2758 5267 letzten
2782 5237 2856 5264 Kon-

1994 5266 2127 5302 sequenzc»
2149 5271 2306 5298 ankomme»
2324 5276 2354 5304 zu
2373 5270 2467 5304 lassen,
2498 5271 2568 5300 kann
2589 5273 2662 5302 heute
2683 5275 2748 5305 nicht
2767 5275 2788 5303 ei
2795 5283 2854 5308 »ge¬

1990 5308 2071 5335 treten
2093 5308 2212 5342 werden;
2232 5312 2264 5336 c«
2283 5309 2345 5343 fehlt
2364 5309 2434 5345 dazu
2455 5312 2518 5343 jeder
2542 5313 2751 5344 Anlialisvnntt.
2789 5315 2856 5348 Dass

2933 1092 2983 1120 wir
3002 1090 3140 1125 Billigkeit
3163 1093 3258 1122 wollen
3287 1097 3386 1125 walten
3416 1098 3502 1135 lasse»,
3536 1100 3586 1131 da«
3614 1103 3707 1134 wollen
3740 1105 3795 1135 wir

2931 1136 2983 1162 aus
3004 1132 3079 1163 dieser
3100 1132 3256 1167 Diskussion
3279 1135 3409 1166 bebalten.

2983 1172 3081 1202 Ador
3103 1174 3206 1207 erklärt,
3227 1175 3273 1204 die
3290 1175 3506 1212 Notwendigkeit,
3527 1179 3576 1209 den
3596 1182 3701 1216 zweiten
3715 1184 3793 1214 Tun¬

2931 1213 2971 1241 nel
2993 1215 3173 1248 a»«z»ba»en,
3205 1215 3309 1250 bestelle,
3342 1219 3436 1249 ebenso
3466 1219 3497 1253 ist
3530 1220 3571 1249 die
3598 1223 3714 1258 Existenz
3746 1225 3794 1255 de»

2929 1252 3070 1288 Vertrage«
3091 1255 3161 1289 nicht
3178 1264 3208 1291 zu
3227 1257 3371 1290 bestreiten.
3407 1260 3494 1290 Allem
3515 1261 3558 1290 die
3576 1262 3789 1298 Aiirfnhrunge»

2930 1293 3066 1329 Zichokke«,
3097 1296 3172 1325 einer
3190 1297 3328 1328 Antoriiät
3348 1300 3388 1328 iin
3410 1301 3537 1334 Bausacb,
3568 1303 3705 1334 veidienrn
3726 1306 3790 1341 nach

2930 1332 2973 1362 der
2991 1335 3127 1371 Meinung
3144 1337 3188 1365 deS
3204 1337 3326 1368 Redner«
3345 1340 3508 1377 Benchtnng.
3528 1342 3596 1376 Wir,
3617 1344 3658 1374 die
3677 1346 3727 1374 wir
3744 1346 3789 1376 die

2932 1372 3048 1406 Freunde
3064 1380 3123 1404 von
3144 1376 3225 1409 Jule»
3245 1378 3331 1410 Favre
3351 1385 3453 1413 warm,
3484 1382 3536 1410 wir
3568 1385 3680 1416 möchten
3713 1387 3789 1421 nicht,

2931 1413 2982 1444 dass
3004 1413 3029 1443 i»
3059 1415 3167 1445 »nierm
3192 1415 3285 1445 Lande
3312 1426 3374 1453 zum
3406 1420 3585 1454 zweite,imale
3614 1424 3666 1452 da»
3697 1426 3793 1456 Unter»

2932 1454 3144 1488 nehmerschickial
3163 1457 3309 1489 konstatiert
3328 1459 3433 1489 werden
3454 1461 3553 1496 müsste,
3573 1463 3623 1492 da»
3636 1465 3703 1494 beim
3723 1467 3788 1496 Ba«

2931 1494 2976 1523 de«
3007 1494 3260 1527 Gotthardlunncl»
3290 1497 3448 1534 eingctreten
3481 1502 3520 1533 ist.
3561 1503 3655 1537 Gewiss
3691 1507 3719 1538 ist
3750 1507 3794 1538 di«

2933 1534 3055 1570 Stellung
3067 1537 3119 1565 de«
3129 1537 3314 1569 Biiiidesratc»
3333 1541 3439 1573 vollauf
3457 1543 3633 1578 verständlich,
3655 1553 3681 1575 er
3696 1547 3791 1577 könnte

2931 1575 3018 1604 keinen
3046 1577 3153 1607 andern
3176 1578 3285 1612 Antrag
3311 1581 3478 1614 einbrinqen.
3519 1585 3607 1614 Allein
3626 1586 3678 1615 wir
3696 1587 3792 1617 wolle»

2931 1623 3007 1650 gerne
3036 1620 3088 1646 von
3124 1619 3168 1647 der
3195 1618 3351 1655 Erklärung
3376 1621 3456 1656 Roll,
3485 1624 3605 1660 nehmen,
3637 1627 3667 1654 in
3686 1627 3725 1655 die
3744 1629 3792 1657 der

2931 1656 3055 1688 Sprecher
3072 1658 3125 1687 de»
3145 1659 3327 1690 Bundcsrale«
3349 1661 3405 1692 sein
3425 1663 3526 1693 Volum
3557 1667 3602 1694 hat
3630 1668 3791 1702 auSklinge«

2933 1697 3021 1730 lassen.
3056 1698 3113 1727 Tie
3133 1700 3350 1733 Bundesbahnen
3386 1702 3463 1735 sollen
3495 1706 3542 1733 der
3571 1705 3623 1736 Unt
3641 1709 3791 1744 rnelimung

2931 1737 3099 1772 Gelegenheit
3122 1740 3207 1773 geben,
3241 1741 3295 1772 ihre
3313 1750 3381 1772 neue
3401 1744 3570 1780 Berechnung
3589 1755 3620 1781 zu
3639 1749 3789 1783 begründe»

2931 1778 2984 1807 »nd
3003 1778 3041 1807 die
3058 1779 3199 1814 Vorlagen
3228 1783 3280 1810 mit
3304 1783 3482 1816 Wohllvollei,
3503 1794 3535 1820 zu
3556 1787 3655 1820 prüfen.
3693 1788 3717 1822 F
3727 1797 3741 1817 r
3751 1797 3764 1818 e
3773 1795 3792 1826 tz

2931 1819 3075 1850 konstatiert
3088 1819 3120 1849 in
3136 1821 3259 1852 näherem
3270 1822 3415 1857 Nachweis,
3434 1826 3484 1858 dass
3506 1827 3654 1863 finanzielle
3670 1829 3790 1865 Gründe,

2932 1859 2997 1890 nicht
3026 1859 3208 1895 baulechnische
3242 1864 3297 1891 und
3326 1866 3482 1900 geologische
3515 1868 3565 1896 den
3595 1868 3709 1898 Ausbau
3741 1870 3790 1900 de»

2930 1901 3032 1934 zweite»
3046 1900 3174 1931 Tunnel«
3192 1903 3343 1937 wünlchbnr
3364 1909 3476 1940 machen.
3497 1907 3582 1938 Ueber
3591 1909 3632 1937 die
3642 1909 3790 1941 Siluatio»

2930 1941 2975 1969 de«
3006 1941 3081 1972 ersten
3120 1943 3208 1972 urteilt
3240 1952 3303 1974 man
3327 1947 3414 1980 heute,
3445 1947 3488 1978 seit
3508 1950 3561 1977 da«
3581 1950 3723 1983 Gutachten
3744 1953 3790 1981 der

2930 1980 3147 2017 Unternchiiiung
3163 1984 3302 2014 «r'ckie»«»
3323 1987 3362 2020 ist,
3398 1987 3449 2016 viel
3479 1991 3593 2024 ruhiger.
3632 1992 3790 2026 Ausschlag¬

2927 2023 3022 2056 gebend
3041 2023 3068 2056 ist
3087 2025 3138 2053 der
3154 2024 3272 2060 Vertrag
3290 2030 3339 2056 von
3363 2030 3441 2059 190».
3459 2028 3482 2057 d.
3495 2030 3520 2061 h.
3542 2031 3584 2059 der
3603 2031 3720 2064 Wunsch,
3735 2033 3788 2061 de»

2924 2063 3030 2098 zweiten
3043 2064 3155 2094 Tunnel
3173 2067 3249 2099 durch
3265 2067 3300 2095 die
3310 2068 3412 2102 Firma
3424 2069 3542 2104 Brandt,
3553 2070 3687 2101 Brandau
3700 2080 3726 2101 ».
3735 2072 3790 2102 C».

2925 2103 3069 2135 ausführe»
3090 2112 3126 2139 ,u
3145 2106 3232 2139 lassen.
3256 2106 3314 2136 Da»
3333 2109 3472 2141 Protokoll
3492 2111 3558 2139 über
3578 2111 3632 2144 jene
3642 2111 3785 2145 Verhand¬

2928 2143 3024 2176 lungen
3043 2144 3079 2172 im
3101 2144 3187 2178 Jahre
3203 2149 3276 2173 1903
3292 2147 3319 2181 ist
3340 2150 3406 2180 »ach
3424 2149 3465 2178 der
3480 2149 3592 2187 Sitzung
3612 2152 3715 2187 verfasst
3730 2152 3788 2182 nnb

2928 2181 3010 2214 sofort
3025 2184 3162 2216 deponiert
3180 2190 3295 2215 worden.
3334 2188 3419 2218 Ueder
3447 2191 3565 2227 einzelne
3592 2191 3679 2226 Sätze,
3709 2193 3787 2223 ihre«

2931 2221 3006 2251 Sin»
3025 2225 3077 2253 und
3099 2224 3156 2260 ihre
3179 2226 3334 2263 Bedeutung
3369 2230 3482 2263 bestehen
3515 2233 3691 2264 abweichende
3719 2233 3789 2267 Auf¬

2928 2261 3069 2298 fassungen.
3112 2265 3165 2295 Die
3182 2267 3370 2303 Erklärungen
3391 2271 3437 2299 de»
3459 2271 3648 2301 Bnudesrate»
3668 2274 3696 2301 in
3715 2273 3788 2307 jener

2927 2303 2985 2332 Kon
2998 2311 3066 2340 creiiz
3094 2306 3209 2336 lauteten
3241 2311 3518 2344 zulrauencrwcckend,
3538 2314 3707 2347 ermutigend.
3744 2314 3787 2344 E»

2928 2344 3014 2373 wurde
3032 2346 3073 2374 der
3088 2346 3307 2385 Unleriiehmmig
3318 2351 3399 2384 Hilfe
3416 2353 3544 2387 zugejagt,
3564 2355 3603 2383 die
3622 2354 3787 2387 hinreichend

2928 2385 3039 2418 erschien.
3058 2387 3136 2416 Rtan
3155 2389 3294 2421 versicherte
3311 2392 3354 2419 die
3373 2391 3599 2428 Uiiiernehmuiiq,
3617 2402 3681 2424 man
3701 2395 3785 2424 werde

2928 2423 2957 2456 sie
2990 2426 3052 2460 nicht
3082 2427 3170 2459 stecke»
3199 2431 3291 2462 lassen.
3325 2432 3402 2461 Vom
3420 2433 3511 2467 Herbst
3532 2437 3600 2462 1903
3619 2437 3653 2463 ad
3673 2436 3737 2470 ging
3757 2439 3786 2464 es

2928 2466 2988 2498 noch
3006 2471 3165 2498 aiiderllialb
3183 2469 3282 2503 Jahre,
3311 2472 3357 2500 bi»
3378 2473 3423 2501 der
3442 2472 3576 2507 Simplou
3594 2476 3785 2508 durch'chlage«

2926 2511 2991 2535 war.
3010 2507 3059 2537 Die
3079 2508 3275 2545 Ersaliriiiigci,
3293 2511 3413 2547 beiagen,
3431 2514 3481 2545 dass
3503 2519 3581 2544 unter
3599 2516 3646 2544 den
3663 2515 3788 2545 Borau«-

2924 2547 3057 2581 ietzinigen,
3077 2549 3125 2579 die
3144 2553 3209 2578 1903
3230 2552 3381 2585 bestanden,
3414 2554 3454 2582 der
3480 2556 3570 2589 zweite
3588 2556 3696 2585 Tunnel
3717 2557 3785 2591 nicht

2922 2589 3068 2622 ausgebaut
3089 2595 3190 2619 werden
3211 2592 3291 2620 kaun.
3328 2594 3390 2623 Tcr
3416 2595 3551 2624 Vertreter
3580 2597 3626 2625 de«
3658 2597 3784 2626 BniideS-

2922 2632 2996 2656 rate«
3012 2630 3125 2659 crllärte
3137 2632 3173 2659 im
3185 2631 3347 2666 Sländerat,
3366 2642 3398 2663 er
3415 2635 3497 2664 könne
3511 2640 3557 2664 der
3565 2636 3785 2673 Untkrnchmnng

2925 2669 3012 2696 leinen
3030 2670 3160 2699 Glauben
3178 2671 3301 2706 schenken,
3319 2674 3376 2705 dass
3388 2674 3414 2706 so
3432 2676 3557 2708 erheblich
3571 2677 3678 2711 grössere
3690 2679 3783 2708 Koste«

2925 2707 2977 2741 sein
2997 2709 3079 2740 sollen.
3116 2711 3200 2740 Wen»
3220 2713 3267 2742 die
3284 2714 3503 2751 Unteruchmung
3521 2718 3570 2745 den
3588 2717 3697 2746 Tunnel
3717 2718 3786 2752 nicht

2925 2749 3049 2784 ausführt
3078 2754 3139 2781 und
3168 2753 3207 2782 die
3226 2756 3510 2789 Koiwenlionalnrate
3538 2759 3626 2792 erlegt,
3660 2758 3684 2791 so
3703 2758 3732 2790 ist
3752 2766 3784 2794 z»

2926 2789 3008 2823 jage»,
3039 2791 3092 2824 dnß
3127 2793 3195 2824 selbst
3225 2795 3278 2823 mit
3295 2796 3350 2824 dem
3370 2796 3499 2832 Zuichlag
3519 2797 3597 2827 bi«'«
3617 2798 3731 2827 Summe
3752 2807 3785 2834 ,»

2924 2832 2971 2858 den
2995 2833 3023 2859 19
3035 2835 3050 2859 S
3068 2833 3218 2863 Millionen
3240 2836 3297 2865 eine
3323 2844 3391 2866 neue
3411 2837 3630 2873 Unternehmung
3648 2840 3696 2868 den
3716 2840 3784 2869 Bau

2926 2871 2992 2904 nicht
3020 2872 3194 2909 übernehmen
3228 2876 3311 2910 wird;
3345 2877 3430 2910 drssen
3450 2879 3511 2910 darf
3532 2887 3594 2908 man
3614 2879 3658 2911 sich
3679 2879 3783 2912 bewusst

2924 2910 2985 2942 sein.
3021 2913 3110 2942 Emen
3143 2915 3258 2950 Antrag,
3287 2917 3325 2946 die
3358 2920 3496 2953 verlangte
3517 2920 3628 2948 Million
3648 2920 3692 2952 sür
3714 2922 3785 2948 I90S

2926 2952 2966 2984 >ür
2987 2953 3032 2983 den
3051 2955 3120 2984 Bau
3138 2956 3182 2985 de«
3200 2958 3307 2992 zweite»
3327 2958 3457 2988 Tunnel«
3486 2960 3555 2994 nicht
3575 2968 3604 2995 zu
3623 2961 3781 2996 bewillige»,

2924 2992 2987 3026 stellt
3005 2995 3046 3023 der
3063 2995 3173 3025 Redner
3190 2999 3269 3031 nicht.

2977 3034 3056 3065 lieber
3093 3037 3147 3065 da«
3176 3037 3336 3073 Baubudget
3374 3040 3513 3071 referieren
3552 3042 3655 3073 hierauf
3692 3041 3783 3073 weite»

2924 3074 3053 3108 H«ller
3071 3083 3132 3106 un»
3153 3077 3222 3110 Frr
3233 3081 3243 3107 i
3256 3080 3375 3115 bürgh
3387 3086 3463 3110 au».
3503 3083 3619 3118 Speziell
3646 3084 3710 3112 über
3727 3084 3779 3112 de«

2922 3116 3001 3144 Kreis
3035 3118 3047 3145 I
3085 3119 3199 3151 erstattet
3263 3121 3328 3153 Per
3344 3129 3356 3149 r
3369 3123 3425 3150 irr
3473 3122 3584 3153 Bericht.
3639 3123 3780 3153 Seiler

2923 3158 3063 3186 verwendet
3083 3158 3132 3193 sich
3150 3159 3236 3192 baiür,
3267 3162 3313 3193 dass
3343 3162 3513 3196 verschiedene
3540 3163 3613 3198 Züge
3640 3171 3679 3193 an
3707 3163 3782 3198 mehr

2922 3195 3065 3227 Stationen
3089 3207 3130 3229 im
3148 3201 3250 3229 Wallis
3269 3205 3407 3233 anhalten.
3427 3204 3464 3231 Er
3483 3205 3595 3238 wü»,cht
3614 3204 3662 3233 den
3676 3205 3781 3235 Umba«

2921 3238 2964 3265 der
2984 3238 3136 3270 Statiouen
3162 3242 3305 3276 Markig,,h
3334 3245 3393 3272 und
3420 3243 3485 3278 Vi'p
3514 3246 3570 3274 und
3597 3247 3718 3279 verlangt
3738 3244 3782 3274 bet

2920 3278 3072 3315 Vergebung
3106 3286 3157 3310 von
3188 3283 3313 3312 Arbeite»
3347 3284 3440 3318 bessere
3467 3284 3702 3320 Berücksichtigung
3730 3286 3782 3315 de»

2920 3319 3022 3350 SvaÜ,«.
3061 3321 3120 3351 Di«
3146 3322 3404 3353 Slationrbeamtcii
3432 3326 3522 3355 sollten
3554 3326 3707 3361 wenigste»«
3741 3332 3781 3355 >«

2919 3359 3079 3390 Oberwalli«
3112 3364 3171 3393 auch
3197 3364 3247 3392 der
3277 3364 3407 3398 dnit'che»
3429 3366 3549 3399 Sprache
3577 3367 3688 3399 mächtig
3715 3366 3778 3398 sei».

2920 3400 2972 3431 Die
2991 3403 3140 3438 Erstellung
3166 3406 3210 3433 de»
3243 3407 3346 3439 zweiten
3367 3406 3487 3436 Geleise»
3511 3408 3557 3435 der
3576 3407 3780 3438 Simpionlinie

2920 3442 2956 3472 im
2975 3443 3072 3473 Wallis
3104 3445 3136 3478 ist
3161 3453 3190 3480 z»
3209 3447 3414 3481 beschleunigen.
3447 3447 3559 3479 Endlich
3585 3449 3708 3482 verlangt
3731 3449 3780 3477 der

2920 3483 3079 3517 Sprechende
3114 3491 3172 3515 vom
3191 3485 3351 3516 BundeSrat
3371 3488 3506 3521 AnSkiinst
3535 3489 3598 3518 über
3615 3489 3663 3517 den
3684 3488 3779 3518 Stand

2919 3524 2963 3554 der
2981 3525 3065 3559 Frage
3085 3527 3135 3556 der
3151 3528 3374 3561 Zu>al,rt«linien
3395 3537 3451 3564 zum
3472 3528 3615 3561 Simpion.

2971 3566 3069 3600 Schluss
3091 3568 3138 3596 der
3156 3568 3270 3602 Sitzung
3289 3571 3300 3596 1
3321 3570 3380 3602 Uhr
3401 3573 3440 3597 4ü.
3467 3569 3653 3606 Abendsitziing
3673 3573 3690 3599 ft
3707 3570 3781 3602 Uhr:

2919 3605 3020 3642 Budget
3038 3609 3081 3636 der
3103 3608 3328 3643 Bundesbahnen.

3251 3672 3437 3702 Stäuderat.

3398 3729 3437 3759 8t.
3468 3729 3587 3766 Bern.
3611 3734 3652 3761 18.
3675 3732 3737 3768 De,.

2964 3771 3023 3801 De»
3041 3772 3142 3805 Vorsitz
3159 3772 3234 3806 führt
3254 3773 3396 3807 Präsident
3415 3775 3598 3805 Scherrer.

2963 3813 3021 3846 Zur
3029 3814 3227 3850 Vcrbandliiiig
3238 3816 3346 3849 gelangt
3357 3816 3403 3844 die
3411 3816 3590 3851 Initiative
3600 3816 3776 3850 betreffend

2912 3855 2963 3884 die
2983 3854 3225 3889 Wasserkräfte.
3263 3856 3310 3885 Die
3329 3856 3474 3890 Beratung
3492 3856 3561 3885 wird
3580 3858 3620 3886 bei
3637 3858 3736 3887 Alinea
3756 3860 3775 3886 «

2913 3895 3055 3930 fortgesetzt.
3097 3897 3282 3926 Ammann
3299 3898 3407 3932 glaubt,
3434 3899 3479 3927 der
3498 3899 3635 3927 Wortlaut
3655 3899 3700 3927 de»
3717 3898 3777 3928 Na-

2915 3938 3073 3966 tionalralcs
3089 3938 3196 3972 genüge,
3217 3944 3293 3967 wen»
3313 3946 3382 3967 man
3403 3941 3450 3967 da«
3464 3938 3545 3968 Wort
3561 3938 3686 3973 .Hoheit"
3700 3939 3778 3975 durch

2917 3978 3148 4012 .Gebietshoheit"
3176 3979 3269 4009 ersetze.
3303 3979 3358 4007 Die
3383 3978 3500 4014 Fassung
3529 3980 3574 4008 der
3601 3980 3775 4012 Kommissioa

2915 4019 3028 4047 bedeutet
3051 4020 3113 4047 eine
3142 4018 3192 4047 lehr
3211 4019 3369 4052 wesentliche
3392 4020 3533 4048 materielle
3552 4020 3606 4049 und
3624 4021 3692 4053 nicht
3710 4021 3777 4055 bloß

2913 4058 2968 4087 eine
2981 4058 3160 4087 redaktionelle
3170 4058 3361 4093 Abänderung.
3383 4060 3439 4088 Mit
3449 4061 3494 4089 der
3505 4060 3665 4095 Anffassiing
3676 4062 3777 4093 Ustcris

2914 4099 2942 4131 ist
2960 4101 3004 4126 der
3022 4098 3186 4132 Sprechende
3205 4099 3276 4131 nicht
3292 4101 3511 4135 einverstanden;
3534 4102 3575 4130 die
3593 4102 3683 4133 Rechte
3701 4103 3778 4132 eines

2912 4140 3034 4168 Kantons
3048 4147 3084 4168 an
3104 4139 3268 4174 öffentlichen
3279 4140 3431 4176 Gewässern
3445 4143 3520 4171 eincS
3535 4142 3631 4171 anberii
3647 4145 3776 4173 Kanton»

2912 4181 3011 4209 können
3030 4181 3102 4213 nicht
3121 4184 3165 4209 al«
3192 4180 3322 4215 staatliche
3341 4181 3536 4217 HokcilSrechle
3556 4184 3691 4217 bezeichnet
3708 4188 3778 4212 wer¬

2912 4222 2970 4250 den.
3006 4220 3028 4251 U
3039 4222 3054 4251 it
3066 4229 3078 4249 e
3092 4228 3108 4250 r
3118 4221 3127 4249 i
3146 4221 3277 4258 repliziert
3294 4223 3441 4257 gegenüber
3465 4227 3490 4252 v.
3513 4223 3616 4256 Reding
3635 4224 3689 4252 und
3708 4224 3775 4253 Am¬

2914 4269 3005 4291 mann.
3041 4262 3133 4295 Durch
3150 4264 3196 4290 den
3218 4263 3333 4296 Vertrag
3354 4268 3408 4293 von
3431 4267 3498 4291 1841
3531 4263 3576 4297 hat
3595 4263 3703 4298 Schwyz
3722 4266 3776 4293 tat-

2914 4302 3012 4336 sächlich
3047 4302 3100 4334 auf
3136 4303 3174 4331 die
3202 4304 3379 4338 AuSiiütziing
3410 4305 3453 4332 de«
3486 4303 3536 4336 auf
3566 4303 3658 4337 seinem
3679 4304 3776 4334 Gebiet

2915 4343 3043 4378 liegenden
3063 4343 3185 4375 Gefälle«
3205 4344 3345 4379 verzichtet.
3373 4343 3429 4373 Der
3447 4343 3610 4378 Sprechende
3630 4345 3685 4373 will
3705 4344 3775 4379 nicht

2912 4384 3081 4417 »ntcrlitchkn,
3116 4389 3177 4412 wem
3206 4384 3251 4412 die
3270 4383 3372 4414 Schuld
3392 4392 3434 4413 am
3454 4384 3592 4417 Scheitern
3615 4385 3660 4414 der
3680 4386 3775 4415 Unler-

2913 4425 3079 4457 hai'dliiiigen
3110 4425 3226 4459 zwischen
3249 4423 3339 4459 Zürich
3360 4428 3416 4454 und
3435 4424 3548 4461 Schwyz
3577 4426 3682 4460 zu'ällt-.
3710 4428 3775 4457 aber

2912 4470 2940 4494 e»
2970 4466 2998 4497 ist
3024 4465 3192 4499 bcdancrlich,
3223 4465 3278 4497 dass
3302 4467 3362 4495 eine
3384 4466 3410 4500 so
3428 4467 3509 4502 grosse
3528 4466 3697 4501 Wasserkraft
3715 4475 3774 4496 nun

2913 4505 3068 4540 braäiliegcn
3100 4506 3168 4538 »inss.
3205 4505 3321 4539 Solchen
3343 4507 3572 4541 Vorkommnisse»
3594 4509 3679 4536 wollte
3706 4515 3773 4537 man

2911 4546 2947 4575 im
2967 4546 3130 4580 September
3154 4548 3309 4582 Vorbeugen,
3339 4548 3429 4576 indem
3456 4555 3522 4576 man
3551 4547 3579 4575 in
3607 4547 3667 4576 Art.
3686 4551 3717 4575 24
3727 4549 3774 4577 bis

2912 4587 3051 4622 diejenigen
3075 4587 3320 4621 Gewässcrstrcckcn,
3350 4595 3389 4615 an
3416 4589 3496 4616 denen
3528 4588 3612 4617 einem
3639 4587 3775 4620 Siachbar«

2912 4629 3005 4656 kanlon
3025 4627 3162 4659 besondere
3174 4626 3266 4659 Rechte
3279 4628 3405 4663 znstehcn,
3423 4629 3598 4661 onsvrüeklich
3616 4629 3773 4664 denjenige«

2911 4667 3070 4702 gleichslellte,
3093 4667 3135 4696 die
3154 4668 3286 4702 mehreren
3299 4672 3445 4698 Kantonen
3460 4670 3619 4704 gemeinsam
3632 4669 3695 4702 sind.
3715 4669 3774 4700 Der

2910 4707 3086 4737 Ralionalrat
3114 4708 3287 4743 beabsichtigte
3314 4711 3395 4745 nicht,
3424 4712 3517 4742 hieran
3547 4712 3602 4739 eine
3631 4710 3774 4741 materielle

2910 4748 3092 4784 Abänderung
3113 4750 3316 4784 vorzuiiehmc»;
3337 4751 3404 4779 aber
3424 4751 3488 4784 seine
3509 4750 3652 4780 Redaktion
3674 4751 3703 4784 ist
3721 4759 3773 4780 »n«

2911 4797 3010 4826 genau;
3028 4791 3113 4825 daher
3126 4791 3168 4819 der
3180 4792 3287 4825 Antrag
3300 4793 3345 4819 der
3361 4791 3574 4824 ständerätlichrn
3588 4792 3773 4827 Konimission,

2910 4831 2954 4860 drr
2967 4830 3081 4866 lediglich
3097 4832 3138 4860 die
3148 4830 3420 4867 Uebcrcinslimmung
3437 4833 3558 4867 zwischen
3572 4834 3628 4862 dem
3643 4834 3771 4865 deutsche«

2910 4872 2962 4900 und
2977 4873 3030 4900 dem
3043 4871 3227 4906 sranzösiichcn
3244 4872 3304 4907 Text
3320 4874 3485 4909 herzustcUen
3504 4874 3666 4910 deabsichiigt
3692 4874 3770 4902 Beim

2909 4913 3123 4946 gegenwärtigen
3141 4911 3237 4941 Stand
3265 4913 3306 4942 der
3325 4914 3680 4949 Etzelwerk-Angelegenheit
3700 4915 3769 4942 kann

2909 4951 2975 4985 nicht
2993 4951 3040 4981 da«
3054 4953 3269 4988 Bundcrgcricht
3285 4954 3385 4987 helfen,
3405 4954 3514 4987 sondern
3531 4962 3581 4983 nur
3595 4956 3631 4982 die
3646 4953 3770 4983 BundcS-

2909 4993 3091 5028 geskygebung,
3114 4993 3198 5023 indem
3220 4994 3255 5028 sie
3272 4996 3346 5024 einen
3369 4994 3507 5028 Rcchtssatz
3527 4995 3644 5027 aufstcllt.
3666 4992 3769 5029 wonach

2908 5034 2947 5062 die
2976 5033 3063 5063 beiden
3094 5033 3224 5069 Parteien
3256 5035 3299 5070 auf
3331 5036 3392 5064 eine
3418 5036 3589 5070 gemeinsame
3615 5033 3766 5069 Konzcisio«

2908 5076 2969 5103 oder
2996 5074 3041 5109 ans
3068 5075 3122 5104 den
3142 5075 3266 5108 Auskauf
3291 5079 3337 5104 der
3356 5075 3432 5104 einen
3457 5076 3533 5108 durch
3553 5075 3591 5103 die
3610 5075 3703 5102 andere
3722 5073 3768 5109 sich

2907 5114 3087 5149 verständige»
3115 5114 3219 5149 mstsse».
3261 5115 3417 5151 Gegenüber
3435 5116 3573 5143 Ammann
3592 5115 3703 5143 bemerkt
3720 5116 3770 5144 der

2908 5154 3075 5189 Sprechende,
3109 5156 3151 5184 der
3169 5156 3228 5184 Art.
3251 5158 3281 5182 24
3289 5158 3331 5183 bi»
3357 5157 3451 5185 bandle
3471 5155 3620 5188 überhnnpt
3640 5162 3692 5186 nur
3711 5161 3768 5186 von

2905 5195 3125 5230 HohcilSrcchteii,
3137 5196 3198 5227 nicht
3211 5202 3266 5223 von
3276 5196 3488 5230 Pnvalrcchten;
3499 5196 3547 5224 der
3556 5196 3774 5234 Abänderung»-

2906 5239 3001 5269 nittrag
3020 5237 3050 5268 sei
3070 5237 3152 5267 daher
3170 5236 3345 5270 abziilchncn.

2957 5276 2983 5303 B
2994 5283 3005 5302 r
3015 5276 3030 5304 i>
3040 5283 3055 5309 g
3065 5283 3084 5309 g
3096 5283 3110 5304 e
3121 5282 3134 5303 r
3160 5276 3259 5303 erklärt
3284 5276 3327 5309 sich
3356 5276 3407 5304 mit
3425 5275 3483 5306 dem
3504 5276 3613 5313 Antrag
3631 5278 3774 5310 Ammann

2902 5314 3109 5346 einverstanden.
3146 5314 3168 5343 E
3179 5323 3193 5344 a
3204 5323 3219 5344 r
3231 5316 3249 5344 d
3259 5314 3267 5343 i
3277 5322 3291 5345 n
3303 5324 3318 5345 a
3331 5323 3350 5345 u
3362 5323 3378 5350 x
3405 5317 3524 5353 dagegen
3546 5320 3604 5351 hält
3622 5320 3664 5350 die
3684 5327 3776 5356 vorge-
