4110 5551
464 179 760 249 Beilage

377 312 461 370 zu
505 294 645 356 Nr.
685 293 851 351 305

3798 164 4104 225 Samsta

3675 282 3811 342 30.
3849 281 4019 354 Juli
4049 281 4110 339 11

230 428 268 452 <*■

1129 131 1642 355 Neue
1745 125 2510 405 Zürcher
2613 127 3406 402 Zeitung

3413 298 3460 343 ♦

300 495 375 547 Für
404 494 464 541 die
490 492 700 549 Organisten
730 492 798 537 des
829 491 995 542 Kantons
1026 491 1165 547 Zürich.

304 575 352 607 Er
372 575 410 611 ist
431 576 464 606 in
487 574 608 611 unserer
644 573 1054 612 evangelisch-reformierten
1089 573 1227 604 Landes¬

232 615 332 652 kirche
352 616 496 651 manches
518 616 630 647 anders
647 616 812 653 geworden,
840 616 893 653 seit
909 615 1072 653 Huldreich
1089 614 1231 651 Zwingli

235 655 279 703 ,in
297 657 351 688 der
373 656 577 695 „Auslegung
598 656 660 687 und
682 656 898 695 Begründung
919 658 973 688 der
994 655 1228 693 Schlußreden"

243 695 291 728 im
312 697 467 728 Sommer
491 700 570 726 1623
593 696 715 733 schrieb:
760 698 860 735 „Wa8
903 698 1009 728 würde
1052 697 1135 732 wohl
1180 696 1232 727 der

242 735 407 774 bäuerische
423 738 561 775 Prophet
577 738 679 770 AmoS
701 738 787 776 thun,
813 746 902 768 wenn
925 746 956 768 er
978 737 1026 767 die
1049 735 1232 771 mancherlei

238 776 347 814 Musik
367 779 426 809 mit
448 779 534 815 ihren
555 778 692 810 Trillern
724 779 788 809 und
811 778 1039 814 Hopsertänzen
1062 776 1097 806 in
1120 776 1231 812 unfern

244 818 391 855 Tempeln
411 820 480 856 sähe
503 821 564 852 und
587 819 764 856 dazwischen
795 817 845 848 die
887 820 991 854 zarten
1033 816 1231 853 Chorherren

243 859 278 892 in
299 861 384 897 ihren
405 860 542 898 seidenen
563 859 725 896 Hemdlein
748 865 816 894 zum
837 857 934 888 Altar
970 857 1127 895 hingehen,
1174 865 1230 888 um

244 902 299 938 auf
317 902 381 937 ihm
404 910 440 938 zu
463 898 621 937 opfern?"
668 897 776 932 Schon
800 900 881 926 1624
902 897 1041 934 brauchte
1084 906 1163 929 man
1185 898 1234 929 die

224 963 232 979 ,
244 941 364 979 Orgeln
385 940 463 976 nicht
488 940 582 976 mehr,
629 938 693 968 und
739 940 816 966 1627
861 938 988 969 wurden
1020 937 1060 973 sie
1081 938 1230 975 beseitigt.

227 993 231 1003 -
244 981 307 1012 Bis
350 984 388 1008 16
392 983 409 1008 S
412 982 431 1006 8
474 978 535 1014 gab
572 980 606 1009 es
642 977 676 1007 in
697 977 750 1009 der
771 978 977 1015 zürcherischen
999 978 1105 1014 Kirche
1129 979 1234 1010 keinen

246 1018 533 1056 Gemeindegesang.
579 1017 681 1050 Einen
702 1018 861 1055 würdigen
898 1020 1023 1056 Gesang
1067 1020 1131 1050 und
1175 1021 1233 1051 des

246 1060 491 1096 Gottesdienstes
528 1063 619 1091 werte
654 1059 757 1091 Lieder
779 1059 836 1097 gab
859 1063 892 1090 es
916 1061 1002 1096 nicht.
1054 1061 1139 1098 „Die
1162 1061 1230 1092 An¬

246 1100 329 1136 dacht
349 1100 448 1132 brüllt
468 1100 547 1136 nicht
571 1107 626 1131 vor
647 1100 704 1131 den
725 1100 893 1139 Menschen,
932 1101 1060 1138 sondern
1082 1102 1162 1138 sucht
1184 1102 1233 1133 die

247 1140 333 1172 Bitte
354 1142 440 1179 auf",
466 1141 573 1178 schrieb
596 1141 647 1172 der
669 1141 879 1180 Reformator,
917 1142 1014 1179 dessen
1035 1142 1113 1178 hohe
1135 1144 1232 1179 musi¬

246 1180 362 1219 kalische
373 1182 517 1219 Bildung
529 1182 575 1213 ein
585 1182 735 1218 Geplärre
748 1183 791 1214 im
801 1183 1001 1219 Gotteshaus
1014 1183 1229 1220 verabscheute.

308 1223 406 1260 Heute
427 1223 494 1260 sind
516 1223 574 1254 wir
595 1221 639 1253 im
660 1223 754 1260 Besitz
777 1224 860 1255 eines
882 1225 1049 1256 anerkannt
1092 1225 1233 1262 fürtreff-

245 1262 335 1299 lichen
357 1263 573 1300 Gesangbuchs
605 1263 669 1293 und
700 1264 760 1294 wir
790 1265 904 1296 können
927 1269 960 1296 eS
982 1268 1046 1296 uns
1068 1265 1128 1300 fast
1150 1266 1232 1302 nicht

246 1304 330 1340 mehr
351 1304 523 1342 vorstellen,
569 1304 630 1340 daß
650 1304 882 1340 Jahrhunderte
904 1307 978 1344 lang
1000 1307 1107 1343 unsere
1130 1308 1232 1339 Väter

246 1344 323 1380 ohne
362 1344 465 1376 Lieder
509 1344 571 1381 ihre
594 1344 821 1382 Gottesdienste
864 1346 997 1383 feierten.
1045 1349 1123 1379 Das
1146 1348 1232 1380 Erbe

248 1385 318 1417 aber
338 1385 436 1422 haben
457 1386 517 1418 wir
549 1394 610 1417 von
641 1386 779 1422 unserem
818 1387 958 1425 Zwingli
1000 1388 1226 1427 überkommen,

246 1433 305 1457 nur
344 1426 481 1463 würdige
504 1426 607 1464 Musik
628 1426 673 1458 im
696 1427 902 1463 Gotteshause
925 1437 960 1466 zu
982 1428 1107 1461 dulden.
1155 1430 1227 1466 Erst

247 1465 278 1496 in
320 1466 387 1497 dem
430 1475 640 1505 vergangenen
682 1467 898 1504 Jahrhundert
941 1470 976 1506 ist
997 1478 1073 1501 man
1095 1471 1231 1508 deshalb

246 1506 318 1541 auch
340 1508 453 1538 wieder
473 1509 554 1545 dazu
575 1507 759 1546 gekomnien,
784 1508 1106 1547 Begleitinstrumente
1129 1520 1166 1548 zu
1187 1521 1232 1543 er¬

248 1544 366 1584 stellen;
408 1548 604 1585 Winterthur
646 1549 683 1585 ist
705 1557 762 1581 vor
793 1550 879 1586 mehr
899 1551 951 1582 als
974 1552 1084 1589 achtzig
1105 1553 1231 1589 Jahren

247 1587 306 1618 mit
326 1587 420 1623 seiner
442 1590 558 1626 großen
579 1589 679 1626 Orgel
700 1598 964 1629 vorangegangen,
1011 1593 1059 1622 die
1103 1594 1232 1624 damals

247 1627 415 1666 allerdings
436 1631 510 1666 noch
531 1631 685 1666 manchem
708 1632 933 1669 Kopfschüttrln
955 1634 1123 1670 begegnete.
1164 1636 1232 1667 Der

246 1667 324 1705 letzte
343 1670 479 1706 amtliche
502 1671 807 1711 Visitationsbericht,
854 1674 903 1705 ein
925 1674 1064 1706 überaus
1087 1675 1230 1712 beifällig

247 1710 518 1746 aufgenommenes
540 1712 716 1750 Aktenstück,
742 1714 776 1745 in
796 1715 932 1750 welchem
954 1716 1035 1752 Herr
1051 1716 1233 1752 Kirchenrat

247 1749 352 1782 Ritter
393 1752 454 1783 das
497 1753 638 1789 kirchliche
669 1754 765 1785 Leben
785 1755 929 1791 während
950 1757 1002 1787 der
1022 1756 1124 1792 Jahre
1148 1759 1233 1786 1892

248 1789 298 1820 bis
321 1794 399 1821 1897
421 1792 454 1823 in
475 1794 639 1832 packender,
666 1795 825 1833 objektiver
847 1796 944 1833 Weise
977 1795 1118 1835 schüdert,
1154 1797 1231 1828 kann

248 1829 357 1862 bereits
380 1833 444 1864 eine
458 1834 543 1871 Zahl
563 1843 624 1866 von
648 1839 688 1865 58
709 1836 831 1874 Orgeln
855 1838 916 1868 und
939 1841 978 1866 82
995 1838 1232 1874 Harmoniums

247 1869 281 1901 in
302 1873 436 1909 unserem
459 1877 588 1907 Kanton
610 1877 785 1914 aufführen.
819 1878 869 1914 In
892 1879 945 1910 der
967 1879 1232 1916 Berichtsperiode

247 1917 350 1943 waren
373 1917 411 1942 12
433 1915 557 1953 Orgeln
577 1918 641 1947 und
664 1922 686 1946 4
706 1919 939 1954 Harmoniums
961 1918 1072 1951 erbaut
1093 1922 1229 1952 worden.

248 1951 402 1989 Während
418 1958 498 1984 1891
516 1957 585 1993 noch
603 1961 641 1985 94
657 1958 927 1996 Kirchgemeinden
942 1960 1016 1996 ohne
1031 1961 1234 1996 Instrument

249 2001 358 2030 waren,
406 2004 474 2027 war
517 1997 591 2034 diese
633 1998 715 2034 Zahl
760 2002 838 2029 1897
875 2000 961 2036 schon
984 2002 1039 2037 auf
1063 2004 1101 2030 19
1125 2002 1232 2038 herab-

248 2034 399 2069 gesunken.
447 2036 517 2068 Und
539 2038 572 2069 in
594 2039 652 2069 den
674 2039 746 2076 fünf
764 2040 896 2078 Jahren,
944 2042 990 2072 die
1032 2042 1156 2078 seitdem
1180 2044 1233 2073 ins

247 2073 330 2104 Land
352 2083 476 2113 gezogen
500 2079 573 2115 sind,
621 2078 675 2114 hat
717 2081 770 2112 der
812 2081 1121 2118 klrchenschmückende
1145 2084 1233 2119 Eifer

248 2114 300 2144 der
321 2115 511 2148 Gemeinden
532 2119 714 2158 keineswegs
758 2122 971 2162 nachgelassen,
1018 2124 1147 2160 sondern
1172 2125 1231 2156 wir

249 2154 312 2190 sind
353 2156 406 2187 der
446 2158 519 2194 Zeit
559 2160 645 2197 nahe,
692 2162 732 2192 da
766 2161 828 2199 jede
850 2164 1035 2201 zürcherische
1058 2165 1232 2196 Gemeinde

249 2197 332 2230 ihren
352 2197 540 2234 Organisten
563 2201 633 2232 oder
655 2201 970 2240 Harmoniumspieler
992 2204 1046 2241 hat
1090 2208 1155 2236 und
1179 2206 1227 2237 die

250 2237 387 2268 veraltete
430 2239 754 2280 Vorsängermcthode,
801 2244 891 2275 deren
934 2245 987 2280 sich
1024 2245 1071 2276 die
1106 2246 1229 2277 älteren

251 2276 449 2315 Kirchgänger
469 2281 541 2316 noch
562 2281 676 2318 lebhaft
690 2283 840 2322 erinnern,
866 2284 963 2322 völlig
986 2285 1141 2322 abgethan
1163 2288 1228 2318 und

251 2319 462 2353 ausgestorben
484 2321 545 2356 sein
566 2322 654 2354 wird.

312 2358 426 2391 Damit
447 2361 519 2393 aber
539 2364 575 2399 ist
596 2364 646 2394 der
668 2365 796 2396 Kanton
817 2365 927 2401 Zürich
963 2366 997 2397 in
1038 2366 1086 2397 ein
1132 2371 1228 2398 neues

253 2397 408 2430 Stadium
428 2401 618 2439 elngetreten.
664 2405 709 2435 Er
731 2405 785 2441 hat
806 2409 839 2436 es
861 2406 939 2443 nicht
961 2407 1047 2443 mehr
1071 2407 1144 2443 bloß
1169 2409 1231 2439 mit

251 2438 331 2469 einer
371 2440 558 2478 Liebhaberei
600 2444 732 2482 gewisser
774 2447 875 2483 Kreise
918 2448 981 2478 und
1018 2448 1225 2485 Gemeinden,

251 2479 376 2515 sondern
397 2482 456 2514 mit
477 2485 558 2516 einer
578 2485 775 2522 allgemeinen
809 2488 974 2524 kirchlichen
1015 2488 1145 2527 Uebung
1188 2497 1224 2526 zu

252 2519 336 2555 thun.
380 2523 444 2554 Die
465 2526 686 2562 Kirchenmusik
707 2528 759 2562 hat
782 2529 837 2565 auf
857 2529 908 2560 der
931 2537 1044 2566 ganzen
1067 2529 1150 2560 Linie
1173 2538 1221 2567 ge¬

252 2561 332 2597 siegt.
356 2563 424 2594 Und
448 2565 506 2596 wir
521 2566 584 2602 sind
599 2568 700 2598 davon
716 2567 882 2606 überzeugt,
908 2570 969 2605 daß
986 2570 1057 2605 auch
1074 2570 1225 2607 Zwingli,

250 2602 320 2637 nach
363 2604 482 2639 Gustav
506 2607 613 2638 Weber
626 2607 659 2643 *)
704 2609 756 2639 der
798 2610 973 2646 trefflichere
995 2611 1134 2646 Musiker
1180 2612 1231 2640 als

249 2641 358 2678 Luther
378 2645 471 2684 selbst,
499 2647 596 2683 nichts
618 2648 751 2679 dawider
773 2649 864 2686 hätte,
912 2659 1001 2681 wenn
1044 2660 1076 2681 er
1118 2651 1230 2681 wieder

250 2683 332 2713 käme
373 2686 436 2716 und
479 2687 527 2716 die
568 2687 655 2722 durch
678 2689 827 2724 technische
850 2690 913 2719 und
936 2690 1103 2725 ästhetische
1125 2690 1233 2725 Erfin¬

249 2724 369 2761 dungen
413 2726 588 2761 wichtigster
616 2727 676 2757 Art
710 2728 903 2763 verbesserten
926 2729 1142 2763 Instrumente
1165 2730 1235 2765 sähe

249 2765 314 2793 und
353 2765 458 2800 unsere
501 2766 671 2803 inzwischen
712 2768 911 2804 erwachsenen
956 2769 1091 2804 Choräle
1135 2771 1237 2804 hören

251 2803 368 2836 könnte.
414 2805 522 2837 Dabei
543 2807 614 2838 aber
634 2808 740 2842 müßte
773 2817 804 2839 er
838 2809 952 2845 vorerst
995 2810 1236 2847 wahrscheinlich

252 2843 361 2880 seinem
383 2845 456 2875 eben
479 2850 651 2882 genannten
665 2847 838 2879 Beurteiler
852 2849 947 2881 leider
968 2850 1156 2889 zustimmen,
1185 2854 1237 2884 der

251 2883 307 2918 auf
345 2884 438 2916 Seite
460 2889 500 2915 66
544 2887 636 2924 seiner
677 2888 886 2925 lesenswerten
931 2890 1052 2927 Schrift
1095 2900 1131 2929 zu
1168 2894 1235 2924 dem

252 2924 390 2961 Schlüsse
414 2926 546 2959 kommt:
578 2928 646 2965 ,Jn
668 2929 720 2960 der
740 2931 1002 2966 protestantischen
1024 2933 1132 2968 Kirche
1155 2935 1235 2964 wird

252 2966 335 3000 meist
357 2967 566 3005 mittelmäßig
588 2970 650 3000 und
671 2969 847 3008 langweilig
890 2973 1052 3010 musiziert,
1103 2974 1136 3004 in
1180 2976 1233 3006 der

254 3006 443 3043 katholischen
464 3009 673 3047 kurzwelliger,
701 3011 772 3042 aber
794 3012 939 3048 schlecht."
985 3012 1051 3043 Und
1075 3023 1107 3044 er
1129 3017 1236 3046 würde

253 3047 329 3082 nicht
350 3049 453 3085 ruhen,
474 3050 525 3080 bis
541 3051 617 3087 seine
641 3051 829 3083 Gemeinden
852 3053 911 3084 alle
934 3054 981 3084 die
1003 3055 1237 3092 mannigfachen

253 3088 361 3124 Fehler
382 3092 573 3127 ausgemerzt
615 3093 678 3122 und
721 3094 779 3123 den
800 3093 1038 3131 Kirchengesang
1072 3097 1128 3132 auf
1171 3097 1235 3127 eine

257 3129 337 3164 Höhe
352 3129 482 3165 gehoben
498 3132 612 3169 hätten,
631 3132 678 3163 die
694 3133 769 3170 seine
784 3134 944 3170 einstmals
960 3136 1236 3172 ausgesprochenen

251 3169 496 3207 Befürchtungen
519 3172 659 3210 hinfällig
682 3174 815 3210 gemacht
836 3175 934 3210 haben
956 3176 1093 3208 würden.

314 3210 412 3241 Wenn
433 3220 510 3243 man
533 3215 603 3244 aber
634 3214 694 3245 das
729 3216 929 3252 musikalische
972 3216 1066 3248 Leben
1111 3219 1237 3253 unserer

255 3251 481 3289 Gottesdienste
503 3254 594 3290 heben
616 3255 690 3293 will,
738 3258 813 3293 muß
851 3266 925 3288 man
948 3258 1000 3294 sich
1022 3259 1076 3289 der
1097 3259 1237 3291 Männer

255 3292 430 3330 «»nehmen,
478 3294 527 3325 die
549 3299 583 3326 eS
604 3295 699 3334 einzig
720 3297 812 3333 heben
835 3298 961 3335 können,
1001 3298 1052 3329 der
1087 3298 1120 3328 O
1134 3309 1150 3330 r
1163 3309 1181 3337 g
1194 3309 1214 3331 a
1225 3313 1238 3326 -

256 3332 406 3370 Listen,
447 3334 494 3364 die
528 3337 612 3372 meist
633 3337 704 3374 auch
726 3337 821 3369 Leiter
842 3340 894 3370 der
918 3339 1130 3375 Kirchenchöre
1154 3341 1229 3378 sind,

254 3373 346 3404 allein
367 3374 414 3404 die
434 3375 529 3411 dafür
559 3377 682 3415 nötigen
705 3380 883 3415 Kenntnisse
925 3380 1021 3415 haben
1066 3382 1129 3411 und
1175 3382 1237 3412 alle

259 3412 435 3452 Vorurteile,
483 3416 532 3446 dle
570 3417 637 3448 den,
661 3420 940 3457 verhältnismäßig
962 3421 1032 3457 noch
1056 3421 1088 3458 so
1112 3422 1238 3458 jugend¬

254 3454 340 3489 lichen
382 3456 487 3492 Wesen
511 3459 782 3498 gegenüberstehen,
808 3464 870 3492 auS
892 3462 961 3492 dem
984 3462 1077 3499 Felde
1101 3463 1236 3499 schlagen

256 3495 380 3530 »erden.
420 3496 488 3528 Und
512 3499 604 3535 dieser
626 3500 746 3538 Stand,
772 3502 820 3533 eln
841 3503 912 3538 noch
934 3502 1053 3540 junger,
1081 3503 1162 3534 einer
1186 3505 1238 3534 der

253 3536 386 3572 wenigen
401 3540 663 3576 unorganisierten
676 3542 785 3577 (Inons
800 3553 820 3572 a
833 3553 901 3573 non
914 3544 1082 3581 luoendo),
1103 3543 1140 3580 ist
1156 3544 1237 3580 that-

254 3575 365 3613 sächlich
388 3578 436 3610 ein
459 3580 619 3618 Stiefkind
643 3583 764 3618 unserer
786 3584 902 3619 Kirche.

313 3618 426 3656 Welche
449 3621 611 3653 Summen
634 3624 726 3660 geben
749 3624 797 3655 die
818 3625 1011 3657 Gemeinden
1032 3628 1104 3663 aus,
1125 3626 1233 3663 schöne,

252 3657 505 3699 leistungsfähige
542 3663 662 3701 Orgeln
705 3672 742 3702 zu
774 3665 926 3701 errichten.
971 3665 1238 3703 Jahrzehntelang

253 3701 371 3730 werden
392 3701 589 3739 Orgelfonds
622 3705 774 3744 geäufnet,
821 3707 914 3743 große
938 3707 1234 3743 Etnweihungsfest-

253 3740 396 3775 lichkeiten
419 3745 623 3781 veranstaltet,
671 3747 717 3776 die
760 3755 833 3778 neue
870 3747 970 3784 Orgel
993 3748 1072 3778 wird
1096 3747 1239 3785 bekränzt

253 3782 315 3812 und
336 3782 465 3819 begrüßt
486 3785 544 3814 wie
587 3785 636 3815 ein
657 3786 757 3823 längst
780 3788 947 3823 vermißter
969 3788 1108 3824 Freund.
1154 3788 1239 3818 Man

253 3824 348 3858 macht
370 3823 423 3859 sich
445 3824 609 3861 gläiizende
631 3826 832 3863 Hoffnungen
859 3827 909 3861 für
941 3828 988 3858 die
1021 3828 1155 3864 Hebung
1178 3829 1234 3858 deS

253 3863 417 3900 kirchlichen
438 3865 564 3897 Lebens.
589 3864 657 3896 Wie
672 3866 770 3903 klingt
785 3867 846 3898 und
862 3868 980 3904 rauscht
995 3867 1054 3898 daS
1070 3868 1159 3902 durch
1177 3869 1238 3898 den

309 3946 342 3984 *)
365 3947 708 3983 GustavWeber.
733 3947 770 3979 U.
788 3947 1000 3984 Zwingli.
1026 3947 1128 3978 Seine
1145 3948 1237 3979 Stel¬

256 3983 326 4021 lung
347 3993 399 4021 zur
421 3984 529 4021 Musik
568 3984 632 4015 und
674 3984 751 4019 seine
772 3983 883 4016 Lieder.
928 3983 1038 4021 Zürich
1062 3983 1111 4014 bei
1134 3984 1232 4016 Gebr.

256 4021 326 4056 Hug
358 4023 449 4052 1884.
494 4021 561 4051 Die
594 4020 762 4056 Broschüre
804 4020 922 4060 enthält
965 4020 1029 4051 eine
1071 4021 1237 4056 ungemein

257 4057 446 4092 interessante
469 4057 632 4094 Geschichte
653 4057 709 4088 deS
729 4056 938 4094 Kirchenlieds
960 4057 1023 4088 und
1046 4056 1100 4087 der
1121 4056 1237 4088 Bolks-

253 4093 487 4131 gesangvereine.

1282 463 1383 499 hohen
1410 460 1537 493 Raum!
1559 477 1599 484 —
1624 460 1706 491 Aber
1728 466 1851 490 warum
1873 458 2001 495 erfüllen
2033 458 2088 495 sich
2109 457 2158 488 die
2180 458 2271 495 Hoff¬

1284 512 1405 542 nungen
1427 503 1457 539 so
1480 501 1605 537 selten?
1638 502 1772 532 Warum
1795 500 1864 535 hört
1887 508 1962 530 man
1985 498 2061 530 bald
2084 499 2264 535 Stimmen,

1284 545 1332 576 die
1374 545 1434 576 mit
1476 544 1530 574 der
1573 543 1740 579 Neuerung
1761 541 1792 577 so
1817 548 1873 578 gar
1894 540 1972 575 nicht
1995 540 2150 577 zufrieden
2172 537 2271 576 sind?

1285 585 1366 617 Weil
1386 586 1433 616 die
1454 584 1622 619 kirchlichen
1663 583 1826 618 Behörden
1868 581 1953 617 wohl
1995 581 2048 617 für
2091 581 2148 611 den
2193 581 2270 613 Ein-

1285 626 1494 663 weihungsakt
1517 626 1605 656 einen
1624 624 1753 657 Meister
1775 623 1828 659 sich
1864 625 1927 652 auS
1962 622 2015 653 der
2058 621 2162 653 Stadt
2201 630 2271 653 -ver¬

1285 668 1441 704 schreiben,
1487 666 1542 697 der
1561 666 1623 696 das
1642 665 1734 695 Werk
1754 664 1815 694 mit
1835 662 1918 694 allen
1940 662 2041 698 seinen
2063 662 2273 698 Schönheiten

1286 716 1323 744 zu
1344 706 1529 743 beherrschen
1572 705 1634 735 und
1678 704 1884 741 vorzusühren
1906 703 1950 733 im
1973 704 2075 738 stände
2096 703 2144 738 ist.
2190 702 2273 734 Aber

1286 748 1371 778 dann
1393 747 1507 778 kommt
1532 745 1580 776 die
1594 745 1689 780 Wahl
1710 746 1767 775 des
1789 744 1947 781 ständigen
1962 744 2162 780 Organisten.
2189 744 2272 774 Man

1287 788 1341 823 hat
1363 788 1422 818 das
1443 786 1569 822 Budget
1590 786 1673 822 schon
1696 785 1776 816 beim
1798 786 1872 816 Bau
1894 784 2025 821 ziemlich
2047 784 2268 821 überschritten.

1287 829 1365 860 Nun
1406 827 1461 864 soll
1504 835 1581 858 man
1623 826 1693 862 noch
1737 826 1784 857 die
1827 825 2108 863 Jahresausgaben
2130 834 2185 857 um
2208 825 2272 855 eine

1288 870 1380 906 große
1394 867 1749 905 Organistenbesoldung
1771 867 1948 902 vermehren
1962 866 1979 896 ?
1999 867 2053 903 Ist
2068 867 2108 897 da
2123 867 2202 902 nicht
2224 866 2271 897 eln

1287 910 1402 948 Lehrer,
1448 909 1496 940 ein
1519 909 1817 945 Handwerksmann,
1864 908 1917 938 der
1960 911 2060 938 etwas
2084 908 2213 940 Klavier
2234 914 2269 944 zu

1288 950 1399 987 spielen
1420 950 1557 987 versteht,
1584 958 1636 980 am
1658 950 1746 980 Ende
1768 958 1824 986 gar
1847 948 1895 979 eln
1918 948 2036 985 eigenes
2060 948 2270 985 Harmonium

1287 990 1413 1027 besitzt?
1455 991 1523 1022 Der
1545 990 1660 1026 machts
1697 990 1799 1027 billig.
1846 989 1919 1020 Den
1942 989 2062 1025 wählen
2085 989 2159 1021 wirl
2204 988 2271 1019 Und

1288 1040 1351 1063 nun
1375 1033 1436 1069 sitzt
1457 1032 1614 1068 Sonntag
1636 1031 1687 1067 für
1710 1031 1865 1067 Sonntag
1888 1030 1937 1060 ein
1959 1039 2064 1062 armer
2087 1031 2271 1061 bedauerns¬

1287 1077 1396 1104 werter
1415 1072 1576 1110 Anfänger
1598 1073 1654 1107 auf
1673 1073 1727 1103 der
1749 1071 1939 1110 Orgelbank,
1985 1071 2178 1102 malträtiert
2212 1071 2272 1101 das

1286 1114 1486 1150 Instrument
1501 1129 1543 1135 —
1558 1114 1698 1150 Pegasus
1721 1114 1765 1144 im
1786 1113 1879 1149 Joche
1899 1128 1940 1134 —
1961 1113 2014 1143 der
2035 1112 2273 1149 Kirchengesang

1288 1155 1366 1186 wird
1388 1155 1566 1191 schleppend.
1612 1154 1685 1185 Bon
1707 1153 2038 1191 Registerbehandlung
2061 1154 2140 1184 keine
2163 1154 2268 1189 Spur.

1287 1196 1351 1226 Die
1394 1194 1571 1232 Benutzung
1608 1195 1663 1225 des
1705 1195 1825 1230 Pedals
1867 1195 1945 1225 wird
1977 1195 2064 1231 weise
2086 1194 2267 1225 vermieden.

1288 1236 1385 1267 Statt
1407 1236 1458 1267 der
1495 1238 1674 1266 erwarteten
1696 1236 1816 1272 Freude
1838 1235 1908 1267 tritt
1929 1235 2075 1270 Mißmut
2097 1235 2155 1267 ein.
2203 1235 2271 1265 Der

1287 1277 1396 1314 feinere
1417 1276 1587 1312 Geschmack
1608 1276 1684 1307 wird
1707 1276 1955 1313 zurückgestoßen.
1980 1276 2050 1306 Und
2067 1276 2118 1306 der
2138 1276 2272 1311 mnsika»

1286 1318 1367 1354 lische
1390 1317 1479 1349 Sinn
1501 1318 1556 1347 deS
1578 1317 1690 1347 Volkes
1712 1317 1791 1347 wird
1813 1315 1890 1350 nicht
1912 1323 1972 1347 nur
1995 1316 2073 1352 nicht
2117 1316 2266 1353 gehoben,

1287 1359 1414 1395 sondern
1458 1358 1611 1394 gründlich
1634 1357 1810 1389 verdorben.
1856 1356 2062 1387 Anderwärts
2085 1357 2120 1391 ist
2164 1361 2198 1387 eS
2240 1357 2272 1393 ja

1285 1400 1396 1435 freilich
1417 1398 1496 1432 nicht
1540 1397 1601 1429 viel
1643 1398 1745 1434 besser,
1792 1396 1894 1434 zumal
1936 1397 1969 1427 in
2005 1397 2171 1433 ländlichen
2208 1397 2270 1428 Ge¬

1285 1440 1438 1472 meinden.
1464 1439 1526 1469 Ein
1549 1438 1720 1474 rheinischer
1743 1438 1874 1475 Pfarrer
1897 1437 2033 1473 schreibt:
2058 1438 2150 1475 „Von
2173 1438 2270 1468 einem

1284 1481 1397 1517 Mönch
1419 1480 1555 1515 berichtet
1579 1480 1626 1510 die
1649 1479 1752 1516 Sage,
1798 1479 1859 1514 daß
1882 1487 1913 1509 er
1935 1479 1991 1515 auf
2012 1479 2064 1509 der
2087 1478 2189 1515 Orgel
2212 1479 2270 1509 den

1286 1524 1417 1554 Donner
1438 1522 1468 1557 so
1491 1521 1647 1557 täuschend
1669 1519 1867 1556 nachgcahmt
1888 1519 1971 1556 habe,
2020 1519 2082 1555 daß
2105 1520 2152 1550 dle
2174 1518 2268 1554 Milch

1286 1564 1331 1594 im
1353 1562 1562 1598 Klosterkcller
1584 1561 1670 1597 sauer
1715 1561 1829 1597 wurde,
1877 1560 1947 1590 weil
1970 1560 2009 1595 sie
2032 1560 2081 1590 ein
2103 1561 2268 1597 wirkliches

1287 1604 1439 1635 Gewitter
1461 1611 1497 1640 zu
1518 1603 1627 1639 spüren
1647 1602 1771 1633 meinte.
1821 1600 1912 1636 Nein,
1939 1601 2014 1636 mich
2036 1602 2180 1633 wundert
2201 1601 2271 1637 noch

1285 1645 1381 1681 heute,
1429 1644 1488 1680 daß
1532 1644 1566 1673 in
1609 1643 1666 1673 den
1699 1642 1801 1678 nahen
1823 1641 1962 1678 Häusern
1984 1642 2071 1677 jenes
2093 1642 2272 1678 rheinischen

1288 1686 1411 1721 Dorfes
1433 1685 1480 1715 die
1501 1683 1598 1719 Milch
1620 1684 1670 1714 der
1691 1683 1822 1714 Bauern
1844 1682 1921 1718 nicht
1945 1682 2031 1719 sauer
2053 1684 2215 1720 geworden
2237 1684 2273 1721 ist

1287 1727 1325 1758 ob
1350 1728 1405 1757 des
1428 1724 1601 1762 gräßlichen
1622 1722 1850 1761 Orgeispiels."

1349 1782 1461 1817 Genug
1482 1780 1535 1810 der
1551 1779 1662 1811 Kritik.
1708 1778 1780 1808 Wir
1802 1777 1914 1809 wollen
1937 1785 1973 1814 zu
1994 1778 2053 1809 den
2067 1778 2273 1816 Besserungs¬

1285 1822 1474 1858 vorschlägen
1497 1820 1586 1852 eilen.
1632 1818 1700 1850 Vor
1721 1820 1813 1850 allem
1835 1819 1966 1849 einmal:
2008 1819 2092 1850 Man
2114 1820 2202 1857 möge
2226 1821 2273 1852 die

1286 1862 1473 1900 Wichtigkelt
1494 1861 1548 1891 der
1570 1860 1670 1894 Sache
1694 1860 1839 1890 erkennen
1847 1859 1857 1889 l
1877 1859 2042 1897 Wahrlich,
2071 1863 2106 1891 eS
2128 1862 2163 1896 ist
2186 1861 2273 1896 heute

1286 1905 1358 1939 noch
1382 1903 1477 1939 wahr,
1524 1904 1596 1932 was
1616 1901 1756 1937 Zwingli
1777 1901 1875 1937 sagte:
1918 1900 2020 1931 Lieber
2042 1909 2099 1937 gar
2121 1902 2200 1932 keine
2223 1903 2272 1933 als

1287 1944 1414 1981 schlechte
1430 1942 1663 1977 Kirchenmusik.
1688 1941 1783 1976 Diese
1804 1940 1933 1976 schädigt
1954 1942 2017 1971 und
2040 1942 2138 1977 macht
2162 1942 2274 1979 lächer¬

1287 1986 1349 2022 lich,
1377 1985 1412 2020 ist
1434 1984 1481 2013 ein
1505 1981 1653 2019 Sakrileg
1675 1990 1728 2013 am
1745 1981 1945 2016 Gotteshaus
1967 1983 2030 2012 und
2046 1982 2271 2019 Gottesdienst.

1286 2027 1360 2057 Wer
1382 2025 1479 2060 Kunst
1500 2023 1599 2059 haben
1622 2022 1698 2060 will,
1739 2023 1791 2053 der
1813 2022 1869 2059 soll
1892 2022 1963 2057 auch
1986 2023 2035 2053 die
2058 2023 2160 2060 Opfer
2183 2026 2275 2060 dafür

1286 2068 1363 2102 nicht
1386 2066 1511 2103 scheuen.
1558 2064 1632 2095 Wer
1654 2063 1717 2094 eine
1740 2062 1843 2100 Orgel
1865 2063 2017 2100 anschafft,
2056 2064 2112 2099 soll
2155 2065 2202 2096 bei
2224 2067 2275 2096 der

1286 2108 1380 2143 Wahl
1422 2107 1475 2137 deS
1519 2105 1707 2141 Organisten
1729 2104 1807 2139 nicht
1840 2103 1995 2138 knausern.
2042 2105 2111 2135 Und
2133 2106 2195 2141 daß
2218 2107 2265 2137 ein

1286 2148 1432 2185 Künstler
1453 2147 1504 2182 für
1525 2146 1574 2176 die
1588 2153 1664 2181 paar
1679 2145 1822 2181 Hundert
1846 2145 1986 2181 Franken
2008 2145 2089 2180 nicht
2112 2155 2147 2182 zu
2170 2147 2266 2182 haben

1286 2191 1331 2226 ist,
1379 2189 1415 2225 ist
1437 2187 1508 2218 eben
1529 2187 1561 2223 so
1584 2186 1655 2222 klar,
1704 2187 1756 2216 als
1779 2186 1840 2221 daß
1862 2185 1914 2215 der
1937 2193 1988 2216 am
2011 2186 2078 2216 Ort
2099 2187 2264 2222 wohnende

1285 2230 1449 2261 Dilettant
1470 2235 1524 2258 um
1548 2227 1644 2261 diesen
1666 2226 1764 2261 Preis
1787 2226 1839 2262 sich
1882 2226 1959 2260 nicht
2003 2226 2079 2263 dazu
2122 2228 2274 2264 verstehen

1286 2271 1373 2307 wird,
1421 2269 1539 2300 weitere
1583 2267 1684 2303 Opfer
1727 2268 1780 2303 für
1801 2267 1877 2302 seine
1900 2266 2107 2305 Ausbildung
2129 2269 2194 2298 und
2217 2270 2273 2300 den

1284 2312 1409 2346 Ankauf
1451 2317 1510 2339 von
1533 2312 1623 2344 guter
1646 2308 1909 2343 Orgellitteratur
1929 2315 1965 2343 zn
1987 2307 2128 2344 bringen.
2178 2309 2270 2344 Ohne

1284 2353 1347 2387 daß
1388 2351 1436 2381 die
1479 2349 1646 2383 kirchlichen
1687 2348 1850 2380 Behörden
1894 2347 2063 2385 mithelfen,
2113 2349 2150 2384 ist
2193 2350 2272 2380 keine

1286 2392 1454 2428 Besserung
1476 2398 1511 2424 zu
1533 2392 1694 2420 erwarten.
1736 2389 1805 2418 Wie
1827 2387 1931 2424 schwer
1953 2391 1986 2418 es
2009 2388 2086 2425 hält,
2114 2389 2270 2424 denselben

1285 2433 1360 2468 diese
1382 2429 1522 2466 Aufgabe
1546 2429 1755 2465 mundgerecht
1777 2437 1812 2465 zu
1835 2428 1963 2464 machen,
2010 2428 2087 2465 zeigt
2111 2430 2195 2464 wohl
2217 2437 2268 2460 am

1285 2472 1382 2509 besten
1403 2471 1450 2501 die
1472 2468 1673 2503 bedauerliche
1696 2469 1865 2504 Thatsache,
1913 2468 1973 2503 daß
2007 2469 2054 2498 die
2075 2469 2266 2506 Organisten

1285 2514 1337 2544 der
1360 2510 1658 2549 Hauptstadtkirchen
1681 2509 1735 2544 seit
1749 2508 1957 2545 Jahrzehnten
1978 2510 2039 2539 mit
2060 2509 2113 2540 der
2133 2510 2268 2545 Jahres-

1286 2553 1450 2590 besoldung
1472 2559 1532 2581 von
1558 2553 1637 2578 1000
1658 2550 1714 2586 Fr.
1740 2549 1860 2580 vorlieb
1884 2549 2012 2583 nehmen
2044 2550 2173 2587 müssen,
2221 2552 2267 2581 die

1285 2603 1320 2631 zu
1354 2594 1432 2628 ihrer
1456 2591 1734 2626 Kunstauffassung
1777 2590 1841 2620 und
1883 2589 2021 2626 Leistung
2058 2590 2090 2620 in
2123 2591 2268 2628 geradezu

1285 2634 1503 2669 auffallendem
1524 2632 1625 2665 Maße
1647 2631 1690 2661 im
1712 2630 1964 2665 Mißverhältnis
1986 2630 2071 2665 steht.
2097 2631 2197 2661 Wenn
2219 2632 2265 2662 die

1287 2674 1393 2704 Stadt
1433 2672 1512 2706 nicht
1554 2671 1638 2705 mehr
1679 2670 1783 2705 Opfer
1825 2671 1876 2705 für
1897 2669 1962 2703 ihre
1984 2671 2208 2706 Kirchenmusik
2231 2679 2265 2708 zu

1288 2714 1416 2747 bringen
1457 2711 1584 2740 willens
1626 2710 1671 2744 ist,
1719 2710 1777 2738 wie
1799 2708 1858 2744 soll
1878 2717 1953 2737 man
1975 2712 2009 2738 eS
2031 2710 2113 2739 denn
2135 2719 2197 2741 von
2219 2712 2271 2742 der

1288 2751 1463 2786 Landschaft
1485 2748 1669 2779 erwarten?

1353 2792 1419 2822 Mit
1440 2792 1491 2821 der
1512 2790 1689 2825 Besoldung
1712 2787 1809 2819 allein
1832 2788 1866 2821 ist
1889 2791 1923 2818 eS
1947 2788 2057 2823 freilich
2101 2790 2179 2825 nicht
2223 2799 2272 2828 ge-

1291 2833 1376 2869 than.
1402 2831 1466 2863 Die
1481 2830 1682 2865 Ausbildung
1706 2830 1759 2859 der
1774 2829 1960 2865 Organisten
1983 2829 2061 2859 wird
2084 2830 2130 2860 die
2153 2831 2273 2867 Haupt¬

1290 2871 1515 2910 angelegenheit
1537 2871 1609 2905 sein.
1654 2871 1722 2900 Und
1747 2878 1832 2900 wenn
1856 2869 1939 2905 jenes
1972 2869 2073 2904 Sache
2116 2871 2167 2901 der
2212 2873 2272 2903 Ge¬

1290 2915 1430 2945 meinden
1454 2912 1514 2948 sein
1536 2912 1603 2948 soll,
1640 2912 1670 2947 so
1692 2911 1770 2946 muß
1793 2911 1844 2946 sich
1866 2910 1958 2946 dieser
1981 2910 2029 2940 die
2052 2911 2273 2947 Gesamtkirche

1290 2955 1368 2989 wohl
1393 2952 1574 2988 annehmen.
1620 2952 1689 2983 Der
1710 2952 1739 2985 h.
1768 2950 1945 2986 Kirchenrat
1967 2950 2045 2981 wird
2070 2951 2134 2981 eine
2178 2952 2271 2987 seiner

1290 2995 1455 3032 Aufgaben
1497 2993 1530 3023 in
1573 2993 1625 3022 der
1668 2992 1799 3027 Hebung
1841 2991 1904 3020 und
1940 2991 2178 3029 Besserstellung
2220 2994 2273 3023 des

1289 3033 1604 3073 OrganistenstandeS
1626 3033 1764 3063 erblicken
1787 3031 1849 3062 und
1871 3031 2014 3061 erkennen
2036 3033 2162 3067 müssen.

1354 3077 1404 3112 In
1425 3075 1533 3109 diesem
1552 3074 1657 3104 Sinne
1679 3072 1732 3108 hat
1756 3074 1807 3103 der
1822 3072 2053 3109 hochverdiente,
2081 3076 2151 3109 trotz
2167 3074 2275 3108 seinem

1290 3118 1388 3153 hohen
1410 3116 1498 3148 Alter
1541 3115 1624 3152 allzu
1666 3115 1736 3149 früh
1774 3122 1834 3144 von
1870 3116 1932 3142 uns
1955 3121 2124 3149 gegangene
2146 3115 2276 3150 Pfarrer

1290 3167 1351 3189 von
1373 3159 1492 3195 Höngg,
1519 3156 1583 3186 Dr.
1602 3155 1693 3191 theol.
1713 3156 1753 3190 H.
1773 3154 1879 3185 Weber
1902 3154 1934 3183 in
1956 3156 2013 3184 den
2036 3155 2190 3191 Achtziger
2213 3156 2276 3186 und

1291 3199 1460 3236 Neunziger
1481 3197 1604 3233 Jahren
1625 3196 1757 3233 gewirkt,
1806 3196 1870 3225 und
1892 3194 2004 3230 seinem
2027 3195 2161 3231 Einfluß
2185 3196 2220 3231 ist
2244 3198 2277 3226 es

1292 3240 1449 3277 gelungen,
1479 3238 1609 3269 dreimal
1632 3235 1903 3273 Organistenkurse
1927 3236 1979 3265 ins
2002 3235 2095 3265 Leben
2118 3244 2153 3273 zu
2174 3237 2273 3272 rufen.

1292 3282 1360 3312 Der
1401 3281 1480 3316 erste,
1515 3279 1561 3309 im
1597 3277 1687 3312 April
1725 3280 1806 3306 1892
1850 3276 2074 3314 veranstaltete,
2102 3278 2210 3312 mußte
2231 3278 2277 3308 die

1292 3322 1398 3358 Hälfte
1419 3321 1470 3351 der
1492 3318 1731 3356 Angeineldeten
1755 3318 1811 3353 auf
1832 3317 1889 3348 den
1911 3317 1981 3352 Juli
2006 3316 2134 3354 gleichen
2158 3318 2277 3353 Jahres

1292 3363 1467 3398 vertrösten.
1492 3361 1536 3396 Je
1560 3363 1599 3388 30
1621 3359 1822 3396 Teilnehmer,
1848 3358 1997 3388 darunter
2019 3358 2090 3393 auch
2113 3358 2272 3396 weibliche,

1292 3403 1454 3438 studierten
1478 3402 1542 3432 eine
1564 3401 1670 3435 Woche
1705 3400 1782 3436 lang
1823 3403 1914 3429 unter
1957 3399 2009 3429 der
2052 3398 2180 3436 Leitung
2224 3400 2277 3429 deS

1291 3444 1480 3479 Initianten,
1506 3442 1560 3472 der
1581 3441 1640 3471 mit
1660 3440 1838 3477 Vorträgen
1861 3439 1913 3474 sich
1936 3438 2103 3476 beteiligte,
2140 3440 2204 3470 und
2227 3440 2278 3470 der

1293 3485 1412 3521 Herren
1433 3482 1522 3519 Paul
1543 3482 1761 3518 Hindennann
1782 3481 1846 3510 und
1868 3480 1982 3510 Armin
2005 3480 2126 3517 Knecht,
2154 3480 2202 3510 die
2224 3479 2277 3514 auf

1291 3527 1348 3556 den
1390 3524 1510 3561 Orgeln
1554 3524 1610 3553 deS
1646 3522 1896 3558 Großmüusters
1918 3521 1982 3551 und
2005 3521 2065 3552 St.
2093 3521 2207 3556 Peters
2230 3522 2276 3551 die

1291 3566 1456 3602 Uebungen
1498 3564 1630 3601 leiteten,
1676 3564 1821 3598 während
1865 3562 1913 3592 die
1956 3561 2149 3597 Teilnehmer
2171 3562 2204 3591 in
2227 3562 2277 3592 der

1290 3605 1499 3643 Zwischenzeit
1542 3605 1599 3639 auf
1642 3604 1698 3634 den
1742 3602 1937 3639 Harmonien
1959 3602 2012 3633 der
2034 3602 2277 3638 Großmünster-

1292 3647 1413 3684 kapelle,
1461 3646 1519 3676 St.
1545 3645 1650 3682 Anna,
1697 3645 1750 3675 der
1772 3642 2155 3680 Musikalienhandlungen
2178 3643 2275 3674 Gebr.

1292 3689 1365 3725 Hug
1387 3687 1449 3718 und
1469 3686 1598 3723 Muggli
1620 3686 1673 3721 sich
1695 3686 1800 3716 übten.
1847 3684 1954 3719 Schon
1976 3684 2020 3714 im
2057 3683 2154 3719 April
2200 3685 2277 3712 1893

1293 3737 1359 3759 war
1379 3729 1442 3759 eine
1464 3736 1555 3758 neuer
1577 3726 1665 3759 Kärs
1687 3735 1749 3757 von
1771 3726 1873 3762 nöten,
1900 3727 1953 3755 der
1976 3725 2021 3754 bei
2045 3724 2168 3761 einigen
2190 3725 2276 3755 Teil¬

1291 3769 1436 3805 nehmern
1470 3768 1555 3803 schon
1576 3768 1668 3804 große
1689 3766 1886 3803 Fortschritte
1908 3772 1945 3801 zu
1968 3764 2156 3800 verzeichnen
2177 3765 2274 3800 hatte.

1290 3810 1340 3845 In
1363 3810 1447 3845 ihren
1469 3808 1631 3842 Berichten
1653 3807 1741 3843 sagen
1764 3807 1810 3836 die
1826 3806 1938 3836 Leiter:
1963 3805 2029 3842 „Es
2052 3805 2174 3835 waltete
2197 3805 2277 3840 sicht¬

1292 3849 1349 3880 bar
1370 3850 1419 3879 ein
1440 3848 1526 3883 Geist
1549 3847 1705 3884 freudigen
1727 3847 1833 3882 Eifers
1856 3846 1929 3876 über
1952 3845 2069 3876 allen."
2104 3845 2277 3882 „Künftige

1290 3888 1572 3925 Ausschreibungen
1614 3888 1723 3923 mögen
1769 3885 1946 3920 wiederholt
1988 3885 2204 3921 nachdrücklich
2229 3886 2277 3915 be.

1293 3933 1395 3966 tonen,
1442 3929 1500 3958 wie
1542 3927 1688 3962 fördernd
1732 3927 1782 3957 ein
1813 3926 2027 3962 mehrmaliger
2050 3926 2163 3960 Besuch
2184 3926 2277 3962 dieser

1291 3971 1388 4006 Kurse
1409 3968 1464 4006 sei;
1485 3968 1642 4005 regelmäß
1656 3976 1674 4004 g
1696 3968 1868 4004 fortgesetzt,
1895 3966 2046 4003 einsichtig
2071 3967 2191 4003 geleitet
2213 3966 2275 3997 und

1290 4010 1496 4047 gewissenhaft
1518 4010 1644 4045 benutzt,
1676 4010 1794 4039 können
1815 4008 1863 4038 die
1884 4008 1984 4041 Kurse
2004 4008 2071 4044 sehr
2091 4007 2278 4044 wohlthätig

1291 4050 1434 4082 wirken."
1460 4050 1527 4087 „Es
1549 4050 1636 4085 sollte
1658 4049 1780 4085 jährlich
1803 4048 1988 4082 mindestens
2011 4048 2060 4078 eln
2077 4048 2166 4079 Kurs
2189 4048 2276 4084 statt¬

1290 4092 1404 4130 finden,
1445 4091 1526 4127 ihrer
1547 4091 1628 4121 drei«
1650 4089 1737 4127 sollte
1760 4090 1811 4120 ein
1831 4089 1985 4126 Organist
2006 4088 2155 4125 besuchen.
2201 4089 2277 4120 Das

2324 457 2653 493 Zusammenkommen
2695 457 2760 487 und
2798 456 2844 487 dle
2867 455 3060 494 gegenseitige
3081 453 3250 491 Anregung
3271 454 3308 490 ist

2324 506 2386 529 von
2409 500 2533 535 großem
2554 498 2674 530 Wert."

2389 538 2448 570 Bei
2470 539 2568 576 diesen
2588 540 2709 575 schönen
2731 537 2896 573 Wünschen
2940 538 2976 574 ist
2998 541 3033 569 «8
3055 537 3215 575 geblieben.
3261 536 3309 566 ES

2324 578 2398 613 fand
2424 579 2487 611 kein
2509 579 2772 617 OrganistenkurS
2805 579 2889 614 mehr
2911 579 2995 614 statt.
3042 579 3122 615 Jene
3147 581 3184 606 iS
3210 584 3308 607 neuen

2324 620 2537 656 Instrumente
2552 621 2633 659 aber,
2661 619 2711 651 die
2733 621 2767 650 in
2781 620 2833 651 der
2847 620 2959 656 darauf
2975 620 3136 657 folgenden
3151 618 3309 654 Berichts¬

2324 661 2450 697 periode
2491 661 2606 699 gebaut
2626 662 2766 698 wurden,
2813 660 2912 697 stehen
2957 661 2997 697 sie
3038 661 3115 697 nicht
3156 660 3202 689 im
3243 659 3309 695 Zu¬

2325 702 2543 740 sammenhang
2586 703 2646 734 mit
2680 703 2780 738 diesen
2817 702 2967 737 Kursen?
3010 701 3080 733 Wir
3102 699 3241 737 glauben
3261 700 3305 736 ja.

2326 743 2404 774 Eine
2425 743 2626 779 Erneuerung
2649 743 2743 779 dieser
2758 742 2988 780 Uebungskurse
3009 743 3045 778 ist
3066 742 3217 778 dringend
3240 743 3308 771 not¬

2325 784 2455 821 wendig.
2480 784 2550 815 Wir
2572 784 2636 821 sind
2653 783 2821 821 überzeugt,
2848 784 2909 819 daß
2932 787 2966 814 es
2989 792 3050 815 nur
3071 784 3122 814 der
3138 782 3307 818 Anregung

2325 824 2438 862 bedarf,
2465 833 2520 856 um
2542 825 2598 855 den
2621 825 2717 861 hohen
2734 825 2911 860 Kirchenrat
2932 833 2968 862 zu
2990 825 3071 855 einer
3093 831 3199 859 neuen,
3225 823 3309 852 dann

2325 866 2399 897 aber
2420 866 2642 903 regelmäßigen
2657 864 2900 902 Ausschreibung
2922 865 3076 901 desselben
3098 872 3133 902 zu
3156 863 3305 899 bewegen.

2326 905 2463 942 Schritte
2484 906 2517 937 in
2539 907 2629 943 dieser
2651 906 2785 943 Hinsicht
2808 906 2872 941 sind
2896 906 3013 937 bereits
3038 906 3159 943 gethan.

2388 947 2504 979 Blicken
2526 948 2584 979 wir
2605 948 2676 983 nach
2699 948 2770 978 dem
2795 948 2924 979 Kanton
2947 946 3042 983 Bern,
3090 946 3121 983 so
3144 944 3229 981 sehen
3252 944 3310 975 wir

2325 987 2396 1019 dort
2418 988 2474 1018 den
2510 988 2675 1019 bekannten
2717 987 3039 1024 Münsterorganisien
3081 986 3182 1023 Herrn
3227 985 3309 1022 Heß-

2325 1028 2462 1064 Rüetschi
2495 1029 2547 1064 seit
2579 1032 2658 1058 1880
2681 1036 2723 1058 an
2746 1029 2798 1058 der
2819 1028 2936 1064 Arbeit,
2983 1027 3169 1064 regelmäßig
3192 1026 3241 1057 die
3263 1026 3307 1056 im

2325 1069 2418 1100 Amte
2440 1069 2595 1105 stehenden
2617 1069 2808 1106 Organisten
2829 1077 2866 1106 zu
2887 1069 3088 1104 versammeln
3129 1068 3193 1098 und
3215 1067 3308 1097 allein

2326 1111 2370 1141 im
2414 1110 2566 1142 Sommer
2610 1114 2688 1139 1902
2732 1110 2806 1147 zwei
2828 1110 2926 1146 Kurse
2949 1110 3042 1145 dieser
3063 1109 3122 1139 Art
3145 1115 3180 1145 zu
3203 1107 3304 1138 leiten.

2326 1150 2403 1182 Seit
2419 1152 2553 1183 Oktober
2570 1155 2646 1181 1201
2671 1151 2726 1187 hat
2749 1150 2801 1186 sich
2824 1150 2873 1181 ein
2898 1150 3089 1187 „Vernischer
3103 1148 3308 1186 Organisten-

2326 1192 2477 1223 verband"
2521 1193 2660 1230 gebildet,
2706 1192 2760 1222 der
2805 1191 2880 1222 über
2916 1194 2976 1219 160
2998 1190 3180 1227 Mitglieder
3212 1188 3302 1226 zählt,

2325 1233 2432 1269 bessere
2455 1234 2612 1271 Stellung
2643 1233 2706 1263 und
2728 1232 2926 1268 Würdigung
2962 1232 3017 1262 deS
3060 1229 3210 1261 Standes
3254 1236 3308 1258 an¬

2326 1273 2423 1312 strebt,
2456 1274 2560 1310 soeben
2593 1275 2656 1304 eine
2677 1273 2877 1309 Sammlung
2899 1276 2986 1308 guter
3008 1268 3309 1307 Ortginalkomposi-

2326 1314 2428 1346 tionen
2473 1324 2534 1345 von
2575 1313 2780 1351 Mitgliedern
2823 1312 3019 1350 herausgiebt
3061 1313 3122 1343 und
3146 1311 3306 1348 zusehends

2325 1355 2424 1391 blüht.
2470 1357 2520 1391 In
2542 1355 2748 1390 Verbindung
2782 1354 2843 1384 mit
2878 1354 2976 1389 diesen
2997 1352 3223 1389 Bestrebungen
3246 1351 3309 1386 liest

2324 1396 2451 1431 derselbe
2462 1396 2601 1432 Musiker
2613 1397 2670 1426 de»
2682 1395 3062 1431 Theologiestudierenden
3072 1392 3310 1430 hymnologische

2324 1437 2486 1474 Kollegien
2508 1446 2549 1468 an
2572 1437 2622 1468 der
2645 1435 2843 1471 Universität,
2870 1435 2903 1465 in
2925 1436 2977 1466 der
3000 1434 3142 1471 richtigen
3163 1433 3309 1463 Voraus¬

2325 1479 2403 1516 sicht,
2448 1479 2509 1514 daß
2551 1486 2588 1515 zu
2630 1477 2769 1512 allererst
2792 1476 2838 1507 die
2860 1476 2993 1510 Psarrer
3015 1476 3100 1506 einen
3121 1473 3254 1504 Einblick
3277 1473 3309 1503 ln

2325 1520 2401 1555 diese
2423 1519 2528 1556 Dinge
2550 1518 2648 1555 haben
2670 1517 2800 1553 müssen.
2838 1517 2904 1547 Und
2926 1518 2967 1547 da
2989 1516 3081 1554 siehts
3103 1523 3144 1546 an
3165 1514 3310 1549 manchen

2326 1560 2431 1591 Orten
2453 1560 2521 1590 übel
2545 1563 2617 1591 auS.
2979 1599 3007 1604 ^

2389 1601 2476 1632 Bern
2497 1601 2551 1635 hat
2573 1599 2747 1636 allerdings
2784 1598 2940 1633 leichteres
2974 1597 3079 1635 Spiel,
3127 1596 3196 1628 weil
3239 1596 3311 1627 dort

2326 1642 2380 1678 seit
2400 1642 2653 1678 Jahrhunderten
2675 1639 2799 1676 Orgeln
2821 1639 2854 1668 in
2877 1638 3035 1675 Funktion
3055 1637 3120 1674 sind
3163 1638 3226 1668 und
3262 1637 3310 1668 die

2325 1683 2432 1719 Lehrer
2474 1683 2526 1713 der
2569 1682 2707 1712 Staats-
2730 1680 2794 1710 und
2816 1679 3113 1715 Privatseminarien
3156 1679 3213 1715 auf
3252 1679 3310 1709 den

2326 1723 2604 1761 Organlstenberuf
2626 1720 2809 1753 vorbereitet
2830 1721 2959 1752 werden.
2996 1720 3045 1750 ES
3066 1720 3102 1755 ist
3123 1718 3195 1749 aber
3220 1719 3310 1750 kaum

2325 1773 2362 1802 zu
2404 1765 2565 1802 bedauern,
2612 1764 2672 1800 daß
2717 1763 2752 1792 in
2788 1761 2899 1798 Zürich
2921 1760 2998 1797 diese
3018 1760 3309 1797 Lehreroorbildung

2326 1806 2412 1841 fehlt.
2458 1808 2553 1836 Denn
2576 1805 2648 1835 eben
2671 1804 2705 1834 in
2729 1802 2816 1833 Bern
2837 1802 2973 1839 erschallt
3005 1802 3052 1832 die
3094 1802 3193 1838 Klage
3235 1803 3310 1833 über

2327 1847 2412 1884 zwei-
2434 1847 2484 1877 bis
2514 1846 2655 1882 vierfache
2699 1843 2862 1880 Besetzung
2903 1842 3055 1878 derselben
3098 1842 3202 1873 Stelle
3245 1842 3308 1872 und

2328 1887 2540 1924 infolgedessen
2584 1884 2735 1921 lächerlich
2774 1884 2865 1914 kleine
2886 1883 3075 1920 Besoldung.
3120 1883 3189 1913 Und
3211 1883 3310 1917 nicht»

2329 1929 2545 1959 verwirrender
2566 1927 2619 1963 für
2638 1928 2698 1956 den
2720 1924 2890 1955 Gemeinde
2896 1924 3016 1961 gesang,
3044 1924 3096 1955 als
3117 1931 3207 1953 wenn
3227 1923 3313 1959 jeden

2329 1969 2483 2005 Sonntag
2504 1968 2614 1998 wieder
2657 1966 2706 1997 ein
2729 1966 2855 1995 anderer
2880 1964 3009 1999 Spieler
3029 1963 3187 2000 denselben
3210 1963 3313 1994 leitet!

2329 2010 2437 2045 Unsere
2458 2008 2563 2044 Lehrer
2587 2007 2723 2038 erlernen
2745 2006 2806 2036 das
2828 2004 3003 2041 Orgelsplel
3024 2013 3092 2042 nur,
3138 2012 3227 2035 wenn
3272 2004 3313 2040 sie

2329 2050 2442 2081 Talent
2484 2050 2559 2086 dazu
2602 2049 2708 2084 haben,
2758 2046 2880 2081 machen
2902 2045 2955 2081 sich
2979 2045 3107 2080 deshalb
3130 2044 3312 2082 gegenseitig

2329 2091 2459 2128 weniger
2482 2090 2678 2126 Konkurrenz
2699 2087 2764 2118 und
2788 2087 2916 2123 bringen
2939 2089 2973 2116 e8
2994 2086 3082 2116 dabei
3105 2086 3217 2117 weiter.
3264 2086 3312 2115 Es

2328 2131 2365 2168 ist
2408 2131 2478 2167 auch
2519 2129 2659 2167 möglich,
2708 2128 2771 2163 daß
2814 2127 3065 2164 Berufsmusiker
3086 2126 3312 2164 herbeigezogen

2327 2172 2456 2209 werden,
2502 2172 2566 2201 und
2609 2171 2640 2206 so
2663 2168 2850 2205 thatsächlich
2894 2176 2936 2198 an
2970 2167 3112 2203 manchen
3134 2167 3237 2198 Orte»
3260 2168 3313 2198 der

2327 2213 2405 2244 oben
2447 2211 2636 2249 geschilderte
2657 2209 2866 2245 beschämende
2887 2208 3025 2245 Zustand
3070 2207 3182 2239 bereits
3225 2208 3312 2239 über¬

2326 2254 2467 2285 wunden.
2514 2252 2597 2283 Aber
2619 2254 2653 2281 eS
2675 2249 2773 2281 bleibt
2795 2249 2865 2284 noch
2888 2248 2949 2279 viel
2971 2256 3007 2285 zu
3029 2248 3114 2284 thun,
3161 2248 3211 2279 bis
3254 2248 3313 2279 wir

2326 2295 2415 2325 einen
2457 2292 2679 2329 durchgchendS
2701 2290 2898 2327 genügenden
2921 2289 3200 2326 Organlstenstand
3244 2290 3309 2320 und

2325 2335 2426 2365 damit
2446 2334 2533 2364 einen
2556 2331 2753 2368 erhebenden,
2793 2330 2865 2365 auch
2900 2329 3030 2366 höheren
3051 2328 3241 2366 Ansprüchen
3261 2338 3311 2367 ge¬

2324 2375 2485 2412 nügenden
2505 2373 2745 2410 Klrchengesang
2769 2371 2875 2406 haben.

2385 2417 2435 2452 In
2477 2416 2574 2445 einem
2617 2412 2724 2449 Punkt
2767 2412 2888 2442 werden
2909 2411 2969 2442 wir
2992 2411 3049 2441 den
3072 2413 3200 2444 Kanton
3222 2412 3310 2444 Bern

2322 2455 2415 2487 leider
2436 2456 2515 2489 nicht
2538 2454 2692 2490 erreichen,
2732 2452 2767 2482 in
2804 2452 2857 2483 der
2879 2451 3055 2489 Schaffung
3078 2452 3158 2482 einer
3180 2452 3309 2488 kirch¬

2322 2496 2454 2531 lichen
2476 2492 2823 2530 Centralkasse,
2850 2493 2896 2522 die
2917 2492 2989 2527 nach
3012 2493 3069 2522 den
3082 2492 3309 2530 Mitteilungen

2323 2537 2405 2572 ihres
2427 2536 2579 2572 Kassiers,
2618 2535 2724 2570 Herrn
2744 2532 2851 2564 Notar
2873 2532 3009 2568 Howald
3031 2533 3066 2563 in
3085 2532 3180 2570 Bern,
3223 2536 3309 2570 „eine

2322 2577 2426 2612 wahre
2446 2576 2607 2612 Wohlthat
2628 2574 2696 2610 ist".
2743 2574 2827 2608 Nach
2850 2573 2918 2603 dem
2957 2573 3123 2608 bernischen
3167 2574 3309 2608 Kirchen¬

2322 2619 2406 2653 gesetz
2447 2626 2508 2648 von
2552 2619 2634 2645 1874
2676 2615 2755 2646 wird
2778 2614 2846 2644 eine
2868 2614 3094 2650 obligatorische
3116 2614 3236 2645 Steuer
3258 2616 3310 2646 der

2325 2657 2593 2693 Kirchgemeinden
2614 2655 2755 2692 erhoben,
2802 2655 2851 2684 die
2893 2663 2954 2684 nur
2977 2654 3092 2684 einmal
3114 2657 3132 2682 2
3155 2655 3313 2690 Promille

2325 2697 2511 2733 ausmachte,
2538 2704 2590 2732 zur
2612 2695 2744 2726 Stunde
2768 2695 2829 2730 1'/»
2851 2694 3006 2728 Promille
3027 2695 3080 2724 der
3099 2694 3314 2727 reformierten

2328 2736 2479 2773 Kopfzahl
2518 2736 2641 2771 beträgt
2682 2735 2757 2770 und,
2799 2742 2910 2770 „gerne
2931 2734 3092 2771 geleistet",
3117 2734 3243 2770 jährlich
3266 2743 3311 2766 ca.

2329 2779 2411 2804 8000
2435 2777 2491 2812 Fr.
2515 2776 2652 2809 abwlrft.
2700 2774 2750 2804 ES
2772 2773 2827 2809 hat
2869 2774 2921 2804 der
2964 2774 3098 2809 Synode
3140 2775 3204 2805 und
3248 2776 3316 2805 dem

2329 2819 2529 2848 Kantonsrat
2543 2816 2674 2852 Zürichs
2688 2815 2768 2850 nicht
2790 2814 2930 2851 gefallen,
2958 2814 3006 2844 bet
3029 2815 3080 2845 der
3094 2814 3315 2852 Vorberatung

2328 2858 2382 2887 des
2398 2866 2492 2887 neuen
2509 2855 2760 2892 Kirchengesetzes
2782 2856 2850 2885 eine
2865 2854 2953 2889 solche
2970 2854 3091 2885 Steuer
3113 2863 3148 2891 zu
3172 2855 3309 2891 schaffen.

2326 2898 2413 2928 Bern
2435 2898 2582 2933 bestreitet
2604 2898 2724 2927 daraus
2746 2895 2794 2924 die
2816 2895 2979 2931 Auslagen
3001 2895 3054 2925 der
3076 2894 3219 2931 Synode,
3258 2895 3312 2925 des

2327 2938 2576 2975 Synodalrates,
2604 2938 2656 2967 der
2680 2935 2939 2972 Kommissionen,
2986 2935 3043 2965 des
3066 2935 3307 2973 Sekretaritats,

2326 2981 2380 3010 der
2403 2979 2501 3016 Kasse,
2549 2980 2601 3009 der
2623 2976 2898 3014 Organistenkurse
2918 2977 2996 3012 (500
3019 2977 3102 3013 Fr.),
3142 2977 3194 3007 der
3216 2977 3310 3011 musi¬

2328 3021 2470 3055 kalischen
2490 3019 2695 3056 Ausbildung
2731 3018 2784 3048 der
2820 3017 3192 3053 Theologiestudierenden
3235 3018 3312 3053 (600

2329 3062 2415 3097 Fr.),
2440 3061 2493 3091 der
2514 3060 2722 3094 Verbreitung
2743 3066 2805 3089 von
2827 3062 2919 3094 guten
2941 3058 3100 3093 Schriften
3122 3058 3199 3094 (600
3222 3059 3308 3095 Fr.),

2328 3103 2382 3131 der
2398 3101 2601 3136 Pastoration
2622 3102 2674 3131 der
2689 3099 2933 3134 Taubstummen
2956 3099 3054 3134 (1200
3070 3098 3144 3134 Fr.)
3168 3105 3199 3129 u.
3219 3107 3247 3129 a.
3266 3107 3309 3129 m.

2392 3142 2501 3178 Zürich
2544 3142 2622 3172 wird
2665 3139 2712 3171 bei
2755 3139 2841 3169 allen
2875 3139 2974 3174 diesen
2994 3139 3122 3175 Dingen
3144 3139 3177 3168 in
3199 3139 3313 3175 einiger

2330 3182 2544 3218 Verlegenheit
2565 3182 2640 3218 sein.
2684 3180 2751 3211 Dle
2794 3180 2908 3214 Kosten
2949 3180 3002 3209 der
3044 3179 3318 3216 Organistenkurse

2331 3224 2436 3253 wären
2473 3223 2655 3257 einstweilen
2687 3220 2774 3256 leicht
2812 3220 3044 3256 aufzubringen.
3090 3218 3160 3249 Wir
3197 3219 3310 3256 hoffen,

2331 3264 2393 3299 daß
2415 3263 2490 3300 diese
2512 3263 2762 3298 Ausführungen
2804 3262 2863 3291 das
2884 3260 3036 3296 Interesse
3058 3260 3193 3291 wefterer
3216 3261 3319 3295 Kreise

2331 3304 2386 3339 auf
2408 3304 2473 3334 eine
2496 3303 2742 3339 vernachlässigte
2765 3302 2866 3337 Sache
2889 3302 2989 3336 ziehen
3019 3302 3083 3331 und
3125 3308 3180 3331 vor
3224 3301 3318 3331 allem

2330 3346 2389 3374 den
2411 3345 2490 3375 Mut
2533 3345 2597 3375 und
2618 3346 2680 3374 daS
2703 3341 2959 3379 StandcSgefühl
2982 3342 3107 3377 unserer
3128 3340 3319 3377 Organisten

2330 3385 2424 3421 heben
2445 3386 2575 3416 werden.
2603 3385 2695 3422 Unser
2717 3384 2799 3415 Volk
2819 3384 2883 3414 und
2905 3382 2965 3419 sein
2989 3383 3055 3414 Rat
3077 3382 3155 3414 wird
3178 3382 3219 3418 sie
3239 3382 3320 3418 nicht

2331 3426 2377 3457 im
2402 3426 2508 3463 Stiche
2529 3426 2635 3463 lassen.
3177 3424 3217 3454 H.
3238 3425 3275 3454 B.

2609 3498 2738 3547 Kleine
2769 3496 3050 3549 Mitteilungen.

2393 3576 2435 3583 —
2473 3561 2621 3598 (Einges.)
2644 3559 2712 3591 Der
2733 3557 3190 3594 Abstinenrenverein
3222 3557 3277 3595 „S
3290 3566 3321 3588 o-

2331 3601 2350 3631 b
2361 3610 2379 3631 r
2390 3602 2402 3632 t
2412 3610 2427 3632 e
2437 3604 2450 3631 t
2462 3610 2481 3631 a
2493 3601 2543 3638 s",
2577 3603 2632 3632 der
2652 3608 2714 3631 von
2736 3601 2794 3630 den
2808 3600 2930 3634 meisten
2957 3598 3323 3635 deutsch-schweizerischen

2333 3642 2680 3679 Kantonsrcgierungen
2716 3640 2953 3676 subventioniert
2994 3640 3040 3674 ist,
3082 3639 3178 3673 macht
3212 3638 3265 3674 sich
3286 3646 3323 3675 zu

2333 3683 2426 3718 seiner
2460 3683 2709 3719 Hauptaufgabe,
2746 3681 2875 3711 Trinker
2909 3680 2999 3716 durch
3020 3679 3269 3715 Unterbringung
3289 3679 3324 3709 in

2332 3724 2378 3753 die
2400 3723 2557 3759 Heilstätte
2577 3724 2702 3754 Ellikon
2722 3722 2830 3758 a./Th.
2852 3723 2923 3752 oder
2944 3721 3002 3756 auf
3024 3722 3133 3751 andere
3155 3720 3251 3755 Weise
3286 3728 3323 3756 zu

2331 3767 2426 3794 retten
2446 3766 2511 3794 und
2533 3766 2586 3795 der
2606 3765 2641 3794 in
2661 3763 2772 3799 seinem
2792 3762 2991 3799 jahrelangen
3013 3761 3135 3791 Wirken
3166 3760 3241 3790 viele
3262 3760 3322 3790 Er¬

2332 3804 2505 3841 fahrungen
2539 3805 2670 3841 gemacht
2704 3805 2770 3834 und
2806 3803 2905 3839 schöne
2936 3801 3066 3838 Erfolge
3086 3809 3122 3838 zu
3142 3800 3323 3836 verzeichnen

2331 3846 2394 3881 hat,
2431 3846 2517 3876 bietet
2557 3846 2633 3881 seine
2668 3844 2795 3879 Dienste
2830 3843 3040 3878 unentgeltlich
3076 3843 3131 3871 den
3160 3841 3321 3878 Trinkern,

2330 3886 2421 3915 deren
2443 3886 2653 3922 Angehörigen
2675 3885 2740 3916 und
2763 3886 2821 3914 den
2842 3882 3155 3917 Gemeindebehörden
3167 3889 3228 3917 an;
3242 3881 3320 3911 wird

2330 3926 2421 3962 ihnen
2455 3927 2514 3956 mit
2549 3927 2615 3957 Rat
2649 3927 2713 3956 und
2750 3925 2834 3958 That
2854 3923 3089 3960 (vorbereitende
3111 3921 3244 3954 Schritte
3265 3929 3320 3957 zur

2331 3966 2509 4002 Aufnahme
2530 3967 2564 3996 in
2585 3967 2631 3996 die
2652 3966 2787 4001 Anstalt.
2810 3964 2969 4000 Eingaben
2990 3971 3032 3993 an
3054 3962 3230 3993 Gemeinde-
3251 3962 3315 3991 und

2331 4006 2493 4037 kantonale
2513 4007 2675 4041 Behörden
2695 4006 2751 4041 rc.)
2772 4005 2916 4040 beistehen
2935 4004 3000 4034 und
3016 4003 3060 4033 bei
3071 4001 3319 4037 Unterbringung

2330 4047 2555 4077 unbemittelter
2575 4047 2705 4076 Trinker
2724 4046 2759 4075 in
2780 4045 2827 4074 die
2848 4043 3119 4080 Trinkerheilstätte
3139 4042 3208 4074 nach
3220 4041 3319 4076 Maß¬

2330 4089 2406 4123 gabe
2440 4088 2493 4117 der
2527 4087 2731 4123 verfügbaren
2767 4085 2877 4115 Mittel
2898 4085 2952 4120 sich
2973 4085 3045 4119 auch
3068 4082 3249 4117 ökonomisch
3271 4082 3320 4111 be¬

3363 454 3493 490 teiligen.
3516 452 3677 488 Auskunft
3696 452 3820 483 erteilen
3840 452 3889 483 die
3909 452 4028 488 Herren
4047 451 4088 484 C.
4107 473 4109 481 ,

3364 494 3646 530 Centralpräfident
3667 493 3719 524 der
3740 492 3953 531 „SobrietaS"
3975 493 4009 523 in
4044 492 4109 523 Blo

3363 535 3416 572 zell
3436 536 3499 566 und
3522 535 3629 565 David
3651 534 3787 572 Surber,
3808 534 3994 570 Kaufmann
4014 534 4049 565 in
4070 533 4109 570 Zi

3425 597 3464 603 —
3485 581 3609 618 (Korr.)
3631 580 3681 616 In
3701 580 3839 617 bergigen
3861 580 4025 618 Gegenden
4044 579 4109 611 kom

3363 630 3429 658 vor,
3450 622 3512 657 daß
3533 622 3580 651 ein
3602 621 3633 652 D
3645 630 3663 652 o
3674 630 3690 652 r
3702 621 3714 658 s
3724 630 3743 658 p
3756 630 3774 653 a
3786 630 3808 653 n
3819 630 3840 653 n
3868 622 3927 658 auf
3959 621 4084 658 kürzern

3363 663 3465 698 steilen
3486 662 3628 693 Strecken
3647 662 3794 698 dringend
3815 663 3902 699 nötig
3922 662 3970 698 ist.
4010 662 4099 692 Man

3364 703 3552 740 Fuhrleuten
3573 703 3649 738 nicht
3670 703 3844 740 verlangen,
3865 703 3928 738 daß
3948 702 3988 738 sie
4002 702 4110 739 gering

3364 744 3463 782 laden,
3484 745 3538 775 als
3558 744 3603 774 im
3624 744 3822 780 allgemeinen
3843 744 3897 779 für
3917 743 3965 774 die
3992 743 4110 779 angesp,

3363 786 3434 816 eben
3453 786 3529 822 recht
3549 785 3594 821 ist.
3636 785 3764 816 Kommt
3797 785 3884 815 dann
3917 783 3982 815 eine
4015 792 4110 820 unger

3364 826 3474 864 Stelle,
3496 827 3529 862 so
3550 826 3622 861 darf
3642 826 3698 856 den
3718 825 3886 863 Zugtieren
3906 824 3992 861 wohl
4011 825 4110 855 vorüb

3364 867 3523 898 bedeutend
3544 866 3709 903 gesteigerte
3729 866 3947 904 Anstrengung
3968 865 4107 902 auftrleg

3363 908 3460 943 dessen
3481 908 3533 944 hat
3553 907 3622 943 doch
3643 907 3720 938 alles
3732 907 3808 944 seine
3819 906 3969 944 Grenzen.
4018 906 4069 942 ES
4084 906 4109 942 sc

3363 957 3411 980 wo
3432 949 3479 979 die
3499 948 3753 985 Anforderungen
3774 957 3816 979 an
3837 949 3896 979 daS
3918 947 4061 980 normale
4089 947 4109 979 6

3365 989 3432 1025 hoch
3454 989 3614 1026 ansteigen,
3635 989 3749 1025 darauf
3768 989 3899 1025 Bedacht
3919 996 4101 1027 genommen

3363 1031 3396 1061 in
3416 1030 3492 1065 nicht
3513 1030 3622 1067 großer
3642 1029 3837 1066 Entfernung
3858 1038 3895 1065 zu
3916 1030 4039 1065 billigen
4059 1029 4109 1060 Ta

3362 1071 3425 1102 viel
3444 1070 3629 1107 Zeitverlust
3649 1070 3815 1106 Vorspann
3841 1070 3995 1107 erhältlich
4029 1070 4108 1106 sind.

3362 1112 3465 1143 Orten
3486 1112 3613 1143 könnten
3634 1111 3681 1141 die
3712 1110 3880 1147 Fuhrleute
3915 1110 4004 1146 durch
4039 1109 4110 1146 Taf,

3362 1153 3420 1189 auf
3440 1153 3515 1188 diese
3535 1151 3881 1189 Vorspanngelegenhett
3900 1150 4107 1187 aufmerksam

3362 1194 3429 1224 den.
3470 1193 3533 1224 Am
3554 1192 3713 1228 leichtesten
3733 1200 3769 1228 zu
3791 1192 3951 1229 beschaffen
3972 1192 4011 1226 ist
4042 1190 4110 1227 solck

3363 1234 3396 1265 in
3419 1234 3695 1269 VerkehrScentren.
3736 1233 3806 1263 Und
3828 1234 3869 1263 da
3890 1232 4022 1267 möchten
4042 1233 4103 1262 wir

3363 1278 3433 1310 gute
3453 1273 3585 1308 Beispiel
3606 1273 3774 1310 verweisen,
3794 1272 3918 1308 welche«
3939 1272 4082 1308 Pari«
4102 1272 4110 1301 i

3367 1315 3434 1350 sicht
3454 1314 3543 1350 giebt.
3584 1313 3664 1342 Eine
3684 1312 3786 1343 Mme.
3807 1312 3995 1349 Chaffegro»
4024 1312 4107 1347 hatte

3370 1356 3517 1392 „Sociätö
3536 1364 3622 1391 pour
3641 1355 3676 1383 la
3695 1354 3885 1391 protection
3905 1355 3963 1383 des
3983 1353 4109 1382 animat

3364 1396 3502 1426 Summe
3530 1394 3687 1431 vermacht,
3721 1397 3783 1424 aus
3817 1394 3907 1424 deren
3941 1392 4056 1429 Zinsen
4091 1393 4109 1422 ii

3363 1435 3565 1472 Fuhrwerken
3585 1435 3658 1470 stets
3679 1435 3731 1465 der
3751 1434 3853 1470 nöttge
3865 1433 4032 1469 Vorspann
4051 1441 4109 1469 geg

3364 1476 3448 1512 Taxe
3467 1483 3522 1512 zur
3543 1475 3725 1511 Verfügung
3747 1475 3860 1510 gestellt
3894 1474 4013 1505 werden
4048 1473 4109 1509 soll

3364 1517 3482 1547 werden
3502 1524 3569 1547 nun
3590 1516 3661 1546 dort
3681 1524 3722 1545 an
3743 1515 3819 1550 sechs
3842 1515 3956 1550 Posten
3986 1514 4015 1550 je
4045 1513 4110 1544 eine

3365 1557 3563 1593 spannpferde
3584 1556 3676 1586 bereft
3695 1556 3843 1592 gehalten.
3886 1556 3949 1586 Die
3970 1554 4056 1590 Taxe
4076 1562 4110 1590 pr

3363 1607 3420 1634 pro
3443 1598 3533 1628 Tour
3554 1597 3671 1632 beträgt
3691 1597 3765 1632 bloß
3787 1600 3826 1625 10
3848 1596 3912 1632 Rp.
3954 1595 4003 1625 Es
4033 1595 4110 1631 beste'

3363 1638 3461 1675 trolle,
3482 1637 3585 1672 welche
3605 1637 3689 1673 zeigt,
3707 1638 3765 1667 wie
3786 1637 3833 1671 oft
3852 1636 3935 1673 jeder
3954 1635 4110 1672 Fuhrmar

3362 1679 3458 1715 Hülfe
3479 1678 3637 1712 Gebrauch
3658 1678 3774 1715 macht;
3794 1678 3841 1708 die
3862 1676 4029 1713 fleißigsten
4048 1676 4110 1707 Kli,

3362 1728 3415 1751 am
3437 1720 3522 1751 Ende
3543 1720 3597 1749 des
3617 1718 3737 1754 Jahres
3759 1719 3822 1749 eine
3843 1718 4041 1754 Belohnung.

3467 1791 3614 1844 Zürcher
3645 1790 3909 1843 Marktbericht
3940 1800 4020 1834 vom
4051 1788 4107 1833 25

3427 1863 3553 1893 Markt
3587 1869 3635 1892 an
3670 1863 3735 1892 der
3774 1860 4086 1896 Bahnhofstrahe.

3364 1898 3464 1929 KabiS
3496 1900 3628 1934 10-30,
3649 1897 3734 1932 Wir»
3749 1900 3870 1925 10—30
3892 1896 3976 1932 Rp.,
3999 1895 4109 1925 Blum,

3367 1934 3418 1965 bis
3442 1937 3457 1963 1
3481 1933 3537 1969 Fr.
3558 1941 3610 1967 per
3655 1933 3759 1968 Stück,
3796 1932 3921 1967 Spinat
3969 1934 4093 1959 80—35

3367 1974 3408 1999 30
3428 1970 3500 2012 Rp.,
3524 1963 3787 2005 Schmalzbohnen
3806 1971 3848 1997 70
3870 1968 3943 2004 Rp.,
3975 1966 4107 2001 Wachsb

3366 2006 3500 2041 Höckern
3535 2008 3574 2033 -so
3610 2005 3660 2034 bis
3696 2007 3735 2033 60
3771 2004 3844 2041 Rp.,
3873 2002 4110 2037 Einmachbohn«

3369 2046 3384 2070 1
3422 2042 3487 2078 Fr.,
3523 2040 3732 2077 Pfoffbohnen
3766 2043 3891 2069 40-50
3931 2038 4003 2074 Rp.,
4039 2037 4110 2073 Rha

3368 2081 3408 2106 80
3438 2078 3509 2113 Rp.,
3538 2076 3688 2106 Carotten
3722 2079 3844 2105 26—30
3872 2075 3944 2111 Rp.,
3974 2074 4104 2104 Randen

3367 2113 3540 2149 schwämme
3568 2116 3607 2141 60
3629 2112 3701 2148 Rp.,
3723 2112 3902 2145 PoiS-verts
3934 2113 4055 2140 25—36
4096 2109 4110 2139 8

3367 2150 3417 2179 bis
3439 2153 3479 2179 30
3503 2149 3566 2182 Rp.
3600 2156 3654 2182 per
3684 2148 3766 2184 Kilo,
3800 2148 3976 2181 Kohlraben
4010 2149 4051 2174 20
4086 2145 4109 2175 N

3367 2186 3506 2221 Randen,
3530 2179 3723 2221 Weißrüben,
3753 2182 3936 2218 Krautsticle
3948 2185 3987 2209 10
3998 2181 4071 2218 Rp.,

3366 2225 3430 2252 und
3452 2220 3669 2256 Bohnenkraut
3689 2223 3707 2248 6
3739 2220 3801 2255 Rp.
3828 2227 3882 2255 per
3902 2217 4040 2252 Büschel.

3429 2256 3821 2292 Suppenkräuter:
3864 2254 3998 2284 Sellerie
4032 2255 4109 2281 5—1

3365 2296 3385 2322 5
3407 2293 3468 2328 Rp.
3488 2300 3541 2329 per
3562 2291 3666 2327 Stück,
3698 2291 3823 2327 Peterli,
3850 2288 4063 2326 Schnittlauch
4098 2296 4109 2318 ,

3366 2329 3500 2359 Kräuter
3521 2331 3539 2357 6
3560 2327 3625 2363 Rp.
3644 2335 3698 2363 per
3717 2326 3853 2362 Büschel.

3427 2364 3613 2395 Salate:
3654 2363 3818 2398 Kopfsalat
3853 2366 3872 2391 5
3907 2362 3959 2392 bis
3996 2364 4034 2389 10
4061 2360 4110 2396 Rp

3364 2400 3415 2431 bis
3437 2404 3476 2429 30
3497 2399 3569 2436 Rp.,
3589 2399 3728 2429 Romain
3750 2402 3788 2427 10
3809 2398 3873 2433 Rp.
3894 2405 3947 2431 per
3961 2396 4067 2427 Stück.

3427 2435 3667 2470 Grünobst:
3699 2434 3806 2470 Aepfel
3828 2438 3869 2463 80
3890 2434 3953 2468 Sftp.
3975 2433 4025 2462 bis
4049 2436 4063 2460 l
4089 2432 4110 2467 ?

3364 2476 3405 2501 40
3426 2472 3488 2507 Rp.
3510 2471 3560 2501 bis
3582 2474 3597 2499 1
3621 2470 3677 2505 Fr.
3697 2473 3746 2504 20.
3760 2470 3900 2505 Kirschen
3924 2472 4045 2498 30—46
4067 2468 4110 2503 R,

3364 2511 3487 2537 60—70
3507 2507 3579 2542 Rp.,
3602 2506 3755 2536 Emmerli
3777 2509 3816 2535 70
3839 2506 3912 2542 Rp.,
3934 2504 4099 2537 Weichsel»

3363 2543 3533 2580 Pflaumen
3554 2545 3594 2571 60
3615 2542 3677 2577 Rp.
3700 2542 3749 2572 bis
3773 2545 3801 2573 1.
3823 2541 3890 2578 Fr.,
3911 2540 4110 2572 Reineklaud,

3365 2584 3381 2609 l
3411 2580 3466 2615 Fr.
3500 2582 3551 2614 20,
3586 2577 3730 2613 Pfirsiche
3765 2581 3782 2606 l
3818 2577 3877 2612 Fr.
3911 2580 3951 2606 60
3980 2576 4030 2605 bis
4052 2576 4071 2604 2
4104 2576 4109 2604 \

3364 2619 3382 2644 1
3395 2615 3501 2649 Fr.20
3524 2613 3574 2644 bis
3586 2617 3603 2642 1
3625 2614 3681 2649 Fr.
3702 2616 3752 2650 60,
3773 2612 3923 2643 Trauben
3945 2614 3963 2640 1
3984 2611 4042 2647 Fr.
4063 2614 4104 2640 60

3364 2659 3418 2687 per
3438 2650 3525 2680 Kilo.

3430 2686 3622 2716 Beeren:
3644 2684 3842 2714 ErdbeerenS
3864 2684 3919 2719 Fr.
3941 2683 3992 2713 bis
4015 2686 4034 2711 3
4055 2682 4109 2717 Fr.

3372 2721 3475 2752 beeren
3496 2724 3536 2750 80
3558 2720 3621 2755 Rp.
3642 2720 3694 2750 bis
3719 2724 3735 2748 l
3759 2720 3814 2756 Fr.
3836 2723 3887 2756 20,
3909 2719 4109 2753 Gartenhimt

3370 2757 3421 2786 bis
3448 2760 3464 2785 1
3486 2757 3543 2793 Fr.
3557 2759 3607 2792 80,
3634 2755 3845 2790 Heidelbeeren
3876 2759 3917 2784 60
3939 2754 3990 2785 bis
4010 2758 4052 2783 70
4073 2754 4110 2784 R

3371 2793 3473 2822 beeren
3494 2795 3534 2821 80
3548 2792 3598 2821 bis
3613 2795 3653 2820 35
3680 2792 3752 2828 Rp„
3788 2791 4019 2826 Stachelbeeren
4048 2793 4088 2818 35
4106 2793 4110 2818 I

3367 2828 3451 2858 Kilo.

3429 2862 3652 2894 Allerlei:
3675 2861 3782 2896 Große
3795 2862 3925 2896 Rettiche
3946 2864 4049 2890 5—20
4060 2869 4110 2896 per

3368 2901 3406 2927 10
3421 2899 3483 2934 Rp.
3503 2906 3557 2934 per
3577 2897 3713 2937 Büschel,
3740 2898 3917 2933 Kartoffeln
3940 2900 4060 2926 15—25
4089 2897 4110 2927 N

3367 2938 3406 2963 80
3426 2935 3487 2969 Rp.
3508 2941 3561 2969 per
3580 2933 3665 2970 Kilo,
3686 2927 3843 2968 Zwiebeln
3864 2942 3917 2968 per
3952 2933 4079 2967 Büschel
4103 2937 4110 2961 l

3366 2952 3406 2962 OW
3580 2951 3664 2968 OHIO,
3685 2951 3843 2968 jwiwvuii
3864 2950 3913 2968 f/vt
4104 2950 4109 2960 j

3368 2970 3452 3005 lauch
3474 2974 3514 2999 80
3536 2970 3608 3005 Rp.,
3630 2969 3782 2999 Tomaten
3803 2973 3844 2998 50
3861 2970 3910 2999 bis
3933 2972 3972 2998 60
3995 2964 4058 3003 Rp.
4069 2976 4104 3004 pe

3365 3007 3504 3036 Melonen
3525 3009 3647 3034 45-80
3668 3005 3730 3039 Rp.
3751 3013 3804 3040 per
3825 3005 3930 3041 Stück,
3952 3004 4066 3034 Butter
4095 3005 4107 3040 s

3368 3043 3418 3072 bis
3454 3045 3470 3070 1
3507 3041 3563 3078 Fr.
3597 3044 3647 3077 30,
3682 3041 3825 3077 gesottene
3849 3045 3864 3069 l
3889 3041 3944 3076 Fr.
3965 3044 4006 3069 60
4026 3043 4081 3075 per
4104 3043 4109 3058 1

3367 3078 3469 3114 frische
3490 3081 3529 3106 10
3550 3076 3612 3112 Rp.
3633 3084 3686 3111 per
3707 3077 3811 3112 Stück,
3843 3076 4053 3111 Bienenhonig
4086 3079 4105 3104 2

3368 3118 3387 3143 2
3403 3108 3458 3150 Fr.
3478 3117 3518 3143 40
3539 3121 3591 3149 per
3611 3113 3695 3149 Kilo,
3717 3113 3927 3149 Wabenhonig
3950 3112 4055 3142 keiner.

3433 3151 3538 3180 Eier-
3559 3152 3631 3179 und
3653 3150 3941 3185 Gefliigelmarkt
3955 3157 4014 3179 am
4029 3147 4109 3177 Mil

3371 3188 3411 3214 18
3431 3186 3482 3215 bi«
3504 3188 3543 3214 15
3564 3184 3661 3214 Stück
3691 3185 3745 3220 für
3767 3189 3783 3213 i
3805 3185 3873 3221 Fr..
3898 3185 3955 3220 Fr.
3974 3186 4109 3213 7—7.50

3372 3220 3623 3257 Suppenhühner
3644 3220 3699 3255 Fr.
3710 3224 3781 3250 2.50
3802 3221 3853 3251 bis
3871 3221 3926 3256 Fr.
3948 3223 4028 3256 3.—,
4050 3219 4106 3249 Gü

3378 3258 3428 3287 bis
3450 3258 3505 3293 Fr.
3530 3260 3610 3293 8.—,
3632 3256 3736 3290 Gänse
3756 3260 3835 3286 6—7
3859 3257 3923 3292 Fr..
3959 3255 4061 3286 Enten
4088 3255 4110 3290 I

3373 3294 3439 3330 Fr.,
3461 3293 3590 3323 Tauben
3618 3296 3658 3321 70
3683 3293 3733 3322 bis
3754 3296 3794 3321 80
3815 3293 3880 3328 Rp.
3910 3299 3962 3328 per
3983 3290 4089 3321 Stück.

3435 3330 3651 3365 Fifehmarkt
3663 3337 3720 3360 am
3733 3329 4010 3366 RathauSquai.
4030 3327 4110 3362 Bach

3374 3365 3430 3400 Fr.
3451 3368 3480 3402 7,
3502 3367 3548 3395 tot
3569 3364 3623 3400 Fr.
3635 3367 3664 3401 5,
3676 3364 3683 3371 °
3696 3364 3760 3395 Aal
3791 3365 3896 3395 lebend
3939 3363 3994 3403 Fr.
4014 3365 4110 3399 2.60,!

3374 3402 3430 3436 Fr.
3473 3403 3562 3436 1.60,
3599 3404 3644 3431 tot
3679 3400 3735 3436 Fr.
3766 3404 3847 3437 1.20,
3889 3400 3982 3431 Aalet
4016 3399 4109 3429 leben!

3373 3437 3511 3472 Karpfen
3540 3436 3644 3467 lebend
3667 3437 3721 3473 Fr.
3758 3440 3837 3473 1.20,
3875 3435 4047 3471 Weißfische
4081 3435 4109 3465 le

3375 3477 3415 3503 80
3441 3473 3512 3509 Rp.,
3548 3472 3672 3508 Felchen
3700 3472 3754 3508 Fr.
3786 3477 3806 3501 2
3806 3488 3868 3510 .—,
3896 3472 4022 3508 Zander
4043 3471 4099 3506 Fr.

3375 3517 3444 3540 meil
3467 3511 3571 3539 lebend
3593 3512 3609 3537 1
3632 3508 3703 3546 Fr.,
3733 3512 3778 3539 tot
3812 3512 3853 3538 80
3885 3509 3958 3545 Rp^
3985 3508 4075 3543 Hecht
4104 3506 4109 3535 !

3375 3545 3519 3580 Rechling
3559 3548 3578 3574 2
3600 3544 3758 3581 Franken.,
3774 3544 3850 3581 Egli
3881 3544 3986 3575 lebend
4008 3547 4027 3572 2
4050 3543 4109 3579 Fr.

3374 3580 3558 3617 Zugerrötel
3598 3584 3644 3610 tot
3679 3580 3734 3616 Fr.
3779 3585 3862 3618 4.—,
3902 3579 4109 3616 Zürichseealb

3376 3612 3564 3652 Schellfische
3584 3616 3640 3652 Fr.
3663 3619 3742 3652 1.20,
3762 3617 3920 3654 Rotzunge
3941 3615 3996 3653 Fr.
4011 3618 4083 3646 2.40
4097 3623 4110 3651 ;

3376 3657 3498 3682 20—80
3512 3652 3577 3688 Rp.
3596 3660 3650 3687 per
3671 3652 3776 3683 Stück.

3480 3689 3780 3724 emerkungen:
3802 3688 3853 3724 In
3873 3688 3988 3725 großen
4009 3688 4109 3723 Meng

3376 3724 3509 3760 Gemüse
3529 3726 3594 3754 und
3616 3725 3697 3758 Obst
3717 3725 3875 3760 zugeführt
3896 3727 3961 3755 und
3982 3723 4096 3757 endlich

3375 3761 3443 3791 mal
3463 3761 3573 3791 wieder
3592 3760 3645 3790 der
3666 3761 3898 3794 Marktverkehr
3918 3761 3965 3790 ein
3988 3754 4110 3796 lebhaft.

3375 3797 3489 3832 starken
3524 3796 3704 3832 Nachfrage.
3758 3797 3820 3826 Die
3857 3791 4043 3831 Preislagen
4080 3795 4110 3830 fü

3373 3833 3438 3862 und
3460 3832 3597 3865 teilweise
3617 3827 3689 3867 auch
3711 3832 3764 3866 für
3785 3833 3832 3862 die
3853 3832 3988 3866 fremden
4019 3831 4109 3865 Prod

3371 3867 3405 3939 S
3405 3867 3428 3902 h
3449 3868 3507 3903 auf
3526 3867 3664 3903 mäßiger
3683 3867 3777 3903 Höhe.
3817 3868 3881 3897 Die
3901 3867 4072 3897 Erdbeeren

3405 3904 3582 3934 eidelbeeren
3603 3905 3720 3933 werden
3734 3907 3842 3938 teurer,
3854 3903 3900 3932 die
3915 3903 4030 3932 andern
4043 3900 4109 3934 Obs

3371 3941 3437 3969 und
3458 3939 3636 3974 nameMlich
3657 3939 3704 3968 die
3724 3939 3757 3968 in
3777 3938 3892 3974 großen
3914 3937 4050 3973 Mengen
4071 3944 4109 3965 vo

3371 3975 3589 4011 hanniSbeeren
3609 3969 3676 4009 sind
3698 3974 3815 4009 bMiger
3835 3974 4005 4009 geworden.
4047 3972 4109 4002 Die

3371 4011 3481 4047 hielten
3500 4010 3572 4043 noch
3592 4013 3663 4046 gute
3683 4009 3795 4046 Preise,
3815 4010 3917 4044 Käsen
3936 4010 4003 4039 und
4023 4008 4108 4043 Pols

3372 4046 3469 4082 billig.
3510 4039 3591 4081 Auch
3612 4047 3665 4076 der
3685 4045 3930 4082 Gefiügelmarkt
3950 4045 4031 4081 hatte
4050 4044 4110 4080 star

552 4215 902 4284 Ieuilleton.

437 4363 738 4395 «itteratur
769 4373 795 4397 «
807 4367 865 4397 ud
890 4367 922 4397 »
935 4375 959 4398 «
975 4368 1054 4401 ust.

319 4430 342 4458 t.
386 4426 460 4457 Bon
502 4426 557 4458 der
599 4426 999 4466 Gesamtausgabe
1039 4430 1093 4461 der
1135 4429 1243 4461 Werke

256 4468 409 4505 Christian
432 4466 569 4502 Dietrich
592 4467 821 4506 Grabbes,
847 4470 894 4500 die
918 4471 1047 4502 Eduard
1078 4471 1241 4508 Grisebach

255 4511 288 4542 ln
310 4509 371 4540 vier
393 4509 526 4540 Bänden
548 4508 744 4545 herausgiebt
767 4510 895 4546 (Berlin
917 4511 960 4542 B.
979 4511 1084 4548 BehrS
1107 4513 1240 4550 Verlag)

257 4552 293 4587 ist
316 4550 417 4588 soeben
440 4550 491 4586 der
529 4549 681 4586 zweite
716 4550 812 4580 Band
834 4551 1006 4587 erschienen.
1053 4554 1099 4584 Er
1121 4554 1242 4590 enthält

257 4601 318 4625 von
339 4590 485 4623 GrabbeS
508 4590 737 4625 bedeutendsten
760 4591 979 4627 dramatischen
1002 4592 1242 4631 Schöpfungen:

257 4635 304 4666 die
339 4632 498 4671 geistreiche
523 4630 676 4668 Tragödie
701 4632 798 4668 „Don
819 4632 912 4667 Juan
933 4633 998 4662 und
1021 4633 1153 4670 Faust",
1195 4635 1243 4665 die

258 4676 363 4707 beiden
394 4675 428 4706 in
459 4674 601 4709 manchen
628 4672 831 4709 Einzelheiten
871 4673 1092 4709 echtpoetischen
1119 4675 1242 4711 Hohen-

257 4717 552 4754 stauftntragödlen:
594 4715 700 4751 Kaiser
743 4713 895 4751 Friedrich
938 4712 1134 4750 Barbarossa
1177 4716 1242 4746 und

258 4758 364 4793 Kaiser
407 4757 547 4795 Heinrich
589 4756 640 4788 der
662 4755 792 4790 Sechste.
837 4755 911 4785 Den
933 4754 1055 4790 Schluß
1092 4755 1147 4785 des
1180 4758 1241 4784 479

259 4799 371 4830 Seiten
394 4799 508 4834 starken
533 4797 669 4835 Bandes,
717 4797 785 4827 dem
807 4795 864 4827 wie
886 4796 954 4826 dem
977 4795 1071 4827 ersten
1094 4794 1144 4825 ein
1167 4799 1241 4832 text-

259 4839 400 4875 kritischer
416 4839 551 4876 Anhang
573 4838 751 4876 beigegeben
772 4838 818 4875 ist,
844 4836 941 4868 bildet
963 4837 1023 4866 daS
1044 4835 1241 4871 dramattsche

258 4881 402 4916 Märchen
421 4880 689 4916 „Aschenbrödel".
713 4880 830 4916 Indem
853 4880 911 4910 wir
934 4878 989 4914 auf
1009 4877 1070 4908 daS
1086 4875 1242 4912 erfreulich

258 4922 353 4957 rasche
374 4921 552 4957 Erscheinen
595 4921 691 4957 dieses
725 4920 863 4958 Bandes,
910 4920 970 4950 daS
993 4917 1077 4949 einen
1100 4915 1243 4954 baldigen

259 4962 405 4998 Abschluß
419 4963 471 4993 der
482 4961 632 5000 Ausgabe
645 4962 872 4999 gewährleistet,
892 4959 1095 4998 aufmerksam
1107 4958 1239 4995 machen,

258 5003 392 5037 möchten
413 5004 473 5034 wir
507 5003 580 5039 noch
615 5004 729 5039 darauf
771 5003 944 5040 Hinweisen,
992 5000 1053 5036 daß
1097 4999 1150 5036 sich
1195 4998 1243 5029 be¬

259 5043 532 5081 zeichnenderweise
574 5044 681 5080 gerade
726 5044 773 5074 bei
811 5043 937 5075 Grabbe
959 5043 1018 5073 daS
1039 5049 1103 5073 von
1125 5039 1244 5076 Goethe

259 5085 332 5120 einst
355 5083 387 5113 in
423 5083 471 5113 die
505 5083 676 5114 Litteratur
720 5083 907 5121 eingesührte
949 5083 1039 5115 Wort
1083 5082 1246 5113 Ueber»

258 5124 411 5160 mensch
444 5124 555 5154 wieder
596 5123 702 5161 findet,
749 5125 810 5154 das
841 5126 926 5156 dann
948 5125 996 5156 bei
1018 5123 1161 5160 Nietzsche
1182 5123 1246 5153 eine

258 5167 291 5203 so
312 5157 444 5203 wichtige
466 5165 559 5196 Nolle
580 5163 677 5200 spielt.
722 5164 773 5200 In
794 5165 878 5202 jener
900 5166 1017 5201 kühnen
1055 5166 1160 5196 Scene
1202 5165 1245 5195 im

258 5207 374 5238 dritten
397 5207 472 5237 Atte
507 5208 563 5237 des
597 5205 694 5242 „Don
717 5205 811 5241 Juan
833 5207 897 5237 und
920 5207 1049 5245 Faust",
1097 5215 1146 5237 wo
1169 5205 1245 5242 diese

258 5248 527 5284 Repräsentanten
570 5246 676 5285 zweier
720 5247 1039 5284 grundverschiedenen
1061 5247 1160 5278 Welt-
1181 5246 1245 5277 und

257 5288 603 5326 LebcnSanschauungen
625 5287 658 5318 in
680 5287 763 5318 einer
783 5288 895 5319 wilden
912 5289 1039 5326 Gegend
1062 5297 1115 5319 am
1130 5288 1245 5319 Mont¬

259 5329 349 5361 blanc
370 5328 684 5365 aufeinanderstoßcn,
733 5329 828 5365 findet
871 5329 923 5365 sich
945 5330 1021 5367 diese
1044 5329 1150 5361 Stelle
1172 5336 1244 5359 vom

259 5370 517 5407 Uebermenschen.
565 5368 627 5400 Sie
650 5369 688 5405 sei
710 5368 775 5405 hier
796 5369 978 5407 mltgeteilt;
1019 5370 1072 5400 der
1095 5370 1242 5407 gesperrte

258 5410 336 5447 Satz
356 5410 453 5447 findet
475 5410 529 5448 sich
552 5410 622 5446 auch
645 5409 676 5440 in
698 5410 751 5441 der
772 5409 920 5448 Ausgabe
942 5410 1135 5448 Grlsebachs.

1334 4183 1413 4214 Don
1433 4182 1669 4218 Juan:-
1691 4180 1823 4216 Wozu
1845 4178 2224 4216 übermenschlich.

1293 4224 1425 4255 Wenn
1455 4223 1507 4253 du
1541 4221 1612 4253 ein
1642 4221 1809 4258 Mensch
1841 4220 2032 4256 bleibst?

1336 4264 1448 4302 Faust:
1941 4262 2071 4298 Wozu
2091 4259 2276 4297 Mensch,

1295 4305 1426 4337 Wenn
1461 4304 1512 4335 du
1543 4303 1637 4340 nach
1667 4302 1752 4334 Ueb
1766 4302 2064 4337 ermenschlich
2077 4309 2136 4332 em
2170 4300 2279 4336 nicht

1924 4343 1945 4375 st
1958 4351 1975 4373 r
1989 4351 2003 4373 e
2014 4343 2033 4372 b
2046 4342 2069 4377 st
2084 4341 2102 4372 ?

1337 4388 1414 4420 Don
1434 4387 1541 4423 Juan:
1579 4386 1641 4416 Ein
1662 4385 1715 4416 Ue
1732 4384 1752 4416 b
1763 4393 1806 4416 er
1817 4383 1939 4420 mensch,
1967 4383 2034 4419 seyS
2056 4382 2167 4419 Teuft!
2189 4382 2260 4413 oder

1952 4424 2051 4461 Engel
2072 4439 2114 4445 —

1295 4470 1348 4507 Ist
1369 4467 1566 4500 Weiberlieb'
1587 4467 1619 4503 so
1641 4467 1746 4504 fremd,
1776 4466 1828 4497 als
1849 4465 1906 4497 wie
1927 4473 1988 4495 nur
2010 4464 2116 4502 irgend

1296 4512 1359 4542 Ein
1379 4519 1401 4541 u
1412 4519 1433 4541 n
1444 4514 1456 4541 t
1467 4518 1482 4541 e
1492 4519 1509 4541 r
1520 4508 1688 4544 menschlich
1709 4509 1809 4545 Ding,
1836 4506 1875 4538 ob
1897 4507 2034 4544 Pavian,

1296 4552 1351 4583 Ob
1375 4551 1491 4589 Frosch,
1518 4551 1556 4582 ob
1580 4550 1650 4586 Aff'
1672 4553 1706 4580 es
1729 4550 1801 4585 seyn
1823 4556 1896 4585 mag
1918 4563 1959 4571 —

1359 4593 1444 4630 Zum
1466 4591 1671 4628 Verständnis
1694 4592 1747 4621 der
1781 4590 1887 4621 Stelle
1930 4589 1970 4625 sei
2010 4588 2175 4626 beigefügt,
2224 4586 2284 4624 baß

1296 4634 1375 4669 nicht
1397 4642 1457 4664 nur
1478 4633 1555 4664 Don
1577 4633 1677 4669 Juan,
1726 4632 1857 4668 sondern
1879 4631 1949 4665 auch
1973 4630 2070 4668 Faust
2094 4630 2141 4660 die
2163 4629 2285 4660 Donna

1296 4675 1391 4705 Anna
1414 4674 1497 4711 lftbt,
1544 4673 1656 4709 freilich
1699 4673 1777 4709 ohne
1799 4670 1985 4710 Gegenliebe
2005 4679 2042 4709 zu
2064 4671 2185 4708 finden;
2229 4670 2286 4700 den

1297 4715 1413 4747 Grund
1434 4717 1530 4745 nennt
1552 4713 1632 4744 Don
1652 4714 1755 4750 Juan.

1639 4754 1659 4792 *
1782 4751 1803 4792 .
1924 4751 1947 4773 *

1297 4794 1654 4832 Schweizerische
1683 4792 1947 4830 Zeitschrift
1977 4793 2052 4829 für
2085 4793 2287 4824 Gemein-

1399 4835 1642 4871 nützigkeit,
1663 4835 1779 4870 Organ
1799 4836 1852 4865 der
1867 4834 2128 4870 Schweizerischen
2142 4834 2286 4865 Gemein¬

1401 4876 1534 4910 nützigen
1546 4875 1750 4911 Gesellschaft.
1772 4874 2172 4911 Redaktionskommission:
2194 4874 2287 4910 Prof.

1402 4915 1466 4946 Dr.
1480 4915 1526 4950 O.
1547 4916 1790 4953 Hunziker,
1811 4916 1874 4946 Dr.
1895 4915 2020 4951 HanS
2042 4915 2083 4946 S.
2104 4915 2288 4952 Müller;

1402 4956 1444 4988 R.
1467 4948 1675 4993 Wächter,
1697 4955 1973 4993 Generalsekretär.
2003 4957 2088 4987 Xl-l.
2109 4955 2287 4993 Jahrgang,

1402 5001 1433 5027 2.
1452 4996 1535 5033 Heft.
1577 4996 1843 5035 Zürich-Selnau,
1875 4996 1973 5028 Gebr.
2000 4996 2153 5028 Seemann
2174 5005 2206 5029 u.
2228 4997 2287 5028 So.

1405 5040 1494 5068 1902.

1361 5079 1424 5110 Die
1456 5078 1605 5114 nämliche
1638 5079 1882 5115 Reichhalttgkett
1910 5079 1977 5109 und
1999 5079 2221 5116 Vielseitigkeit,
2243 5077 2288 5110 die

1299 5121 1334 5152 in
1369 5119 1495 5157 ftühern
1529 5119 1640 5155 Heften
1674 5120 1768 5155 dieser
1803 5119 2041 5157 schweizerischen
2060 5120 2232 5156 Zeitschrift
2252 5125 2288 5157 zu

1300 5161 1385 5199 Tage
1407 5164 1478 5195 trat,
1497 5160 1573 5197 zeigt
1593 5160 1665 5196 auch
1678 5160 1775 5196 dieses
1789 5160 1913 5196 neueste,
1935 5160 1969 5190 in
1983 5161 2050 5190 dem
2064 5160 2147 5197 jeder
2160 5160 2286 5196 Freund

1299 5202 1544 5241 gemeinnütziger
1565 5201 1793 5237 Bestrebungen
1814 5200 1929 5237 sowohl
1944 5201 1990 5231 im
2003 5200 2213 5238 allgemeinen,
2235 5201 2288 5231 als

1299 5245 1371 5280 auch
1393 5245 1426 5275 in
1453 5244 1505 5274 der
1526 5242 1690 5279 besonder»
1711 5241 1873 5279 Richtung,
1908 5241 1955 5271 die
1976 5241 2041 5277 ihm
2063 5241 2285 5277 vorzugsweise

1300 5294 1353 5317 am
1373 5286 1486 5322 Herzen
1506 5285 1590 5321 liegt,
1610 5284 1687 5320 seine
1699 5283 1864 5320 Rechnung
1885 5282 1991 5318 findet.
2010 5282 2070 5313 Alt
2080 5282 2288 5313 Nationalrat

1300 5327 1340 5363 I.
1362 5326 1573 5363 Schäppi,
1608 5325 1660 5356 der
1694 5325 1836 5355 bekannte
1870 5323 2057 5360 zürcherische
2083 5323 2288 5360 Vorkämpfer

1299 5368 1352 5404 für
1383 5367 1440 5404 den
1478 5364 1992 5404 hauSwirtfchaftlichen
2033 5355 2288 5401 Unterricht

1294 5409 1369 5446 für
1405 5406 1613 5444 Mädchen
1646 5406 1691 5438 in
1723 5406 1799 5438 der
1833 5404 2129 5443 Volksschule
2149 5405 2286 5442 schildert

2333 4181 2399 4208 uns
2420 4178 2476 4208 den
2490 4177 2596 4214 Gang,
2618 4177 2674 4207 den
2695 4176 2790 4208 dieser
2809 4175 2917 4212 Zweig
2937 4176 2991 4206 der
3011 4175 3164 4211 Fürsorge
3185 4172 3240 4209 für
3260 4172 3321 4202 da»

2332 4218 2426 4255 junge
2447 4219 2593 4252 weibliche
2615 4217 2780 4253 Geschlecht
2802 4217 2852 4246 bis
2873 4216 2930 4250 auf
2951 4217 3037 4252 heute
3056 4222 3236 4252 genommen
3269 4214 3323 4250 hat

2336 4261 2401 4290 und
2422 4263 2491 4289 was
2507 4259 2608 4289 weiter
2621 4267 2658 4295 zu
2668 4259 2747 4295 thun
2758 4258 2850 4294 übrig
2865 4257 2968 4288 bleibt.
2990 4257 3123 4293 Pfarrer
3144 4255 3193 4286 W.
3210 4255 3323 4291 Mer»

2336 4300 2369 4330 kn
2404 4300 2661 4336 Schinznach
2696 4299 2799 4334 liefert
2832 4301 2896 4329 uns
2932 4299 2981 4328 ein
3012 4297 3197 4329 Kulturblld
3230 4296 3324 4332 seiner

2334 4340 2502 4371 Gemeinde
2521 4341 2612 4375 durch
2634 4341 2682 4371 die
2701 4340 2892 4375 lesenswerte
2906 4339 3110 4375 Darstellung
3124 4339 3176 4368 der
3186 4337 3324 4373 borttgen

2334 4382 2393 4412 Ar
2407 4382 2662 4419 menverhäl
2676 4381 2743 4412 tni
2756 4381 2819 4416 sse
2860 4388 2938 4411 vor
2960 4383 3001 4409 50
3036 4378 3219 4416 Jahre«.
3261 4378 3325 4412 Dr.

2335 4422 2374 4453 C.
2405 4423 2542 4454 Eberl
2556 4431 2592 4460 e,
2626 4424 2680 4453 der
2714 4422 2860 4456 Referent
2893 4422 2946 4452 der
2981 4419 3326 4456 volkswirtschaftlichen

2335 4464 2545 4501 Kommission
2565 4465 2618 4496 der
2640 4464 2902 4500 Schweizerischen
2924 4462 3189 4498 Gemeinnützigen
3211 4460 3327 4496 Gesell¬

2337 4505 2429 4542 schaft
2463 4506 2623 4542 behandelt
2658 4505 2850 4540 ausführlich
2884 4504 2944 4539 daS
2988 4503 3327 4539 PlacterungS-

2337 4546 2475 4583 wesen
2495 4547 2550 4584 für
2571 4547 2663 4584 junge
2685 4546 2855 4582 Schweizer
2875 4546 2919 4576 im
2941 4544 3113 4575 Vaterland
3134 4544 3199 4573 und
3219 4543 3253 4573 in
3274 4543 3328 4573 der

2338 4588 2469 4624 Fremde
2499 4589 2565 4618 und
2586 4589 2653 4619 teilt
2672 4588 2741 4624 mit,
2773 4590 2843 4617 was
2866 4594 2927 4617 von
2955 4586 3045 4622 fetten
3064 4586 3118 4616 deS
3140 4584 3273 4614 Bunde»
3294 4584 3327 4614 in

2338 4629 2432 4665 dieser
2465 4629 2599 4665 Hinsicht
2634 4629 2718 4664 schon
2753 4628 2903 4664 geschehen
2938 4627 2975 4662 ist
3011 4627 3083 4657 oder
3108 4625 3179 4661 noch
3200 4625 3329 4661 geleistet

2338 4671 2460 4701 werden
2494 4670 2589 4706 sollte.
2632 4670 2696 4700 Ein
2731 4669 2852 4703 Bericht
2887 4667 2962 4704 über
2997 4658 3328 4704 schweizerische

2339 4711 2426 4741 und
2447 4708 2768 4746 ausländische
2788 4708 3026 4743 Anstalten
3047 4708 3121 4744 für
3142 4707 3328 4743 Lungen¬

2339 4751 2496 4782 kranke
2530 4751 2612 4787 weist
2632 4750 2715 4787 nach,
2749 4758 2799 4780 wo
2820 4750 2885 4780 und
2907 4749 2941 4779 in
2960 4749 3084 4785 welcher
3104 4748 3200 4783 Weise
3221 4747 3256 4778 in
3276 4748 3329 4778 der

2339 4792 2480 4829 jüngsten
2514 4792 2584 4828 Zett
2617 4800 2694 4822 neue
2728 4790 2892 4826 Anstalten
2927 4790 2981 4825 für
3015 4790 3146 4827 weniger
3167 4788 3329 4820 bemittelte

2340 4833 2452 4868 Brust-
2487 4834 2558 4864 oder
2593 4831 2826 4870 Lungenkranke
2847 4831 2979 4868 errichtet
3001 4831 3072 4861 oder
3094 4829 3252 4866 vorläufig
3273 4838 3327 4860 an¬

2339 4877 2440 4911 geregt
2453 4875 2591 4905 wurden.
2633 4874 2748 4904 Weiter
2762 4873 2840 4903 wird
2854 4872 2901 4902 die
2926 4872 2973 4902 bei
2992 4871 3101 4908 Anlaß
3121 4871 3175 4901 der
3193 4871 3327 4906 Jahres¬

2342 4916 2574 4952 versammlung
2584 4915 2617 4946 in
2629 4915 2818 4950 Neuenburg
2831 4921 2893 4944 von
2907 4914 3005 4944 vielen
3021 4910 3324 4948 „Gemeinnützigen"

2340 4955 2470 4992 besuchte
2490 4956 2666 4993 Anstalt
2686 4955 2762 4992 für
2783 4953 3060 4991 Unheilbare
3079 4954 3227 4990 (bespiee
3250 4963 3326 4982 can-

2339 4998 2451 5033 tonal)
2470 4997 2508 5034 zu
2528 4997 2728 5032 Perreux
2750 4996 2797 5026 bei
2817 4995 2949 5030 Boudry
2965 4993 3147 5029 anschaulich
3161 4993 3233 5029 nach
3248 4993 3329 5027 ihrer

2340 5037 2557 5074 Bestimmung
2577 5038 2644 5068 und
2664 5036 2762 5073 ihrem
2784 5035 2914 5071 Erfolge
2934 5027 3115 5070 dargesiellt.
3156 5033 3220 5064 Ein
3241 5033 3327 5064 Aus¬

2339 5086 2396 5115 zug
2430 5081 2492 5108 aus
2528 5079 2584 5107 den
2619 5076 2882 5113 Verhandlungen
2914 5076 2967 5106 der
3003 5074 3326 5109 Centralkommission

2340 5127 2415 5149 vom
2435 5118 2571 5149 Oktober
2594 5120 2670 5146 1901
2695 5116 2746 5146 blS
2766 5123 2838 5152 zum
2859 5115 2952 5151 Aprll
2976 5118 3055 5145 1902
3078 5114 3145 5149 läßt
3165 5115 3222 5144 den
3242 5114 3327 5148 Leser

2341 5159 2427 5190 einen
2461 5158 2545 5190 Blick
2579 5157 2613 5188 in
2647 5157 2695 5188 Me
2729 5155 2827 5192 höchst
2862 5155 3064 5192 ersprießliche
3085 5154 3254 5190 Thätigkett
3274 5154 3326 5183 der

2340 5200 2557 5236 verschiedenen
2598 5197 2845 5233 Kommissionen
2886 5196 2920 5227 in
2962 5196 3015 5226 der
3049 5194 3222 5230 erwähnten
3255 5193 3326 5229 Zett

2340 5241 2464 5276 werfen.
2507 5237 2814 5275 Selbstverständlich
2848 5236 2928 5267 wird
2949 5236 2983 5266 in
3004 5235 3111 5269 diesem
3132 5234 3252 5269 Bericht
3271 5235 3324 5265 der

2340 5281 2504 5312 bekannten
2524 5280 2706 5316 Schenkung
2726 5279 2783 5309 des
2804 5277 3014 5314 SchloßguteS
3028 5275 3222 5311 Turbenthal
3235 5274 3326 5311 durch

2338 5322 2442 5357 Herrn
2462 5321 2597 5353 Bankier
2616 5319 2733 5357 Herold
2755 5319 2789 5350 in
2809 5318 2908 5355 Paris
2923 5318 3109 5355 gebührende
3122 5316 3326 5353 Erwähnung

2339 5364 2450 5399 gethan
2483 5363 2548 5393 und
2582 5363 2641 5393 mtt
2662 5361 2805 5398 Freuden
2825 5360 2994 5397 mitgeteilt,
3030 5359 3092 5395 daß
3113 5350 3243 5394 dadurch
3264 5358 3325 5389 daS

2337 5404 2468 5441 ersehnte
2488 5402 2571 5442 Ziel,
2600 5406 2679 5434 etwa
2700 5401 2834 5439 zwanzig
2855 5401 3100 5439 schwachbegabte
3119 5399 3326 5436 taubstumme

3376 4173 3491 4203 Kinder
3511 4180 3554 4204 an
3575 4173 3672 4204 einem
3684 4173 3847 4210 paffenden
3860 4173 3944 4204 Orte
3957 4172 4110 4208 unterzub

3377 4214 3426 4248 sei.
3467 4216 3530 4245 AIS
3565 4214 3787 4245 willkommene
3821 4214 4012 4251 Ergänzung
4031 4213 4098 4244 und

3376 4254 3514 4293 führung
3535 4256 3589 4286 der
3608 4255 3860 4292 gemeinnützigen
3881 4254 4109 4292 Bestrebungen

3376 4296 3486 4331 rischen
3521 4296 3713 4333 Gesellschaft
3746 4297 3811 4327 und
3846 4297 3928 4333 ihrer
3962 4295 4109 4331 Borstehe

3379 4337 3519 4372 schieden«
3541 4336 3776 4368 kantonale
3796 4337 3847 4373 (in
3868 4337 3977 4373 diesem
3997 4335 4086 4371 Hefte
4107 4337 4109 4363 I

3379 4378 3458 4415 liche,
3480 4378 3631 4415 bernische,
3663 4378 3868 4415 glarnerische,
3890 4378 3924 4413 st.
3939 4376 4073 4414 gallisch«
4083 4384 4109 4406 u

3380 4418 3736 4456 Gesellschaften
3771 4418 3831 4449 vftl
3867 4417 3972 4449 Gute»
4003 4416 4068 4448 und
4090 4416 4109 4448 Q

3381 4461 3440 4490 daS
3475 4460 3508 4490 in
3544 4460 3627 4496 ihren
3661 4459 3784 4495 Kreisen
3805 4459 3926 4495 gewirkt
3947 4458 4061 4494 wurde,
4094 4465 4110 4487 «

3380 4500 3574 4537 erfreulichen
3607 4500 3757 4531 Eindruck
3776 4500 3884 4537 erhält,
3920 4499 3981 4534 daß
4001 4500 4063 4529 da»
4084 4498 4110 4529 V

3380 4541 3564 4578 menschliche
3584 4541 3779 4578 Uebelständ«
3799 4542 3864 4572 und
3885 4541 3938 4572 der
3959 4539 4065 4577 Trieb,
4099 4539 4110 4577 s

3382 4583 3534 4619 beständig
3575 4583 3748 4619 zunehmeu.
3810 4582 3873 4614 Die
3914 4580 4083 4617 Abschnitte

3381 4623 3728 4660 Mitteilungen"
3743 4623 3808 4654 und
3824 4621 4110 4660 „Litterartsch

3382 4665 3549 4701 besprechen
3580 4665 3652 4695 teüs
3683 4664 3811 4701 einzelne
3831 4663 4109 4699 WohlfahrtSeinri

3381 4706 3498 4742 Bücher
3532 4706 3597 4736 und
3631 4705 3846 4743 Zettschriften,
3882 4705 3929 4736 Mt
3963 4704 4024 4734 daS
4045 4703 4109 4735 Gel

3381 4746 3674 4784 Gemeinnützigkeit,
3709 4746 3891 4782 nameMlich
3924 4745 4000 4777 aber
4032 4745 4088 4775 deS

3381 4788 3537 4824 berühren.
3582 4787 3644 4818 Al»
3666 4787 3739 4824 halb
3760 4787 3943 4824 erfreuliche,
3964 4785 4037 4822 halb
4052 4785 4109 4820 best

3381 4829 3458 4865 fache
3492 4828 3632 4864 erfahren
3667 4828 3727 4859 wir
3760 4831 3823 4859 au»
3858 4829 3911 4858 der
3932 4826 4109 4862 Besprechm

3381 4869 3600 4907 Schriftstücke,
3633 4868 3696 4904 daß
3729 4869 3783 4899 der
3803 4868 3937 4904 Mangel
3965 4874 4006 4895 an
4027 4865 4108 4895 einer

3381 4910 3617 4947 schweizerische»
3638 4909 3868 4944 Armenwesens
3889 4908 3923 4937 in
3942 4903 4110 4940 vorzüglich

3381 4951 3471 4987 durch
3505 4951 3590 4981 einen
3620 4949 3796 4985 Schweizer,
3832 4948 3960 4984 sonder»
3994 4951 4055 4974 von
4088 4943 4110 4972 ei

3381 4992 3542 5027 Stadttat,
3558 4993 3612 5021 Dr.
3628 4991 3694 5027 jnr.
3716 4988 3755 5019 <5.
3777 4984 4105 5022 Münsterberg,

3380 5032 3575 5068 erschienenen
3596 5029 3716 5064 Schrift
3735 5028 3809 5058 über
3829 5028 3889 5057 das
3910 5022 4110 5059 ausländisch,

3380 5072 3557 5108 wenigsten»
3578 5069 3715 5104 teilweise
3734 5067 3866 5103 beseitigt
3885 5065 4000 5096 wurde.
4042 5063 4110 5094 Noö

3379 5112 3440 5147 daß
3461 5113 3519 5142 daS
3555 5109 3742 5145 vorliegende
3774 5107 3847 5143 Heft
3882 5107 3930 5137 eln
3965 5105 4106 5141 hübsche»

3379 5151 3633 5188 vorhergehenden
3645 5148 3838 5184 behandelten
3849 5147 4068 5179 Neubau»
4088 5146 4109 5177 d

3379 5192 3551 5228 Anstalt
3571 5191 3644 5227 für
3665 5189 3964 5227 Epileptische
3984 5188 4030 5218 in
4050 5186 4109 5224 Zü

3378 5233 3465 5270 Zum
3498 5231 3660 5269 erstenmal
3694 5231 3831 5268 erscheint
3852 5239 3906 5262 am
3928 5229 4073 5266 Schluffe
4093 5229 4109 5260 fc

3380 5274 3672 5311 Jnseratenbeilage,
3694 5276 3734 5303 18
3754 5273 3868 5303 Selten
3888 5270 3978 5309 stark,
3998 5269 4106 5307 welche

3380 5317 3465 5354 stetig
3499 5315 3687 5351 wachsenden
3717 5314 3889 5351 Ausgaben
3920 5314 3973 5344 der
4021 5311 4110 5343 Centi

3381 5358 3480 5395 helfen
3515 5357 3581 5394 soll.
3624 5356 3724 5392 Möge
3744 5356 3821 5392 diese
3848 5354 3969 5393 jüngste
3989 5353 4110 5385 Rubrik

3377 5407 3455 5431 neue
3476 5399 3617 5436 Freunde
3637 5397 3796 5435 zuführen.
