3244 4606
266 144 453 171 AkinncMtat:

158 190 175 208 ::
213 181 258 209 Sei
273 182 333 207 «Bts
343 181 495 211 P°fii»m»>q

201 216 275 245 franto
303 216 366 244 durch
388 216 422 239 die
443 220 511 246 |>M<

204 276 208 279 .
234 275 238 278 .
285 249 421 280 Hchweij-
447 274 452 278 .

233 285 262 309 18
273 283 369 308 üRenate
388 283 427 310 gt.
439 282 466 305 16
468 301 473 307 .

248 313 263 337 6
274 314 371 337 Monate
389 312 427 340 Fr.
453 312 475 335 8.

200 347 246 376 Für
252 346 330 376 Zürich
342 352 367 370 u.
377 345 512 376 Umgebung

229 380 264 405 bei
278 380 315 403 der
336 379 480 409 Expedition:

240 413 361 437 «Monate
381 412 417 439 Fr.
429 412 451 435 6.
462 425 492 430 —

240 444 254 466 3
265 442 362 466 Monate
381 441 417 470 Fr.
429 441 451 466 3.
461 442 492 465 W

228 499 274 528 Für
291 499 333 523 da»
353 497 485 523 Ausland

202 528 309 553 abonnire
317 534 371 551 man
381 527 422 557 gef.
432 527 466 552 bei
473 528 512 552 der

147 576 156 590 ,
202 557 511 590 Post-Zeitungeispetition

201 593 226 612 m
235 585 313 616 Zürich
330 587 379 608 oder
389 585 464 610 direkte
475 585 512 610 dei

230 616 271 640 den
281 614 400 645 Berlegern
409 614 481 643 selbst.

626 579 814 643 Zürich,
838 574 1018 637 Freitag

1370 531 1683 590 Vittundoityigstrr
1712 529 1895 587 Zahrgaug.

1241 651 1332 682 Druck
1351 651 1409 681 und
1431 651 1540 689 Verlag
1560 654 1619 683 von
1638 648 1740 686 Orell,
1760 648 1848 688 Füßli
1864 650 1924 681 und
1943 649 2048 685 Couch.

2774 181 2822 208 Die
2841 180 2952 213 tstsaltrz»
2973 179 3092 211 Petitzelkt
3106 186 3111 196 '

2819 211 2870 235 «der
2884 211 2948 235 deren
2964 208 3042 234 Raum

2858 239 2887 263 IS
2896 238 3001 268 Rappen.

2775 296 2975 326 Konespondenzen
2994 295 3041 324 sind
3057 301 3085 320 an

2812 325 2845 349 die
2861 323 3050 351 Redaktion,

2775 353 2880 383 Inserate
2893 354 2992 384 dagegen
3006 359 3036 377 an
3052 352 3085 377 die

2844 382 3017 413 Expedition

2785 412 2823 436 der
2837 410 2870 436 R.
2879 410 3076 442 Zürcher-Zeitung

2848 446 2874 469 zu
2889 439 3012 469 adreffiren.

2805 468 2999 500 Ankündigungen
3012 473 3056 493 von

2776 496 2956 521 Medikamente»
2981 496 3084 522 bedürfen
3105 510 3112 513 -

2796 526 2833 550 der
2845 525 3017 556 Genehmigung
3028 527 3063 550 der

2451 580 2463 591 H
2811 550 3051 585 Medizinaldirekilon.

0 0 0 0 *
2281 584 2337 633 18
2550 585 2672 633 1864
2672 612 2685 637 *
2774 612 2850 641 »riese
2858 612 2994 637 undveider
3000 611 3084 639 frank».

273 810 599 858 Siicjiatßonfercnj
628 818 748 857 wegen
776 806 989 847 Dänemark.

223 910 293 943 DaS
313 907 437 947 englische
455 906 723 947 Konferenz-Projekt
741 906 789 944 hat
807 905 854 943 seit
871 905 926 937 drei
938 904 1051 941 Wochen
1062 904 1105 935 die

166 956 368 997 sonderbarsten
388 954 519 994 Chancen
532 955 664 994 erfahren.
703 953 798 994 Zuerst
810 954 902 984 wurde
913 952 1041 990 dasselbe,
1060 961 1105 992 ge¬

163 1009 237 1047 stützt
255 1004 304 1043 auf
322 1003 364 1035 die
383 1002 574 1043 Zustimmung
594 1004 640 1034 der
659 1002 749 1033 beiden
769 1000 899 1040 deutschen
916 998 1106 1039 Großmächte,

165 1056 213 1095 für
233 1052 354 1093 gesichert
373 1050 504 1089 gehalten,
523 1052 597 1082 dann
617 1053 705 1082 traten
715 1050 812 1081 Lieder
823 1048 933 1088 Zweifel
945 1048 995 1086 ein,
1014 1048 1106 1086 welche

162 1104 213 1144 sich
232 1102 308 1140 mehr
325 1100 382 1131 und
400 1098 475 1138 mehr
495 1099 526 1130 in
544 1099 616 1131 einer
634 1098 720 1137 Weise
731 1097 896 1136 verstärkten,
913 1097 966 1134 daß
986 1105 1052 1128 man
1074 1096 1106 1128 in

161 1153 215 1184 den
234 1152 323 1189 letzten
342 1147 437 1186 Tagen
456 1149 510 1179 den
530 1147 672 1180 Gedanken
700 1146 726 1186 so
752 1145 802 1178 viel
821 1145 868 1177 als
885 1144 1043 1184 aüfgegeben
1060 1144 1105 1175 be-

164 1200 293 1238 trachtete,
310 1196 354 1227 bis
374 1194 471 1233 endlich
492 1195 591 1234 gestern
611 1195 705 1227 wieder
723 1201 778 1226 von
797 1193 879 1226 Wien
898 1194 952 1224 auS
965 1192 1005 1223 die
1019 1190 1106 1230 Nach¬

165 1248 229 1287 richt
247 1246 310 1281 kam,
335 1243 388 1281 daß
413 1245 466 1274 das
495 1243 593 1284 einzige
612 1242 765 1283 Hinderniß
791 1243 840 1273 des
858 1238 1107 1280 Zusammentritts,

165 1292 276 1331 nämlich
296 1291 336 1322 die
355 1290 523 1331 Weigerung
542 1290 728 1329 Dänemarks,
747 1289 794 1322 als
805 1289 883 1328 sicher
901 1286 1016 1327 beseitigt
1027 1295 1106 1326 ange-

162 1342 238 1382 sehen
257 1341 364 1372 «erden
382 1339 466 1378 dürfe.

219 1388 289 1422 Laut
314 1389 361 1418 der
389 1385 501 1419 Wiener
520 1385 848 1425 Generalkorrespondenz
874 1389 936 1414 vom
956 1383 1003 1413 16.
1026 1381 1055 1420 ist
1073 1384 1106 1413 eS

159 1436 259 1476 freüich
279 1435 348 1474 nicht
367 1437 419 1466 daS
432 1433 627 1474 ursprünglisch
640 1433 765 1474 englische
773 1430 890 1470 Projekt,
907 1430 1016 1467 welche«
1029 1429 1106 1461 Aus¬

160 1485 222 1523 sicht
241 1483 291 1521 auf
310 1481 409 1522 Erfolg
430 1481 486 1520 hat,
506 1481 620 1519 sondern
639 1482 693 1513 daS
711 1486 766 1511 von
780 1477 863 1511 Wien
881 1477 938 1508 und
951 1475 1050 1508 Berlin
1062 1485 1106 1516 ge¬

160 1532 245 1568 stellte
263 1530 473 1568 Amendement,
491 1529 553 1561 laut
571 1528 694 1567 welchem
712 1527 752 1559 die
771 1525 882 1565 Waffen
909 1523 1037 1561 während
1054 1525 1107 1555 den

156 1576 398 1618 Verhandlungen
416 1577 504 1615 ruhen
534 1577 590 1608 und
620 1576 663 1607 die
690 1573 904 1613 kriegführenden
929 1570 1058 1610 Parteien
1075 1571 1107 1603 in

158 1627 239 1667 ihren
259 1624 430 1664 Stellungen
451 1624 600 1656 verbleiben
614 1623 707 1662 sollen,
724 1620 809 1653 wobei
822 1626 1018 1659 angenommen
1029 1618 1108 1656 wird,

158 1676 215 1715 daß
234 1673 276 1706 die
295 1672 426 1705 Alliirten
446 1672 514 1712 nicht
533 1671 623 1704 weiter
642 1671 672 1702 in
693 1669 816 1704 Jütland
836 1666 975 1699 vorrücken
991 1668 1049 1698 und
1066 1666 1109 1697 die

158 1723 268 1756 Dänen
288 1720 337 1760 auf
358 1719 398 1752 die
409 1720 514 1760 fernere
525 1719 694 1759 Wegnahme
704 1716 833 1756 deutscher
844 1714 949 1754 Schiffe
962 1714 1110 1753 verzichten.

217 1768 383 1807 Immerhin
401 1767 495 1806 gehört
515 1769 563 1799 den
583 1765 768 1805 Engländern
793 1763 835 1794 die
856 1763 928 1801 Ehre
958 1763 1007 1792 des
1027 1761 1109 1799 ersten

160 1817 338 1854 Gedankens,
358 1817 443 1847 einem
460 1815 607 1854 zwecklosen
627 1812 710 1852 Krieg
727 1813 786 1844 und
799 1811 855 1849 also
868 1811 928 1848 auch
942 1809 1027 1841 einem
1040 1813 1110 1848 nutz¬

159 1867 234 1905 losen
252 1863 466 1902 Blutvergießen
486 1862 529 1894 ein
548 1861 627 1893 Ende
644 1869 679 1900 zu
699 1860 812 1897 machen.
851 1857 894 1890 ES
913 1857 974 1897 geht
991 1860 1046 1888 auS
1057 1858 1109 1888 den

161 1913 305 1954 offiziellen
324 1911 407 1943 Akten
427 1909 537 1946 deutlich
555 1909 661 1948 hervor,
682 1907 734 1945 daß
753 1906 794 1937 die
813 1904 987 1942 Garantien,
1019 1905 1111 1942 welche

163 1964 217 1993 da«
248 1960 390 1994 Londoner
416 1956 557 1996 Protokoll
586 1962 642 1987 von
667 1955 744 1986 1852
772 1956 822 1985 den
849 1953 953 1985 Dänen
981 1952 1111 1992 zusicher»,

168 2010 232 2047 auch
250 2008 327 2047 heute
358 2006 420 2045 noch
449 2012 504 2036 von
523 2007 573 2036 den
591 2004 725 2042 deutschen
745 2000 945 2039 Großmächten
965 2000 1111 2039 wesentlich

167 2054 302 2095 respektirt
319 2055 431 2086 werden.
469 2052 533 2085 Wir
558 2051 701 2089 verweisen
725 2049 841 2088 deßhalb
871 2049 918 2087 auf
941 2050 993 2079 daS
1016 2047 1111 2080 Kreis-

167 2102 308 2142 schreiben,
327 2101 433 2138 welches
452 2100 573 2139 Drouyn
592 2102 625 2131 de
644 2097 736 2137 LhuyS
756 2099 807 2128 den
826 2098 874 2128 27.
887 2095 1009 2134 Februar
1022 2103 1059 2126 an
1069 2094 1112 2125 die

163 2149 356 2190 französischen
377 2148 554 2188 Diplomaten
574 2149 624 2178 dcS
644 2146 793 2178 Auslands
812 2144 928 2184 gerichtet
947 2143 1002 2179 hat.
1042 2142 1111 2174 DaS

161 2197 326 2236 betreffende
347 2195 458 2235 Pariser
475 2195 622 2233 Aktenstück
641 2194 749 2234 bezieht^
758 2192 805 2231 sich
824 2199 896 2231 zwar
914 2190 982 2227 nicht
1000 2190 1049 2228 auf
1067 2189 1112 2221 die

162 2252 284 2277 neueren
305 2242 664 2282 preußisch-österreichischen
688 2240 861 2279 Borschläge,
889 2239 1003 2277 sondern
1023 2237 1114 2276 befaßt

160 2293 212 2332 sich
232 2290 318 2330 einzig
335 2290 389 2321 mit
407 2291 466 2321 dem
484 2289 631 2329 englischen
649 2287 772 2327 Projekt,
789 2286 910 2322 welchem
927 2285 972 2316 die
993 2285 1115 2324 Zustim¬

159 2348 250 2379 mung
277 2340 324 2369 der
342 2337 471 2369 Kabinete
501 2345 556 2368 von
583 2336 667 2368 Wien
687 2337 744 2366 und
765 2334 867 2365 Berlin
894 2332 1047 2371 zogesichert
1070 2332 1115 2371 sei,

158 2385 271 2424 worauf
290 2387 367 2416 dann
386 2387 433 2415 der
453 2383 619 2423 französische
638 2381 772 2418 Minister
791 2380 839 2416 sich
853 2382 899 2410 dcS
913 2378 1036 2410 Weitern
1048 2383 1115 2410 auS-

162 2436 234 2473 läßt,
259 2432 311 2464 wie
328 2432 415 2470 folgt:

221 2480 305 2519 „Wie
336 2479 389 2509 wir
415 2479 464 2507 des
492 2477 614 2511 Fernern
642 2482 674 2512 zu
705 2472 797 2510 wiffen
823 2471 949 2509 glauben,
982 2471 1046 2509 steht
1071 2473 1114 2504 die

157 2530 326 2570 Regierung
354 2532 407 2554 von
426 2522 589 2561 Oesterreich
620 2521 683 2558 noch
713 2519 896 2558 fortwährend
922 2520 969 2549 der
996 2518 1113 2557 Ansicht,

156 2578 215 2616 daß
236 2579 284 2607 der
305 2573 448 2603 Londoner
466 2570 586 2608 Vertrag
617 2575 670 2599 von
703 2567 778 2598 1652
800 2575 849 2606 zur
867 2566 954 2605 Basis
980 2565 1025 2604 für
1046 2574 1112 2597 neue

157 2620 420 2662 Verständigungen
440 2617 536 2648 dienen
553 2616 646 2654 müffe.
689 2614 751 2646 Der
772 2613 921 2652 Grundsatz
940 2614 985 2643 der
1003 2613 1106 2653 Jnteg-

157 2672 229 2703 rität
250 2671 299 2700 der
312 2666 448 2704 dänischen
464 2664 627 2702 Monarchie
639 2665 730 2695 wurde
743 2662 774 2693 in
789 2663 839 2692 den
853 2661 1002 2700 identischen
1016 2660 1110 2692 Erklä¬

154 2725 268 2758 rungen
290 2719 337 2746 der
350 2713 441 2744 beiden
454 2712 584 2750 deutschen
598 2711 670 2751 Höfe
691 2717 753 2741 vom
774 2710 820 2740 31.
840 2708 955 2742 Januar
975 2708 1112 2747 bekräftigt

156 2768 218 2798 und
239 2767 270 2795 eS
299 2761 382 2794 bleibt
401 2760 480 2798 dieser
500 2758 653 2796 Grundsatz
672 2759 731 2789 laut
757 2758 803 2787 der
821 2756 974 2793 förmlichen
992 2756 1112 2795 Zusiche¬

157 2815 271 2848 rungen
291 2807 339 2836 deS
359 2803 470 2836 Wiener
488 2802 622 2835 KabinetS
641 2804 721 2832 unter
740 2802 792 2830 den
804 2799 901 2837 Schutz
914 2798 1051 2836 Europa'S
1065 2807 1110 2836 ge¬

156 2857 237 2896 stellt.
253 2851 351 2889 Durch
365 2850 404 2881 die
411 2849 561 2888 bisherigen
567 2846 798 2886 Feindseligkeiten
807 2848 917 2877 wurden
923 2845 1113 2884 dieBerpflich-

155 2908 283 2942 tungen,
307 2897 400 2935 welche
421 2895 583 2935 Oesterreich
604 2896 661 2926 und
682 2893 810 2932 Preußen
823 2893 890 2932 nicht
902 2902 956 2925 nur
968 2893 1114 2932 gegenüber

155 2947 344 2984 Dänemark,
376 2946 491 2981 sondern
523 2943 671 2984 gegenüber
692 2942 828 2980 mehreren
848 2942 962 2972 anderen
982 2940 1113 2979 Mächten

156 3000 348 3039 eingegangcn
368 2992 437 3032 sind,
456 2991 525 3031 nicht
543 2990 721 3030 umgestoßen.
759 2988 919 3028 Oesterreich
943 2987 1037 3027 spricht
1060 2997 1115 3020 nur

156 3048 190 3080 in
209 3045 303 3084 sofern
324 3039 389 3077 freie
407 3040 490 3077 Hand
510 3047 556 3075 an,
575 3037 622 3069 als
641 3037 720 3074 durch
738 3036 780 3067 die
799 3036 946 3076 Vorgänge
966 3043 1019 3066 von
1040 3036 1114 3066 1851

156 3095 206 3126 LiS
228 3089 308 3123 1652
330 3086 371 3116 die
391 3085 531 3122 Stellung
551 3087 595 3115 der
616 3084 827 3123 Herzogthümer
847 3083 876 3115 in
894 3085 938 3115 der
952 3082 1116 3121 Monarchie

156 3144 217 3174 und
249 3139 333 3169 unter
361 3132 408 3170 sich
440 3131 494 3162 eine
515 3132 610 3162 andere
630 3133 771 3169 geworden
792 3131 831 3169 ist.
870 3131 926 3163 Die
945 3131 1038 3170 gleiche
1056 3130 1116 3163 An-

155 3179 389 3228 fchauungSweise
408 3178 528 3218 glauben
547 3177 598 3208 wir
618 3177 681 3214 auch
703 3177 740 3207 bei
761 3177 891 3215 Preußen
908 3180 1060 3216 annehmen
1077 3188 1112 3218 zu

156 3235 284 3272 dürfen;
309 3231 340 3258 cs
373 3226 446 3265 srägt
471 3225 520 3264 sich
547 3223 602 3262 also
630 3231 685 3254 nur
705 3225 784 3261 noch,
815 3228 876 3255 waS
897 3225 934 3256 die
955 3225 1117 3265 Regierung

1171 783 1225 808 von
1245 775 1403 807 Dänemark
1430 777 1488 807 und
1513 776 1558 807 der
1578 773 1693 813 deutsche
1711 773 1798 807 Bund
1825 783 1858 815 zu
1885 777 1944 808 dem
1972 774 2115 815 englischen

1170 822 1314 862 Vorschlag
1335 823 1414 862 sagen
1432 821 1579 854 werden?"

1225 871 1280 910 Hr.
1299 870 1422 909 Dronhn
1441 871 1471 901 de
1491 869 1576 908 LhuiS
1597 868 1712 901 bemerkt
1728 869 1810 908 dann,
1829 878 1857 902 er
1874 870 1972 911 zweifle
1984 878 2022 903 an
2042 870 2115 903 einer

1170 918 1370 958 Beistimmung
1389 917 1567 950 Dänemarks
1585 917 1644 950 und
1665 917 1714 948 de-
1731 916 1936 958 Bundestages,
1953 918 2045 950 indem
2060 920 2116 950 daS

1172 966 1277 1006 Erstere
1302 966 1350 1005 sich
1379 965 1448 1002 nicht
1468 965 1542 1005 wohl
1570 963 1626 997 bei
1655 964 1952 1004 fortdauerndem
1981 965 2117 1007 Kriege

1172 1014 1245 1054 (waS
1267 1013 1395 1053 England
1417 1013 1501 1053 zuerst
1514 1012 1633 1053 anrieth)
1653 1011 1685 1044 in
1697 1010 2050 1053 FriedenSverhandlungcn
2062 1014 2116 1045 ein-

1170 1061 1254 1101 lasten
1274 1062 1366 1100 könne,
1384 1062 1432 1093 der
1451 1061 1558 1100 Letztere
1577 1060 1644 1092 aber
1663 1060 1726 1100 gehe
1748 1067 1803 1093 von
1824 1062 1907 1093 einem
1927 1070 1994 1102 ganz
2014 1063 2117 1093 andern

1173 1108 1373 1149 Gesichtspunkt
1392 1109 1439 1140 als
1459 1107 1588 1147 Preußen
1607 1109 1665 1140 und
1678 1103 1836 1148 Oisterreich
1850 1113 1913 1142 a«S.
1953 1109 2047 1146 »WaS
2058 1117 2119 1141 nun

1172 1157 1235 1189 aber
1254 1156 1409 1195 Frankreich
1429 1155 1574 1195 anbetreffe
1604 1154 1692 1196 (fährt
1710 1157 1755 1187 der
1774 1155 1904 1196 Minister
1923 1157 2001 1197 fort),
2027 1157 2057 1196 so
2083 1156 2119 1196 sei

1171 1203 1318 1242 demselben
1341 1204 1404 1240 noch
1433 1212 1484 1243 gar
1511 1202 1579 1235 keine
1600 1201 1773 1242 Gelegenheit
1792 1204 1905 1245 gegeben
1925 1206 2044 1243 worden,
2070 1213 2119 1236 um

1172 1251 1220 1291 sich
1247 1247 1314 1284 über
1342 1250 1382 1283 die
1402 1250 1616 1291 Angelegenheit
1634 1250 1853 1292 auszusprechen;
1878 1255 1950 1285 denn
1977 1252 2017 1284 im
2042 1251 2119 1290 Plan

1172 1300 1220 1331 deö
1239 1299 1386 1338 englischen
1405 1297 1543 1332 KabinetS
1562 1299 1611 1338 lag
1630 1300 1681 1337 eS,
1707 1298 1753 1339 sich
1782 1299 1833 1340 erst
1862 1301 1909 1331 der
1936 1299 2046 1339 Ansicht
2072 1301 2120 1333 der

1172 1346 1405 1386 Kriegführenden
1435 1355 1467 1386 zu
1497 1345 1694 1385 vergewissern,
1719 1345 1800 1379 bevor
1828 1350 1859 1379 eS
1888 1355 1926 1380 an
1951 1347 1993 1380 die
2017 1349 2120 1380 andern

1173 1394 1285 1433 Mächte
1295 1394 1427 1434 gelangte.
1467 1393 1534 1427 Nur
1553 1394 1596 1427 ein
1610 1402 1678 1434 ganz
1691 1394 1851 1434 grundloses
1864 1394 1984 1434 Gerücht
1996 1395 2050 1434 ließ
2062 1399 2118 1427 uns

1172 1450 1210 1474 an
1228 1441 1316 1481 seinen
1336 1441 1478 1480 Schritten
1497 1441 1635 1482 betheiligt
1655 1441 1819 1483 erscheinen;
1837 1444 1953 1483 dagegen
1967 1443 2056 1482 haben
2067 1443 2119 1475 wir

1172 1491 1223 1522 den
1242 1489 1386 1529 AuSbruch
1405 1490 1488 1529 diese»
1508 1489 1609 1529 Kriegs
1628 1495 1685 1521 von
1698 1489 1811 1529 Anfang
1824 1500 1862 1522 an
1874 1491 1981 1531 herzlich
1994 1491 2119 1523 bedauert

1172 1539 1228 1569 und
1247 1538 1302 1569 wir
1319 1539 1433 1569 würden
1462 1541 1520 1569 uns
1547 1536 1666 1577 glücklich
1690 1537 1805 1577 schätzen,
1832 1547 1864 1578 zu
1882 1539 1968 1578 dessen
1986 1539 2118 1579 baldigem

1173 1584 1283 1624 Schluß
1300 1585 1380 1624 unser
1400 1585 1580 1625 Möglichstes
1601 1584 1737 1625 beitragen
1754 1594 1787 1625 zu
1803 1586 1933 1619 können."

1231 1632 1277 1665 ES
1296 1633 1327 1672 ist
1346 1632 1401 1665 kein
1421 1632 1526 1665 Gmud
1546 1634 1719 1673 vorhanden,
1748 1633 1801 1672 daß
1825 1634 1980 1672 Frankreich
2000 1633 2040 1666 die
2059 1633 2119 1666 An¬

1174 1680 1253 1720 sicht,
1279 1680 1318 1712 die
1339 1684 1369 1713 eS
1389 1681 1419 1713 in
1437 1681 1532 1721 Bezug
1561 1682 1611 1721 auf
1629 1682 1683 1712 daS
1703 1681 1824 1721 englische
1843 1681 1950 1722 Projekt
1968 1682 2119 1721 auSsprach,

1173 1728 1242 1767 nicht
1271 1729 1334 1767 auch
1362 1729 1510 1768 gegenüber
1530 1730 1590 1760 dem
1609 1728 1966 1769 preußisch-österreichischen
1986 1729 2118 1762 Amende¬

1173 1779 1248 1808 ment
1267 1776 1405 1815 sesthalten
1424 1778 1520 1809 werde.
1570 1775 1615 1809 ES
1640 1775 1675 1815 ist
1700 1775 1791 1815 ebenso
1809 1777 1894 1816 wenig
1912 1785 1944 1817 zu
1963 1777 2120 1817 bezweifeln,

1173 1824 1226 1862 daß
1245 1823 1287 1855 die
1305 1824 1411 1857 Dänen
1430 1825 1480 1855 den
1493 1830 1558 1856 vom
1571 1822 1674 1862 Feinde
1687 1824 1863 1863 angebotenen
1876 1823 2120 1864 Waffenstillstand

1174 1871 1243 1910 nicht
1262 1872 1412 1911 annehmen
1431 1873 1547 1909 wrrden,
1565 1880 1616 1903 um
1635 1870 1680 1910 ihr
1699 1869 1782 1903 Glück
1802 1880 1839 1903 an
1859 1874 1904 1904 der
1925 1871 2074 1912 Konferenz
2085 1881 2120 1912 zu

1174 1921 1318 1961 versuchen;
1339 1923 1369 1951 eS
1388 1919 1498 1958 handelt
1523 1919 1570 1958 sich
1590 1919 1649 1958 also
1670 1918 1755 1958 einzig
1775 1920 1837 1957 noch
1858 1929 1905 1951 um
1924 1919 1965 1951 die
1985 1920 2122 1953 Einwilli¬

1175 1978 1248 2009 gung
1269 1971 1316 1999 deS
1337 1967 1516 2005 Frankfurter
1535 1967 1747 2006 Bundestages,
1773 1967 1819 2005 für
1841 1967 1953 2006 welchen
1977 1967 2062 2007 jedoch
2081 1967 2123 1999 die

1174 2017 1307 2056 deutschen
1325 2014 1512 2054 Großmächte
1532 2015 1611 2054 (siehe
1631 2014 1828 2054 telegraphische
1848 2015 2000 2054 Depeschen
2017 2017 2064 2047 der
2082 2015 2121 2047 N.

1176 2066 1211 2105 Z.
1230 2065 1296 2104 Ztg.
1313 2069 1377 2095 vom
1397 2063 1457 2102 15.)
1478 2062 1576 2094 bereits
1597 2062 1785 2102 gMgrstanden
1805 2071 1837 2101 zu
1858 2063 1943 2100 haben
1962 2062 2084 2100 scheinen.

1234 2112 1327 2144 Wenn
1346 2118 1404 2142 nun
1425 2111 1465 2140 die
1485 2110 1653 2149 Konferenz,
1681 2109 1730 2141 wie
1748 2119 1779 2149 zu
1799 2110 1937 2149 verhoffen
1955 2110 1996 2149 ist,
2013 2110 2124 2149 wirklich

1176 2168 1209 2200 zu
1227 2159 1340 2192 Stande
1358 2158 1473 2196 kommt,
1501 2158 1530 2196 so
1559 2156 1653 2198 erzrigt
1674 2157 1722 2195 sich
1741 2157 1816 2188 dabei
1845 2160 1895 2189 daS
1916 2157 2124 2197 Merkwürdige,

1178 2208 1230 2246 daß
1249 2205 1409 2246 diejenigen,
1439 2205 1531 2243 welche
1559 2207 1611 2237 den
1634 2203 1716 2243 Krieg
1745 2205 1914 2245 augefangen
1933 2205 2034 2245 haben,
2059 2205 2123 2244 auch

1178 2253 1288 2295 zugleich
1307 2255 1359 2284 den
1377 2251 1546 2292 schlagenden
1564 2252 1678 2284 Bcwei»
1697 2246 1799 2289 lkesern,
1818 2253 1872 2290 daß
1890 2253 1937 2283 der
1954 2252 2037 2292 Krieg
2055 2253 2126 2291 nicht

1180 2301 1274 2340 nöthig
1293 2308 1361 2337 war,
1378 2303 1451 2332 denn
1471 2299 1564 2338 ebenso
1583 2302 1642 2340 gut,
1667 2300 1713 2331 als
1732 2299 1768 2337 sie
1788 2299 1865 2332 einen
1882 2299 2125 2339 Waffenstillstand

1180 2349 1359 2387 vorschlugen,
1377 2356 1425 2378 um
1449 2347 1505 2378 eine
1528 2347 1795 2386 Friedenskonferenz
1817 2356 1850 2392 zu
1870 2348 2008 2384 erhalten,
2032 2348 2125 2386 hätten

1179 2397 1214 2434 sie
1232 2397 1289 2426 eine
1310 2393 1579 2432 Friedenskonferenz
1600 2394 1719 2431 erhalten
1738 2393 1859 2430 können,
1886 2396 1955 2432 ohne
1979 2394 2004 2434 je
2022 2404 2055 2434 zu
2074 2397 2124 2427 den

1179 2442 1291 2481 Waffen
1308 2450 1341 2481 zu
1361 2439 1470 2480 greifen.

1498 2526 1798 2576 Schweiz.

1356 2624 1597 2666 Monatsbericht
1628 2630 1688 2658 aus
1713 2628 1778 2661 dem
1803 2628 1946 2671 Aargau.

1234 2678 1299 2709 Mit
1318 2677 1438 2707 meinem
1460 2676 1554 2716 letzten
1575 2675 1702 2715 Berichte
1728 2678 1779 2709 bin
1811 2679 1850 2718 ich
1877 2679 1945 2711 übel
1976 2680 2126 2719 angekom-

1175 2729 1248 2751 men.
1292 2719 1364 2752 Von
1385 2719 1503 2750 AcklinS
1526 2719 1796 2760 Schweizerzeitung
1818 2722 1894 2761 nicht
1913 2732 1947 2763 zu
1960 2726 2053 2761 reden,
2076 2724 2127 2762 hat

1175 2764 1221 2794 ein
1239 2763 1392 2801 Aargauer
1411 2762 1644 2801 Korrespondent
1678 2763 1717 2793 im
1752 2765 1879 2802 „Bund"
1914 2766 1963 2804 sich
1997 2775 2034 2797 an
2065 2768 2127 2797 dem

1176 2804 1291 2844 Urtheil
1309 2804 1378 2836 über
1397 2805 1442 2836 die
1462 2805 1690 2844 Kantonsschule
1711 2807 1848 2845 gestoßen.
1892 2809 1970 2847 „Die
1984 2809 2125 2848 Frequenz

1177 2848 1247 2887 habe
1269 2849 1299 2878 in
1319 2849 1372 2879 den
1393 2848 1488 2887 letzten
1509 2849 1576 2887 zehn
1597 2848 1707 2886 Jahren
1727 2850 1793 2888 statt
1814 2851 1876 2882 ab-
1904 2852 2040 2890 vielmehr
2067 2861 2128 2890 zu¬

1179 2899 1353 2929 genommen,
1376 2894 1434 2921 und
1458 2891 1495 2930 ich
1518 2891 1592 2922 wäre
1613 2891 1643 2922 in
1663 2893 1710 2922 der
1740 2892 1814 2932 Lage
1844 2895 1983 2933 gewesen,
2016 2897 2070 2926 daS
2092 2903 2126 2933 zu

1179 2934 1294 2972 wiffen;
1327 2933 1392 2964 aber
1423 2933 1462 2971 ich
1483 2934 1555 2972 habe
1575 2934 1641 2965 eben
1662 2935 1712 2972 auf
1742 2936 1785 2967 die
1817 2937 1927 2975 Schule
1954 2937 2124 2976 geschlagen,

1177 2985 1228 3007 um
1246 2978 1301 3008 den
1318 2976 1415 3011 Herrn
1435 2985 1470 3015 zu
1489 2977 1618 3016 treffen."
1659 2977 1816 3010 Antwort:
1837 2979 1900 3011 Der
1922 2980 2022 3018 Große
2046 2979 2127 3017 Rath

1179 3020 1229 3058 hat
1250 3027 1299 3059 zur
1317 3019 1383 3056 Zeit
1403 3019 1471 3058 nach
1493 3021 1569 3051 einer
1589 3019 1696 3058 langen
1724 3023 1783 3052 und
1815 3028 1942 3053 warmen
1974 3023 2127 3061 Verhand¬

1180 3063 1251 3101 lung
1272 3064 1324 3093 den
1346 3062 1595 3101 RegierungSrath
1618 3062 1790 3102 beauftragt,
1813 3064 1925 3102 Bericht
1940 3074 1972 3103 zu
1988 3065 2125 3103 erstatten,

1181 3111 1292 3136 warum
1321 3104 1366 3135 die
1385 3104 1527 3144 Frequenz
1556 3108 1602 3136 der
1631 3105 1860 3145 Kantonsschule
1893 3107 2036 3146 abnehme,
2068 3109 2126 3138 und

1183 3147 1529 3186 VerbesserungSanträge
1550 3157 1581 3187 zu
1603 3148 1828 3187 hinterbringen.
1859 3150 1919 3180 Der
1934 3150 2127 3188 ErziehungS-

1184 3190 1247 3228 rath
1268 3190 1318 3228 hat
1350 3189 1398 3227 sich
1431 3190 1521 3221 damit
1552 3190 1668 3229 befaßt;
1702 3191 1766 3222 aber
1796 3192 2001 3230 veröffentlicht
2030 3194 2125 3222 wurde

1187 3232 1290 3271 nichts.
1331 3231 1381 3270 Ich
1402 3232 1501 3263 wollte
1523 3232 1554 3262 in
1574 3232 1694 3263 meinem
1715 3233 1829 3271 Bericht
1850 3234 1912 3273 kurz
1942 3236 1995 3265 den
2024 3233 2125 3265 Stand

2182 773 2297 812 unseres
2319 772 2518 812 Schulwesens
2539 773 2681 813 darlegen,
2704 775 2762 805 und
2782 774 2861 813 hatte
2880 774 2962 807 dabei
2982 774 3127 816 höchsten»

2182 817 2244 855 bi|e
2264 814 2475 854 Nebenabsicht,
2496 817 2600 855 darauf
2617 817 2819 857 hinzuwirken,
2853 824 2936 851 wenn
2970 818 3035 857 auch
3067 828 3126 853 nur

2183 859 2245 899 sehr
2276 857 2443 894 mittelbar,
2477 858 2532 896 daß
2566 858 2813 898 katholischerseitü
2843 860 3037 901 Gymnasium
3066 864 3127 894 und

2184 900 2415 940 SewerbSschule
2435 900 2503 939 noch
2522 902 2609 940 mehr,
2631 902 2674 934 die
2693 902 2913 942 Klosterschulen
2932 904 3058 944 weniger
3079 905 3129 938 be¬

2184 945 2259 985 sucht
2278 943 2406 977 würden.
2448 943 2566 975 Darum
2586 945 2662 984 sagte
2683 944 2723 983 ich
2744 953 2791 977 am
2812 945 2957 985 Schluffe:
2989 950 3036 985 ,eS
3058 947 3131 985 soll¬

2184 993 2230 1021 ten
2251 989 2296 1021 die
2316 987 2542 1026 konfessionellen
2572 987 2764 1026 Verhältnisse
2796 992 2884 1020 etwas
2914 990 2993 1027 mehr
3020 990 3132 1023 berück¬

2185 1032 2293 1071 sichtigt
2314 1030 2450 1061 werden".
2494 1029 2574 1068 Sehr
2593 1030 2768 1068 empfindlich
2791 1032 2895 1070 zeigten
2916 1032 2963 1070 fich
2986 1032 3024 1063 im
3046 1033 3131 1065 Wet¬

2185 1078 2246 1106 tern
2267 1074 2311 1105 die
2329 1072 2590 1109 Freiämtrrblätter
2610 1073 2679 1105 über
2699 1074 2787 1105 meine
2807 1074 2999 1114 Aeußerung:
3022 1076 3130 1114 „Muri

2186 1117 2222 1153 sei
2257 1117 2306 1154 für
2336 1116 2394 1148 eine
2425 1118 2555 1147 moderne
2589 1116 2851 1155 Bildungsanstalt
2882 1116 2928 1147 ein
2956 1116 3130 1157 schwieriger

2184 1157 2320 1191 Boden."
2362 1157 2419 1189 Die
2438 1157 2718 1197 Kulturgesellschast
2736 1160 2786 1195 de«
2818 1158 2934 1198 Bezirks
2966 1159 3052 1191 Muri
3082 1161 3131 1194 be¬

2186 1201 2278 1240 schloß
2300 1200 2392 1240 sogar,
2414 1200 2446 1231 in
2466 1201 2539 1235 einer
2560 1200 2730 1240 energischen
2760 1200 2927 1240 Erklärung
2950 1204 3075 1241 dagegen
3094 1212 3130 1242 zu

2186 1244 2393 1282 remonstriren.
2436 1244 2493 1275 Die
2513 1244 2676 1284 Erklärung
2706 1245 2740 1282 ist
2767 1245 2826 1277 mir
2854 1244 2901 1275 bi«
2930 1254 2984 1285 zur
3010 1244 3132 1278 Stunde

2187 1287 2263 1326 nicht
2282 1295 2317 1327 zu
2342 1286 2452 1324 Geficht
2485 1286 2675 1325 gekommen,*
2705 1290 2768 1319 waS
2799 1287 2857 1319 mir
2882 1287 2939 1320 lieb
2973 1288 3022 1326 ist;
3056 1289 3134 1328 sonst

2186 1331 2264 1370 hätte
2285 1329 2324 1369 ich
2353 1328 2434 1364 wohl
2464 1329 2554 1362 meine
2584 1329 2698 1368 Anficht
2724 1339 2757 1370 zu
2788 1329 2950 1369 begründen
2983 1331 3131 1369 versuche«

2185 1373 2303 1413 müssen.
2354 1372 2416 1406 Der
2447 1371 2667 1412 Gchweizrrbote
2697 1373 2817 1412 folgerte
2846 1366 2900 1404 äuS
2930 1375 2978 1405 der
3007 1373 3133 1413 gleiche»

2186 1417 2367 1454 Aeußerung,
2390 1414 2429 1453 ich
2452 1415 2489 1450 sei
2508 1416 2563 1446 mit
2581 1415 2747 1455 denjenigen
2767 1416 2997 1454 einverstanden,
3027 1417 3128 1454 welche

2186 1464 2244 1492 von
2278 1460 2352 1491 einer
2380 1457 2549 1497 Verlegung
2580 1461 2626 1490 der
2654 1458 2989 1497 landwirthschaftlichen
3014 1458 3135 1497 Anstalt

2184 1505 2276 1535 reden.
2320 1502 2382 1534 Mit
2400 1502 2526 1539 Unrecht.
2569 1502 2620 1541 Ich
2640 1502 2718 1541 halte
2737 1502 2825 1540 dafür
2843 1512 2851 1534 :
2879 1503 2967 1534 Muri
2998 1505 3056 1534 und
3086 1503 3132 1535 die

2186 1544 2498 1583 landwirthschaftliche
2518 1545 2628 1583 Schule
2655 1546 2751 1585 paffen
2782 1545 2833 1582 für
2861 1545 3013 1584 einander;
3048 1552 3133 1578 wen»

2186 1588 2255 1627 auch
2274 1587 2521 1626 Schwierigkeiten
2541 1590 2579 1620 da
2600 1588 2671 1626 find,
2693 1589 2724 1627 so
2744 1587 2852 1627 müssen
2872 1587 2908 1626 ste
2935 1587 3132 1621 überwunde»

2186 1633 2306 1663 werden.
2349 1631 2418 1662 Seit
2438 1631 2556 1661 meinem
2577 1630 2691 1668 Bericht
2718 1630 2770 1669 hat
2789 1631 2835 1662 die
2855 1629 2994 1670 gehässige
3023 1630 3131 1669 Befeh¬

2185 1675 2264 1713 dung
2284 1672 2433 1711 stagltcher
2452 1672 2570 1710 Anstalt
2589 1674 2789 1711 fortgedauert,
2812 1673 2856 1705 die
2885 1673 3052 1712 Regierung
3081 1673 3134 1710 hat

2186 1718 2241 1748 da«
2261 1714 2393 1753 Kostgeld
2415 1714 2463 1752 für
2482 1715 2525 1746 die
2544 1715 2688 1754 Zöglinge
2722 1716 2871 1747 bedeutend
2905 1715 3056 1754 ermäßigt,
3088 1716 3135 1747 di»

2188 1760 2247 1790 eine
2266 1761 2315 1790 der
2334 1757 2472 1790 vakanten
2492 1758 2656 1796 Lehrstellen
2677 1759 2710 1797 ist
2730 1758 2829 1790 wieder
2857 1758 2960 1798 besetzt,
2995 1758 3060 1790 aber
3088 1759 3135 1791 di»

2187 1801 2434 1841 Reorganisation
2455 1800 2525 1839 liegt
2552 1800 2620 1839 noch
2654 1802 2694 1833 im
2723 1801 2830 1839 Rathe.
2871 1801 2914 1836 In
2946 1801 3020 1833 einer
3050 1801 3132 1836 pein¬

2188 1844 2278 1882 lichen
2298 1843 2371 1882 Lage
2390 1843 2508 1882 befindet
2526 1843 2576 1882 fich
2595 1844 2651 1879 Hr.
2673 1843 2810 1876 Direktor
2839 1843 2953 1882 Glaser,
2987 1844 3033 1876 der
3063 1844 3138 1882 fort¬

2189 1887 2324 1925 während
2346 1886 2517 1925 angegriffen
2538 1887 2619 1924 wird,
2643 1889 2695 1918 den
2715 1887 2758 1918 die
2785 1887 2951 1926 Regierung
2984 1886 3014 1918 in
3044 1886 3134 1925 seiner

2190 1930 2333 1968 Stellung
2353 1928 2459 1967 beläßt,
2483 1928 2554 1967 ohne
2574 1931 2627 1959 daö
2649 1929 2783 1968 Resultat
2803 1931 2853 1966 der
2870 1930 3054 1968 gepflogenen
3069 1930 3135 1960 Un¬

2189 1973 2351 2012 tersuchung
2373 1981 2405 2011 zu
2436 1972 2671 2010 veröffentlichen,
2704 1973 2757 2004 wie
2787 1976 2817 2005 eS
2849 1972 2914 2012 doch
2944 1972 3066 2010 derselbe
3098 1972 3134 2003 in

2190 2017 2327 2057 loyalster
2345 2016 2437 2053 Weise
2457 2014 2589 2054 verlange
2608 2016 2669 2052 hat.
2713 2016 2780 2047 Daö
2810 2016 2978 2054 Schweigen
3008 2017 3055 2046 der
3076 2015 3135 2046 Re¬

2191 2060 2310 2099 gierung
2330 2058 2363 2096 ist
2383 2057 2505 2096 wirklich
2524 2057 2706 2096 räthselhaft.

2249 2114 2306 2147 Bei
2325 2116 2371 2145 der
2391 2114 2501 2152 letzthin
2521 2114 2724 2153 stattgehabten
2739 2114 2924 2153 Erneuerung
2945 2117 2996 2146 deS
3014 2114 3138 2151 Große»

2191 2159 2304 2196 RatheS
2326 2156 2383 2195 sind
2404 2158 2449 2187 die
2467 2157 2679 2196 Erwartungen
2699 2159 2746 2189 der
2776 2157 2924 2188 Liberalen
2957 2156 3022 2187 weit
3055 2156 3141 2189 über-

2190 2202 2295 2240 troffen
2316 2201 2440 2231 worden.
2482 2199 2539 2231 Die
2558 2200 2738 2238 Opposition
2769 2200 2803 2238 ist
2834 2201 2885 2237 auf
2916 2200 2957 2230 40
2990 2199 3142 2230 Stimm«»

2192 2242 2547 2283 zusammengeschrumpft.
2598 2243 2672 2274 Von
2701 2245 2753 2275 den
2779 2242 2968 2281 katholischen
3004 2241 3143 2281 Bezirken

2191 2288 2245 2326 hat
2264 2285 2445 2324 Laufenburg
2472 2294 2554 2324 ganz,
2588 2286 2788 2324 Rheinfelden,
2820 2286 2923 2317 Baden
2950 2287 3011 2317 und
3041 2285 3148 2317 Brern-

2195 2334 2294 2369 garten
2315 2328 2506 2367 überwiegend
2526 2328 2632 2360 liberal
2653 2329 2795 2368 gewählt;
2830 2332 2876 2360 der
2895 2329 2982 2361 Kreis
3015 2328 3141 2367 Zurzach

2194 2373 2234 2404 im
2256 2371 2356 2412 Bezirk
2377 2371 2496 2410 gleichen
2518 2372 2647 2403 Namens
2670 2372 2758 2410 schickt
2778 2371 2918 2410 ebenfalls
2939 2379 2996 2403 nur
3009 2370 3138 2402 Liberale

2194 2416 2226 2446 in
2246 2418 2299 2446 den
2320 2414 2439 2451 Großen
2460 2414 2552 2451 Rath.
2596 2416 2700 2453 Sogar
2720 2417 2765 2445 der
2786 2414 2887 2453 Bezirk
2901 2414 2990 2446 Muri
3009 2413 3060 2451 hat
3073 2412 3143 2451 noch

2194 2459 2261 2499 zwei
2281 2456 2398 2489 liberale
2420 2457 2573 2493 Vertreter,
2596 2457 2702 2496 freilich
2724 2459 2843 2488 wurden
2864 2457 2898 2495 sie
2912 2457 2987 2496 nicht
3005 2456 3141 2495 gewählt,

2194 2501 2300 2539 weil,
2331 2501 2450 2538 sondern
2485 2500 2641 2538 obschon
2672 2500 2705 2538 ste
2738 2500 2844 2532 liberal
2874 2500 2944 2539 sind,
2976 2506 3071 2539 wegen
3097 2501 3146 2530 der

2196 2544 2333 2582 Eminenz
2354 2545 2400 2574 der
2421 2542 2666 2577 Individualität.
2710 2543 2767 2574 Die
2785 2542 2964 2580 Opposition
2985 2542 3034 2581 hat
3048 2543 3147 2581 zudem

2193 2595 2249 2618 nur
2269 2586 2336 2625 zwei
2356 2585 2460 2626 einzige
2481 2586 2616 2625 gebildete
2638 2585 2766 2618 Männer
2787 2585 2835 2616 als
2857 2585 2975 2623 Führer,
3011 2584 3053 2615 die
3076 2584 3140 2614 Na-

2195 2628 2422 2665 Nationalräthe
2453 2628 2531 2660 Ackli
2570 2630 2628 2660 und
2669 2629 2841 2667 Baidinger.
2894 2627 2955 2658 Der
2997 2626 3144 2664 erwähnte

2195 2672 2427 2709 Korrespondent
2446 2673 2495 2703 des
2518 2672 2643 2709 „Bund"
2665 2672 2736 2708 freut
2749 2671 2797 2709 fich
2812 2670 2896 2708 dieser
2910 2669 3141 2709 Abschwächung

2195 2716 2241 2746 der
2262 2714 2499 2745 ultramontanen
2521 2714 2630 2750 Partei,
2654 2713 2718 2744 weil
2740 2713 2787 2751 fich
2817 2712 2959 2751 nunmehr
2990 2712 3033 2743 die
3063 2711 3143 2744 Libe¬

2194 2757 2277 2788 ralen
2298 2755 2384 2795 selber
2403 2756 2505 2787 wieder
2524 2756 2604 2792 freier
2625 2755 2793 2793 nüanciren,
2816 2758 2844 2786 d.
2868 2755 2897 2794 h.
2921 2755 3087 2794 ungenirter
3107 2754 3141 2784 in

2197 2801 2249 2830 den
2268 2800 2383 2834 Haaren
2403 2798 2494 2837 liegen
2515 2797 2635 2829 können.
2678 2798 2721 2832 In
2740 2800 2802 2829 dem
2823 2798 2970 2836 Angriffe,
3007 2799 3059 2828 den
3089 2798 3145 2827 da»

2196 2842 2347 2881 Aargauer
2367 2841 2566 2879 Wochenblatt
2588 2842 2641 2878 auf
2658 2842 2763 2879 unfern
2784 2841 3026 2880 ausgezeichneten
3052 2839 3146 2872 Mili¬

2196 2883 2362 2915 tärdirektor
2383 2884 2513 2922 Schwarz
2527 2883 2659 2922 gemacht,
2681 2883 2773 2922 haben
2788 2884 2845 2914 wir
2858 2883 2959 2915 bereits
2975 2882 3033 2914 eine
3044 2881 3148 2918 Prob«

2195 2929 2301 2959 davon.
2325 2942 2360 2947 —
2382 2926 2553 2964 Interessant
2574 2925 2606 2964 ist
2634 2935 2673 2957 an
2703 2928 2764 2957 dem
2796 2925 2940 2964 Ergebniß
2970 2926 3018 2956 der
3051 2924 3148 2963 letzten

2195 2968 2325 3008 Wahlen
2343 2968 2411 3006 noch
2432 2971 2480 3000 der
2499 2969 2646 3006 Moment,
2668 2969 2736 3007 daß,
2758 2968 2891 3007 nachdem
2910 2973 2964 3000 vor
2985 2968 3053 3008 zwei
3073 2967 3148 2999 Mo¬

2196 3015 2282 3043 naten
2303 3011 2353 3048 erst
2372 3013 2419 3042 der
2439 3011 2732 3050 Beamtenausschluß
2753 3016 2822 3044 vom
2837 3011 2930 3043 Volke
2949 3010 3051 3042 wieder
3065 3008 3149 3048 sank-

2196 3054 2300 3085 tionirt
2321 3056 2444 3089 worden,
2467 3053 2589 3092 dennoch
2611 3054 2665 3092 fast
2693 3054 2866 3093 sämmtliche
2895 3053 2998 3092 höhere
3028 3052 3150 3083 Beamte

2311 3117 2318 3123 "
2742 3123 2768 3143 ,u
2785 3116 2852 3150 (Li;;
2969 3130 2984 3145 .;
3003 3127 3031 3146 -yj
3054 3127 3066 3145 V

2267 3158 2278 3170 *
2297 3155 2410 3189 Dieselbe
2427 3156 2458 3190 ist
2476 3158 2527 3184 uns
2548 3157 2732 3193 zugekommen.
2768 3158 2815 3186 Da
2830 3154 2874 3191 .st»
2889 3157 2970 3191 .aber.
2987 3156 3043 3191 fünf
3069 3163 3146 3191 ganze

2197 3194 2345 3228 Folioseiten
2364 3194 2474 3229 umfaßt,
2495 3194 2520 3229 so
2538 3199 2593 3223 war
2610 3196 2639 3223 es
2658 3196 2708 3222 uns
2728 3195 2895 3230 beim-besten
2920 3195 3014 3224 Willen
3040 3194 3147 3229 unmög¬

2198 3233 2253 3267 lich,
2273 3231 2305 3266 sie
2323 3232 2350 3259 in
2368 3232 2439 3267 unser
2457 3233 2534 3261 Blatt
2552 3232 2742 3269 auszunehmen.
2825 3225 2832 3231 '
2852 3234 2930 3262 Anm.
2944 3234 2970 3261 d.
2984 3232 3043 3261 Red.

488 3330 661 3385 Feuilleton
691 3335 752 3371 186
752 3336 790 3370 ».

545 3416 603 3443 18.
625 3412 728 3451 März

164 3465 239 3495 1227
258 3464 330 3496 Rach
350 3461 429 3493 kaum
449 3459 631 3494 eilfjührizem
651 3455 815 3492 Pontifikate
840 3457 934 3490 starb
962 3456 1008 3486 der
1028 3457 1112 3489 milde

260 3502 339 3537 Papst
365 3500 567 3537 Hvnoriu«
595 3502 660 3530 in.
709 3500 796 3530 Unter
826 3497 883 3531 ihm
917 3497 1040 3529 entstand
1065 3499 1113 3528 der

257 3541 431 3575 Bettelorden
451 3541 497 3571 der
518 3538 732 3577 Jran;i»kan«r.

159 3591 235 3620 1768
256 3588 302 3624 In
329 3586 424 3620 seinem
449 3587 494 3615 S6.
516 3583 691 3620 Altersjahre
719 3583 811 3616 starb
839 3581 903 3612 der
929 3580 1113 3615 englische

253 3626 523 3662 Schriftsteller
545 3626 681 3659 Lorenz
709 3624 855 3656 Sterne,
901 3622 953 3653 «l,
981 3622 1114 3656 Humor«,

251 3667 328 3703 stiker
345 3668 391 3699 hat
410 3673 439 3697 er
458 3665 624 3697 namentlich
641 3666 693 3694 den
713 3662 919 3698 sentimentalen
937 3662 1049 3695 Roman
1068 3665 1115 3692 be¬

251 3707 367 3741 arbeitet
376 3724 386 3742 ,
414 3714 459 3738 wo
478 3708 550 3739 nicht
568 3706 623 3736 in'»
642 3705 729 3737 Leben
749 3704 880 3738 gerufen,
898 3703 951 3733 und
971 3703 1114 3736 besonder»

249 3749 333 3781 durch
352 3747 420 3781 seine
439 3745 649 3782 »empfindsame
668 3743 761 3777 Reise"
782 3743 811 3774 ist
831 3750 861 3773 er
880 3742 962 3776 seiner
976 3742 1036 3778 Zeit
1052 3743 1115 3772 weit

251 3787 369 3821 bekannt
388 3788 444 3818 und
463 3788 527 3820 auch
548 3786 593 3820 für
613 3785 652 3816 die
666 3783 785 3819 deutsche
797 3782 933 3816 Literatur
946 3781 1114 3818 einflußreich

251 3830 409 3867 geworden.

157 3875 232 3906 1779
253 3871 401 3906 Gluck'»
431 3870 598 3905 herrliche
633 3870 743 3901 Oper:
783 3867 1023 3904 .Iphigenie
1051 3868 1117 3903 auf

252 3911 424 3948 Tauris,"
452 3919 487 3942 an
515 3910 611 3945 diesem
642 3910 719 3945 Tage
746 3908 780 3944 zu
807 3908 917 3942 Pari»
950 3909 1115 3944 aufgefübrt,

250 3953 380 3986 nachdem
399 3957 448 3982 vor
467 3952 531 3987 fünf
546 3952 654 3988 Jahren
673 3950 742 3984 sein«
768 3949 831 3982 erste
851 3948 1039 3985 .Iphigenie",
1058 3949 1115 3979 und

252 3994 311 4029 sein
340 3994 504 4028 „Orpheus"
534 3994 590 4022 und
620 3991 690 4025 seine
712 3988 854 4024 „Armide"
882 3992 953 4023 schon
979 3991 1018 4019 di«
1039 3990 1115 4025 glän¬

251 4033 373 4070 zendsten
384 4033 492 4067 erfolge
505 4039 644 4068 errungen
655 4033 757 4066 hatten,
767 4030 1114 4065 «ntschieddenSieg

252 4072 433 4103 deutscher
452 4073 642 4109 Idealität
661 4074 728 4101 und
746 4071 853 4105 Tiefe
872 4072 937 4102 über
955 4069 1115 4105 italienische

251 4110 441 4146 Sinnlichkeit
460 4115 516 4143 und
536 4112 703 4148 franzvirsche
721 4109 978 4146 Oberflächlichkeit,
997 4111 1053 4141 und
1072 4110 1115 4141 die

252 4150 350 4186 desirr«
379 4153 434 4181 und
463 4154 634 4189 gediegener«
653 4154 809 4188 Richtung,
837 4151 879 4181 die
899 4152 1040 4184 Wahrheit
1058 4152 1114 4181 und

251 4190 482 4226 Wahrhaftigkeit
509 4194 540 4223 in
557 4195 606 4224 der
626 4192 788 4228 Tonkunst,
815 4194 889 4226 hatte
906 4192 949 4226 ihr
969 4192 1053 4224 Recht
1070 4198 1117 4227 ge-

252 4237 386 4264 wonnen.
421 4230 536 4262 Linnen
563 4233 621 4264 drei
650 4234 760 4270 Jahren
789 4233 886 4263 erlebt«
911 4232 995 4266 diese»
1021 4231 1114 4266 Werk,

249 4272 321 4305 noch
347 4271 424 4300 heute
451 4270 495 4301 «in
525 4272 571 4305 fast
598 4273 835 4307 unübertroffene»
865 4272 971 4306 Muster
1003 4272 1113 4308 tragisch

252 4314 408 4346 «rhadene«
427 4312 516 4347 Styl«
534 4313 590 4342 und
609 4313 751 4348 klastischer
772 4313 1041 4349 Formvollendung,
1061 4314 1114 4341 150

252 4352 481 4387 Aufführungen.
523 4352 566 4387 O,
592 4352 644 4384 daß
671 4353 705 4385 st«
733 4354 804 4389 ewig
832 4354 939 4389 grünen
966 4352 1051 4383 blieb«
1071 4353 1114 4382 die

251 4395 346 4432 schtzne
365 4391 425 4428 Zeit
443 4394 488 4423 dir
507 4406 544 4412 —
561 4392 789 4430 Wahrhaftigkeit
807 4393 837 4425 in
857 4396 903 4425 der
913 4392 1023 4427 Kunst!

1184 3341 1252 3370 1797
1273 3340 1317 3377 In
1337 3340 1456 3372 Gotha
1482 3340 1570 3373 starb
1590 3340 1771 3378 Friedrich
1788 3341 1960 3374 Wilhelm
1982 3344 2129 3377 Götter,

1273 3388 1312 3411 >m
1342 3382 1388 3410 St.
1412 3380 1605 3418 Altersjahre,
1634 3380 1677 3411 ein
1704 3381 1879 3419 anmuthiger
1898 3382 2026 3418 Dichter,
2050 3384 2129 3416 durch

1270 3420 1448 3455 Korrektheit
1466 3422 1513 3451 der
1528 3423 1616 3458 Form
1635 3422 1691 3452 und
1709 3422 1788 3456 durch
1807 3424 1860 3453 den
1879 3423 2132 3458 Musenalmanach,

1271 3462 1322 3492 den
1343 3468 1372 3492 er
1391 3461 1439 3496 seit
1460 3462 1530 3490 t?70
1548 3462 1598 3492 mit
1614 3461 1685 3497 Boje
1704 3462 1871 3497 gemeinsam
1889 3465 2049 3500 herau»gab,
2069 3465 2132 3498 trotz

1272 3500 1342 3532 allen
1362 3503 1527 3535 Anlehnen«
1547 3509 1583 3533 an
1614 3501 1779 3536 sranzdüsche
1798 3504 1922 3540 Muster,
1942 3511 1989 3535 um
2010 3505 2133 3535 Mutter-

1272 3541 1386 3578 spräche,
1405 3542 1510 3573 Metrik
1529 3543 1585 3573 und
1605 3541 1761 3576 Dichtkunst
1779 3543 1890 3579 vielfach
1910 3544 2042 3575 verdient.

1183 3585 1252 3613 1807
1272 3586 1334 3617 Da»
1363 3585 1494 3622 englische
1511 3587 1661 3620 Oberbau»
1689 3587 1797 3620 «rtheilt
1823 3588 1923 3623 endlich
1942 3589 1988 3618 der
2008 3587 2066 3621 Bill
2086 3589 2133 3617 des

1273 3625 1372 3658 Will.
1392 3626 1635 3660 Wilberforee
1659 3627 1708 3661 auf
1729 3627 1905 3664 Abschaffung
1929 3632 1975 3659 de»
1995 3627 2133 3662 Sklaven¬

1271 3666 1388 3697 handel«
1406 3667 1478 3699 seine
1497 3667 1697 3703 Zustimmung.

1182 3709 1253 3737 L8tZ
1272 3710 1315 3745 Zu
1328 3710 1596 3749 Wesselduren,
1610 3711 1696 3743 einem
1711 3711 1798 3744 Dorfe
1810 3711 1842 3743 in
1856 3713 2133 3747 Dithmarschen,

1274 3752 1386 3784 ward,
1405 3758 1499 3783 armer
1519 3753 1616 3785 Eltern
1633 3751 1725 3787 Kind,
1751 3754 1904 3787 geboren
1936 3753 2131 3788 Christian

1274 3789 1453 3825 Friedrich
1482 3793 1637 3828 Hebbel,
1660 3794 1705 3822 der
1723 3792 1835 3826 Dichter
1862 3794 1906 3823 der
1931 3795 2041 3829 .Agnes
2061 3794 2133 3825 Ler-

1273 3833 1372 3859 nauer"
1403 3833 1462 3862 und
1489 3834 1536 3863 der
1555 3833 1770 3868 „Nibelungen."
1807 3833 1899 3868 Frühe
1925 3836 2018 3870 prägte
2036 3833 2081 3866 sich
2100 3832 2131 3863 in

1273 3869 1328 3902 ihm
1339 3870 1382 3900 die
1392 3871 1621 3907 «igenthümlich«
1631 3873 1709 3907 Kraft
1719 3871 1802 3906 diese»
1817 3873 1971 3906 nordischen
1984 3874 2131 3906 Stamme»

1271 3915 1333 3940 au».
1359 3911 1459 3947 Sagen
1472 3915 1529 3943 und
1545 3913 1756 3947 Erinnerungen
1769 3917 1823 3943 von
1837 3915 1888 3943 den
1901 3912 2130 3949 Heldenkämpfen

1271 3949 1357 3982 seine«
1376 3952 1481 3984 Volke»
1501 3954 1619 3985 bildeten
1637 3954 1678 3984 di«
1696 3953 1833 3987 Begleiter
1851 3954 1935 3988 seiner
1948 3954 2071 3989 Jugend,
2089 3953 2131 3983 die

1272 3989 1354 4021 Bibel
1373 3995 1430 4022 und
1449 3994 1491 4024 die
1509 3994 1645 4028 deutschen
1665 3991 1845 4026 Volksbücher
1872 3992 1992 4027 schloffen
2018 3993 2063 4025 sich
2082 4000 2129 4023 an.

1272 4029 1326 4061 Di«
1345 4031 1468 4066 Nordsee
1488 4035 1635 4068 erschreckt«
1654 4033 1701 4067 ihn
1729 4034 1784 4063 und
1805 4040 1851 4067 zog
1872 4033 1917 4066 ihn
1937 4035 1999 4066 doch
2018 4040 2053 4063 an
2074 4037 2130 4063 und

1273 4070 1333 4100 übte
1352 4073 1401 4106 auf
1419 4072 1489 4107 seine
1509 4074 1711 4109 Entwickelung
1730 4074 1786 4108 sehr
1805 4074 1986 4104 bedeutenden
2006 4072 2130 4107 Einfluß.

1272 4110 1411 4144 Nachdem
1441 4121 1470 4144 er
1489 4120 1544 4145 von
1564 4115 1661 4149 seinem
1683 4114 1727 4142 tS.
1747 4113 1789 4144 bi»
1808 4115 1845 4142 22
1847 4134 1855 4142 .
1876 4115 1965 4150 Jahr«
1984 4114 2131 4147 Schreiber

1271 4150 1313 4180 dei
1330 4154 1390 4182 dem
1411 4154 1490 4191 Vogt
1507 4155 1594 4190 seine»
1614 4153 1775 4188 Kirchspiels
1794 4154 1925 4190 gewesen,
1944 4155 2000 4184 kam
2020 4161 2048 4184 er
2067 4156 2130 4187 nach

1271 4193 1426 4229 Hamburg.
1466 4196 1540 4226 Dort
1566 4196 1613 4228 erst
1641 4195 1738 4225 konnte
1765 4202 1794 4225 er
1814 4202 1846 4229 zu
1875 4195 1968 4225 lernen
1988 4194 2130 4230 beginnen,

1271 4233 1327 4262 und
1346 4232 1388 4264 die
1413 4237 1478 4265 dort
1505 4237 1616 4266 lebend«
1634 4234 1858 4269 Schriftstellerin
1880 4235 1988 4268 Amalie
2007 4236 2131 4269 Schoppe

1269 4273 1355 4304 nahm
1385 4275 1432 4308 sich
1463 4276 1549 4310 seiner
1573 4274 1728 4311 werkihätig
1755 4282 1800 4307 an.
1837 4277 1882 4314 In
1902 4277 2058 4311 Heidelberg
2076 4278 2131 4306 und

1269 4312 1411 4347 München
1441 4316 1551 4348 studlrte
1578 4323 1608 4346 er
1627 4316 1683 4345 und
1712 4317 1819 4351 begann
1848 4318 1920 4346 dann
1939 4324 1970 4351 zu
1989 4317 2132 4351 Hamburg

1272 4352 1343 4385 sein«
1370 4354 1533 4389 dichterische
1551 4356 1711 4391 Laufbahn,
1739 4357 1789 4392 auf
1815 4357 1926 4391 welcher
1950 4357 2051 4389 Talent
2076 4357 2134 4387 und

1271 4392 1349 4428 Fleiß
1369 4393 1417 4429 ihn
1439 4395 1500 4427 «ine
1518 4396 1663 4432 rühmliche
1685 4398 1763 4433 Hvhe
1781 4397 1913 4433 erreichen
1932 4395 2032 4432 ließen.

2196 3343 2267 3373 18»8
2286 3342 2400 3378 König
2430 3341 2611 3378 Friedrich
2640 3342 2815 3376 Wilhelm
2834 3345 2889 3374 IV.
2908 3342 3067 3376 verspricht,
3096 3347 3145 3377 ge¬

2289 3384 2387 3417 drängt
2414 3387 2469 3413 von
2497 3381 2584 3417 seiner
2612 3384 2785 3419 aufgeregten
2812 3382 2988 3419 Hauptstadt,
3014 3379 3055 3411 die
3075 3382 3148 3412 Um-

2288 3423 2435 3458 Wandlung
2473 3423 2672 3457 Deütschland«
2705 3423 2736 3453 in
2765 3425 2843 3454 «inen
2875 3420 3073 3455 Bundesstaat,
3102 3419 3148 3451 die

2288 3463 2453 3498 Errichtung
2483 3463 2560 3495 eine»
2588 3464 2799 3497 Bunderheeree
2826 3463 2881 3492 und
2908 3461 2984 3491 einer
3014 3461 3149 3492 Lundes¬

2289 3502 2382 3539 flott«;
2410 3503 2643 3540 Verheißungen,
2676 3505 2768 3536 welche
2797 3502 2903 3537 seitdem
2930 3501 2983 3532 alle
3010 3499 3151 3535 unerfüllt

2291 3543 2427 3579 geblieben
2459 3543 2534 3579 sind,
2561 3542 2590 3578 ja
2608 3550 2639 3579 zu
2666 3545 2744 3573 deren
2764 3540 2913 3576 Erfüllung
2941 3541 3015 3575 nicht
3042 3539 3152 3572 einmal

2291 3584 2372 3618 Hand
2390 3584 2518 3619 angelegt
2536 3583 2638 3614 wurde.

2201 3628 2274 3656 1862
2292 3628 2336 3664 Zu
2363 3627 2481 3663 Nizza
2515 3628 2607 3659 starb
2638 3627 2807 3662 Jacque»
2841 3626 3151 3661 Frommenthal

2293 3669 2320 3703 H
2331 3675 2346 3697 a
2355 3667 2364 3697 l
2373 3675 2387 3697 e
2397 3673 2412 3703 v
2422 3675 2460 3703 y,
2487 3667 2528 3697 ein
2548 3669 2678 3702 gedorner
2698 3666 2773 3701 Jude
2791 3669 2846 3696 au«
2863 3665 2976 3702 Pari»,
3006 3668 3040 3694 63
3061 3667 3154 3703 Jahre

2288 3708 2336 3738 alt.
2373 3708 2413 3739 Er
2432 3715 2489 3738 war
2510 3707 2551 3737 ein
2571 3706 2744 3737 talentvoller
2764 3707 2885 3741 Schüler
2914 3713 2969 3739 von
2990 3708 3156 3743 Eberubini,

2291 3747 2361 3782 seine
2378 3747 2473 3781 Oper:
2504 3747 2572 3779 „Die
2593 3746 2700 3782 Jüdin"
2730 3747 2830 3779 bahnte
2859 3748 2916 3780 ihm
2936 3749 2988 3779 den
3008 3748 3093 3783 Weg;
3118 3747 3156 3779 ste

2290 3787 2320 3821 ist
2339 3787 2410 3821 wohl
2428 3789 2477 3817 da»
2497 3788 2676 3819 bedeutendste
2697 3788 2782 3820 seiner
2797 3788 2897 3820 Werke
2916 3790 2972 3819 und
2986 3787 3154 3819 deurkuudet

2290 3826 2349 3857 «ine
2368 3826 2523 3862 gründliche
2541 3827 2647 3860 Schul«
2667 3829 2724 3858 und
2750 3829 2837 3862 reiche
2856 3829 3072 3864 Kunstanlagen.
3110 3828 3155 3860 Er

2289 3867 2381 3897 wurde
2401 3867 2486 3901 später
2504 3867 2602 3899 Lehrer
2621 3868 2669 3899 der
2687 3869 2879 3904 Komposition
2898 3877 2943 3901 am
2961 3868 3156 3905 sranzdüsche»

2288 3906 2543 3939 Konservatorium.

2417 4037 2489 4072 Eine
2511 4037 2607 4080 Nacht
2629 4038 2662 4073 in
2684 4040 2739 4074 den
2759 4039 2941 4083 Kpenninen.

2347 4093 2405 4122 Aus
2422 4094 2468 4122 den
2487 4096 2678 4132 Erinnerungen
2697 4096 2764 4124 eines
2781 4097 2850 4124 alten
2868 4097 3005 4126 Soldaten.

2268 4140 2336 4171 Wer
2360 4139 2456 4174 jemals
2479 4142 2521 4174 di«
2538 4144 2692 4175 Avenainrn
2716 4142 2832 4177 zwischen
2850 4145 2990 4175 Sulmona
3016 4143 3070 4173 und
3091 4143 3156 4175 dem

2201 4182 2320 4217 Schlöffe
2337 4183 2364 4213 di
2381 4186 2496 4219 Eangro
2513 4186 2600 4219 pasiüt
2615 4188 2677 4220 bat,
2705 4187 2770 4216 wird
2787 4186 2833 4218 sich
2849 4186 2932 4220 gewiß
2947 4188 2992 4217 der
3009 4185 3156 4217 merkwür¬

2199 4225 2276 4260 digen
2294 4226 2384 4260 Piano
2401 4228 2427 4258 di
2445 4228 2545 4263 Einque
2562 4229 2657 4264 Miglie
2673 4228 2804 4259 erinnern.
2828 4229 2868 4260 E»
2884 4229 2912 4261 ist
2929 4229 2996 4264 dir»,
3013 4229 3063 4260 wie
3080 4231 3156 4263 schoa

2199 4269 2245 4300 der
2261 4270 2351 4301 Name
2368 4271 2432 4306 sagt,
2449 4273 2506 4303 eine
2523 4272 2649 4305 ungefähr
2665 4271 2725 4305 fünf
2741 4271 2842 4303 Meilen
2859 4273 2944 4306 lange,
2961 4279 2997 4303 an
3015 4273 3154 4306 mehrere»

2201 4312 2311 4344 Stellen
2338 4313 2395 4344 eine
2410 4321 2508 4350 ganze,
2529 4322 2563 4345 an
2580 4315 2690 4345 anderen
2707 4320 2759 4344 nur
2783 4314 2840 4344 «io«
2857 4315 3055 4347 Viertel-Meüe
3072 4315 3154 4345 breit«

2203 4355 2302 4391 Ebene,
2321 4356 2360 4387 di«
2376 4357 2422 4391 stch
2438 4357 2486 4390 auf
2501 4360 2560 4388 dem
2578 4357 2665 4391 Gipfel
2682 4358 2726 4387 der
2737 4357 2902 4393 Apennin«»,
2920 4358 3080 4390 viertausend
3091 4355 3155 4393 Fufl

2202 4400 2266 4430 üder
2291 4400 2351 4432 de«
2369 4400 2566 4436 Meeresspiegel
2589 4400 2716 4436 hmzieht,
2741 4398 2804 4434 flach
2828 4404 2884 4432 und
2908 4402 2972 4436 glatt
2995 4400 3024 4433 ist
3040 4400 3090 4432 wie
3106 4399 3153 4432 et»
