2878 3484
166 106 382 141 Halbjähriger
416 106 800 141 ^ränumerationt-Prett

259 153 348 184 sechs
384 153 717 188 Schweizer-Sranken.

2021 103 2224 139 Llnriickunz!
2244 114 2254 129 «
2278 101 2446 135 Gebühren
2471 101 2554 133 vier
2580 103 2649 136 grt«

2171 151 2303 185 Kreuzer
2329 150 2377 179 die
2404 150 2498 183 Zeile.

289 379 354 413 '♦V
379 401 397 410 -

546 282 922 402 Neue
1010 270 2286 430 Zürchkr-Zeitung.

237 544 573 593 Sonnabend

1272 539 1330 598 N
1352 551 1379 596 r
1402 551 1431 595 0
1434 574 1447 590 .
1484 541 1569 596 40.

887 670 1010 707 (Druck
1035 670 1100 702 und
1125 670 1246 707 Verlas
1271 669 1335 702 von
1359 669 1510 706 Orell,
1538 669 1659 706 Füßll
1696 669 1761 701 und
1785 668 1940 706 Comp.)

2040 548 2137 589 den
2169 544 2211 589 3.
2241 542 2399 598 April
2435 544 2496 589 18

2470 613 2473 616 ■
2521 609 2529 633 r

225 814 468 854 Schweizerische
490 817 777 855 Eidgenossenschaft
806 815 1065 852 (Kreisschreiben
1089 816 1143 847 des
1166 815 1317 846 NorortS.
1363 814 1456 851 Zwey
1473 811 1716 849 KreiSschreibei,
1739 813 1791 844 der
1809 811 2232 852 Linthpolizey-Kommiffion
2255 819 2296 842 an
2317 811 2364 841 die
2379 810 2590 849 Linthschifsah

267 857 425 890 Kancone.
472 860 741 898 Verhandlungen
764 867 833 891 vom
857 860 971 897 großen
995 859 1079 893 Rath
1102 860 1154 890 deS
1178 855 1324 890 Standes
1349 857 1450 889 Bern.
1494 856 1701 897 Genferisches
1722 853 1956 895 Äbgobengeseh
1980 855 2042 886 und
2068 854 2195 892 Budget
2219 854 2270 890 für
2295 855 2386 893 1824.
2412 878 2417 882 .
2431 854 2650 886 Waadtland,-

270 902 328 933 sche
351 902 520 938 Ziegenbut
543 906 607 935 und
630 903 822 941 Pfyfferische
845 902 1083 936 Reklamation).
1124 900 1275 936 Spanien
1298 898 1604 935 (Militäramnesiie).
1649 898 1917 933 Großbritannieu
1942 898 2131 937 (Forsetzung
2153 899 2206 928 der
2230 897 2313 927 Rede
2336 899 2391 928 des
2415 897 2511 931 Lords
2527 895 2653 933 Rüssel.

270 944 499 980 Welthistorisch
525 947 653 985 wichtige
677 945 815 984 Angabe.
841 948 905 976 waS
928 942 1070 983 England
1093 950 1153 974 von
1167 939 1227 974 her
1251 941 1571 977 nvrdamerikanischen
1593 939 1812 977 Insurrektion
1835 941 1886 977 für
1910 941 2025 978 Nutzen
2050 944 2205 979 gezogen).
2251 939 2424 976 Frankreich
2455 940 2655 978 (Wcchlhym,

269 986 358 1023 nuS).
403 987 610 1027 Deutschland
634 988 951 1027 (Speyrer-Zeitung.
995 986 1223 1024 Hamburgische
1247 985 1486 1023 Dörsegeschäfte
1511 983 1617 1022 durchs
1636 984 1752 1016 Gitter.
1798 983 1996 1021 Nachrichten
2014 982 2078 1015 aus
2091 981 2295 1021 Würzburg).
2339 982 2476 1020 Italien.
2520 982 2654 1019 Turkey.

379 1121 719 1166 Schweizerische
750 1120 1187 1168 Eidgenossenschaft.

258 1193 367 1230 Durch
390 1191 646 1236 Kreisschreibe»
670 1201 742 1229 vom
766 1197 822 1230 28.
847 1192 947 1233 März
971 1192 1148 1234 Übermacht
1171 1191 1224 1231 der
1247 1189 1387 1234 geheime

187 1246 280 1287 Rath
310 1246 365 1282 des
390 1248 536 1284 Vororts
560 1248 674 1284 Bern
709 1248 765 1283 den
796 1248 949 1285 Standen
984 1246 1051 1293 ein?
1083 1247 1178 1287 Tags
1205 1253 1299 1285 zuvor
1325 1253 1388 1282 von

188 1301 259 1337 dem
282 1302 308 1337 k.
327 1303 354 1337 k.
383 1300 488 1343 österr.
508 1301 685 1344 Minister,
710 1303 794 1346 Hrn.
819 1311 880 1337 von
904 1302 1067 1340 Schraut,
1094 1301 1160 1340 ihm
1186 1298 1388 1342 ekngereichte

191 1357 301 1396 Note,
326 1356 417 1396 durch
444 1357 551 1394 welche
578 1355 628 1393 die
648 1354 1153 1399 Kantonsregierungen-ersucht
1175 1355 1320 1392 werden,
1347 1352 1390 1389 ei¬

189 1419 252 1446 nen
279 1419 331 1446 am
361 1414 421 1446 17.
446 1409 543 1451 März
569 1413 630 1447 aus
653 1410 808 1449 Mailand
834 1409 1213 1453 wegen"Kassadiebstahl
1242 1407 1389 1452 entflohe¬

185 1474 252 1502 nen
282 1465 674 1508 VerpflegungSadjunkt-
708 1465 826 1517 Joseph
849 1467 1064 1504 Bommeyer,
1100 1472 1162 1500 von
1183 1461 1303 1500 Wien,
1341 1460 1389 1498 im

188 1519 455 1561 Betretungsfall
484 1521 636 1561 anhalten
659 1520 722 1554 und
745 1518 921 1561 ausliefern
946 1527 982 1559 zu
1008 1517 1121 1559 lassen..
1158 1519 1229 1555 Der
1253 1515 1390 1553 Verbre¬

191 1574 278 1615 cher,
318 1575 443 1613 welcher
474 1573 567 1616 große
595 1575 769 1611 Summen,
787 1573 823 1609 in
846 1572 1003 1614 Papiere»
1036 1572 1097 1608 und
1128 1572 1296 1609 Urkunden
1323 1574 1394 1606 ent¬

190 1627 330 1670 fremdet
358 1628 423 1664 und
455 1627 536 1665 viele
564 1628 641 1670 sonst
669 1627 867 1669 unschuldige
893 1629 1033 1665 Beamte
1062 1625 1314 1666 verantwortlich
1343 1634 1393 1669 ge¬

194 1683 298 1720 macht
317 1683 392 1722 hat,
420 1682 472 1724 soll
491 1680 568 1724 sich,
593 1681 651 1718 wie
668 1690 742 1718 man
760 1683 888 1723 glaubt,
915 1680 991 1716 über
1006 1681 1103 1719 Como
1125 1679 1160 1716 in
1183 1678 1232 1715 die
1249 1679 1395 1720 Schweiz

196 1735 359 1779 geflüchtet
386 1736 486 1776 haben
512 1735 576 1772 und
607 1738 643 1771 es
673 1736 750 1771 wird
776 1735 846 1771 dem
873 1736 926 1770 der
951 1733 1006 1774 ihn
1036 1743 1072 1774 zu
1096 1733 1239 1775 Verhaft
1263 1733 1394 1776 bringen

193 1798 289 1831 mag,
315 1790 384 1826 eine
406 1790 600 1833 Belohnung
624 1799 685 1825 von
698 1788 882 1830 eintausend
906 1789 1054 1827 Dukaten
1077 1786 1271 1830 zugesichert.
1324 1789 1396 1826 Der

194 1843 323 1879 Vorort
347 1842 440 1882 hat,,
463 1843 518 1884 bey
545 1843 598 1877 der
623 1845 734 1880 Natur
761 1844 823 1878 des.
847 1844 1044 1885 begangenen
1072 1842 1307 1882 Verbrechens,
1347 1842 1418 1879 die'

195 1895 402 1941 Zusicherung
422 1896 673 1938 entsprechender
693 1895 942 1938 Vorkehrungen
963 1904 1022 1931 von
1042 1896 1141 1932 Seite
1164 1896 1219 1932 der
1230 1897 1396 1932 KantonS-

198 1947 355 1994 behörden
379 1949 520 1991 ertheilt.

269 2011 334 2051 Die
356 2011 968 2056 Linthpolizey-Kommission
991 2011 1047 2052 hat
1067 2014 1193 2048 unterm
1215 2012 1272 2046 24.
1295 2011 1394 2052 Marz

198 2077 241 2105 an
271 2065 320 2104 die
344 2066 571 2109 Negierungen
593 2066 644 2102 der
670 2067 837 2104 Kantone,
863 2066 970 2106 welche
998 2075 1037 2102 an
1061 2065 1115 2102 der
1140 2064 1396 2109 Linthschiffahrt

197 2121 299 2164 Theil
323 2122 476 2163 nehmen,
513 2128 596 2163 zwey
618 2119 872 2162 Kreisschreiben
894 2119 1041 2161 erlassen,
1076 2127 1185 2155 wovon
1215 2119 1274 2155 das
1306 2118 1375 2155 eine
1387 2113 1404 2159 ,'

198 2176 264 2215 mit
295 2176 347 2212 der
378 2175 537 2218 Anzeige,
579 2175 637 2216 daß
669 2176 725 2215 bey
753 2174 822 2210 dem
849 2174 1024 2217 überhaupt
1053 2174 1119 2215 sehr
1147 2173 1398 2217 befriedigenden

201 2230 389 2274 technischen
414 2230 550 2275 Zustand
579 2230 635 2266 des
661 2229 877 2269 Linthwerks,
914 2228 1045 2268 dennoch
1068 2229 1209 2268 mehrere
1236 2237 1273 2269 zu
1301 2228 1401 2270 dessen

202 2287 414 2328 Vollendung
428 2283 641 2322 erforderliche
658 2283 809 2320 Arbeiten
830 2285 947 2321 annoch
969 2282 1058 2326 übrig
1081 2282 1167 2325 sind,
1191 2284 1299 2323 welche
1318 2284 1401 2323 nicht

201 2342 237 2380 in
263 2341 313 2379 die
335 2338 699 2383 Unterhaltungspflicht
723 2338 774 2374 der
795 2337 1007 2378 Linthbezirke
1019 2335 1185 2380 'gehören,
1212 2338 1271 2374 das
1296 2338 1428 2382 Ansu--

201 2399 274 2436 chen
300 2393 485 2435 verbindet,
525 2396 561 2430 es
590 2392 705 2430 möchte
730 2392 782 2429 der
810 2393 928 2434 Ertrag
954 2392 1010 2428 des
1037 2393 1231 2433 LmthzollS,
1274 2393 1303 2434 so
1325 2392 1402 2429 weit

201 2451 340 2495 derselbe
369 2448 454 2492 seine
480 2449 595 2489 nächste
616 2445 841 2490 Bestimmung
868 2446 920 2488 für
948 2447 1007 2482 den
1033 2447 1204 2488 Unterhalt
1229 2447 1282 2484 der
1309 2449 1402 2484 Reck¬

201 2515 287 2549 wege
308 2502 498 2547 übersteigt,
537 2504 607 2543 noch
635 2501 688 2542 für
715 2502 744 2545 so
770 2502 860 2544 lange
893 2502 944 2538 als
971 2500 1080 2545 nöthig
1111 2502 1183 2544 feyn
1213 2501 1311 2541 wird,
1349 2501 1402 2538 der

173 2578 182 2588 -
201 2559 374 2605 Linthkasse
393 2548 564 2598 überlassen
582 2556 725 2594 bleiben,
752 2556 859 2592 welche
882 2558 944 2592 aus
967 2555 1034 2591 dem
1052 2558 1171 2598 Ertrag
1192 2556 1245 2592 der
1262 2554 1402 2594 Dämme

202 2615 275 2653 «»fr
298 2612 353 2651 des
383 2612 618 2654 Linthbodens,
660 2611 711 2646 der
743 2610 815 2652 ihre
838 2610 1045 2651 fürdauernve
1075 2610 1254 2652 Einnahme
1281 2609 1401 2649 bildet,

203 2672 274 2715 jene
299 2665 668 2710 Voüendungsarbeiten
693 2665 726 2702 in
750 2666 808 2701 den
840 2664 977 2707 nächsten
1005 2665 1131 2709 Jahren
1158 2674 1194 2704 zu
1219 2664 1402 2708 bestreiten,

206 2726 304 2768 außer
327 2723 460 2762 Stande
484 2721 556 2764 seyn
578 2720 698 2757 würde.
746 2722 834 2759 Dem
862 2720 1041 2763 Ansuchen,
1067 2719 1147 2763 hofft
1171 2718 1220 2756 die
1247 2719 1404 2762 Kommis¬

206 2779 290 2823 sion,
315 2778 446 2821 dürften
468 2777 517 2813 die
540 2774 670 2814 Stände
694 2786 728 2816 zu
753 2775 949 2819 entsprechen
980 2773 1030 2816 sich
1057 2773 1184 2818 geneigt
1210 2774 1337 2819 finden,
1369 2773 1404 2809 in

204 2833 384 2878 Erwägung
411 2834 463 2868 der
490 2831 605 2875 großen
630 2830 797 2871 Vortheile
825 2831 887 2865 und
918 2831 971 2865 der
996 2829 1177 2866 bleibenden
1206 2828 1404 2871 Sicherheit,

206 2890 314 2930 welche
342 2888 394 2932 für
420 2887 470 2923 die
497 2886 680 2928 Schiffahrt
708 2886 797 2925 durch
828 2884 876 2921 die
905 2883 1174 2926 Linthkorrektion
1204 2883 1268 2926 sind
1296 2883 1406 2925 erzielt

206 2945 344 2981 worden.
369 2945 446 2981 Das
463 2946 578 2983 zweyte
592 2937 844 2982 Kreisschreiben
863 2939 983 2983 betrifft
1000 2940 1058 2975 den
1071 2938 1268 2983 linkseitkgen
1282 2939 1406 2978 Damm

207 3000 265 3035 des
278 2997 559 3037 Benknerkanals,
576 2995 672 3037 dessen
686 2995 859 3038 Besserung
877 2995 1021 3037 verlangt
1040 2995 1125 3030 ward
1143 2994 1208 3030 und
1229 2996 1300 3033 auch
1319 2993 1406 3037 schon

208 3055 389 3096 bedeutsam
417 3053 561 3094 erhalten
582 3050 641 3093 ist,
667 3061 703 3091 zu
730 3051 828 3091 dessen
855 3050 1010 3090 mehrerer
1027 3048 1195 3093 Festigkeit
1218 3048 1317 3091 jedoch
1339 3058 1406 3086 nun

205 3109 271 3153 sein
294 3109 458 3153 Gebrauch
480 3106 531 3150 für
556 3107 616 3143 das
633 3108 749 3144 Recke»
773 3106 826 3144 der
848 3104 989 3151 Schiffe,
1015 3105 1088 3149 statt
1113 3104 1170 3142 des
1192 3103 1241 3142 im
1261 3105 1406 3148 Vertrag

1452 1091 1531 1129 über
1554 1091 1604 1128 die
1635 1092 1819 1135 Schiffahrt
1848 1091 1924 1133 dazu
1950 1091 2148 1134 bestimmten
2171 1089 2387 1134 rechtfeitigeu
2412 1091 2557 1127 Damms
2569 1111 2578 1130 ,
2603 1088 2657 1130 für

1454 1146 1523 1182 eine
1549 1145 1696 1193 Zeitlang
1720 1146 1853 1188 dienlich
1885 1146 1951 1181 und
1980 1145 2103 1190 nützlich
2132 1148 2269 1185 erachtet
2298 1144 2402 1189 wird;
2442 1144 2493 1182 die
2522 1144 2661 1184 Stande

1455 1201 1578 1239 werden
1605 1211 1659 1238 um
1688 1201 1753 1243 ihre
1777 1200 2013 1244 Einwilligung
2039 1198 2135 1243 dafür
2159 1199 2292 1242 ersucht.

1526 1256 1594 1292 Der
1627 1255 1719 1298 große
1752 1257 1843 1299 Rath
1872 1256 1929 1292 des
1960 1254 2115 1293 Standes
2138 1255 2253 1291 Bern
2288 1254 2344 1296 hat
2368 1253 2404 1291 in
2436 1253 2492 1290 der
2523 1252 2664 1298 Sitzung

1456 1317 1529 1347 vom
1554 1314 1611 1346 27.
1638 1309 1735 1350 März
1765 1320 1832 1346 nun
1860 1312 1935 1350 auch
1965 1310 2025 1346 den
2059 1310 2130 1349 noch
2161 1308 2297 1350 übrigen
2327 1308 2424 1349 Theil
2454 1308 2509 1345 der
2542 1317 2582 1343 an
2613 1307 2663 1343 die

1456 1364 1977 1410 Iivilgefetzgebungskommission
2009 1362 2306 1406 zurückgewiesenen
2337 1362 2481 1402 Artikel,
2516 1361 2552 1399 in
2575 1362 2664 1404 mehr

1457 1419 1523 1455 und
1549 1418 1675 1456 minder
1703 1416 1906 1456 veränderter
1927 1418 2097 1460 Abfassung
2122 1415 2175 1459 sich
2201 1422 2370 1459 vortragen
2402 1417 2514 1459 lassen,
2555 1415 2665 1466 diefxlr

1458 1474 1518 1510 ben
1539 1474 1699 1512 nochmals
1728 1472 1865 1509 erörtert
1885 1472 1951 1508 und
1972 1471 2181 1515 insgefammt
2201 1476 2260 1515 gut
2284 1471 2448 1515 geheißen.
2506 1473 2578 1509 Der
2603 1480 2663 1507 we¬

1460 1528 1628 1571 sentlichste
1639 1529 1747 1574 Punkt
1768 1527 1868 1571 dieser
1884 1525 2131 1569 nachträglichen
2149 1524 2389 1568 Erörterungen
2412 1525 2518 1567 betraf
2533 1524 2582 1561 die
2596 1533 2667 1562 ver¬

1459 1581 1764 1625 wandtschaftlichen
1791 1580 2099 1624 Vormundschaften
2118 1579 2530 1624 (Familien-Kuratelen),
2555 1581 2665 1620 welche

1461 1637 1510 1674 die
1533 1626 1741 1677 Kommission
1771 1638 1834 1672 aus
1856 1635 1958 1675 ihrem
1987 1634 2155 1677 Entwürfe
2179 1635 2318 1677 anfangs
2342 1635 2543 1678 weggelaffen
2559 1636 2667 1675 hatte.

1460 1690 1528 1731 Auf
1546 1689 1604 1726 der
1632 1690 1727 1727 einen
1752 1686 1855 1726 Seite
1882 1688 1986 1729 fühlte
2011 1697 2085 1731 mg»
2096 1688 2170 1724 .das
2199 1687 2401 1729 Gefährliche
2425 1688 2518 1725 einer
2552 1690 2668 1736 solchen

1461 1742 1669 1788 Institution
1690 1742 1741 1785 für
1765 1741 1815 1779 die
1842 1742 2138 1787 Pflegbefohleneu,
2179 1742 2239 1783 auf
2263 1742 2316 1778 der
2346 1742 2468 1779 andern
2491 1743 2564 1779 aber
2590 1743 2669 1783 hielt

1462 1806 1538 1835 man
1562 1797 1693 1841 dieselbe
1721 1796 1773 1839 für
1796 1796 1917 1839 gewisse
1938 1795 2153 1837 Verhältnisse
2175 1796 2397 1839 nothwendig;
2425 1796 2479 1832 der
2503 1805 2582 1833 neue
2603 1801 2674 1835 An¬

1464 1857 1557 1897 trag,
1581 1852 1713 1897 welchen
1733 1850 1786 1888 die
1807 1850 2019 1893 Kommission
2045 1849 2179 1886 darüber
2205 1851 2351 1891 brachte,
2387 1850 2463 1893 fand
2489 1850 2671 1891 inzwischen

1462 1905 1670 1949 allgemeinen
1699 1905 1852 1948 Beyfall;
1881 1903 1920 1947 sie
1947 1904 2046 1947 schlug
2074 1902 2206 1944 nämlich
2234 1911 2311 1942 vor:
2338 1904 2407 1940 dem
2426 1903 2548 1941 kleinen
2562 1907 2671 1945 Rathe

1464 1960 1520 2003 soll
1544 1959 1593 1995 die
1618 1958 1786 2002 Defugniß
1811 1959 1972 2000 zustehen,
1999 1957 2032 1994 in
2060 1957 2371 1999 außerordentlichen
2401 1956 2509 2003 Fällen
2528 1960 2590 1994 und
2615 1958 2674 1999 auf

1461 2012 1637 2057 gemachtes
1665 2013 1829 2056 Ansuchen
1865 2013 1918 2049 der
1952 2012 2173 2049 Verwandten
2204 2012 2672 2055 der.vormundsbedürftigen

1463 2067 1643 2113 Personen,
1669 2075 1766 2110 gegen
1789 2065 2091 2110 Kautionsleistung
2117 2066 2180 2102 und
2206 2071 2300 2102 unter
2328 2065 2467 2108 Aufsicht
2495 2066 2552 2103 des
2571 2067 2674 2104 Obcr-

1465 2124 1673 2161 amtmanns,
1699 2121 1748 2157 die
1771 2122 1903 2163 erstcren
1934 2128 1970 2160 zn
1996 2118 2228 2170 ermächtigen,
2254 2121 2312 2157 den
2335 2123 2426 2164 Vogt
2450 2122 2503 2157 der
2527 2123 2673 2164 letzteren

1465 2185 1502 2218 zu
1524 2185 1681 2213 ernennen
1709 2176 1772 2213 und
1799 2168 2064 2217 denselben/auch
2088 2184 2124 2215 zu
2155 2175 2327 2218 berathen;
2366 2175 2468 2217 jedoch
2498 2175 2593 2218 sollen
2624 2176 2674 2212 die

1467 2240 1528 2268 von
1557 2231 1652 2271 ihnen
1679 2234 1736 2274 gut
1767 2230 1956 2274 geheißenen
1988 2232 2204 2272 Rechnungen
2235 2230 2304 2266 dem
2333 2231 2589 2267 OberaMtmann
2621 2239 2679 2271 zur

1468 2285 1633 2330 Paffation
1658 2285 1815 2329 vorgelegt
1841 2284 1979 2321 werden.
2024 2283 2092 2321 Die
2119 2284 2261 2327 wenigen
2285 2283 2418 2327 übrigen
2443 2285 2677 2327 Änderungen

1469 2339 1559 2383 sind,
1599 2341 1683 2381 ihrer
1711 2338 1987 2385 Zweckmäßigkeit
2015 2341 2220 2382 ungeachtet,
2265 2339 2348 2378 nicht
2376 2347 2436 2376 von
2465 2339 2676 2381 Bedeutung.

1468 2394 1540 2431 Der
1568 2393 1764 2437 Grundsatz,
1805 2393 1866 2436 daß
1899 2393 1948 2430 die
1978 2393 2247 2437 Weibspersonen
2280 2393 2356 2429 über
2389 2392 2454 2434 ihre
2487 2392 2679 2435 Ersparnisse

1445 2453 1565 2485 »unter
1588 2448 1785 2491 Lebendigen
1808 2447 1960 2491 verfügen
1984 2445 2126 2487 können,
2166 2448 2269 2490 jedoch
2295 2449 2370 2484 aber
2397 2456 2452 2485 vor
2482 2449 2563 2484 allen
2593 2447 2682 2486 Din¬

1473 2512 1532 2546 gen
1553 2502 1601 2540 die
1628 2501 1684 2545 sich
1707 2501 1909 2544 erzeigenden
1932 2501 2042 2540 Lücken
2066 2501 2110 2538 im
2127 2501 2431 2546 Kapitalvermögen
2454 2500 2581 2545 ergänzt
2604 2511 2683 2539 wer¬

1471 2558 1530 2594 de»
1561 2557 1696 2599 müssen,
1737 2556 1773 2600 ist
1803 2557 1957 2598 ebenfalls
1993 2565 2235 2598 angenommen.
2304 2559 2362 2595 Da
2393 2556 2591 2599 nun-dieser
2621 2558 2681 2594 das

1472 2612 1719 2656 Pcrsonenrecht
1739 2611 1911 2654 befassende
1929 2610 2023 2654 Theil
2048 2611 2105 2647 des
2121 2611 2417 2658 Zivilgesetzbuchs,
2441 2611 2476 2650 in
2498 2611 2567 2648 dem
2591 2614 2682 2648 alten

1472 2666 1750 2710 Kantonsgebiet,
1792 2667 1870 2710 ohne
1896 2666 1960 2703 mit
1991 2666 2048 2702 den
2076 2665 2209 2709 übrigen
2237 2666 2437 2709 bestehenden
2467 2665 2615 2708 Gesetzen
2646 2665 2684 2702 in

1472 2720 1694 2765 Widerspruch
1720 2731 1755 2761 zu
1779 2721 1951 2764 gerathen,
1992 2720 2025 2756 in
2049 2720 2261 2763 Vollziehung
2287 2719 2396 2762 gefetzt
2422 2722 2546 2756 werden
2581 2720 2684 2760 kann,

1473 2775 1505 2819 so
1532 2776 1586 2819 soll
1617 2786 1678 2813 von
1706 2776 1775 2812 dem
1803 2775 1921 2820 großen
1951 2776 2059 2817 Rathe
2085 2778 2202 2815 annoch
2233 2775 2428 2819 entschieden
2457 2777 2606 2817 werden,
2647 2780 2685 2813 ob

1472 2830 1572 2875 dieser
1603 2833 1678 2874 erste
1707 2831 1804 2872 Theil
1840 2832 1897 2867 des
1928 2840 2027 2866 neuen
2061 2829 2261 2873 Gesetzbuchs
2303 2830 2388 2869 nicht
2421 2831 2581 2874 alsogleich
2623 2833 2685 2869 mit

1475 2886 1546 2923 dem
1574 2884 1986 2932 Promulgationsbefchluß
2008 2894 2045 2925 zu
2068 2884 2213 2928 versehen
2241 2884 2321 2928 fty?

1545 2941 1624 2981 Das
1661 2941 1935 2984 Genferische
1970 2939 2262 2986 Finanzgesetz
2298 2939 2351 2983 für
2385 2940 2443 2976 das
2476 2941 2562 2986 Jahr
2590 2943 2680 2978 1824

1474 2997 1560 3033 ward
1594 2997 1656 3033 von
1689 2997 1779 3033 dem'
1791 2995 2148 3039 Repräsentantenralh
2180 2999 2309 3033 unterm
2342 2999 2378 3033 5.
2413 2994 2510 3035 fflän
2544 2995 2684 3035 erlassen:

1475 3052 1522 3088 Cs
1554 3050 1618 3094 sind
1647 3050 1696 3089 die
1722 3052 1872 3094 Abgaben
1901 3049 1990 3095 meist
2016 3049 2067 3087 die
2087 3049 2264 3093 nämlichcn
2289 3050 2349 3088 wie
2378 3049 2412 3087 kn
2440 3050 2498 3086 den
2527 3049 2689 3092 vorherge,

1473 3106 1597 3151 henden
1631 3107 1761 3152 Jahren
1790 3105 1969 3151 geblieben,
2011 3105 2081 3153 doch
2116 3112 2210 3146 unter
2242 3105 2433 3149 Milderung
2463 3103 2690 3149 verschiedener
