3839 5551
83 169 138 209 M
165 161 285 205 1076
340 159 604 201 Abendblatt.

1437 168 1494 217 |rc
1512 169 1633 219 ZSrcher
1660 171 1788 220 Zrlkmz
1815 170 1888 212 143.
1907 170 2075 221 ZipMz.

2664 175 2941 220 Donnerstag,
2973 175 3046 217 17.
3076 177 3232 226 August
3265 177 3399 219 1922.

239 651 591 702 Abonnementspreise:
831 675 918 702 ^
931 675 969 702 p4
970 682 996 698 „
999 676 1017 699 fe
1031 678 1055 704 p
1058 683 1067 699 .
1069 677 1117 699 nctf

51 715 136 743 Zürich
147 716 182 736 bei
192 716 230 736 »et
237 712 426 736 Administration
435 713 488 734 oder
497 713 586 739 Ablage
595 712 704 740 abgeholk
720 714 759 740 Fr.
768 717 813 736 Li»
856 716 901 736 «.80
946 717 1003 738 12.50
1044 719 1103 739 25.—

148 746 211 769 durch
221 744 258 766 die
266 743 397 768 Austräger
409 742 449 764 in«
459 744 525 769 Hau«
539 744 747 770 gebracht__
767 747 812 766 3.50
855 746 901 766 8.00
945 747 1002 767 10.20
1044 748 1103 769 31.—

52 785 159 811 Schweiz
172 782 298 808 Bestellung
312 781 371 803 beim
385 782 524 806 Boftburcau
554 798 669 804 ...-...
684 798 702 804 _
737 798 747 808 .
767 785 813 805 3.30
855 785 868 804 9
869 794 899 804 .—
946 786 1002 806 18.50
1044 787 1102 807 32.—

148 815 187 835 mit
200 815 279 838 Bezug
293 812 358 833 unter
372 812 537 836 Brivatadreffc
551 813 708 837 lSIrcisband)
738 829 747 838 ,
767 815 812 835 «.—
843 814 902 835 1130
943 816 1003 835 2230
1043 816 1102 837 M.—

51 855 178 877 Ausland,
191 852 231 873 mit
244 853 322 877 Bezug
336 851 402 872 unter
415 851 580 875 Privatabrciic
590 852 706 876 «Strcifb.)
737 868 746 877 ,
767 854 812 874 6.50
843 854 900 874 18.—
943 854 1002 874 3130

1299 639 1385 715 «na
1421 641 1779 723 WnizerWs
1809 642 2119 724 QondefsDion

1144 731 1293 752 «edaktiou:
1416 733 1613 760 F-kkenstrahe
1623 733 1663 759 11,
1677 734 1733 756 Tel.
1743 734 1810 760 Sott.
1820 734 1911 760 7100,
1925 735 2037 761 Brieffach
2053 736 2229 762 tzauptbahnhof

1143 757 1304 781 »xpedition:
1505 773 1520 784 „
1624 759 1665 785 11,
1701 773 1718 785 „
1770 774 1786 785 „
1822 760 1904 781 OIOV

1142 782 1279 803 Druckerei:
1504 799 1521 810 „
1624 784 1665 811 11,
1700 799 1717 811 ,.
1770 799 1786 811 „
1821 785 1914 811 ck418>,
1929 787 2272 814 -postfcheck.Dto.Vw/lllck«

1141 809 1366 833 Administration:
1410 811 1624 836 Theaterstrahe
1634 812 1662 836 3,
1698 825 1715 836 „
1767 825 1784 836 „
1820 812 1914 836 Alino,
1991 828 2007 838 „
2085 828 2100 839 „
2129 814 2257 836 VIII/045

1142 835 1394 862 Annoncen-Abtlg.:
1504 851 1520 862 „
1634 837 1662 862 3,
1698 850 1714 861 „
1767 850 1783 862 „
1818 837 1912 862 0034,
1989 854 2004 864 „
2085 854 2099 864 „
2126 839 2271 862 vm/l!k«ck

1071 864 1102 875 •-
1141 860 1399 887 Ann-nc-n.Fili-t«:
1415 862 1597 889 «ahnhofftr.
1608 862 1659 888 04,
1672 863 1727 885 Tel.
1738 863 1901 884 «clu.8,742

2310 652 2355 673 Del
2371 652 2412 673 den
2428 649 2587 675 -Postämtern
2607 650 2662 671 kann
2677 651 2797 675 abonniert
2810 655 2909 676 werden:
2928 654 2953 676 in
2967 654 3073 680 Belgien.
3088 646 3243 680 Deutschland.
3255 646 3268 676 I

2310 686 2449 712 Frankreich,
2465 685 2565 711 Italien,
2580 685 2715 712 Oesterreich,
2729 688 2832 715 Ungarn,
2847 689 3060 715 Tschechoslowakei.
3077 688 3243 715 Jugoslawien.
3256 678 3269 687 "

2310 721 2449 744 Rumänien.
2454 721 2559 746 Holland.
2565 721 2697 746 Dänemark.
2703 723 2832 750 Schweden,
2837 725 2965 750 Norwegen
2971 724 3021 748 usw.
3029 724 3073 746 Die
3078 723 3241 749 postamtlichen

2310 755 2554 780 Abonnementspreise
2564 755 2652 777 werden
2661 759 2706 777 von
2716 757 2758 778 den
2768 757 2990 785 Postverwaltungen
3003 760 3043 780 der
3052 761 3224 784 vorgenannten
3234 760 3321 781 Länder
3331 759 3449 785 seftgeletzt.

2312 790 2357 811 Me
2367 789 2451 814 Preise,
2460 790 2497 811 die
2511 790 2551 813 auf
2565 790 2607 811 den
2617 790 2861 818 Umrechnungskursen
2872 794 2978 818 basieren,
2987 793 3034 817 find
3045 793 3081 815 bei
3091 793 3134 815 den
3145 793 3285 817 Postämtern
3294 800 3322 818 zu
3337 794 3447 819 erfrage«.

2311 825 2509 859 Insertions»
2542 828 2586 850 Die
2595 827 2725 855 einspaltige
2734 831 2871 858 Srundzeile
2881 834 2907 854 00
2913 834 2965 858 Ap..
2977 833 3048 854 lokale
3061 832 3348 858 Seschästiempfehlungen
3361 834 3387 852 50
3394 834 3446 857 Ro..

2355 860 2464 893 Preise:
2540 862 2658 888 Anzeigen
2667 864 2975 893 ausländischenUrspnmgs
2984 868 3068 892 75Rp.,
3077 867 3198 889 Reklamen
3212 872 3252 892 per
3265 867 3329 893 Zeile
3342 867 3446 892 Fr.2.50.

159 961 223 1010 ZU
252 959 348 1001 viele
377 959 490 1009 Kisen
517 961 572 1002 im
600 962 742 1012 Jener.

98 1037 154 1069 Die
175 1039 238 1068 rote
257 1037 354 1075 Presse
373 1036 452 1075 weis;
469 1038 539 1069 bald
554 1038 632 1075 nicht
649 1039 740 1076 mehr,
757 1044 804 1070 wo
824 1041 860 1079 sie

40 1078 138 1115 blasen
155 1078 216 1114 soll.
233 1076 311 1115 Ihre
327 1077 434 1113 Partei
452 1079 503 1114 hat
519 1079 589 1115 auch
605 1086 660 1116 gar
676 1079 752 1110 viele
769 1080 859 1117 Eisen

43 1119 70 1147 in
91 1118 136 1148 die
156 1118 218 1154 Esse
238 1118 354 1154 gesteckt.
372 1117 421 1147 Ta
440 1118 473 1156 ist
493 1118 539 1148 die
557 1118 727 1154 Initiative
746 1119 796 1157 für
813 1120 860 1150 die

38 1158 353 1195 Vermögensabgabe,
371 1157 418 1187 die
437 1165 508 1188 man
528 1159 597 1195 »ach
617 1159 858 1197 durchgefichrter

41 1197 438 1237 Unterschriftensammlung
467 1199 533 1234 doch
563 1198 639 1236 nicht
668 1198 779 1238 einfach
810 1200 859 1238 sich

38 1237 117 1275 selbst
150 1237 315 1274 überlassen
348 1236 431 1268 kailn.
466 1238 530 1269 Und
564 1240 644 1269 dann
675 1239 724 1270 der
749 1240 858 1277 Kampf

38 1283 128 1315 gegen
148 1279 205 1307 das
228 1277 456 1316 Nmsturzgefctz,
476 1277 573 1308 wobei
592 1285 664 1308 man
683 1277 715 1315 ja
735 1280 805 1317 noch
825 1280 858 1310 in

38 1319 90 1347 den
112 1317 359 1347 vorbereitenden
380 1317 583 1355 Handlungen
604 1318 685 1354 steckt.
705 1318 771 1349 Und
793 1326 857 1350 nun

37 1358 141 1388 koiimit
159 1357 268 1387 wieder
287 1357 351 1388 eine
370 1357 781 1396 Unterschriftensammlung,
798 1360 856 1390 das

35 1396 236 1433 Referendum
256 1404 349 1435 gegen
373 1398 428 1428 den
450 1403 547 1427 neuen
571 1397 635 1427 Art.
659 1398 695 1428 41
720 1398 774 1429 des
796 1398 856 1435 Ja«

38 1436 230 1475 brikgcfetzes,
247 1438 304 1468 das
319 1436 377 1467 mit
393 1436 549 1474 Hochdruck
569 1437 721 1468 betrieben
737 1441 856 1470 werden

35 1477 94 1512 soll.
116 1476 399 1515 Vergegenwärtigt
419 1483 490 1508 man
511 1476 571 1514 sich,
594 1477 652 1513 datz
676 1477 762 1509 dabei
783 1479 853 1515 noch

37 1518 82 1545 der
103 1517 275 1555 allgemeine
296 1516 404 1553 Kampf
425 1524 517 1554 gegen
537 1516 583 1547 die
604 1517 784 1552 „Reaktion*
807 1526 853 1557 ge«

37 1555 124 1592 führt,
142 1557 201 1594 daß
220 1557 265 1588 die
283 1556 410 1594 gesamte
425 1556 544 1593 Innen«
560 1558 621 1587 und
640 1557 852 1596 Außenpolitik

40 1597 84 1625 als
103 1595 217 1634 schlecht
236 1597 287 1634 soll
308 1596 471 1633 dargesteüt
490 1597 618 1632 werden,
637 1597 667 1635 so
687 1597 764 1629 wird
784 1606 855 1629 man

41 1636 194 1673 begreifen,
217 1637 274 1673 daß
300 1636 370 1667 bald
395 1636 452 1667 das
474 1636 549 1672 eine,
570 1636 641 1667 bald
666 1637 722 1668 das
746 1639 854 1669 andere

40 1674 121 1711 Eisen
142 1676 173 1706 in
193 1677 243 1707 der
263 1676 339 1707 Glut
355 1675 451 1710 stecken
470 1675 588 1707 bleiben
606 1676 692 1714 muß:
714 1678 765 1715 qnl
783 1682 852 1715 trog

39 1714 192 1751 embreniso,
213 1717 271 1745 mal
292 1715 414 1744 etroint!

88 1753 151 1786 Mit
168 1756 275 1792 beißen
291 1755 381 1792 Eisen
396 1761 432 1792 zu
451 1756 617 1793 hantieren,
634 1755 667 1794 ist
683 1756 850 1796 iibcrhanpt

33 1793 94 1825 eine
122 1795 240 1833 kitzlichc
268 1795 373 1832 Sache,
400 1795 446 1826 die
472 1795 548 1830 nicht
574 1796 605 1826 in
632 1797 681 1827 der
711 1796 778 1828 Eile
805 1804 851 1835 ge¬

34 1833 144 1870 schehen
163 1836 239 1873 darf.
257 1835 314 1866 Die
331 1837 394 1865 rote
412 1835 509 1873 Presse
527 1836 578 1872 hat
595 1836 626 1873 so
644 1835 741 1873 tapfer
757 1843 851 1875 gegen

35 1874 87 1905 das
108 1874 328 1913 Umsturzgesetz
349 1875 537 1913 geschrieben.
556 1876 622 1906 Und
641 1882 704 1906 nun
724 1876 777 1914 hat
795 1877 852 1907 das

33 1913 104 1945 neue
127 1914 334 1952 Deutschland,
354 1915 386 1945 in
407 1915 471 1946 dem
492 1915 538 1945 die
560 1914 853 1952 Sozialdemokratie

32 1952 129 1992 gewiß
158 1955 234 1991 nicht
262 1955 307 1986 die
334 1954 410 1992 letzte
437 1954 530 1992 Geige
558 1954 653 1992 spielt,
681 1954 730 1986 ein
756 1955 852 1993 Gesetz

30 1998 95 2025 znm
118 1994 220 2031 Schutz
245 1995 295 2025 der
317 1993 463 2031 Republik
486 1993 625 2032 gemacht.
650 1994 695 2025 ES
717 1995 779 2034 traf
801 1996 853 2032 sich

31 2032 128 2072 gewiß
148 2030 218 2069 auch
237 2034 314 2071 nicht
332 2035 385 2071 gut
402 2033 451 2071 für
469 2034 515 2065 die
532 2041 628 2064 neuen
650 2034 783 2073 Kämpen
802 2035 851 2072 für

28 2070 274 2110 tzleistcsfreihcit,
317 2074 375 2110 daß
419 2073 463 2104 die
507 2074 753 2113 Zentralleitnng
797 2076 849 2106 des

32 2109 172 2151 Schweiz.
188 2114 527 2152 Ttzpographenbimdes
546 2120 593 2144 am
611 2115 637 2144 7.
655 2113 728 2151 Juli
745 2121 851 2146 neuer¬

30 2150 120 2187 dings
144 2153 192 2184 ein
214 2154 404 2192 Zcnsurrccht
428 2154 477 2190 sich
501 2153 651 2191 anmatzte.
694 2153 773 2189 Doch
796 2155 851 2185 den

28 2189 215 2229 schlimmsten
234 2193 351 2228 Streich
372 2192 473 2231 spielte
494 2192 625 2223 Moskau
646 2194 732 2227 durch
749 2194 849 2232 seinen

27 2228 146 2269 Prozeß
182 2240 274 2270 gegen
308 2233 353 2263 die
387 2231 736 2270 Sozialrevolutionäre.
781 2233 849 2264 Das

29 2269 236 2311 „Volksrecht"
258 2272 358 2309 mußte
381 2278 429 2303 am
455 2274 495 2302 >6.
517 2272 629 2311 August
650 2273 808 2310 schreiben:

81 2328 210 2357 ....Wir
245 2328 345 2360 stellte»
379 2333 414 2353 an
447 2326 492 2354 die
525 2325 757 2361 Rechtsprechung
790 2328 849 2355 und

24 2360 263 2396 Rcchtssicbcrhcit
295 2362 334 2390 im
363 2360 615 2395 bolschewistischen
646 2360 749 2391 Staate
781 2364 847 2390 aber

30 2401 91 2424 nim
110 2398 261 2432 mindesten
279 2397 322 2426 die
339 2396 587 2436 Anforderungen,
604 2396 701 2430 tvclchc
717 2397 772 2426 wir
790 2398 848 2426 und

24 2430 76 2459 mit
97 2437 154 2461 »ns
171 2433 216 2461 die
234 2431 492 2467 westeuropäischen
513 2430 726 2466 Kommunisten
747 2440 783 2461 an
803 2432 847 2461 die

24 2465 257 2503 Rechtsprechung
281 2469 332 2496 des
358 2465 578 2501 kapitalistischen
603 2466 725 2496 Staates
749 2468 848 2502 stellen.

21 2501 100 2529 Aber
125 2504 179 2531 wir
204 2502 286 2534 sahen
312 2505 368 2530 uns
394 2501 469 2534 schon
495 2501 534 2530 im
556 2502 673 2536 Anfang
697 2504 747 2531 des
772 2502 848 2536 Pro¬

22 2536 108 2569 zesses
132 2538 289 2571 cnttäusclN.
312 2537 457 2566 Erinnern
482 2536 536 2565 wir
560 2543 614 2565 nur
639 2544 674 2565 an
699 2538 743 2565 die
765 2538 847 2570 durch

22 2572 111 2603 engste
149 2573 291 2605 familiäre
329 2574 387 2600 und
423 2571 717 2606 verwandtschaftliche
745 2574 846 2602 Bande

25 2603 332 2642 .nsaunncngehaltenc
357 2606 449 2641 Sippe
472 2610 528 2635 vo»
552 2607 706 2639 Personen,
730 2608 775 2637 die
797 2609 846 2636 als

20 2639 148 2670 Urheber
165 2645 212 2671 der
227 2640 449 2676 Anklageschrift,
464 2642 511 2670 als
528 2641 635 2674 Richter
654 2643 711 2670 und
727 2643 848 2672 Staats¬

21 2677 216 2712 anwaltschaft
240 2679 292 2707 den
317 2677 427 2711 Prozeß
454 2677 577 2710 führten!
623 2678 769 2707 Erinnern
792 2678 846 2707 wir

23 2716 79 2737 mir
101 2714 200 2743 daran,
222 2713 276 2740 wie
299 2714 346 2741 der
367 2712 539 2747 Vorsitzende
561 2714 612 2741 des
634 2713 769 2749 Obersten
792 2714 847 2742 Ge¬

22 2743 189 2777 richtshofes
217 2747 245 2774 in
272 2747 372 2779 diesem
397 2746 508 2781 Prozeß
534 2747 578 2776 die
603 2752 659 2775 vo»
684 2748 743 2777 ihm
769 2748 845 2781 selbst

29 2778 175 2811 erlassenen
200 2781 386 2814 Vorschristc»
409 2781 477 2811 über
499 2782 542 2810 die
566 2782 847 2817 Zusammensetzung

29 2816 71 2840 ses
95 2814 238 2845 Gerichtes
261 2817 327 2848 anss
350 2816 506 2850 gröblichste
528 2817 671 2849 mißachtet
694 2818 753 2849 hat!
774 2819 846 2848 Ver¬

25 2848 110 2881 gessen
133 2850 187 2878 wir
210 2850 286 2883 nicht,
308 2850 337 2879 in
361 2852 443 2881 welch
464 2852 694 2886 nncrträgtichem
717 2853 790 2886 Maß
815 2853 843 2880 in

28 2883 109 2917 bezug
137 2886 186 2919 ans
214 2886 258 2915 die
288 2885 445 2921 Zulassung
472 2890 527 2914 von
558 2887 755 2920 Verteidiger»
786 2889 843 2915 und

25 2918 271 2950 Acw.'iSniatcrial
301 2920 346 2949 die
376 2920 581 2962 Verteidigung
612 2921 751 2954 erschwert
783 2924 841 2951 nnd

26 2954 118 2988 beengt
150 2958 265 2984 worden
291 2956 329 2989 ist.
362 2955 423 2985 Wir
457 2956 571 2991 billigen
604 2956 647 2985 die
670 2957 841 2987 Verbrechen

26 2987 101 3017 eines
126 2991 332 3025 Brandstifters
356 2993 413 3019 und
436 2991 654 3020 Raubmörders
680 2992 757 3022 nicht.
781 2992 842 3021 Wir

27 3023 218 3058 verabscheuen
242 3027 283 3060 sic.
302 3027 378 3055 Aber
399 3025 474 3061 selbst
496 3028 543 3055 der
563 3027 730 3061 bürgerliche
753 3028 843 3057 Staat

27 3057 115 3089 räumt
140 3061 197 3095 ihm
219 3062 273 3090 das
295 3061 375 3094 Recht
398 3063 455 3090 nnd
477 3062 521 3090 die
543 3062 732 3095 weitgehende
757 3063 841 3094 Mög¬

28 3093 120 3124 lichkeit
153 3103 201 3128 zur
230 3096 437 3132 Verteidigung
466 3097 519 3129 ei»,
549 3097 575 3128 ja
607 3096 679 3131 sorgt
707 3097 767 3132 ihm
797 3099 841 3133 fiir

28 3128 102 3158 eine»
126 3132 363 3166 rcchtsgclchrtcn,
387 3132 530 3164 amtlichen
552 3132 738 3167 Verteidiger,
760 3137 843 3162 wenn

26 3170 50 3190 er
74 3164 159 3195 selber
184 3167 253 3197 nicht
278 3169 334 3195 ans
358 3166 472 3201 eigenen
496 3167 615 3195 Mitteln
639 3167 682 3200 für
706 3169 750 3197 die
771 3168 842 3198 Ver¬

26 3199 167 3236 teidigung
195 3203 370 3233 anfkonnne»
401 3203 478 3231 kann.
507 3202 573 3237 Daß
601 3203 656 3230 das
686 3203 842 3233 Moskauer

27 3234 129 3266 Gericht
154 3237 198 3266 die
224 3237 383 3272 Zulassung
407 3238 458 3266 des
484 3240 539 3266 vo»
566 3240 619 3266 den
642 3238 841 3273 Angehörigen

27 3269 68 3297 der
105 3271 372 3301 Todeskandidaten
410 3272 606 3308 gesammelten
642 3274 843 3309 Entlastungs¬

28 3307 171 3336 materials
194 3308 313 3339 abwies,
358 3311 417 3337 war
442 3301 516 3342 schon
559 3307 645 3341 soviel
662 3318 665 3324 •
687 3309 740 3338 wie
782 3311 842 3338 eine

27 3338 344 3379 Rechtsverwclgcrnng.
366 3342 427 3372 Wir
449 3343 528 3378 sagen
549 3343 616 3371 das:
638 3343 710 3372 Eine
731 3345 841 3373 revolu¬

30 3374 115 3405 tionär
146 3378 200 3410 sein
232 3378 377 3411 lvallende,
408 3385 443 3407 au
474 3379 517 3407 die
547 3379 640 3408 Macht
670 3379 842 3412 gekommene

28 3409 120 3442 Partei
142 3414 207 3449 darf
231 3414 300 3448 nicht
326 3413 354 3441 in
379 3413 423 3442 die
448 3413 550 3447 Fehler
576 3414 650 3443 ihrer
674 3415 841 3449 Vorgänger

28 3446 162 3478 bcrsallen.
184 3442 255 3478 Was
277 3449 317 3482 sic,
337 3450 372 3477 da
393 3448 425 3482 sic
448 3450 511 3479 »och
532 3449 560 3477 in
581 3449 759 3485 Minderheit
780 3454 841 3479 war

29 3483 79 3508 und
109 3482 137 3512 in
167 3485 215 3512 der
246 3484 411 3517 Opposition
444 3485 529 3518 stand,
560 3491 595 3512 an
626 3485 840 3515 Rechtsmitteln

30 3519 81 3543 und
111 3518 382 3552 Rechtssicherheiten
417 3519 461 3554 für
495 3520 541 3554 sich
573 3519 658 3551 selber
692 3522 750 3550 nnd
782 3521 841 3554 ihre

28 3549 130 3582 eigenen
156 3553 449 3589 Parteiangchörigen
476 3556 630 3589 verlangte,
654 3556 708 3583 das
734 3557 780 3586 hat
807 3556 839 3589 sie

29 3589 85 3615 auch
113 3592 174 3618 dem
206 3589 364 3623 politischen
396 3590 508 3625 Gegner
541 3590 747 3625 znzugcstehen!
780 3591 839 3621 Mit

30 3621 143 3655 tbclchcm
171 3625 350 3658 moralischen
379 3624 514 3653 Eindruck
541 3628 599 3653 nnd
627 3619 738 3655 welcher
766 3626 840 3655 Wir-

32 3655 91 3691 lnng
114 3662 225 3690 werden
253 3661 296 3689 die
323 3660 534 3695 Konnnnnisten
563 3660 761 3696 Westeuropas
788 3663 840 3691 de»

34 3692 123 3729 stampf
143 3703 226 3730 gegen
250 3696 294 3724 die
315 3695 483 3728 bürgerliche
506 3695 698 3730 Klassenjustiz
723 3697 787 3731 noch
809 3704 839 3730 zu

36 3724 118 3757 i'H'ren
135 3731 294 3765 vermöge»,
311 3734 393 3759 wenn
412 3730 470 3760 ihre
488 3731 601 3765 eigenen
618 3730 839 3765 Partcisrcnndc

34 3767 59 3784 *"•
79 3762 101 3790 in
124 3766 262 3799 Rußland
284 3765 340 3794 viel
365 3765 514 3798 schlimmer
535 3765 680 3795 treiben!!"

80 3810 143 3845 Tas
170 3813 378 3850 „Voltsrecht"
406 3815 456 3852 hat
491 3817 546 3845 vor
579 3814 700 3852 einigen
735 3815 839 3854 Tagen

30 3853 88 3882 uneh
111 3853 174 3885 eine
200 3856 307 3885 andere
334 3854 418 3886 trübe
444 3853 676 3892 Konstatierung
702 3857 838 3892 gemacht.

29 3888 66 3919 ES
91 3895 191 3926 wurde
220 3894 341 3932 gezeigt,
367 3894 424 3925 lvie
453 3895 515 3932 sehr
545 3896 594 3924 der
622 3894 838 3931 Sozialismus

31 3934 54 3957 tt>
86 3931 203 3967 Italien
236 3938 304 3965 vom
335 3933 522 3972 Faseisinu?
555 3934 701 3972 bedrängt
733 3935 839 3966 werde.

27 3966 85 4001 P»r
107 3972 155 4008 hat
173 3976 229 4005 das
249 3974 337 4006 Blatt
358 3974 513 4012 vergessen,
534 3974 579 4005 die
599 3974 739 4011 richtigen
760 3976 839 4006 Kon¬

901 937 1061 976 sequenzen
1091 946 1127 976 zu
1156 939 1267 976 ziehen.
1295 939 1363 971 Wer
1392 942 1445 978 hat
1473 943 1564 980 zuerst
1593 943 1724 981 versucht

901 978 964 1008 und
984 978 1041 1009 mit
1064 979 1141 1009 allen
1164 977 1291 1009 Mitteln
1314 981 1438 1016 darnach
1462 983 1628 1020 getrachtet,
1651 983 1724 1020 Jta«

903 1016 966 1046 lien
983 1022 1042 1047 aus
1062 1019 1117 1049 den
1135 1018 1264 1056 Bahnen
1281 1018 1366 1050 eines
1385 1021 1667 1059 Ordnungsstaates
1687 1029 1724 1060 zu

901 1056 1036 1092 werfen?
1057 1057 1102 1088 Es
1121 1060 1185 1088 war
1206 1058 1278 1089 eben
1299 1059 1348 1090 der
1367 1060 1422 1091 mit
1444 1062 1507 1091 dem
1526 1062 1724 1093 Kommunis¬

900 1099 971 1125 mus
995 1095 1068 1127 Arm
1092 1096 1124 1127 in
1148 1097 1221 1128 Arm
1244 1098 1472 1137 marschierende
1495 1101 1723 1138 Sozialismus,

902 1135 951 1164 der
978 1133 1065 1171 jenen
1095 1137 1392 1176 Ausnahmezustand
1420 1139 1504 1177 schuf,
1534 1141 1584 1171 der
1613 1141 1722 1179 seiner¬

901 1173 974 1210 seits
992 1175 1071 1206 dann
1088 1177 1138 1207 der
1157 1177 1339 1214 gewaltigen
1356 1178 1502 1210 Reaktion
1520 1180 1642 1218 gerufen
1661 1181 1722 1218 hat,

901 1213 989 1244 deren
1014 1214 1206 1252 Exponenten
1230 1217 1276 1247 die
1300 1216 1457 1256 Fascisten
1477 1220 1547 1257 sind.
1571 1220 1616 1251 Es
1639 1219 1721 1251 wäre

901 1253 981 1290 wohl
1011 1254 1057 1286 bei
1088 1260 1149 1286 uns
1179 1256 1264 1287 kaum
1295 1258 1407 1288 anders
1438 1265 1601 1298 gegangen,
1633 1263 1721 1290 wenn

899 1291 976 1329 nicht
1000 1293 1041 1324 im
1067 1294 1236 1325 November
1262 1296 1345 1331 1918,
1371 1297 1412 1327 im
1436 1297 1547 1336 August
1574 1299 1647 1330 1919
1674 1300 1721 1330 die

901 1331 1129 1371 Staatsgewalt
1143 1335 1190 1365 die
1205 1334 1302 1373 Zügel
1317 1336 1395 1373 nicht
1409 1337 1458 1374 fest
1471 1337 1504 1368 in
1521 1339 1577 1369 den
1593 1338 1721 1376 Händen

900 1370 1033 1406 bewahrt
1070 1375 1131 1404 nnd
1169 1374 1264 1404 damit
1302 1374 1348 1406 die
1375 1376 1524 1415 Ordnung
1561 1379 1624 1410 und
1663 1379 1720 1410 das

897 1409 1015 1447 Recht
1036 1413 1078 1443 im
1097 1413 1208 1444 Staate
1230 1413 1360 1453 aufrecht
1379 1416 1513 1453 erhalten
1533 1417 1624 1455 hätte.

954 1449 998 1480 Es
1015 1450 1130 1489 scheint,
1147 1452 1206 1488 daß
1224 1459 1294 1483 man
1312 1454 1365 1491 ans
1380 1455 1544 1492 demselben
1559 1456 1720 1494 unsoliden

895 1488 1000 1519 Boden
1035 1492 1104 1527 auch
1137 1492 1192 1523 den
1216 1491 1325 1528 Kampf
1357 1500 1448 1531 gegen
1482 1495 1538 1524 das
1560 1494 1719 1526 revidierte

894 1527 1185 1568 Fabrikgesetz
1212 1530 1380 1567 ausfechtcn
1405 1531 1476 1562 will.
1521 1533 1581 1564 Der
1607 1532 1721 1570 Aufruf

896 1568 948 1597 des
969 1567 1349 1605 „Referendumskomitees
1380 1578 1471 1609 gegen
1502 1571 1547 1601 die
1576 1571 1719 1610 Revision

895 1607 948 1636 des
969 1606 1033 1638 Art.
1052 1608 1085 1638 4l
1111 1608 1164 1638 des
1185 1607 1436 1647 Fabrikgesetzes"
1455 1611 1561 1649 endigt
1577 1611 1635 1643 mit
1656 1613 1719 1643 dem

895 1645 977 1683 Satz:
1017 1646 1143 1683 „Unsere
1176 1647 1289 1684 Parole
1313 1648 1366 1685 sei:
1403 1650 1610 1688 Unbedingtes
1642 1652 1719 1690 Fest¬

892 1684 996 1720 halten
1018 1692 1057 1716 an
1079 1686 1129 1715 der
1149 1686 1475 1725 48-Stnndenwochc!"
1509 1690 1579 1720 Nun
1601 1689 1635 1727 tst
1656 1690 1719 1728 fest-

892 1723 1036 1759 zustellcn,
1068 1724 1126 1760 daß
1156 1729 1192 1755 es
1212 1726 1262 1762 sich
1283 1725 1328 1756 bei
1351 1727 1414 1757 dem
1436 1727 1539 1765 Gesetz,
1572 1728 1635 1758 dem
1667 1729 1717 1758 der

893 1762 1005 1799 neueste
1024 1763 1335 1801 ReferendmnSsturni
1367 1765 1433 1803 gilt,
1465 1768 1610 1802 durchaus
1640 1766 1719 1802 nicht

893 1808 943 1831 um
966 1802 1020 1832 den
1043 1802 1169 1840 Versuch
1191 1804 1322 1840 handelt,
1356 1806 1563 1844 grundsätzlich
1597 1806 1644 1838 die
1667 1809 1717 1839 48-

893 1840 1132 1879 Stundcnwoche
1156 1841 1367 1880 abzuschaffen.
1390 1844 1449 1875 Der
1472 1845 1582 1876 Artikel
1603 1846 1641 1877 40
1664 1847 1717 1876 des

893 1878 1124 1918 Fabrikgesctzes
1144 1884 1211 1912 vom
1231 1883 1274 1912 18.
1287 1881 1331 1919 In
1342 1880 1367 1920 5
1389 1883 1519 1922 1914/27.
1534 1883 1615 1920 Juni
1635 1885 1718 1919 1919,

896 1920 945 1950 der
963 1919 1012 1955 fiir
1034 1921 1079 1951 die
1099 1920 1204 1952 Arbeit
1225 1921 1257 1951 in
1279 1922 1499 1959 denl'Fabriken
1519 1924 1573 1954 den
1594 1922 1716 1955 Grund¬

891 1957 943 1995 satz
969 1959 1017 1988 der
1041 1959 1333 1997 48-Stundenwoche
1358 1963 1481 2001 aufstcllt
1507 1963 1586 2000 („die
1610 1964 1717 1996 Arbeit

892 1996 935 2027 im
950 1997 1169 2036 einschichtigen
1184 1999 1325 2031 Betriebe
1341 2002 1410 2038 darf
1422 2002 1472 2039 für
1489 2003 1543 2033 den
1561 2003 1716 2042 einzelnen

892 2036 1029 2067 Arbeiter
1050 2038 1234 2074 wöchentlich
1251 2038 1327 2073 nicht
1345 2041 1427 2074 mehr
1445 2041 1495 2071 als
1514 2042 1551 2072 48
1571 2042 1715 2074 Stunden

893 2075 1050 2112 dauern"),
1073 2077 1166 2107 bleibt
1187 2077 1278 2115 völlig
1300 2080 1513 2116 unangetastet.
1546 2079 1603 2111 Die
1624 2081 1715 2112 Revi¬

892 2115 953 2151 sion
969 2114 1082 2152 bezieht
1099 2117 1147 2154 sich
1166 2116 1301 2154 lediglich
1318 2118 1370 2155 auf
1386 2119 1449 2150 Art.
1468 2119 1513 2154 41,
1532 2120 1581 2150 der
1599 2120 1714 2159 gewisse

891 2154 1089 2192 Ausnahmen
1108 2156 1242 2192 vorsieht.
1261 2155 1437 2194 Gegenüber
1457 2158 1519 2188 dem
1538 2158 1714 2197 bisherigen

891 2193 955 2224 Art.
977 2194 1008 2224 41
1037 2194 1139 2232 bringt
1164 2195 1213 2224 der
1234 2201 1307 2226 neue
1329 2196 1483 2228 Wortlaut
1504 2196 1576 2233 zwei
1601 2196 1715 2229 Aende-

890 2238 1019 2270 rungen:
1057 2233 1133 2264 Eine
1158 2233 1391 2273 Verlängerung
1417 2236 1465 2266 der
1490 2236 1714 2273 wöchentlichen

890 2271 1074 2309 Arbeitszeit
1095 2273 1168 2302 kann
1191 2277 1258 2303 vom
1279 2273 1474 2305 Bundcsratc
1496 2275 1631 2312 gewissen
1653 2276 1714 2314 In¬

890 2310 1019 2348 dustrien
1052 2313 1120 2342 oder
1139 2312 1295 2348 einzelnen
1316 2312 1477 2345 Betriebe»
1507 2313 1559 2343 bis
1592 2314 1645 2350 ans
1675 2316 1714 2344 5,4

891 2350 971 2386 (statt
994 2349 1045 2388 32)
1072 2350 1214 2382 Stunde»
1241 2351 1374 2388 gewährt
1398 2353 1526 2386 lverdcn,
1551 2352 1612 2382 und
1637 2352 1712 2389 diese

888 2389 1120 2428 Verlängerung
1141 2392 1214 2420 kann
1237 2390 1269 2420 in
1287 2390 1393 2427 Zeiten
1414 2390 1495 2421 einer
1515 2390 1712 2426 allgemeinen

888 2428 1028 2465 schweren
1068 2428 1328 2466 Wirtschaftskrise
1369 2429 1524 2467 allgemein
1566 2429 1712 2467 bewilligt

888 2468 1014 2503 werden,
1042 2468 1116 2504 ohne
1142 2468 1200 2503 daß
1227 2468 1271 2498 die
1297 2466 1450 2505 einzelnen
1475 2467 1615 2499 Betriebe
1642 2468 1711 2498 oder

887 2505 1064 2545 Industrien
1120 2507 1275 2543 besondere
1331 2506 1455 2544 Gesuche
1508 2505 1711 2543 einznrcichcn

888 2546 999 2582 hätten.

944 2586 1022 2617 Man
1052 2585 1131 2623 lvciß
1162 2585 1230 2620 auch
1264 2584 1293 2614 in
1316 2584 1364 2615 der
1385 2582 1621 2620 Arbeiterschaft,
1652 2582 1711 2618 daß

888 2624 1066 2657 namentlick»
1084 2625 1136 2662 ans
1154 2625 1218 2655 dem
1235 2623 1334 2655 Lande
1354 2622 1401 2653 die
1419 2621 1712 2657 .t8-St»ndenwoche

888 2664 963 2698 nicht
987 2664 1114 2702 populär
1141 2663 1182 2701 ist.
1206 2662 1275 2693 weil
1300 2662 1347 2693 die
1370 2659 1616 2695 Landwirtschaft
1638 2660 1711 2690 eben

888 2702 983 2733 damit
1006 2702 1137 2734 niemals
1165 2702 1355 2732 auskoinmen
1382 2700 1466 2730 kann.
1510 2698 1616 2729 Wollte
1642 2704 1711 2728 inan

888 2743 936 2773 der
961 2741 1160 2780 industriellen
1194 2742 1231 2772 48
1234 2739 1486 2775 -Stundenwoche
1512 2736 1614 2769 Kredit
1649 2739 1712 2767 ver¬

887 2780 1020 2818 schaffen.
1045 2781 1074 2817 so
1100 2783 1163 2811 war
1189 2780 1237 2809 der
1262 2779 1334 2816 Weg
1359 2775 1587 2813 vorgezeichnet,
1612 2772 1711 2805 indem

886 2826 955 2850 man
990 2818 1034 2850 die
1056 2818 1215 2854 Starrheit
1248 2817 1300 2847 des
1323 2815 1471 2853 Prinzips
1505 2814 1557 2842 de»
1581 2811 1709 2846 Bediirf-

885 2857 977 2896 nisfen
997 2859 1046 2888 der
1067 2857 1133 2895 Zeit
1156 2856 1276 2893 opferte.
1316 2854 1398 2891 Trotz
1419 2855 1471 2884 den
1493 2859 1529 2887 zu
1550 2851 1707 2888 sichtbaren

882 2897 981 2927 Röten
1006 2897 1128 2935 unseres
1153 2893 1448 2931 Wirtschaftslebens
1474 2891 1525 2927 soll
1551 2896 1613 2920 nn»
1638 2889 1707 2922 auch

884 2942 975 2972 gegen
998 2935 1043 2967 die
1066 2934 1237 2972 Anpassung
1260 2940 1297 2963 an
1320 2932 1366 2963 die
1388 2929 1577 2966 Bedürfnisse
1600 2929 1705 2965 außer¬

883 2974 1076 3008 ordentlicher
1096 2973 1200 3012 Zeiten
1219 2972 1315 3010 Front
1336 2972 1462 3009 gemacht
1483 2969 1610 3000 werden.

939 3014 1015 3046 Was
1038 3020 1106 3051 mag
1129 3013 1228 3049 letzten
1253 3011 1355 3042 Endes
1378 3011 1426 3041 der
1448 3007 1589 3046 Urgrund
1613 3008 1705 3046 dieser

883 3052 1116 3090 sozialistischen-
1149 3050 1433 3089 Bielgeschäftigkcit
1489 3048 1573 3086 sein?
1628 3049 1705 3079 Man

882 3092 962 3123 denkt
981 3092 1061 3128 wohl
1080 3091 1120 3123 im
1137 3093 1222 3122 roten
1239 3092 1333 3128 Lager
1352 3089 1507 3128 eigentlich
1524 3096 1582 3120 nur
1601 3096 1639 3119 an
1658 3089 1703 3119 die

881 3129 1222 3168 RationalratSwahlen
1255 3133 1322 3161 vom
1355 3130 1454 3165 letzten
1487 3129 1704 3167 Oktobersonn,

884 3172 933 3208 tag
953 3171 1012 3201 und
1033 3170 1116 3207 wirft
1135 3171 1241 3200 darum
1261 3169 1345 3206 heute
1366 3169 1447 3204 schon
1468 3168 1514 3199 die
1533 3169 1615 3205 Netze
1635 3169 1705 3202 nach

883 3209 960 3239 allen
980 3208 1088 3240 Seiten
1110 3212 1177 3239 ans.
1205 3207 1339 3244 Beginnt
1360 3215 1428 3238 man
1450 3215 1485 3244 zu
1505 3208 1626 3241 merken,
1645 3211 1706 3238 wer

882 3247 1037 3287 eigentlich
1056 3249 1202 3286 gefangen
1223 3247 1341 3279 werden
1364 3247 1438 3284 soll?

1088 3325 1500 3377 Areischnlbeweqnttst.

938 3387 981 3421 Zn
1007 3388 1058 3417 de»
1087 3388 1115 3416 i»
1143 3388 1193 3416 Nr.
1217 3388 1283 3415 1«>66
1308 3387 1355 3415 der
1383 3385 1538 3420 ..N.Z.Z."
1564 3387 1706 3421 auszugs¬

886 3428 967 3462 weise
991 3428 1252 3462 wicdergcgcbene»
1275 3426 1499 3460 Betrackilimgen
1522 3430 1578 3454 von
1604 3426 1651 3456 Tr.
1674 3425 1706 3457 F.

886 3467 1083 3497 Steinmannn
1111 3467 1170 3500 (2t.
1193 3465 1308 3496 Galle»)
1333 3466 1400 3494 über
1424 3466 1468 3494 die
1490 3464 1706 3500 protestantiscye

886 3506 1183 3540 Freischulbewegung
1232 3504 1309 3539 (Heft
1335 3506 1379 3533 7/8
1424 3506 1472 3533 der
1521 3503 1706 3539 „Politischen

883 3544 1080 3580 Rundschau")
1118 3545 1192 3573 lvird
1229 3546 1287 3572 uns
1325 3548 1380 3573 von
1417 3544 1507 3575 einem
1546 3543 1624 3577 Leser
1662 3550 1705 3577 ge¬

887 3584 1032 3617 schrieben:

938 3623 1007 3661 „Tic
1032 3624 1236 3657 Behauptung:
1263 3622 1336 3655 „Ter
1360 3622 1560 3656 christliche
1583 3621 1704 3656 Einslus)

885 3662 963 3691 eine«
990 3662 1172 3697 srcigcistige»
1201 3662 1322 3697 Lehrers
1353 3663 1420 3691 kann
1449 3661 1518 3695 groß
1545 3662 1602 3689 und
1629 3661 1705 3692 nach¬

886 3701 974 3736 haltig
1005 3701 1086 3736 sein",
1118 3702 1147 3736 ist
1176 3708 1245 3736 ganz
1274 3702 1382 3735 gelinde
1413 3702 1503 3735 gesagt
1531 3700 1575 3728 ei»
1607 3701 1704 3735 grober

884 3739 1017 3775 Irrtum;
1043 3740 1232 3772 Fachmänner
1259 3741 1416 3774 bezeichnen
1443 3740 1476 3774 sie
1502 3740 1549 3769 als
1578 3740 1704 3775 bewußte

884 3779 1047 3815 Fälschung.
1069 3781 1152 3810 Denn
1172 3780 1226 3809 wie
1246 3781 1315 3809 kann
1335 3784 1390 3808 vo»
1411 3780 1501 3808 einem
1522 3778 1704 3814 srcigeistigen

883 3821 993 3852 Lehrer,
1013 3820 1103 3854 dessen
1123 3819 1250 3854 Freiheit
1267 3820 1351 3849 darin
1374 3819 1479 3853 besteht,
1499 3819 1544 3847 die
1563 3818 1703 3853 christliche

883 3860 976 3891 Lehre,
1003 3860 1061 3888 und
1088 3862 1152 3887 was
1187 3859 1224 3886 im
1259 3858 1524 3895 Zusammenhänge
1558 3857 1610 3887 mit
1642 3861 1703 3887 dem

882 3896 1074 3933 Ehristcntnm
1107 3898 1179 3932 steht,
1210 3904 1242 3931 zu
1273 3899 1438 3932 verlvcrfc»,
1471 3898 1516 3927 ein
1551 3897 1704 3931 christlicher

882 3935 1004 3970 Einfluß
1023 3937 1189 3971 ausgehen?
1213 3937 1311 3967 Solche
1330 3937 1412 3971 Sätze
1433 3937 1490 3971 sind
1509 3936 1651 3971 Phrasen;
1671 3936 1703 3969 sie

882 3975 1096 4009 widerspreche»
1121 3976 1192 4005 allen
1219 3975 1343 4010 Gesetzen
1371 3979 1417 4005 der
1441 3975 1620 4011 Psychologie
1647 3976 1703 4004 »nd

1766 944 1818 971 den
1836 944 2037 980 Erfahrungen
2053 947 2101 975 der
2117 947 2289 984 Pädagogik.
2305 949 2396 983 Schon
2414 949 2492 983 jedes
2511 950 2588 979 Kind

1766 983 1847 1016 weiß,
1862 983 1916 1018 daß
1931 992 1999 1013 man
2016 985 2104 1019 nichts
2121 987 2205 1020 geben
2223 987 2301 1021 kann,
2318 991 2400 1017 wenn
2417 995 2483 1017 man
2500 988 2588 1019 selber

1767 1022 1855 1056 nichts
1874 1023 1946 1057 hat."

1817 1065 1861 1094 Es
1880 1066 1947 1102 liegt
1965 1069 2024 1096 uns
2041 1068 2111 1102 nicht
2128 1069 2227 1104 daran,
2245 1071 2274 1098 in
2294 1071 2355 1099 eine
2374 1071 2502 1104 Polemik
2518 1071 2587 1100 über

1764 1104 1836 1137 diese
1856 1104 1949 1140 Frage
1969 1109 2151 1141 ernzutretcn.
2172 1108 2236 1137 Wir
2252 1109 2376 1145 möchten
2397 1110 2464 1138 aber
2484 1111 2588 1146 darauf

1765 1144 1946 1178 aufmerksam
1966 1146 2085 1180 machen,
2105 1147 2160 1180 daß
2180 1147 2227 1176 der
2249 1148 2323 1183 Satz,
2341 1149 2393 1176 den
2414 1149 2496 1183 unser
2516 1149 2587 1179 Ein¬

1764 1181 1861 1214 sender
1880 1183 1926 1212 als
1946 1185 2074 1220 einzigen
2094 1186 2142 1214 der
2160 1189 2216 1214 von
2237 1188 2289 1217 Dr.
2310 1187 2485 1217 Steinmann
2506 1195 2586 1218 nam¬

1765 1222 1824 1256 haft
1867 1224 2020 1259 gemachten
2059 1224 2226 1260 zahlreichen
2266 1226 2384 1255 Gründe
2421 1234 2504 1262 gegen
2541 1229 2585 1257 die

1766 1261 1848 1294 „freie
1872 1261 1991 1297 Schule"
2013 1264 2123 1298 anficht,
2146 1264 2312 1300 vollständig
2335 1267 2393 1294 und
2419 1266 2489 1300 ohne
2514 1267 2586 1296 will¬

1764 1300 1876 1335 kürliche
1906 1301 2058 1337 Sperrung
2084 1303 2276 1337 wicdergcben
2304 1305 2358 1333 wie
2385 1305 2454 1339 folgt
2483 1306 2585 1335 lautet:

1765 1339 1839 1371 „Der
1872 1339 1982 1376 sittliche
2016 1342 2074 1370 und
2111 1343 2191 1377 sogar
2226 1344 2273 1372 der
2296 1344 2437 1378 christliche
2462 1344 2585 1380 Einfluß

1765 1378 1844 1407 eines
1877 1380 2132 1415 konfessionslosen,
2166 1382 2349 1418 srcigeistigen
2382 1384 2503 1417 Lehrers
2536 1385 2586 1418 auf

1763 1417 1836 1449 seine
1861 1418 1979 1453 Schüler
2003 1420 2074 1448 kann
2098 1421 2199 1454 ebenso
2230 1423 2299 1456 groß
2335 1424 2393 1450 und
2427 1423 2585 1458 nachhaltig

1762 1456 1829 1490 sein,
1849 1458 1903 1486 wie
1924 1459 1973 1488 der
1994 1460 2045 1487 des
2068 1459 2414 1496 konfessionell-religiösen
2438 1462 2583 1496 Lehrers."

1763 1496 1827 1524 Und
1846 1497 1923 1525 dann
1941 1498 2016 1532 fährt
2035 1498 2083 1527 der
2100 1499 2242 1534 Verfasser
2258 1501 2309 1529 des
2326 1500 2468 1535 Aussatzes
2487 1501 2516 1528 in
2537 1502 2584 1530 der

1765 1534 1872 1568 „Politt
1878 1536 1948 1570 scheu
1967 1537 2151 1572 Rundschau"
2169 1554 2203 1558 —
2222 1545 2270 1567 um
2287 1540 2340 1568 den
2358 1540 2417 1573 hier
2434 1540 2586 1575 vcröffent-

1764 1574 1859 1608 lichicn
1882 1575 2004 1611 Auszug
2026 1577 2092 1610 nach
2116 1577 2202 1612 dieser
2228 1578 2366 1612 Rickstung
2391 1585 2424 1612 zu
2445 1579 2584 1614 ergänzen

1762 1629 1795 1634 —
1832 1615 1898 1648 fort:
1940 1616 2003 1652 „So
2042 1616 2140 1645 urteilt
2178 1623 2199 1650 z.
2228 1618 2264 1647 B.
2302 1619 2350 1646 der
2388 1617 2499 1652 Führer
2536 1621 2584 1648 der

1763 1652 1810 1682 St.
1844 1653 1941 1683 Gallrr
1981 1655 2137 1689 Postttvcn,
2178 1656 2298 1690 Pfarrer
2340 1657 2375 1685 N.
2410 1657 2511 1692 Hauri,
2553 1659 2584 1686 in

1763 1692 1851 1725 seiner
1895 1693 2047 1728 Broschüre
2099 1694 2167 1723 über
2211 1696 2255 1724 die
2298 1696 2473 1731 Schulfragc,
2526 1698 2583 1725 und

1761 1731 1826 1759 auch
1870 1732 1924 1760 daS
1969 1733 2070 1767 Organ
2114 1734 2163 1762 der
2206 1735 2341 1769 positiven
2385 1735 2582 1770 Protestanten

1762 1771 1809 1798 der
1851 1770 1986 1807 Schweiz,
2029 1772 2076 1801 der
2123 1773 2373 1808 „Kirchcnfreund"
2418 1775 2504 1809 (1921.
2547 1775 2583 1806 S.

1760 1809 1874 1843 264/65),
1914 1810 1945 1845 ist
1984 1811 2101 1845 objektiv
2140 1819 2232 1847 genug
2270 1814 2487 1848 anzncrkcnncn,
2528 1815 2582 1849 daß

1761 1849 1809 1876 der
1843 1849 2029 1885 erzieherische
2063 1851 2122 1879 und
2157 1852 2238 1885 sogar
2275 1853 2321 1881 der
2355 1852 2495 1888 christliche
2513 1853 2583 1883 Ein-

1761 1887 1822 1921 sl»ß
1849 1888 1976 1924 mancher
2002 1889 2112 1924 Lehrer,
2138 1890 2182 1919 die
2209 1890 2303 1921 keinen
2331 1891 2583 1926 Rcligionsuntcr-

1761 1927 1824 1961 richt
1848 1927 1961 1957 erteilen
1990 1929 2101 1963 wollen,
2124 1930 2253 1965 vcnnögc
2276 1931 2352 1965 ihrer
2375 1931 2582 1965 Eharatterbil-

1760 1966 1837 2000 dnng
1855 1967 1913 1995 und
1930 1968 2132 2003 vorbildlichen
2149 1968 2388 2005 Lebensführung
2404 1971 2449 1999 ein
2467 1971 2581 2005 besserer

1760 2004 1795 2037 sei
1818 2006 1867 2034 als
1889 2006 1938 2035 der
1957 2010 2015 2036 von
2035 2008 2167 2043 manchen
2190 2008 2321 2043 Lehrern,
2346 2010 2390 2038 die
2412 2010 2583 2045 Religions¬

1760 2044 1907 2079 unterricht
1930 2046 2054 2075 erteilen.
2078 2047 2154 2076 Man
2179 2047 2259 2083 möge
2283 2049 2329 2077 nie
2353 2049 2501 2083 vergessen,
2524 2050 2579 2082 daß

1757 2084 1810 2112 mit
1834 2085 1881 2112 der
1904 2085 2081 2120 Aufstellung
2105 2087 2272 2120 bestimmter
2296 2088 2580 2124 Bckcmttnisaussor-

1759 2123 1902 2158 dernngcn
1924 2132 1962 2153 an
1984 2125 2029 2153 die
2052 2132 2085 2159 zu
2109 2125 2277 2160 wählenden
2302 2127 2403 2161 Lehrer
2427 2127 2580 2161 äußerliche

1758 2162 1904 2191 Momente
1936 2164 1996 2193 eine
2026 2164 2156 2198 vielleicht
2188 2166 2438 2201 verhängnisvolle
2471 2167 2580 2196 Bcdcu-

1757 2203 1828 2236 tnng
1854 2201 1995 2237 erhalten;
2029 2204 2076 2232 der
2111 2204 2213 2238 bloßen
2241 2206 2466 2240 Vorspiegelung
2498 2206 2579 2235 eines

1758 2241 1970 2277 Bekenntnisses
1987 2249 2036 2271 um
2052 2244 2102 2271 dcö
2121 2243 2293 2274 Brotkorbes
2310 2245 2405 2273 willen
2424 2245 2500 2273 wäre
2517 2246 2578 2274 eine

1758 2278 1834 2309 Türe
1855 2280 1976 2315 geöffnet
1996 2283 2054 2310 »nd
2073 2282 2162 2311 damit
2180 2283 2240 2312 eine
2261 2284 2322 2318 böse
2341 2285 2436 2313 Ebene
2457 2283 2579 2317 bcschrit-

1757 2319 1814 2348 ten!
1840 2320 1894 2349 Die
1918 2320 2074 2355 Anhänger
2096 2322 2144 2349 der
2167 2322 2398 2357 „Evangclischcn
2423 2324 2579 2358 Polkspar-

1758 2358 1809 2386 Ici"
1835 2359 1879 2387 die
1905 2359 2011 2395 speziell
2037 2362 2093 2389 ans
2117 2361 2299 2394 „Glaubens-
2323 2364 2380 2391 »nd
2405 2362 2579 2396 Gewissens-

1757 2397 1901 2432 gründcn"
1924 2400 1983 2433 ihre
2004 2400 2177 2434 Ablehnung
2198 2401 2245 2430 der
2268 2401 2452 2436 allgemeinen
2475 2401 2577 2436 Schule

1758 2436 1928 2471 begründen,
1955 2439 2045 2473 haben
2070 2442 2152 2468 unter
2179 2439 2268 2472 ihrem
2295 2441 2480 2475 Schulsystem
2505 2441 2577 2470 keine

1757 2476 1881 2510 Gewähr
1904 2476 1948 2511 für
1970 2478 2051 2506 einen
2073 2478 2301 2513 durchschnittlich
2322 2480 2440 2514 besseren
2464 2480 2578 2509 Lcürcr-

1757 2516 1833 2548 staiid
1852 2516 1899 2544 alü
1917 2515 1984 2551 jetzt.
2001 2517 2055 2547 Sic
2072 2518 2163 2552 haben
2181 2519 2247 2548 aber
2267 2519 2324 2553 jetzt
2342 2519 2488 2553 denselben
2507 2519 2578 2549 Ei»-

1758 2555 1818 2587 slnß
1835 2555 1885 2589 aus
1899 2555 1944 2585 die
1961 2556 2080 2591 Wahlen
2098 2557 2146 2586 der
2163 2557 2393 2592 Schulbehörden
2412 2559 2469 2586 und
2488 2559 2577 2588 damit

1757 2596 1804 2622 der
1826 2594 1928 2626 Lehrer
1947 2595 2002 2624 wie
2023 2596 2075 2624 alle
2097 2597 2205 2625 andern
2227 2597 2349 2632 Bürger.
2372 2597 2453 2630 Dort,
2475 2597 2505 2625 in
2530 2598 2577 2626 der

1758 2633 1975 2668 Sckmlbchördc,
1994 2635 2111 2663 könnten
2130 2635 2189 2669 ihre
2209 2635 2350 2665 Bcttrctcr
2371 2637 2408 2665 all
2427 2636 2486 2669 ihre
2507 2636 2577 2667 Ein¬

1758 2672 1813 2705 sicht
1836 2673 1894 2700 nnd
1918 2673 2198 2708 Menschenkenntnis
2221 2676 2311 2704 daran
2336 2676 2424 2710 setzen,
2445 2675 2500 2709 daß
2523 2676 2578 2710 sitt-

1757 2712 1901 2746 lichcrnstc,
1924 2713 2038 2748 tüchtige
2061 2714 2222 2747 Bewerber,
2244 2715 2288 2743 die
2311 2715 2362 2743 den
2385 2715 2576 2749 geschilderten

1757 2754 1841 2785 guten
1859 2751 1981 2786 Einslnß
1998 2753 2048 2787 ans
2066 2753 2110 2782 die
2127 2752 2248 2787 Jugend
2267 2755 2366 2787 haben,
2383 2761 2432 2788 zur
2451 2754 2579 2789 Geltung

1756 2791 1887 2818 kommen.
1904 2790 1969 2820 Das
1985 2791 2015 2825 ist
2030 2792 2099 2822 nicht
2116 2798 2171 2820 nur
2189 2792 2233 2825 ihr
2251 2795 2332 2827 gutes
2352 2793 2441 2825 Reckt,
2458 2793 2575 2826 sondern

1756 2829 1836 2861 sogar
1862 2829 1920 2859 ihre
1946 2830 2037 2864 schöne
2062 2830 2165 2865 Pflicht
2189 2832 2251 2859 dem
2282 2831 2383 2860 Staate
2411 2831 2575 2866 gegenüber.

1754 2868 1798 2896 Es
1825 2868 1948 2897 bedeutet
1974 2869 2018 2897 ein
2042 2872 2091 2902 gut
2117 2869 2199 2898 Stück
2224 2870 2380 2904 Kleinmut,
2405 2875 2487 2899 wen»
2515 2872 2574 2900 eine

1752 2906 1851 2939 Partei
1875 2905 1921 2940 sich
1940 2907 1971 2937 in
1992 2909 2040 2936 der
2062 2908 2145 2943 Kraft
2165 2915 2198 2942 z»
2221 2909 2312 2938 einem
2334 2909 2362 2941 so
2381 2909 2471 2943 hoben
2494 2909 2574 2943 Ziele

1752 2945 1840 2978 nichts
1862 2947 1976 2980 zutraut
2000 2948 2057 2975 und
2081 2947 2277 2982 infolgedessen
2301 2955 2385 2983 gegen
2408 2950 2460 2977 den
2485 2949 2572 2978 Staat

1752 2984 1887 3018 Stellung
1906 2985 2019 3020 bezieht.
2057 2986 2133 3021 (Nur
2152 2986 2285 3017 nebenbei
2305 2988 2340 3021 sei
2361 2988 2497 3022 erwähnt,
2517 2989 2572 3022 daß

1749 3023 1793 3052 die
1828 3024 2023 3059 Evangelische
2058 3026 2237 3060 VolkSPartci
2275 3027 2319 3061 sich
2353 3026 2429 3060 sicher
2462 3027 2571 3061 täuscht,

1750 3066 1833 3092 wenn
1856 3063 1888 3097 sie
1910 3065 1972 3093 dem
1996 3065 2155 3099 christlichen
2178 3065 2300 3102 Einfluß
2323 3067 2371 3101 ans
2394 3068 2449 3095 das
2473 3067 2571 3101 Schul¬

1751 3101 1839 3135 wesen
1869 3104 1948 3136 durch
1974 3104 2018 3132 die
2043 3103 2342 3140 Freischulbewegung
2368 3106 2449 3134 einen
2477 3106 2573 3142 Dienst

1752 3147 1785 3175 zu
1810 3141 1901 3176 leisten
1924 3143 2019 3172 meint.
2051 3144 2135 3174 Denn
2160 3144 2296 3178 während
2329 3145 2384 3180 jetzt
2416 3146 2498 3176 durch
2529 3146 2572 3175 die

1753 3181 1898 3214 Großzahl
1918 3182 1965 3210 der
1984 3182 2209 3217 schweizerischen
2232 3184 2333 3214 Lehrer
2355 3185 2393 3213 im
2411 3184 2573 3218 christlichen

1752 3220 1847 3249 Sinne
1874 3222 1985 3254 gewirkt
2014 3223 2097 3255 wird,
2125 3223 2237 3256 gewirkt
2264 3225 2375 3252 werden
2405 3225 2484 3256 kann,
2514 3225 2573 3253 nnd

1752 3260 1887 3292 während
1915 3259 1970 3295 jetzt
1995 3262 2143 3304 zahlreich
2173 3262 2289 3296 Kinder,
2317 3263 2360 3291 die
2388 3264 2426 3291 im
2454 3263 2573 3299 übrigen

1752 3299 1968 3333 konfessionslos
1993 3307 2108 3336 erzogen
2133 3302 2254 3335 werden,
2278 3303 2446 3337 wenigstens
2473 3303 2502 3332 in
2526 3305 2574 3332 der

1753 3338 1855 3372 Schule
1879 3340 1944 3373 noch
1967 3340 2019 3369 mit
2045 3341 2107 3370 dem
2131 3341 2323 3376 Ehristcntnm
2346 3342 2376 3371 in
2400 3342 2575 3378 Berührung

1752 3377 1884 3410 kommen,
1902 3379 1975 3408 wird
1996 3386 2065 3414 ganz
2086 3380 2177 3414 gewiß
2195 3381 2243 3410 der
2262 3381 2383 3417 Einfluß
2403 3382 2490 3415 dieser
2510 3382 2575 3412 Bil-

1751 3416 1932 3452 dnngskräste
1952 3418 1982 3447 in
2001 3420 2048 3448 der
2068 3419 2263 3453 Staatöschule
2282 3420 2472 3456 znrückgehe»,
2490 3426 2573 3451 wenn

1753 3455 1796 3489 ihr
1829 3457 1877 3490 erst
1910 3458 1953 3486 die
1988 3458 2262 3494 positiv-christlichen
2294 3461 2574 3494 Bcvölkcrnngstcilc

1753 3496 1806 3524 den
1824 3496 1928 3525 Rücken
1945 3498 2050 3531 gckcbrt
2068 3498 2168 3532 haben.
2186 3499 2278 3530 Wenn
2296 3502 2327 3528 es
2344 3500 2434 3534 diese»
2452 3500 2512 3533 also
2527 3508 2575 3529 um

1752 3535 1813 3563 eine
1841 3535 1985 3571 Stärkung
2013 3537 2065 3566 des
2090 3538 2250 3572 christliche»
2277 3539 2442 3573 Einschlags
2470 3539 2498 3568 in
2527 3541 2575 3569 der

1751 3573 2025 3610 Jugenderziehung
2046 3578 2103 3605 und
2123 3578 2191 3611 nicht
2213 3583 2261 3608 um
2282 3586 2335 3613 eng
2349 3579 2497 3612 egoistische
2519 3580 2575 3613 In¬

1754 3614 1864 3648 teresse»
1890 3621 1923 3647 zu
1949 3618 1998 3644 tun
2026 3616 2063 3650 ist,
2088 3617 2115 3648 so
2140 3618 2251 3647 werde»
2277 3618 2310 3652 sic
2338 3618 2383 3651 sich
2408 3619 2451 3647 die
2477 3619 2576 3649 linier>

1752 3653 1872 3688 stützung
1895 3654 1943 3684 der
1976 3644 2096 3689 ^freien"
2133 3656 2233 3690 Schule
2267 3657 2332 3691 noch
2365 3658 2470 3686 einmal
2498 3659 2573 3687 wobl

1754 3691 1942 3728 Überlegen.)"

1803 3739 1848 3773 In
1874 3740 1950 3771 einer
1976 3742 2155 3777 Anmerkung
2183 3750 2246 3777 znm
2276 3745 2366 3778 letzte»
2393 3744 2474 3776 Satze
2501 3746 2574 3774 wird

1752 3781 1817 3809 »och
1840 3780 1941 3814 gesagt,
1967 3782 2021 3814 daß
2048 3783 2204 3816 allerdings
2230 3784 2368 3818 „einzelne
2394 3784 2506 3818 Lehrer,
2530 3785 2574 3814 die

1752 3819 1856 3852 freilich
1883 3820 1983 3852 seltene
2008 3822 2198 3853 Ausnahmen
2229 3822 2295 3857 sind,
2323 3824 2351 3852 in
2379 3824 2425 3852 der
2456 3824 2574 3853 Staals-

1752 3858 1835 3891 schulc
1859 3861 1914 3887 ans
1937 3860 2086 3895 religiösen
2112 3861 2251 3891 Gründe»
2276 3863 2347 3891 keine
2370 3864 2441 3891 volle
2465 3863 2573 3897 Befrie¬

1749 3897 1858 3932 digung
1883 3904 1916 3932 zu
1940 3899 2035 3933 finden
2060 3901 2190 3930 erklären.
2214 3901 2268 3931 Sic
2291 3901 2387 3935 fühlen
2412 3904 2494 3934 etwa,
2518 3903 2572 3936 daß

1748 3937 1797 3965 der
1819 3937 1909 3971 offene
1930 3939 2073 3967 Ausdruck
2096 3939 2171 3969 ihrer
2194 3940 2344 3975 religiösen
2367 3941 2572 3975 Weltanschau¬

1750 3982 1808 4010 ung
1837 3977 1889 4005 mit
1918 3978 2087 4012 Mißtraue»
2123 3979 2267 4015 betrachtet
2305 3980 2410 4013 würde,
2447 3981 2504 4009 »nd
2540 3981 2573 4015 sic

2629 949 2717 981 haben
2740 953 2790 978 vor
2813 951 2996 986 konseffiouell
3017 951 3178 987 genüschten
3200 952 3312 986 Klassen
3334 953 3388 980 das
3410 954 3454 982 be¬

2629 987 2773 1017 drückende
2793 989 2907 1024 Gefühl,
2927 991 2982 1024 daß
3001 991 3034 1025 sie
3053 992 3106 1019 den
3126 991 3202 1026 ihrer
3222 992 3386 1026 Erziehung
3403 999 3454 1020 an-

2628 1029 2789 1056 vertrantcn
2808 1028 2935 1058 Kindern
2954 1031 3053 1063 gerade
3071 1032 3126 1058 das
3146 1031 3327 1065 Wertvollste,
3345 1033 3399 1059 das
3419 1031 3453 1065 sic

2629 1073 2661 1099 zu
2684 1067 2769 1100 geben
2790 1067 2893 1101 hätten,
2914 1069 2982 1102 nicht
3003 1070 3090 1103 geben
3112 1069 3240 1099 könnten.
3261 1070 3325 1099 Wir
3345 1072 3453 1099 tonnen

2627 1104 2720 1138 diesen
2747 1105 2870 1140 Lehrern
2898 1108 2951 1136 den
2977 1108 3059 1142 Ernst
3085 1111 3145 1137 und
3172 1110 3218 1137 die
3243 1110 3453 1144 Aufrichtigkeit

2627 1144 2702 1178 ihrer
2723 1145 2942 1181 Ueberzcngung
2962 1147 3031 1181 nicht
3049 1148 3220 1181 absprcchcn,
3238 1148 3344 1182 müssen
3366 1148 3451 1182 ihnen

2628 1184 2694 1212 aber
2717 1185 2855 1218 zweierlei
2879 1187 3123 1221 ciitgegenhaltcn:
3150 1188 3270 1216 Einmal
3295 1188 3325 1221 ist
3351 1190 3382 1216 cs
3406 1188 3451 1217 ein

2628 1222 2826 1257 entschiedener
2846 1225 2975 1258 Mangel,
2994 1230 3077 1254 wenn
3098 1226 3131 1260 sic
3150 1227 3194 1255 die
3215 1227 3364 1261 religiösen
3386 1230 3453 1256 oder

2627 1262 2671 1290 die
2693 1262 2854 1296 christlichen
2876 1264 3207 1298 Erziehungsmomcntc,
3229 1266 3273 1294 die
3295 1266 3329 1299 sic
3352 1267 3452 1300 hcran-

2627 1301 2721 1335 zichc»
2744 1302 2855 1335 wollen,
2877 1303 2945 1337 nicht
2967 1304 3018 1332 des
3040 1304 3259 1340 koiiscssioncllcn
3285 1305 3451 1334 Gewandes

2627 1341 2787 1373 entkleiden,
2829 1342 2879 1370 ins
2919 1343 3211 1377 Ilcberkonfcssionelle
3253 1344 3450 1378 hcraushcben

2627 1380 2743 1409 können.
2758 1380 2889 1410 Könnten
2908 1381 2941 1415 sic
2959 1382 3021 1415 das,
3036 1383 3094 1410 und
3111 1383 3208 1412 wären
3226 1384 3259 1417 sie
3277 1384 3355 1418 selbst
3371 1384 3452 1413 über¬

2626 1422 2714 1453 zeugt,
2739 1420 2794 1453 daß
2822 1427 2858 1448 an
2884 1421 2959 1455 ihrer
2985 1421 3113 1455 sittlichen
3138 1422 3354 1456 Persönlichkeit
3380 1423 3451 1455 nicht

2626 1459 2680 1486 das
2702 1459 2916 1493 Konfessionelle
2937 1461 2992 1488 das
3020 1461 3164 1495 eigentlich
3183 1462 3335 1491 Wertvolle
3355 1462 3401 1495 sei,
3422 1462 3450 1497 so

2627 1497 2720 1532 hätten
2747 1498 2780 1532 sic
2803 1499 2867 1532 doch
2889 1500 2968 1528 kaum
2991 1500 3016 1533 je
3040 1499 3101 1528 eine
3126 1501 3349 1535 Beanstandung
3375 1502 3450 1535 ihrer

2627 1537 2884 1573 Uitterrichtsweisc
2912 1545 2946 1572 zu
2972 1539 3143 1572 gewärtigen
3172 1541 3231 1568 und
3257 1540 3375 1568 würden
3405 1540 3452 1574 sich

2626 1577 2691 1610 auch
2711 1580 2761 1605 vor
2785 1577 2891 1606 anders
2914 1584 3067 1612 erzogenen
3087 1578 3227 1613 Schülern
3249 1581 3330 1607 kaum
3351 1579 3376 1613 je
3399 1586 3451 1608 un¬

2626 1617 2788 1651 verstanden
2810 1615 2915 1651 fühlen.
2938 1617 3062 1645 Sodann
3083 1617 3149 1646 aber
3170 1619 3279 1652 machen
3301 1618 3348 1652 sich
3368 1618 3450 1652 solche

2626 1656 2728 1689 Lehrer
2750 1656 2810 1684 eine
2834 1656 2929 1690 falsche
2955 1655 3140 1691 Vorstellung,
3163 1662 3246 1685 wenn
3272 1657 3306 1691 sic
3327 1658 3449 1691 meinen,

2626 1695 2655 1722 in
2676 1696 2725 1723 der
2746 1694 2966 1729 konfessionellen
2991 1695 3091 1730 Schule
3115 1697 3208 1725 bäi:en
3230 1696 3265 1731 sic
3287 1698 3364 1725 dann
3389 1697 3450 1726 eine

2626 1741 2695 1768 ganz
2721 1734 2883 1769 homogene,
2920 1735 3101 1771 gleichmäßig
3136 1736 3331 1769 innerlich
3362 1736 3450 1770 christ¬

2626 1774 2674 1807 lich
2693 1780 2824 1808 erzogene
2845 1774 3037 1809 Tchülerschar
3058 1778 3108 1803 vor
3131 1775 3184 1809 sich.
3203 1792 3237 1796 —
3256 1776 3333 1804 Vom
3352 1775 3450 1809 politi¬

2625 1813 2696 1847 schen
2726 1813 2908 1849 Standpunkt
2934 1815 2990 1842 aus
3017 1813 3086 1845 muß
3112 1815 3178 1843 aber
3206 1815 3297 1848 gesagt
3326 1815 3449 1848 werden,

2624 1853 2678 1886 daß
2706 1853 2749 1881 die
2777 1853 2836 1886 sehr
2862 1854 2956 1887 wenig
2980 1853 3149 1887 zahlreichen
3178 1853 3288 1887 Lehrer,
3315 1853 3359 1881 die
3387 1853 3447 1886 jene

2624 1892 2732 1925 bessere,
2754 1891 3026 1927 überkonfessionelle
3046 1892 3221 1927 Einstellung
3253 1893 3321 1925 nicht
3351 1893 3447 1925 sind««

2623 1931 2738 1964 können,
2758 1931 2822 1964 noch
2843 1932 2925 1965 lange
2947 1931 3018 1965 nicht
3037 1932 3118 1960 einen
3140 1932 3321 1966 genügenden
3343 1931 3447 1961 Grund

2625 1971 2729 2003 bilden,
2756 1971 2810 2001 daß
2840 1972 2895 1999 wir
2923 1971 3093 2004 ihretwegen
3118 1972 3169 2005 aus
3195 1971 3238 1999 die
3271 1971 3448 2005 Segnungen

2622 2011 2670 2038 der
2696 2009 2881 2044 allgemeinen
2907 2009 3010 2044 Schule
3037 2009 3187 2044 verzichten
3213 2010 3272 2038 nnd
3300 2010 3333 2044 sic
3361 2017 3447 2044 gegen

2623 2050 2677 2077 das
2717 2049 2817 2077 Ebaos
2850 2050 2898 2079 der
2928 2048 3148 2083 konscssioncllcn
3188 2050 3247 2077 nnd
3287 2049 3446 2084 politischen

2624 2088 2868 2123 Gruppcnschulen
2892 2087 3089 2122 cintanschen."

2766 2165 3303 2233 Eidgenossenschaft.

2684 2248 2871 2279 Bundeörat.
2888 2248 2917 2279 B
2929 2256 2942 2279 c
2956 2256 2969 2278 r
2982 2255 3020 2284 n,
3037 2248 3080 2279 17.
3098 2247 3174 2287 Aug.
3196 2251 3218 2276 *
3238 2248 3300 2279 Der
3317 2248 3330 2285 s
3341 2248 3368 2282 ch
3381 2251 3448 2280 we¬

2625 2288 2663 2318 bt
2674 2288 2687 2324 s
2699 2289 2727 2324 ch
2739 2295 2752 2319 c
2771 2287 2799 2318 G
2810 2295 2823 2318 c
2837 2289 2847 2325 s
2860 2296 2876 2318 a
2890 2296 2909 2319 n
2920 2290 2938 2319 d
2951 2290 2961 2318 t
2974 2296 2987 2319 e
3005 2287 3030 2318 A
3044 2289 3060 2319 d
3073 2289 3082 2318 l
3095 2295 3109 2318 e
3121 2295 3135 2318 r
3146 2291 3158 2319 k
3171 2296 3184 2319 r
3197 2295 3209 2319 e
3222 2295 3241 2318 u
3254 2291 3273 2326 tz
3292 2288 3344 2325 hat
3360 2289 3447 2323 heute

2624 2329 2686 2359 dem
2707 2327 3024 2365 Blindcspräsidenten
3044 2327 3107 2365 sein
3126 2320 3446 2365 Abberujnngsschrci«

2626 2368 2679 2398 den
2707 2367 2878 2405 überreicht.
2925 2368 2985 2399 Der
3012 2366 3191 2398 Bundesrat
3219 2367 3355 2406 offeriert
3382 2369 3448 2399 dem

2625 2406 2808 2444 scheidenden
2826 2407 3023 2444 Diplomaten
3040 2406 3125 2444 heute
3143 2407 3252 2445 mittag
3271 2407 3319 2437 ein
3337 2405 3446 2443 Dejeu¬

2623 2453 2675 2477 ner
2700 2446 2739 2476 im
2763 2446 2949 2480 „Bellevue".
2991 2446 3048 2477 Als
3072 2445 3249 2484 Nachfolger
3271 2447 3324 2478 des
3348 2445 3448 2483 Herrn

2624 2485 2804 2522 Adlcrkreutz
2828 2486 2935 2517 kommt
2959 2486 3009 2516 als
3034 2485 3269 2524 diplomatischer
3293 2486 3447 2517 Vertreter

2625 2525 2806 2562 Schwedens
2830 2524 2967 2563 Minister
2990 2525 3016 2556 A
3029 2525 3038 2555 l
3050 2525 3071 2562 st
3083 2533 3096 2555 r
3109 2525 3125 2556 ö
3138 2533 3167 2556 m
3178 2533 3192 2556 e
3205 2533 3218 2556 r
3262 2526 3332 2560 nach
3354 2525 3448 2556 Bern.

2624 2564 2689 2595 Den
2713 2571 2807 2595 neuen
2831 2565 3033 2602 schwedischen
3054 2564 3225 2602 Gesandten
3247 2564 3346 2602 führte
3369 2564 3448 2602 seine

2623 2603 2841 2641 diplomatische
2860 2604 3001 2635 Karriere
3019 2603 3092 2635 über
3112 2603 3210 2642 Paris
3226 2605 3289 2635 und
3307 2605 3445 2635 Londoir.

2623 2642 2837 2681 Gegenwärtig
2873 2643 2904 2680 ist
2937 2651 2966 2674 er
2991 2644 3055 2675 dem
3077 2643 3288 2681 auswärtigen
3312 2642 3446 2680 Ministe-

2624 2682 2703 2714 rinm
2725 2682 2755 2713 in
2776 2682 2945 2720 Stockholm
2965 2682 3115 2721 zugeteilt.

2681 2722 2741 2753 Der
2764 2722 2942 2754 Bnndesrat
2963 2723 3015 2759 hat
3037 2722 3122 2759 heute
3143 2722 3336 2760 provisorisch
3359 2722 3445 2754 einen

2623 2761 2728 2792 Kredit
2747 2764 2809 2791 von
2830 2762 2910 2793 einer
2932 2760 3057 2792 Million
3077 2760 3130 2798 Fr.
3150 2761 3199 2800 fiir
3222 2761 3268 2792 die
3290 2762 3445 2792 Unter¬

2622 2800 2796 2837 stützung
2825 2802 2874 2832 der
2903 2800 3262 2838 Uhrenindnstrie
3290 2800 3444 2838 bewilligt.

2621 2839 2680 2870 Ter
2700 2839 2851 2875 seinerzeit
2871 2843 2930 2870 von
2950 2841 3003 2871 den
3020 2839 3262 2877 eidgenössischen
3278 2839 3378 2871 Räten
3397 2842 3444 2871 be¬

2621 2878 2746 2916 willigte
2765 2877 3097 2916 Fünfmillionentredit
3117 2879 3147 2915 ist
3164 2879 3314 2916 erschöpft,
3332 2880 3393 2910 und
3412 2884 3445 2911 cs

2592 2911 2596 2953 !
2620 2918 2674 2953 soll
2693 2924 2767 2952 nun,
2788 2919 2882 2949 damit
2902 2919 2964 2949 kein
2984 2919 3167 2955 Untcrbruch
3186 2919 3306 2956 erfolgt,
3329 2919 3360 2950 in
3377 2922 3445 2956 pro¬

2615 2957 2783 2994 visorischer
2804 2957 2898 2995 Weise
2919 2958 2983 2989 eine
3004 2964 3077 2989 neue
3091 2958 3385 2996 Kreditgewährung
3397 2966 3441 2990 er¬

2617 2998 2727 3033 folgen.
2746 2996 2802 3028 Die
2821 2997 3062 3035 eidgenössischen
3080 2996 3158 3029 Räte
3176 2999 3295 3029 werden
3311 2998 3387 3034 diese
3404 3006 3441 3035 zil

2621 3035 2808 3074 ratifizieren
2827 3037 2931 3074 haben,
2951 3038 3012 3068 »nd
3032 3041 3065 3068 es
3082 3036 3159 3068 wird
3182 3037 3231 3069 der
3248 3036 3365 3075 Betrag
3384 3040 3445 3069 von

2619 3074 2699 3106 einer
2725 3073 2849 3108 Million
2877 3076 2908 3107 in
2936 3077 2984 3107 der
3010 3083 3046 3113 zri
3092 3076 3311 3113 gewährenden
3336 3077 3443 3109 Unter¬

2616 3114 2742 3152 stützung
2770 3116 2856 3152 durch
2887 3116 2931 3146 die
2959 3115 3313 3154 Bundesversammlung
3342 3116 3440 3148 cinbc-

2622 3154 2733 3190 rechnet
2753 3154 2880 3186 lvcrden.

2593 3203 2596 3216 >
2677 3193 2737 3224 Ein
2760 3193 3096 3231 Bundcsratsbeschluß
3119 3194 3191 3226 über
3235 3195 3280 3226 die
3302 3195 3444 3233 Ausrich¬

2619 3235 2693 3270 tung
2719 3233 2777 3264 von
2802 3233 2979 3265 Bundes
2993 3233 3058 3265 bei
3071 3234 3225 3272 trägen
3268 3242 3320 3272 zur
3365 3234 3394 3266 B
3407 3242 3420 3265 c
3431 3248 3443 3261 -

2619 3273 2629 3303 k
2642 3272 2659 3302 ä
2672 3280 2699 3303 in
2712 3276 2729 3309 p
2742 3272 2751 3310 s
2764 3279 2783 3302 n
2796 3280 2814 3303 n
2828 3281 2844 3311 g
2883 3274 2931 3305 der
2949 3273 2975 3304 T
2988 3280 3006 3303 u
3020 3274 3036 3304 b
3049 3280 3063 3304 e
3076 3280 3089 3303 r
3100 3273 3112 3303 k
3125 3281 3144 3304 u
3157 3274 3166 3304 l
3180 3281 3197 3304 o
3208 3274 3219 3311 s
3232 3281 3244 3304 c
3283 3275 3439 3309 bestimmt:

2620 3311 2701 3346 „Art.
2723 3313 2748 3343 1.
2767 3311 2814 3343 An
2830 3313 2970 3350 folgende
2992 3312 3169 3351 wohltätige
3187 3313 3441 3352 antituberkulose

2619 3351 2795 3388 Hilfswcrkc
2820 3352 2933 3383 können
2955 3352 3220 3390 Blmdesbciträge
3244 3352 3344 3384 erteilt
3368 3356 3443 3384 wer¬

2618 3391 2685 3421 den:
2727 3392 2756 3426 n)
2776 3390 3033 3430 Bereinigungen,
3052 3391 3155 3430 welche
3175 3392 3221 3423 die
3240 3392 3440 3430 Tuberkulose

2618 3430 2659 3461 im
2678 3430 2873 3468 allgemeinen
2893 3433 2962 3462 oder
2981 3431 3051 3466 nach
3071 3431 3233 3467 besonder«
3253 3431 3441 3470 Richtungen

2618 3468 2795 3508 bekämpfen.
2842 3469 2871 3507 >>)
2899 3470 3134 3508 Einrichtungen
3159 3478 3211 3508 zur
3240 3470 3440 3510 Ermittlung,

2593 3508 2596 3541 i
2619 3508 2788 3547 Beratung,
2832 3510 3068 3548 Uebcrwachnng
3113 3511 3174 3541 und
3220 3510 3443 3549 Unterstützung

2593 3552 2596 3581 !
2618 3548 2832 3586 Tuberkulöser
2855 3551 2915 3580 und
2940 3549 3018 3586 ihrer
3039 3549 3231 3587 gefährdeten
3254 3550 3440 3589 Umgebung,

2593 3602 2596 3617 >
2620 3588 2675 3618 wie
2723 3588 3186 3626 Tnbcrlttlosenfürsorgestellcn.
3230 3590 3258 3624 e)
3286 3589 3443 3626 Anstalten

2593 3619 2596 3662 !
2619 3634 2671 3665 zur
2687 3627 2900 3665 Behandlung.
2918 3628 3101 3666 Kräftigung
3117 3630 3179 3660 und
3197 3628 3441 3667 Wiederbcschäf-

2593 3669 2597 3697 l
2621 3666 2727 3705 tigung
2745 3666 2958 3705 Tnbcrknlüser
2976 3669 3035 3698 nnd
3053 3667 3441 3706 Tuberknloscgefährdcter

2593 3707 2597 3737 !
2618 3707 2673 3737 lvie
2707 3706 2891 3743 Heilstätten,
2922 3707 3150 3743 Prcventoricn,
3183 3707 3440 3746 Tuberkulosespi«

2620 3745 2706 3781 täler,
2728 3745 3025 3785 ErholttiigSstätten,
3048 3745 3263 3785 Waldschulen,
3304 3747 3443 3780 Arbeits¬

2620 3785 2767 3817 kolonie».
2810 3785 2905 3817 Dabei
2931 3786 2992 3823 sind
3017 3786 3170 3823 Anstalten
3197 3787 3245 3824 für
3272 3787 3384 3819 Kinder
3410 3788 3443 3819 in

2620 3825 2705 3862 erster
2722 3825 2806 3857 Linie
2824 3833 2859 3862 zu
2879 3825 3117 3864 berücksichtigen.
3155 3825 3220 3858 Art.
3237 3827 3264 3858 2.
3280 3826 3337 3858 Die
3354 3827 3441 3858 Bun-

2620 3864 2806 3902 desbciträgc
2830 3865 2919 3903 sollen
2941 3865 3016 3898 nicht
3038 3872 3095 3896 nur
3116 3872 3169 3903 zur
3194 3866 3367 3903 Erhaltung
3390 3868 3440 3898 der

2619 3903 2794 3941 bisherigen
2820 3904 3003 3942 Leistungen,
3028 3904 3156 3941 sondern
3183 3908 3270 3937 wenn
3316 3906 3442 3944 möglich

2618 3944 2687 3977 auch
2707 3950 2759 3981 zur
2778 3942 2989 3982 Erweiterung
3007 3944 3160 3981 derselben
3179 3946 3239 3977 und
3259 3945 3304 3977 bei
3324 3945 3439 3982 Anstal¬

2619 3982 2667 4013 ten
2686 3981 2737 4009 5i,l>
2754 3981 2835 4010 Utera
2852 3986 2866 4014 o
2885 3986 2944 4014 von
2963 3983 3026 4015 Art.
3047 3984 3058 4015 1
3081 3987 3135 4016 vor
3152 3984 3239 4016 allem
3256 3992 3308 4021 zur
3327 3984 3440 4022 Herab¬

255 4069 594 4141 Jeuillekon.

144 4169 214 4199 Das
234 4171 372 4202 Gcrhart
390 4169 711 4203 Hanptmann-Buch.

72 4215 94 4242 K.
113 4218 137 4246 K.
164 4219 286 4254 Gcrhart
305 4217 489 4253 Hanptman»
510 4218 556 4252 hat
573 4218 660 4252 dieser
677 4217 755 4254 Tage
776 4217 841 4253 nach

27 4251 67 4297 ^er
91 4253 209 4289 Florian
238 4256 528 4294 Geyer-Ausführung
554 4257 582 4286 in
606 4260 653 4286 der
680 4257 840 4287 Breslauer

27 4294 311 4328 mst»rtm»dert-Halle
346 4297 405 4326 eine
442 4296 750 4335 Monstcr-Hnldignug
784 4305 840 4326 c»>-

28 4335 280 4370 iügc»ge»omn>e»,
320 4337 367 4365 als
403 4343 430 4366 er
468 4337 506 4365 im
534 4337 641 4371 Wage»
680 4337 760 4370 durch
796 4336 840 4366 die

27 4369 122 4408 Menge
147 4377 218 4410 fuhr,
243 4378 329 4406 neben
358 4377 416 4410 ihm
440 4377 478 4406 in»
503 4376 612 4410 Polster
636 4376 734 4411 Alfred
761 4376 841 4406 Ksrr.

25 4408 63 4436 Es
83 4412 130 4443 soll
150 4419 197 4445 der
220 4417 336 4451 Sänger
360 4416 413 4444 mit
435 4418 498 4445 dem
520 4416 614 4450 König
639 4416 733 4450 gehe».
776 4416 839 4445 Und

26 4451 87 4479 8err
121 4455 150 4489 ist
187 4463 245 4485 „nn
272 4455 377 4485 einmal
402 4454 608 4491 Hanpttnanns
638 4455 762 4490 Sänger,
801 4456 838 4489 oft

26 4489 70 4518 mit
90 4495 220 4525 wundem
242 4495 357 4529 Herzen,
378 4495 440 4526 eher
464 4495 581 4530 geneigt,
603 4494 674 4528 seine
695 4493 781 4529 Harfe
803 4501 840 4524 an

26 4529 63 4556 kne
87 4531 201 4564 Weide»
229 4537 276 4564 der
302 4536 368 4569 User
393 4534 549 4569 Babylons
579 4540 611 4569 z»
639 4533 757 4569 hängen,
792 4534 840 4562 als

27 4570 78 4597 -v»,
101 4572 209 4607 Dichter
232 4574 416 4609 Mißratenes
438 4580 471 4608 z»
492 4574 646 4607 verzeihe».
686 4573 731 4607 Zn
755 4574 840 4609 dieser

27 4605 147 4643 Pvrseier
183 4616 233 4643 des
273 4614 425 4649 sechzigsten
464 4613 676 4647 Geburtstages
717 4613 840 4649 Gcrhart

28 4644 221 4683 ^miptinanns
241 4654 367 4688 erscheint
389 4659 447 4683 »nn
469 4652 533 4683 noch
551 4652 594 4681 ein
616 4651 699 4684 Buch,
721 4653 775 4681 das
796 4652 840 4687 für

30 4686 89 4716 ''ine
115 4691 318 4727 Weliwirknng
352 4699 455 4728 zeuge»
483 4691 551 4721 Will.
597 4692 657 4721 Des
685 4691 841 4722 Vorworts

27 4723 178 4764 Redlichkeit
200 4734 307 4768 gesteht,
329 4736 393 4761 was
418 4732 444 4765 ja
468 4731 530 4766 doch
554 4730 701 4765 Wahrheit
724 4731 762 4766 ist,
784 4731 839 4764 daß

90 4771 247 4801 grollenden
273 4772 373 4805 Achillc
403 4774 480 4803 mehr
505 4771 571 4805 sind,
604 4770 648 4799 die
675 4777 710 4799 an
739 4771 840 4806 diesem

25 4802 93 4838 P»ch
110 4810 202 4839 keinen
219 4811 317 4840 Anteil
335 4811 465 4840 nahmen.
483 4810 558 4844 Auch
576 4810 605 4838 in
623 4808 724 4843 diesem
743 4810 840 4839 Sinne

26 4841 85 4872 kan»
108 4848 198 4882 dieses
222 4850 500 4885 Hanptmann-Bnch
523 4850 566 4879 ein
592 4849 749 4879 Dokument
771 4852 841 4878 wer¬

25 4879 78 4912 den.
116 4888 173 4918 Der
196 4889 395 4925 Herausgeber
418 4890 538 4924 Ludwig
559 4887 692 4922 Marcnse
716 4889 838 4923 schreibt:

111 4928 200 4957 meine
216 4930 430 4965 Aufforderung
448 4936 497 4964 zur
514 4928 666 4958 Mitarbeit
683 4934 720 4957 an
739 4928 840 4962 diesem

25 4959 93 4993 Auch
117 4968 207 4997 kamen
234 4968 306 4997 viele
330 4969 460 5004 Absagen
485 4971 541 4998 ans
567 4967 750 5003 Deutschland
779 4968 840 5002 (na¬

24 5003 143 5037 mentlich
166 5008 228 5037 dem
253 5007 359 5043 jungen
382 5008 594 5044 Deutschland!)
619 5009 677 5036 nnd
698 5007 751 5036 den
775 5014 840 5036 nor¬

24 5038 119 5074 dischen
144 5046 289 5077 Ländern!
313 5047 452 5081 Absagen,
477 5047 676 5080 ausdrückliche
701 5048 757 5076 »nd
781 5049 840 5076 ver-

25 5077 186 5120 lchwicgene,
210 5089 265 5116 aus
288 5088 349 5116 dem
376 5087 570 5123 pazlsistischeii
597 5086 758 5122 Frankreich
783 5086 840 5115 und

24 5116 157 5154 England.
202 5126 265 5155 Rur
303 5125 441 5158 Rußland
479 5129 653 5157 antwortete.
699 5125 840 5159 Vielleicht

25 5159 76 5185 aus
100 5163 160 5192 dem
185 5165 315 5200 richtige»
341 5165 456 5200 Gefühl,
491 5167 546 5200 das,
575 5166 761 5201 Hanptina»»
790 5171 840 5200 gen

27 5193 101 5249 'pfh'»
126 5202 243 5237 spricht."
285 5206 332 5234 So
356 5205 423 5240 fehlt
446 5205 507 5234 eine
533 5206 659 5235 Stimme
683 5208 739 5235 ans
766 5205 841 5238 Eng¬

26 5232 96 5270 sand,
123 5244 176 5271 das
200 5244 252 5273 de»
278 5244 417 5279 Oxfordcr
444 5245 546 5274 Doktor
572 5245 756 5280 Hauptma»»
782 5248 843 5274 ver-

26 5274 105 5308 acssc»
126 5281 181 5313 hat.
220 5283 264 5312 Es
289 5284 356 5318 fehlt
377 5284 431 5313 das
453 5283 533 5313 Wort
554 5283 744 5320 Frankreichs.
785 5285 842 5314 Der

25 5311 93 5343 Eine
134 5336 147 5341 -
168 5322 293 5352 Antoine
316 5339 350 5344 --
372 5322 446 5355 hätte
470 5322 539 5358 nicht
562 5324 708 5359 schweige»
732 5324 841 5359 dürfen,

26 5353 56 5379 da
78 5361 104 5384 er
124 5360 187 5395 doch
208 5362 255 5391 glS
278 5363 326 5391 der
346 5363 409 5398 erste
435 5362 479 5391 ein
502 5362 640 5398 deutsches
662 5363 771 5393 Drama
795 5364 842 5393 der

883 4072 1002 4095 »eueren
1016 4067 1101 4101 Knust
1124 4066 1189 4098 nach
1207 4067 1268 4095 dem
1281 4066 1431 4102 Siebziger
1444 4066 1544 4101 Kriege
1565 4066 1594 4094 in
1615 4066 1708 4100 Paris

880 4105 1068 4139 anfzusübre»
1089 4108 1141 4134 de»
1164 4105 1233 4134 Mut
1254 4104 1337 4137 hatte.
1377 4106 1422 4134 Es
1442 4109 1540 4134 waren
1559 4105 1603 4133 die
1626 4105 1704 4139 „We¬

880 4145 952 4172 ber".
994 4144 1037 4175 Es
1060 4145 1127 4178 fehlt
1149 4144 1192 4172 die
1217 4143 1342 4174 Stimme
1365 4147 1421 4174 ans
1444 4145 1491 4174 der
1514 4143 1626 4177 Heimat
1647 4144 1704 4178 Ib¬

880 4183 951 4216 sens,
983 4183 1030 4213 der
1052 4183 1200 4219 Lagcrlöv,
1231 4183 1274 4211 die
1300 4182 1485 4219 Hauptmann
1518 4183 1598 4214 einen
1623 4183 1703 4218 Stoff

881 4223 985 4257 borgte.
1025 4223 1069 4252 Eü
1095 4223 1159 4257 fehlt
1187 4222 1230 4251 die
1255 4222 1381 4252 Stimme
1406 4225 1454 4252 der
1479 4223 1612 4257 Schweiz,
1637 4229 1702 4252 man

882 4261 1005 4296 begnüge
1024 4262 1069 4295 sich
1087 4264 1159 4291 denn
1177 4261 1229 4291 mit
1248 4261 1338 4291 einem
1355 4262 1435 4297 Zitat
1453 4263 1509 4291 ans
1526 4261 1561 4296 I.
1579 4261 1615 4292 P.
1626 4261 1704 4292 Wid-

880 4308 967 4330 mann
988 4303 1045 4330 und
1067 4302 1099 4331 E.
1119 4300 1153 4335 F.
1171 4301 1290 4334 Meyers
1311 4300 1552 4335 überraschendem
1571 4301 1704 4336 Geständ¬

882 4340 939 4373 nis,
963 4346 1007 4374 „er
1032 4341 1100 4371 habe
1125 4340 1168 4369 ein
1196 4339 1314 4374 Faible"
1339 4340 1384 4374 für
1407 4340 1599 4374 Hanptman».
1642 4340 1704 4369 Nnd

882 4379 1064 4414 Oesterreich?
1109 4380 1207 4409 Bleibt
1230 4379 1349 4408 lautlos.
1392 4380 1486 4415 Dafür
1510 4383 1565 4409 aus
1590 4379 1704 4409 Soviet-

881 4418 1005 4452 rußland
1048 4420 1106 4448 drei
1151 4419 1306 4448 Stimme».
1367 4420 1426 4449 Der
1470 4419 1704 4453 Kultusminister

880 4457 1088 4492 Lunatscharski
1110 4458 1221 4492 ergreift
1244 4456 1320 4493 selbst
1341 4459 1394 4487 das
1416 4458 1505 4488 Wort.
1544 4459 1587 4487 Eü
1608 4458 1636 4494 ist
1656 4460 1702 4487 der

880 4497 1065 4532 Hanptman»
1086 4499 1133 4526 der
1157 4497 1299 4530 „Weber",
1319 4498 1370 4527 des
1392 4497 1551 4532 „Hannclc"
1574 4500 1631 4526 und
1653 4499 1702 4526 des

882 4535 1068 4569 „Fuhrmann
1085 4536 1239 4571 Hcnschel",
1256 4537 1303 4564 der
1322 4537 1351 4565 in
1370 4536 1461 4570 diesen
1481 4537 1703 4572 Danksagungen

880 4578 927 4604 der
953 4576 1056 4611 Russen
1091 4576 1190 4605 imnier
1222 4575 1408 4609 wicdcrkchrt.
1451 4576 1513 4606 Wie
1539 4576 1648 4610 kläglich
1672 4578 1702 4605 cs

882 4614 937 4650 ictzt
976 4621 1024 4645 um
1060 4616 1104 4644 die
1137 4614 1311 4649 Möglichkeit
1351 4616 1402 4645 des
1430 4616 1620 4650 Austausches
1657 4617 1703 4644 der

881 4654 1111 4684 Litcrattirwerte
1133 4656 1214 4683 unter
1240 4654 1292 4682 den
1315 4655 1436 4684 Völkern
1463 4655 1536 4690 steht,
1561 4654 1704 4688 beleuchtet

879 4693 923 4722 die
948 4694 1123 4729 Bemerkung
1146 4693 1387 4727 Lunatscharskis:
1413 4694 1491 4728 „Wir
1514 4695 1542 4723 i»
1567 4694 1703 4728 Rußland

880 4733 975 4767 wissen
994 4733 1042 4769 säst
1059 4734 1147 4768 nichts
1164 4734 1265 4764 davon,
1284 4735 1349 4761 was
1365 4732 1551 4769 Hauptmann
1569 4734 1703 4766 während

879 4773 926 4800 der
950 4773 1110 4808 KricgSzcit
1135 4772 1281 4807 geschaffen
1305 4772 1376 4806 hat."
1418 4773 1532 4808 Maxim
1555 4773 1637 4803 Gorki
1664 4779 1704 4802 er¬

880 4811 963 4845 zählt.
987 4812 1040 4846 daß
1067 4813 1096 4841 in
1120 4811 1257 4846 Rußland
1281 4811 1324 4840 die
1348 4812 1476 4842 Dramen
1499 4812 1703 4848 Hanplinanns

883 4851 998 4884 beinahe
1017 4853 1043 4887 so
1062 4850 1236 4886 einheimisch
1253 4853 1349 4880 waren
1367 4851 1420 4880 wie
1441 4853 1495 4881 das
1513 4852 1590 4881 Werk
1608 4852 1703 4881 Anton

881 4890 1063 4925 Tschechows.
1085 4891 1138 4921 Die
1160 4890 1239 4922 Frau
1260 4889 1374 4925 Gorkis,
1395 4891 1496 4920 Maria
1517 4890 1704 4925 Fedorowna,

881 4928 924 4958 die
963 4935 996 4963 zu
1032 4932 1084 4960 den
1111 4929 1264 4959 Gründern
1301 4929 1351 4959 des
1380 4931 1537 4960 Moskauer
1565 4930 1704 4966 ttünstler-

882 4969 1005 5001 thcatcrs
1045 4970 1164 5005 gehörte,
1199 4969 1252 5003 gab
1287 4968 1331 4998 die
1368 4969 1446 5003 Frau
1485 4970 1612 5000 Vockcrat
1648 4970 1704 4999 und

881 5008 1094 5038 Stanislawski
1130 5010 1182 5038 den
1217 5007 1347 5038 Vockcrat
1381 5009 1411 5038 in
1445 5010 1499 5038 den
1536 5009 1705 5044 „Einsamen

879 5047 1052 5082 Menschen".
1092 5048 1148 5084 Zin
1169 5048 1355 5082 Wcngerowa
1376 5049 1521 5084 vergleicht
1545 5048 1702 5082 „Hanncle"

880 5087 937 5115 und
956 5087 1060 5117 Gorkis
1080 5087 1269 5122 „Nachtasyl".
1286 5087 1361 5117 Man
1380 5088 1452 5124 fühlt
1471 5088 1529 5123 sehr
1547 5088 1631 5123 wohl,
1650 5086 1704 5119 daß

881 5126 935 5155 das
970 5127 1186 5164 naturalistische
1212 5126 1320 5156 Milien
1354 5127 1397 5157 die
1437 5127 1558 5157 radikale
1587 5127 1704 5163 russische

880 5164 1055 5202 Intelligenz
1095 5174 1128 5201 zu
1168 5166 1352 5200 Hanptman»
1394 5168 1504 5201 hinzog.
1546 5166 1705 5203 Umgekehrt

881 5205 954 5234 wird
974 5205 1035 5240 hier
1055 5207 1119 5240 anch
1144 5207 1244 5238 betont,
1266 5208 1330 5235 was
1353 5206 1538 5242 Hauptmann
1559 5207 1611 5236 den
1634 5205 1706 5239 Rus¬

882 5243 926 5278 sen
949 5245 1038 5275 dankt.
1057 5245 1104 5280 I»
1127 5244 1334 5276 Rautendelein
1357 5246 1419 5280 hört
1444 5246 1488 5275 die
1513 5246 1614 5280 Russin
1637 5246 1706 5280 „das

883 5283 1079 5315 revolutionär
1107 5284 1283 5319 Persönliche
1320 5285 1372 5314 des
1400 5285 1585 5320 literarische»
1614 5287 1707 5316 Anar¬

879 5322 1022 5354 chismus"
1047 5324 1210 5360 anklingcn;
1236 5327 1284 5357 „es
1303 5325 1407 5360 müssen
1421 5325 1447 5358 ja
1460 5325 1557 5355 Eimer
1568 5329 1623 5354 von
1636 5325 1706 5356 Trä¬

882 5369 935 5392 nen
956 5364 1012 5391 aus
1032 5365 1093 5393 dem
1112 5364 1182 5394 Tale
1207 5364 1430 5399 hcranfgebrackt
1453 5365 1573 5398 werden,
1595 5370 1642 5394 um
1661 5364 1706 5393 die

1740 4065 1910 4100 Humanität
1930 4069 1977 4097 der
1998 4070 2151 4105 geregelten
2172 4070 2509 4105 Menscheiibczichunge»
2531 4078 2564 4106 zu

1743 4108 1840 4135 rette».
1881 4107 1946 4137 Und
1970 4108 2014 4137 die
2039 4115 2124 4143 ganze
2151 4109 2240 4145 Reihe
2266 4111 2313 4139 der
2336 4110 2567 4145 verführerische»

1742 4144 1991 4182 Franengestaltcn
2044 4151 2099 4176 aus
2147 4149 2198 4177 den
2244 4149 2391 4185 folgende»
2434 4148 2566 4183 Märchen

1740 4184 1957 4221 Hanptmanns,
1984 4187 2083 4216 iinmcr
2108 4190 2163 4216 aus
2188 4188 2320 4220 Reinheit
2345 4189 2401 4217 »nd
2426 4188 2500 4223 Lüge
2525 4196 2563 4223 ge.

1742 4224 1842 4258 mischt,
1863 4225 1892 4260 ist
1909 4241 1943 4247 —
1962 4227 2031 4261 ohne
2053 4226 2110 4259 ihre
2130 4227 2321 4262 Originalität
2340 4227 2515 4262 cinzubüßen
2535 4244 2568 4250 —

1743 4263 1813 4297 nicht
1852 4271 1907 4293 nur
1945 4266 1991 4294 der
2031 4266 2171 4301 russischen
2201 4266 2382 4301 Psychologie
2413 4268 2568 4301 verwandt,

1744 4303 1862 4336 sondern
1900 4304 1983 4334 direkt
2016 4308 2071 4333 vo»
2107 4306 2242 4340 russischer
2268 4306 2447 4341 literarischer
2471 4306 2568 4335 Atmo¬

1744 4341 1840 4376 sphäre
1875 4345 2006 4378 umweh»,
2054 4345 2116 4373 Das
2148 4345 2219 4379 sühlt
2246 4352 2313 4375 man
2341 4344 2568 4382 gewissermaßen

1744 4381 1786 4410 bei
1814 4382 1897 4417 Elga,
1926 4383 2030 4419 Pippa,
2058 4383 2189 4418 Grisclda
2217 4385 2268 4415 mit
2297 4385 2370 4419 ihrer
2397 4384 2569 4420 geheimnis¬

1741 4420 1837 4450 vollen
1858 4422 1959 4452 inner»
1984 4422 2109 4456 Freiheit
2132 4440 2164 4443 —
2187 4426 2245 4453 und
2267 4428 2349 4453 wenn
2374 4430 2439 4453 man
2464 4430 2498 4458 z»
2521 4425 2568 4454 der

1743 4459 1951 4497 sonderbarsten
1987 4462 2073 4497 dieser
2096 4461 2434 4499 Hanptmannsgestalten
2459 4465 2567 4498 kommt,

1743 4505 1776 4533 zu
1803 4499 1960 4533 Gcrsnindc
1985 4517 2017 4522 —
2040 4502 2106 4530 bald
2129 4502 2228 4538 Dirne,
2252 4503 2318 4533 halb
2341 4502 2450 4538 Heilige
2476 4519 2514 4536 —,
2541 4503 2569 4537 so

1744 4539 1773 4573 ist
1795 4541 1826 4568 es
1850 4541 2068 4573 unverkennbar,
2091 4541 2145 4573 daß
2168 4543 2222 4570 das
2246 4542 2461 4577 geheimnisvoll
2487 4542 2568 4572 O.»ä-

1743 4578 1822 4607 lcnde
1851 4580 1908 4608 und
1936 4580 2194 4616 Unwiderstehliche
2222 4582 2307 4616 dieser
2337 4580 2486 4611 Sünderin
2515 4582 2568 4612 mit

1743 4617 1790 4646 der
1816 4618 1991 4653 Kindcrsccle
2015 4620 2071 4649 viel
2094 4623 2148 4649 vo»
2172 4621 2340 4655 Gruschenka
2365 4621 2422 4650 »nd
2445 4620 2495 4649 den
2519 4628 2568 4651 a»-

1743 4657 1811 4686 dern
1833 4658 2078 4693 Verführcrinnen
2099 4662 2155 4688 ans
2177 4660 2357 4696 DostojcwSli
2377 4660 2433 4695 hat,
2453 4659 2480 4694 ja
2500 4661 2569 4690 viel¬

1745 4695 1819 4730 leicht
1856 4698 1926 4731 ohne
1952 4698 2135 4734 Dostojewski
2173 4699 2242 4734 nicht
2280 4699 2427 4734 literarisch
2452 4699 2569 4735 möglich

1742 4735 1828 4765 wäre.
1849 4736 1910 4772 Erst
1930 4738 2112 4773 Dostojewski
2136 4738 2183 4773 hat
2202 4740 2256 4768 das
2276 4738 2566 4775 Jneinanverfließen

1743 4778 1798 4804 von
1821 4775 1946 4810 Himmel
1970 4779 2027 4807 »nd
2052 4777 2131 4810 Hölle
2159 4778 2187 4806 in
2211 4779 2258 4807 der
2281 4778 2495 4812 Menschenseele
2520 4780 2567 4807 alS

1745 4814 1895 4849 Schönheit
1931 4817 1988 4846 »nd
2016 4817 2187 4852 Mysterium
2224 4818 2390 4853 empfunden
2427 4818 2483 4846 und
2520 4818 2567 4847 als

1745 4854 1845 4889 solches
1865 4856 2025 4892 geheiligt."

1795 4893 1886 4923 Wenn
1911 4895 2016 4924 einmal
2041 4895 2094 4923 das
2119 4895 2208 4931 längst
2234 4895 2325 4930 fällige
2351 4895 2425 4924 Buck,
2454 4895 2568 4931 „Dosto¬

1743 4931 1839 4966 jewski
1880 4935 1936 4963 »nd
1971 4934 2015 4963 die
2050 4934 2169 4968 dcntschc
2207 4935 2364 4965 Literatur"
2400 4934 2567 4969 geschrieben

1743 4972 1826 5005 wird,
1862 4972 1913 5007 gilt
1938 4975 1978 5007 cs,
2012 4975 2161 5008 darzutun,
2194 4975 2248 5005 wie
2272 4974 2336 5004 weit
2361 4974 2450 5009 dieses
2477 4973 2568 5011 „Ocst'

1744 5011 1825 5045 lichc"
1850 5012 1920 5047 nicht
1945 5013 2010 5047 doch
2037 5013 2082 5042 ein
2110 5013 2300 5049 „Westliches"
2328 5014 2392 5043 oder
2419 5013 2568 5047 Zeitliches

1743 5049 1901 5087 überhaupt
1923 5055 1984 5082 war
2006 5053 2064 5082 nnd
2086 5052 2124 5088 ist.

1793 5090 1858 5120 Aus
1878 5091 1939 5122 dem
1958 5091 2097 5127 Füllhorn
2115 5093 2163 5122 der
2181 5093 2320 5127 deutsche»
2339 5092 2472 5128 Beiträge
2491 5093 2567 5123 wäre

1744 5129 1831 5163 dieser
1866 5137 1899 5165 zu
1933 5132 2075 5166 gedenke»,
2108 5131 2152 5160 die
2179 5132 2227 5162 ins
2255 5133 2324 5162 Bild
2349 5133 2399 5161 de«
2433 5131 2567 5166 jüngeren

1743 5169 1928 5204 Hanptmann
1950 5171 2071 5206 führten.
2092 5171 2148 5201 Der
2166 5171 2363 5206 Herausgeber
2385 5171 2458 5206 hätte
2477 5172 2568 5208 einige

1743 5208 1873 5245 Treppe»
1909 5210 1977 5243 nicht
2014 5210 2120 5245 scheue»
2157 5212 2215 5240 und
2245 5212 2294 5241 des
2322 5211 2462 5245 einsamen
2488 5211 2570 5241 Arno

1744 5247 1871 5284 HolzcnS
1927 5250 2117 5285 Dachkammer
2171 5251 2315 5288 anssuche»
2369 5251 2461 5285 sollen,
2514 5252 2569 5285 der,

1744 5290 1826 5316 wenn
1847 5287 2033 5325 Hanptmann
2052 5289 2116 5322 auch
2134 5289 2178 5318 ein
2196 5288 2445 5325 Widmungsblatt
2466 5296 2502 5319 an
2520 5290 2569 5325 ihn

1745 5326 1858 5362 gelöscht
1885 5328 1940 5363 hat,
1967 5335 2003 5358 an
2029 5329 2077 5358 der
2105 5329 2201 5364 Wiege
2228 5329 2319 5365 seines
2344 5330 2427 5364 ersten
2456 5329 2569 5359 Werkes

1742 5367 1891 5401 gestanden
1909 5367 1947 5403 ist.
1963 5368 2033 5397 Mar
2049 5368 2168 5404 Dessoir.
2181 5370 2230 5398 der
2249 5369 2382 5399 Berliner
2398 5368 2570 5405 Aesthctiker,

2608 4072 2666 4106 gibt
2690 4072 2752 4101 dies
2776 4072 2833 4101 und
2858 4073 2921 4104 das,
2944 4075 3009 4101 was
3033 4079 3066 4107 zu
3090 4073 3277 4108 interessieren
3305 4080 3435 4109 vermag:

2613 4111 2660 4139 als
2691 4111 2751 4140 eine
2783 4111 3034 4146 literarhistorische
3065 4112 3261 4148 Reminiszenz
3293 4114 3361 4142 kan»
3392 4116 3441 4143 der

2608 4150 2736 4183 folgende
2766 4150 2870 4185 Dialog
2900 4151 3014 4179 dienen:
3054 4150 3167 4186 „Gehen
3195 4151 3259 4183 Sic,
3290 4152 3316 4186 so
3345 4153 3433 4186 sragie

2612 4189 2718 4223 Dessoir
2751 4192 2801 4219 de»
2834 4190 2952 4223 Dicht.»
2986 4191 3032 4223 „in
3064 4191 3111 4220 der
3143 4191 3438 4227 Detailbcschreibnng

2607 4228 2676 4257 nickt
2700 4228 2854 4258 manchmal
2881 4235 2914 4263 zu
2937 4229 3022 4258 weit?
3049 4251 3054 4258 .
3075 4250 3080 4257 .
3101 4251 3106 4258 .
3131 4229 3255 4264 Welchen
3285 4230 3361 4259 Sinn
3386 4231 3434 4263 soll

2613 4269 2644 4295 eü
2662 4267 2760 4300 haben,
2779 4267 2834 4301 daß
2852 4267 2906 4297 Sic
2925 4268 2953 4296 in
2971 4269 3023 4297 den
3042 4268 3217 4303 Regienote»
3237 4275 3270 4304 zu
3288 4270 3339 4298 den
3360 4269 3439 4302 „We¬

2609 4307 2693 4335 bern"
2718 4310 2772 4335 von
2799 4306 2860 4336 dem
2887 4307 3045 4341 Reisende»
3073 4308 3210 4342 erzählen,
3245 4315 3272 4337 er
3306 4308 3353 4342 esse
3388 4308 3434 4338 ein

2611 4345 2749 4379 dcntschcs
2770 4345 2925 4381 Beesstcak?
2952 4347 3016 4376 Das
3038 4347 3107 4377 kann
3130 4348 3193 4377 dock»
3216 4347 3359 4382 gewißlich
3380 4348 3437 4377 lei»

2611 4384 2766 4419 Zuschauer
2788 4385 2952 4415 bemerken."
2978 4387 3033 4415 Ter
3057 4386 3166 4420 Dickster
3188 4394 3214 4416 u.
3237 4394 3273 4416 a.:
3300 4386 3437 4419 „Warum

2611 4424 2659 4457 soll
2683 4426 2731 4453 der
2754 4425 2932 4459 drantatischc
2957 4426 3067 4458 Dickster
3093 4426 3178 4456 kleine
3203 4426 3436 4461 charakteristische

2611 4463 2758 4498 Umstände
2795 4464 3001 4499 vcrsckstvcigcn,
3039 4465 3082 4493 die
3120 4465 3190 4500 seine
3229 4466 3323 4494 innere
3364 4467 3437 4495 Vor-

2610 4503 2724 4537 stelluitg
2744 4503 2878 4537 ausweist,
2898 4505 2933 4533 da
2955 4504 2986 4538 sic
3007 4505 3056 4539 ans
3076 4506 3124 4534 der
3143 4504 3246 4540 Bühne
3266 4508 3342 4538 zivar
3365 4508 3437 4540 Weg¬

2612 4542 2704 4576 fällen,
2726 4542 2791 4571 aber
2812 4543 2875 4576 doch
2899 4543 2928 4572 in
2951 4544 3039 4577 nichts
3061 4544 3110 4573 de»
3133 4544 3372 4578 Bühnenverlauf
3395 4545 3438 4574 be¬

2609 4581 2831 4616 einträchtigen."
2874 4582 2962 4614 Heute
2985 4582 3083 4612 würde
3106 4582 3290 4618 Hauptma»»
3315 4584 3437 4617 zweifel¬

2610 4620 2656 4650 los
2692 4620 2773 4655 solche
2804 4621 2919 4651 Details
2955 4624 3004 4651 der
3039 4622 3274 4658 »atnralistischen
3313 4623 3436 4653 Drama¬

2607 4660 2699 4694 turgie
2722 4660 2829 4695 beherzt
2854 4661 3031 4697 preisgeben.
3054 4660 3097 4695 In
3121 4662 3210 4691 einem
3234 4663 3340 4691 ander»
3364 4662 3435 4698 Ans¬

2606 4700 2656 4735 satz
2676 4703 2730 4730 von
2754 4699 2831 4729 Emil
2856 4700 2973 4735 Szittva
2995 4701 3056 4735 sällt
3077 4702 3107 4735 so
3127 4702 3260 4730 »ebenvci
3285 4705 3376 4731 etwas
3399 4705 3434 4732 ab

2607 4739 2675 4767 über
2702 4740 2755 4767 das
2783 4739 2905 4774 Thema:
2932 4740 3115 4775 Hanptman»
3142 4741 3199 4769 »nd
3229 4741 3272 4769 die
3298 4740 3434 4776 Schweiz.

2609 4778 2665 4808 Der
2682 4778 2821 4814 Verfasser
2839 4780 2926 4814 sinvct
2945 4782 2976 4809 cs
2993 4778 3186 4815 merkwürdig,
3205 4779 3259 4815 daß
3278 4780 3306 4809 in
3326 4781 3433 4814 Zürich,

2608 4818 2709 4852 diesem
2746 4818 3043 4855 „Spießbürgecnest",
3081 4820 3106 4852 so
3144 4821 3180 4854 oft
3219 4820 3279 4849 kecke
3315 4819 3435 4854 Ideolo¬

2607 4857 2669 4891 gie»
2693 4856 2833 4894 geträumt
2855 4859 2981 4888 »vnrde».
3004 4857 3079 4893 Znm
3104 4858 3210 4893 „Ketzer
3233 4861 3287 4887 von
3312 4858 3433 4889 Soana"

2607 4896 2677 4925 malt
2716 4903 2743 4925 er
2781 4896 2826 4931 sich
2851 4898 2895 4927 ei»
2922 4897 3042 4932 üppiges
3071 4897 3207 4927 Gemälde
3242 4898 3293 4927 dcö
3319 4898 3434 4933 Tessins

2608 4937 2677 4964 ans:
2715 4942 2816 4971 „ganze
2844 4937 2956 4971 Dörfer,
2986 4937 3014 4965 in
3041 4936 3129 4966 denen
3157 4939 3188 4966 cS
3217 4938 3310 4967 keinen
3338 4938 3434 4968 Mann

2608 4974 2692 5009 gibt",
2715 4975 2838 5010 dagegen
2863 4976 3075 5011 „anarchistische
3100 4976 3258 5006 Kolonien"
3282 4977 3311 5006 in
3335 4977 3435 5013 diesem

2608 5014 2730 5044 Kanton.
2776 5015 2831 5045 Die
2857 5016 2959 5051 Mystik
2984 5014 3140 5049 Schlesiens
3169 5015 3234 5049 sielst
3260 5024 3289 5045 er
3315 5016 3375 5048 hier
3406 5017 3435 5046 in

2608 5054 2791 5088 italienischer
2819 5055 2914 5090 Kopie,
2938 5053 3047 5089 vergißt
3072 5061 3134 5088 nur,
3159 5055 3214 5088 das;
3240 5056 3268 5085 in
3296 5056 3434 5092 Schlesien

2608 5093 2678 5129 diese
2699 5094 2854 5130 mystischen
2875 5094 3017 5124 Elemente
3039 5094 3246 5130 naturgegeben
3269 5095 3335 5130 sind,
3360 5096 3437 5126 wäb-

2609 5134 2676 5162 rcnd
2695 5134 2734 5163 im
2750 5133 2843 5169 Tessin
2863 5136 2893 5163 cs
2911 5133 3021 5169 zumeist
3038 5132 3167 5168 Deutsche
3186 5138 3294 5169 waren,
3311 5136 3356 5165 die
3374 5137 3435 5166 dort

2608 5172 2655 5202 als
2681 5172 2835 5209 Passanten
2872 5172 2929 5208 Ihre
2953 5175 3035 5203 wenn
3061 5172 3131 5208 nicht
3157 5174 3292 5210 mystische
3319 5176 3345 5210 so
3373 5176 3437 5206 dock,

2608 5213 2778 5249 wenigstens
2806 5212 2960 5248 mysteriöse
2995 5212 3059 5241 oder
3083 5212 3215 5243 harmlos
3247 5214 3438 5251 vcgetarlani-

2609 5252 2660 5286 sche
2679 5252 2760 5281 Rolle
2779 5251 2893 5287 spielten
2931 5252 2994 5281 Das
3013 5251 3122 5287 Feinste
3142 5252 3212 5283 über
3229 5254 3437 5291 Hanptmanns

2608 5291 2899 5327 Seclenlandschasten
2939 5292 3002 5326 steht
3030 5291 3058 5322 in
3085 5291 3166 5326 Paul
3196 5293 3340 5329 Wieglcrü
3365 5294 3436 5329 Aus¬

2609 5331 2664 5365 satz.
2709 5331 2766 5360 Ein
2793 5332 2911 5366 Beitrag
2939 5331 3085 5366 gruppiert
3112 5332 3158 5362 die
3185 5333 3356 5370 historischen
3384 5334 3435 5363 Ur-

2608 5370 2672 5399 icile
2698 5370 2766 5400 über
2792 5368 2986 5407 Hanptmann,
3016 5370 3155 5407 natürlich
3181 5372 3210 5403 in
3238 5373 3328 5402 einem
3357 5373 3433 5408 mehr
