4110 5551
247 133 345 197 Jtä
381 131 541 193 836
583 131 847 195 Drittes
887 129 1372 203 S-mttagLlatt.

1381 185 1393 206 ?
1418 179 1472 211 s.->

1635 129 1719 203 Der
1755 131 1923 203 Iiicher
1959 131 2131 207 Mn-
2165 133 2263 199 M.
2295 129 2529 207 Iahrgmg.

3007 137 3331 211 Sonntag,
3363 137 3471 199 BL.
3497 135 3663 199 Mai
3689 139 3893 201 1914.

3073 255 3127 331 t

328 689 765 725 AbounenieittSpreise.
825 695 949 727 r.M°nai-

249 726 348 757 Kilrtch
365 736 427 753 meint
442 731 476 753 di«
490 730 586 757 Zritung
599 730 699 757 abgitzoll
714 728 771 752 wird
791 744 799 753 .
830 728 869 755 Fr.
884 727 943 749 5.50

289 759 325 781 do.
365 757 409 781 in»
421 757 488 783 Hau»
503 756 603 785 »«brach!
656 772 728 780 ...
792 769 801 778 .
843 770 854 781 „
884 754 943 776 0.30

250 783 369 813 Echioel,
394 784 516 811 Aciikllung
531 783 583 805 beim
599 783 734 809 Poliburrau
755 797 761 805 .
795 794 803 806 ,
844 781 945 808 ,0.50

295 812 344 833 .da.
393 810 434 833 mit
450 811 522 838 vr,ug
538 811 601 833 unter
616 809 774 835 Privatadresse
788 820 800 832 >
844 822 855 832 „
885 808 942 828 8.—

250 836 439 865 Deii«,chla»d
459 837 587 866 Erstellung
609 837 666 859 beim
680 835 779 863 Postamt
795 850 802 858 .
815 833 862 856 Mt.
885 832 944 854 V.V5

249 864 312 889 L>«st
321 864 414 890 erreich
574 852 626 887 "do.
794 875 803 885 .
813 860 849 883 «r
872 860 905 881 N-

250 891 375 915 3»aNe»
591 890 628 913 do.
794 887 859 913 »vr.
886 886 946 907 8.15

251 916 392 945 Rutzlaiid
589 916 625 940 bo.
653 938 657 941 .
794 926 804 938 ‘
917 912 946 948 92

249 943 446 971 UebrigeStaaten
459 944 497 967 de?
513 939 771 969 WeUpostverein»
795 955 801 963 .
817 939 858 967 yr.
875 938 946 960 12.50

1015 884 1087 907 15.50

1028 912 1049 933 S.
1061 911 1087 933 12

1014 936 1050 959 24.
1063 947 1085 953 -

1156 885 1229 908 S0.85

1158 912 1229 933 12.24

1594 754 2162 918 Hmijkkijihks
2226 754 2774 914 KmdckM.

3224 737 3659 776 JnserttouSpreise:

3073 776 3124 805 Wer
3137 778 3276 805 einspaltia«
3291 779 3447 806 Noloneizeile
3463 775 3516 800 oder
3530 777 3597 800 deren
3611 777 3688 798 Raum
3703 776 3732 797 25
3747 775 3800 801 Np.,

3074 805 3117 832 für
3131 805 3246 833 Anzeigen
3266 805 3491 831 ausländischen
3511 803 3684 830 Ursprungs
3702 803 3731 824 «0
3745 802 3798 829 Rp-,

3243 836 3303 840 -
3393 836 3414 840 "
3428 853 3434 858 .
3449 835 3506 858 1.50
3518 837 3559 863 »er
3572 833 3644 862 Zeile.

3055 890 3204 920 Direktion
3218 892 3274 919 und
3290 890 3407 919 Bureau
3421 891 3470 918 der
3483 886 3824 920 Aunoucen-Abteilimg:

3220 932 3235 953 S
3249 929 3421 957 Lheaterstraße
3431 929 3441 956 /
3449 927 3608 956 Voethestratze
3624 927 3658 949 10.

235 1007 403 1035 Redaktion
419 1006 539 1038 (Tclcph.
550 1005 611 1035 650)
627 1003 682 1030 und
698 998 857 1029 Druckerei
867 997 984 1030 (Telepl).
995 999 1088 1028 8732):
1114 997 1291 1029 Falkenstrafie
1308 1000 1347 1025 1i.
1380 1003 1418 1023 o
1451 1000 1705 1032 Administration
1723 1002 1840 1033 (Teleph.
1852 1003 1885 1028 M
1885 1003 1919 1028 60
1919 1003 1929 1031 )
1946 1000 2001 1027 und
2020 998 2205 1029 Expedition
2221 998 2339 1029 (Tcleph.
2351 1000 2460 1028 iviss):
2485 996 2667 1027 Goethcstraße
2686 999 2724 1023 10.
2758 1000 2797 1020 o
2828 996 3165 1028 Jnseraten-A,inahme
3183 998 3300 1029 (Tclcph.
3312 999 3404 1026 253t):
3430 994 3652 1026 Theaterstraner>
3661 994 3671 1024 f
3681 991 3861 1020 Wi)ct6eftrafte
3874 992 3915 1016 10«

413 1113 493 1161 Imn
525 1110 646 1161 Genfer
676 1107 952 1158 Zrnteuarium?)

295 1173 375 1207 Genf
400 1172 483 1207 schickt
511 1170 558 1206 sich
585 1178 635 1201 au,
658 1169 706 1198 die
727 1168 1004 1204 Jahrhundertfeier
1030 1168 1124 1204 seines

237 1213 386 1241 Eintritts
413 1212 445 1239 in
473 1211 517 1239 die
544 1209 820 1244 Eidgenossenschaft
847 1209 989 1244 glanzvoll
1016 1217 1052 1244 zu
1079 1209 1124 1237 be¬

239 1253 339 1287 gehen.
367 1252 445 1280 Man
473 1251 572 1285 bringt
599 1249 675 1284 tvohl
702 1249 800 1278 keinen
828 1249 947 1283 Mißton
977 1249 1005 1278 in
1034 1249 1124 1284 dieses

239 1292 315 1327 Fest,
330 1297 413 1321 wenn
433 1299 502 1319 man
521 1291 615 1319 daran
633 1289 776 1322 erinnert,
792 1289 847 1323 das;
865 1293 897 1318 eS
915 1289 961 1324 sich
981 1289 1049 1316 1814
1067 1296 1125 1318 nur

239 1339 293 1361 um
315 1333 367 1361 den
388 1330 641 1366 Wiederanschlub
662 1330 760 1365 Genfs
780 1337 819 1358 an
840 1329 884 1358 die
905 1329 1032 1364 Schiveiz
1053 1329 1124 1364 han¬

239 1372 325 1404 delte,
347 1372 402 1406 daß
426 1375 458 1400 eS
482 1371 527 1405 ihr
549 1370 622 1404 nicht
646 1370 699 1403 erst
722 1369 773 1405 seit
792 1369 889 1398 einem
912 1369 1125 1404 Jahrhundert,

241 1412 365 1447 sondern
395 1412 447 1447 seit
476 1411 566 1439 vier
592 1408 835 1445 Jahrhunderten
865 1409 1012 1444 angehört,
1069 1408 1125 1443 daß

241 1452 320 1487 seine
341 1460 431 1487 ganze
453 1450 607 1486 Geschichte
651 1450 698 1485 sich
720 1450 791 1484 ohne
813 1449 886 1484 diese
907 1447 1125 1484 Zugehörigkeit

240 1499 277 1527 zu
300 1492 434 1528 unserem
454 1491 552 1519 Lande
573 1490 682 1518 anders
703 1490 829 1524 gestaltet
851 1489 942 1523 haben
964 1488 1070 1517 würde.

297 1532 355 1560 Die
379 1531 584 1566 Beziehungen
611 1530 710 1564 Genfs
755 1537 808 1563 zur
853 1528 1126 1563 Eidgenosseilschaft

240 1571 331 1606 gehen
358 1571 404 1600 biö
432 1572 481 1599 ins
506 1571 549 1597 15.
575 1569 780 1604 Jahrhundert
805 1568 911 1602 zurück.
936 1568 1031 1601 Schon
1057 1567 1128 1593 1463

241 1612 292 1646 hat
320 1612 366 1646 sich
392 1611 456 1639 eine
482 1609 693 1643 eidgenössische
719 1607 935 1642 Gesandtschaft
981 1607 1024 1634 bei
1051 1606 1127 1634 Lud¬

240 1652 300 1686 wig
321 1651 360 1678 Xl
389 1655 445 1679 von
465 1648 636 1683 Frankreich
658 1646 719 1682 für.
729 1647 774 1675 die
793 1647 846 1674 mit
867 1646 1064 1679 Vernichtung
1082 1646 1128 1675 be¬

240 1691 342 1721 drohte
366 1690 480 1722 Genfer
506 1687 597 1721 Messe
643 1685 813 1716 verwendet,
863 1685 922 1713 und
967 1686 1036 1711 1477
1080 1684 1128 1718 hat

241 1730 366 1763 Johann
392 1727 524 1761 Ludwig,
567 1726 616 1754 der
641 1725 869 1760 Administrator
912 1725 963 1752 des
987 1724 1130 1752 Bistums

243 1769 335 1802 Genf,
353 1767 402 1802 für
422 1767 471 1800 sich
490 1765 549 1793 nnd
569 1765 646 1800 seine
664 1764 755 1793 Stadt
773 1765 827 1799 auf
844 1764 1013 1798 Lebenszeit
1032 1763 1129 1798 Burg¬

241 1808 315 1840 recht
337 1814 373 1841 zu
395 1806 476 1834 Bern
501 1804 561 1833 nnd
583 1804 731 1839 Freiburg
754 1811 935 1837 genommen,
958 1804 985 1838 so
1008 1803 1065 1837 datz
1086 1803 1130 1831 bic
1137 1821 1140 1837 ;

243 1847 346 1874 beiden
372 1845 479 1875 Städte
505 1845 578 1871 1478
622 1844 668 1872 die
694 1844 807 1878 Genfer
852 1843 930 1878 schon
956 1844 1002 1871 als
1032 1841 1140 1877 „teure|

242 1885 379 1920 Freunde
403 1885 462 1914 und
486 1883 674 1918 Mitbürger"
700 1883 820 1912 betiteln
843 1882 977 1912 konnten.
1000 1881 1140 1916 Wirkliche

244 1925 441 1961 schweizerisch
466 1925 535 1953 aber
558 1924 658 1952 wurde
682 1923 763 1957 Genf
786 1923 841 1952 mit
865 1923 927 1952 dem
954 1922 1131 1958 Augenblick,

243 1969 289 1993 wo
310 1965 384 2000 seine
403 1963 771 1998 Nnabbängigkeitspartet
790 1970 878 1998 gegen
899 1962 1129 1996 dieAnnexions-

243 2005 351 2040 gelüste
374 2005 531 2038 Savoyens
574 2003 635 2036 ihre
658 2003 758 2036 Stühe
798 2002 842 2031 bei
866 2002 918 2031 den
943 2002 1130 2036 Eidgenossen

245 2044 336 2079 suchte
362 2044 420 2072 und
447 2044 525 2079 fand.
570 2042 650 2077 Nicht
677 2042 803 2077 umsonst
845 2041 895 2076 hat
921 2042 993 2076 diese
1017 2042 1130 2076 Genfer

244 2084 490 2118 FrcihcitSpartci
507 2083 561 2112 den
578 2083 694 2111 Namen
712 2082 760 2111 der
777 2082 981 2116 „EyguenotS"
999 2082 1129 2115 erhalten

243 2127 377 2155 woraus,
397 2122 579 2158 bezeichnend
600 2122 650 2156 für
670 2122 715 2151 die
733 2121 943 2156 Verknüpfung
964 2122 1011 2150 der
1022 2121 1131 2156 Dinge,

243 2162 296 2192 der
318 2162 468 2197 berühmte
490 2162 767 2197 Hugenottenname
786 2160 955 2196 entstanden
978 2161 1017 2196 ist.

301 2203 357 2236 Im
380 2202 476 2236 Jahre
498 2202 571 2229 1813
593 2201 690 2236 ließen
715 2201 761 2236 sich
786 2201 829 2229 die
852 2201 1059 2236 Haüptgcgner
1082 2200 1135 2240 berj

246 2242 423 2278 savoyischeu
448 2241 606 2272 Umtriebe,
652 2241 695 2269 die
722 2240 868 2274 Philibert
894 2240 1050 2272 Bertclicr,
1074 2232 1135 2269 Be-!

244 2282 354 2318 zaiison
377 2282 512 2316 HngneS,
534 2281 614 2315 Jean
637 2280 734 2312 Baud,
756 2280 836 2315 Jean
860 2281 972 2309 Tacco»
996 2281 1055 2308 und
1078 2287 1135 2307 an-

245 2321 323 2354 dere,
344 2329 413 2356 „zur
433 2320 622 2356 Bewahrung
643 2325 699 2349 von
720 2320 789 2348 Leib
811 2320 870 2348 und
891 2319 971 2348 Gut"
995 2320 1026 2348 in
1048 2319 1134 2354 Frei»

246 2362 323 2396 bürg
337 2362 386 2389 als
400 2361 517 2395 Bürger
533 2359 722 2395 aufnehmen,
739 2359 797 2388 und
813 2359 906 2388 damit
920 2359 1033 2394 begann
1049 2359 1135 2393 jener

246 2401 393 2436 heroische.
409 2400 519 2434 Kampf
547 2400 601 2435 ans
628 2400 690 2428 Tod
718 2399 778 2432 und
803 2399 910 2431 Leben,
936 2399 967 2429 in
977 2431 980 2435 .
990 2399 1058 2432 dem
1085 2399 1130 2427 die

245 2439 359 2475 Genfer
379 2440 537 2474 Patrioten
560 2440 732 2474 unterlegen
754 2439 863 2470 wären,
884 2442 970 2467 wenn
992 2438 1064 2472 nicht
1086 2438 1132 2467 die

246 2480 408 2514 Schweizer
440 2479 525 2513 ihnen
554 2479 638 2513 Hilfe
670 2478 798 2513 gebracht
848 2473 908 2506 und
938 2478 992 2511 mit
1023 2478 1134 2512 rauher

238 2520 333 2554 .Hand
360 2520 413 2547 daö
439 2524 516 2551 vom,
530 2519 654 2553 Herzog.
681 2517 802 2552 Bischof,
828 2518 915 2551 Papst
943 2514 1004 2549 und
1027 2518 1134 2553 Kaiser!

243 2566 298 2591 um
321 2559 401 2593 Genf
425 2559 575 2593 gewobene
598 2558 663 2591 Netz
686 2557 821 2591 zerrissen
847 2549 954 2596 hätten.
989 2557 1134 2588 .Viermal

244 2599 364 2633 glaubte
389 2599 501 2633 Herzog
525 2598 600 2626 Karl
624 2597 675 2625 III.
700 2602 757 2625 von
784 2597 924 2641 Savoyest
948 2596 992 2625 die
1017 2594 1135 2631 Rhone»!

245 2638 317 2673 stadt
339 2638 370 2667 in
390 2638 439 2666 der
459 2633 546 2672 Hand
567 2644 601 2672 zu
624 2637 718 2670 haben
741 2635 800 2664 und
818 2635 961 2670 jedeöinal
981 2637 1081 2670 mußte
1102 2642 1135 2664 er

244 2678 283 2713 sic
301 2683 352 2709 vor
370 2677 419 2705 der
437 2676 650 2711 Intervention
668 2676 716 2704 der
734 2675 893 2710 Schweizer
912 2675 1014 2710 fahren
1034 2675 1134 2710 lassen.

244 2718 319 2743 1810
344 2721 447 2750 zwang
473 2716 523 2749 ihn
550 2715 598 2743 der
624 2713 749 2750 AuSzug
774 2715 822 2743 der
848 2714 1026 2750 Freiburger
1079 2722 1133 2750 zur

231 2755 410 2789 Räumung
433 2755 546 2789 Genfs,
588 2755 678 2782 152fr'
687 2755 793 2789 machte
816 2755 871 2782 daö
896 2754 1053 2789 Burgrecht
1078 2755 1132 2783 mit

243 2792 326 2822 Bern
351 2794 409 2822 und
435 2794 581 2828 Frciburg
606 2794 658 2822 den
683 2794 1059 2828 llnterwcrfungöbcschluß
1082 2794 1132 2822 des

280 2833 378 2860 '»ii.-ivil
396 2832 447 2859 ck«n
465 2832 676 2860 Ilullobaräes"
694 2832 832 2867 zunichte,
850 2833 921 2860 1830
938 2832 1068 2866 nötigten
1087 2833 1135 2864 die

222 2895 226 2898 .
246 2873 347 2901 beiden
373 2872 481 2901 Städte
518 2872 571 2901 den
599 2871 722 2905 Herzog,
768 2872 808 2899 im
836 2871 959 2906 Frieden
996 2877 1051 2899 von
1080 2873 1129 2901 St.

217 2915 230 2944 i:
245 2912 356 2946 Julien
386 2912 430 2940 die
458 2911 564 2940 Waadt
594 2911 644 2946 für
673 2911 717 2939 die
747 2910 906 2944 Sicherheit
935 2910 1032 2950 Genfs
1062 2918 1129 2945 zum

226 2980 229 2983 .
246 2952 348 2985 Pfand
362 2959 398 2986 zu
416 2942 510 2986 schein,
524 2950 585 2979 und
600 2951 674 2977 1636
683 2950 787 2984 entriß
805 2950 864 2984 ihm
879 2949 961 2978 Bern
978 2949 1031 2978 daö
1047 2949 1128 2983 durch

221 3006 225 3019 i
246 2992 346 3027 seinen
362 2991 530 3024 Wortbruch
546 2989 697 3019 verwirkte
713 2990 813 3024 Pfand
831 2989 890 3017 und
906 2989 1029 3018 anderes
1045 2989 1128 3023 dazu.

302 3031 366 3060 lind
385 3031 440 3059 wie
461 3030 538 3065 seine
556 3030 732 3064 Befreiung,
752 3030 778 3063 so
798 3029 933 3059 verdankt
943 3029 1032 3062 >Genf
1051 3029 1127 3063 seine

246 3070 454 3104 Reformation
482 3070 541 3098 und
567 3069 658 3097 damit
685 3069 761 3104 seine
786 3066 1045 3102 weltgeschichtliche
1073 3066 1127 3096 Bc-

217 3130 230 3148 z
244 3110 379 3145 deutung
392 3100 454 3139 Iber
481 3109 675 3145 Verbindung
704 3108 757 3136 mit
787 3108 835 3136 der
863 3107 998 3142 Schtvciz.
1045 3107 1127 3136 Bern

216 3152 228 3187 'j
246 3150 338 3178 lenkte
363 3149 406 3177 die
432 3148 630 3183 Propaganda
655 3148 771 3182 FarclS,
795 3147 849 3176 tvie
893 3148 945 3182 auf
971 3146 1012 3175 die
1039 3146 1127 3180 West-

245 3189 358 3224 schwciz
379 3188 554 3223 überhaupt,
575 3188 601 3223 so
624 3187 691 3221 auch
714 3188 767 3220 auf
788 3187 882 3222 Genf;
906 3190 937 3215 eS
960 3186 1026 3220 hielt
1052 3186 1128 3221 seine

222 3250 226 3256 .
246 3228 400 3263 schützende
426 3228 512 3263 Hand
540 3228 610 3256 über
636 3227 681 3256 die
707 3232 761 3255 von
788 3227 876 3261 Farcl
903 3226 962 3254 und
986 3225 1127 3260 Froment

221 3286 226 3289 -
252 3268 420 3303 icgründctc
446 3267 636 3302 evangelische
663 3267 822 3296 Gemeinde
848 3274 935 3300 gegen
962 3266 1004 3294 die
1028 3266 1127 3300 eigene

220 3336 225 3342 .
254 3308 416 3342 ticgierung
440 3307 498 3335 und
520 3315 608 3342 gegen
629 3306 784 3341 Frciburg,
804 3305 851 3334 bis
872 3306 908 3339 sie
931 3304 1044 3339 erstarkt
1065 3310 1126 3333 lvar

221 3365 227 3382 :
248 3348 306 3375 nnd
335 3348 387 3376 den
414 3348 490 3381 Sieg
518 3346 656 3381 erringen
684 3346 793 3374 konnte.
838 3345 896 3373 Die
923 3344 1126 3379 Reformation

222 3406 237 3422 ..
250 3387 294 3422 jat
320 3387 400 3422 Genf
426 3387 478 3415 den
503 3386 621 3420 ältesten
647 3384 766 3420 Freund
790 3385 848 3413 und
873 3383 1126 3418 Bundesgenossen

219 3438 225 3464 ;
245 3426 391 3460 Frciburg
410 3426 525 3460 gekostet
547 3425 605 3453 und
626 3424 684 3459 ihm
705 3424 749 3453 die
769 3424 944 3459 Feindschaft
965 3423 1012 3452 der
1032 3423 1126 3458 katho-

221 3488 226 3496 .
245 3465 346 3500 lischcu
365 3465 440 3494 Orte
457 3471 633 3499 zugczogcn;
655 3463 724 3492 aber
743 3464 796 3491 das
815 3463 971 3497 Burgrccht
991 3463 1043 3491 mit
1064 3463 1126 3491 dem

219 3528 224 3537 ,
244 3504 401 3538 mächtige»
427 3503 507 3531 Bern
532 3503 666 3537 genügte,
689 3510 739 3531 um
765 3506 796 3530 cö
822 3504 869 3530 als
894 3502 940 3531 ein
967 3503 1054 3531 Glied
1078 3502 1126 3531 der

220 3558 224 3576 ,
243 3542 518 3577 Eidgenossenschaft
540 3542 697 3576 erscheinen
718 3550 754 3576 zu
776 3542 864 3576 lassen
888 3542 946 3570 und
968 3542 1010 3570 die
1032 3542 1126 3577 katho-

218 3593 226 3611 :
243 3582 344 3616 lischcu
371 3582 483 3614 Mächte
509 3586 565 3610 von
590 3581 652 3610 dem
678 3582 720 3616 oft
747 3582 901 3615 geplanten
927 3581 1048 3617 Angriff
1074 3582 1128 3615 auf

239 3621 288 3649 die
313 3620 492 3655 „Brutstätte
517 3621 566 3649 der
588 3620 724 3656 Häresie"
751 3620 933 3656 abzuhalten.
966 3622 1071 3656 Gewiß
1096 3622 1127 3655 ist

217 3675 219 3685 >
243 3660 288 3689 die
316 3660 413 3694 eigene
444 3661 693 3696 Wehrhaftigkeit,
720 3661 763 3689 die
791 3662 873 3696 Genf
901 3661 1016 3689 dainalS
1044 3661 1127 3695 durch

241 3699 319 3734 seine
341 3700 530 3735 Befestigung
553 3701 613 3729 und
636 3700 820 3736 militärische
843 3700 1058 3736 Organisation
1080 3709 1127 3736 gc-

218 3753 224 3761 -
240 3743 343 3771 wann,
361 3739 434 3773 nicht
453 3741 557 3775 gering
576 3740 797 3775 anzuschlagen;
819 3740 888 3769 aber
907 3740 978 3775 ohne
997 3740 1050 3769 den
1071 3741 1127 3770 Re-

220 3790 229 3800 -
243 3778 326 3813 spckt.
342 3779 393 3808 den
412 3779 455 3808 die
474 3780 708 3815 schweizerischen
726 3780 844 3815 Waffen
862 3780 927 3815 noch
944 3780 1050 3809 immer
1065 3781 1127 3810 cin-

296 3837 325 3871 *)
346 3836 451 3872 Dieser
470 3836 581 3865 Artikel
601 3836 737 3872 erscheint
757 3836 930 3871 gleichzeitig
948 3836 1127 3872 Französisch

219 3885 225 3893 .
239 3869 283 3899 im
305 3872 457 3905 „Journal
478 3873 508 3900 de
528 3873 678 3904 Gcnövc",
698 3872 729 3900 in
750 3872 840 3906 dessen
860 3872 988 3907 Auftrag
1008 3873 1058 3904 ihn
1079 3873 1128 3901 der

218 3917 224 3925 -
239 3907 473 3941 ausgezeichnete
491 3907 648 3942 Historiker
667 3908 841 3943 geschrieben
860 3908 918 3943 hat.
944 3907 1002 3936 Die
1021 3908 1091 3937 Red.

1168 1088 1288 1124 flößte»,
1314 1088 1392 1122 hätte
1418 1092 1451 1117 eS
1479 1088 1550 1124 nicht
1579 1091 1717 1122 inmitten
1764 1092 1814 1120 der
1868 1086 2055 1125 katholischen

1165 1128 1278 1163 Mächte
1300 1129 1347 1158 der
1370 1129 1535 1164 Feuerherd
1557 1129 1608 1159 des
1632 1131 1905 1165 Protestantismus
1928 1128 2056 1162 werben,

1165 1168 1272 1197 Calvin
1291 1169 1334 1198 die
1354 1168 1450 1204 sichere
1471 1170 1573 1198 Stätte
1593 1170 1642 1204 für
1663 1171 1723 1205 sein
1743 1170 1917 1204 gewaltiges
1936 1166 2055 1196 Wirken

1166 1209 1291 1239 bereiten
1318 1208 1438 1237 können.
1484 1209 1550 1238 Mir
1578 1210 1627 1238 der
1653 1209 1788 1243 Rückhalt
1816 1218 1855 1237 an
1882 1209 1965 1237 Bern
1994 1205 2056 1234 und

1165 1248 1255 1277 damit
1277 1257 1315 1276 an
1340 1249 1388 1277 der
1410 1246 1769 1284 reformierten'Schweiz
1793 1245 1957 1282 überhaupt
1982 1245 2058 1281 schuf

1164 1288 1208 1317 die
1232 1288 1420 1322 Möglichkeit,
1445 1288 1500 1321 daß
1525 1289 1607 1323 Genf
1632 1292 1690 1316 aus
1714 1288 1796 1317 einer
1844 1288 2055 1323 geistesarmen

1165 1328 1347 1363 Bischofstadt
1375 1328 1429 1356 daS
1455 1328 1657 1356 intellektuelle
1685 1328 1831 1363 Zentrum
1859 1328 1942 1356 eitler
1970 1333 2057 1354 euro¬

1164 1368 1290 1402 päischen
1317 1366 1689 1402 Religionsgemeinschaft,
1707 1368 1768 1396 das
1797 1364 2057 1402 „Protestantische

1165 1408 1271 1440 Rom",
1289 1407 1402 1435 tverden
1424 1404 1536 1435 konnte.
1576 1408 1632 1435 Als
1654 1407 1788 1443 Heinrich
1809 1406 1844 1435 II.
1866 1412 1923 1435 von
1944 1402 2057 1439 Frank¬

1166 1447 1235 1480 reich
1260 1447 1331 1473 1880
1353 1447 1416 1475 dem
1440 1446 1553 1481 Herzog
1577 1451 1632 1475 von
1654 1447 1729 1475 Alba
1753 1447 1837 1481 durch
1860 1446 1914 1475 den
1938 1445 2002 1473 Eon
2006 1452 2057 1471 no¬

1168 1486 1244 1514 table
1276 1485 1500 1518 Montmorench
1533 1486 1581 1514 ein
1612 1487 1826 1521 gemeinsames
1857 1484 2057 1520 Einschreiten

1167 1525 1354 1560 Frankreichs
1387 1525 1447 1554 und
1477 1526 1635 1559 Spaniens
1666 1534 1755 1560 gegen
1787 1526 1870 1560 Genf
1901 1520 2059 1560 vorschlug,

1168 1565 1271 1600 schrieb
1291 1565 1366 1592 Alba
1389 1572 1428 1592 an
1447 1564 1546 1600 seinen
1568 1565 1677 1600 Herrn,
1698 1566 1818 1603 Philipp
1842 1564 1876 1592 II.
1898 1568 1954 1593 von
1976 1564 2058 1597 Spa¬

1168 1605 1251 1632 nien:
1296 1604 1387 1633 „Was
1411 1605 1492 1639 Genf
1515 1605 1639 1640 betrifft,
1662 1606 1690 1640 so
1715 1606 1765 1633 bin
1790 1601 1826 1639 ich
1851 1604 1914 1633 dem
1939 1603 2059 1632 Connü-

1170 1644 1245 1672 tablc
1269 1644 1321 1679 auf
1344 1644 1405 1672 dem
1428 1644 1508 1678 Weg.
1529 1640 1581 1673 den
1603 1653 1636 1673 er
1658 1645 1716 1673 mir
1738 1645 1820 1676 wies,
1843 1644 1918 1678 nicht
1940 1643 2060 1679 gefolgt,

1169 1684 1236 1712 weil
1253 1687 1284 1711 eS
1301 1683 1360 1712 mir
1376 1684 1424 1712 der
1442 1684 1533 1724 Sache
1550 1684 1647 1713 Eurer
1664 1684 1802 1718 Majestät
1821 1684 1893 1718 nicht
1910 1691 1946 1718 zu
1967 1684 2058 1718 from¬

1169 1730 1234 1751 men
1259 1723 1356 1758 schien,
1379 1723 1431 1752 den
1454 1724 1621 1759 Franzosen
1644 1724 1688 1753 die
1711 1724 1813 1752 Mittel
1838 1732 1878 1751 an
1902 1723 1947 1751 die
1971 1721 2060 1757 Hand

1169 1770 1205 1796 zu
1225 1763 1323 1797 gebe»,
1344 1762 1451 1796 jemals
1474 1764 1558 1798 sagen
1579 1771 1615 1799 zu
1636 1763 1758 1795 können,
1779 1764 1836 1798 daß
1856 1764 1938 1791 Eure
1958 1761 2059 1796 Maje¬

1170 1802 1221 1836 stät
1250 1804 1341 1831 etwas
1368 1810 1456 1837 gegen
1484 1803 1527 1831 die
1554 1803 1714 1838 Schweizer
1742 1803 1813 1838 habe
1841 1801 2058 1836 unternehmen

1170 1842 1299 1871 wollen."

1224 1886 1306 1921 Genf
1323 1886 1383 1914 und
1401 1886 1482 1915 Bern
1500 1886 1592 1923 haben
1612 1885 1659 1921 sich
1677 1884 1995 1921 tvicderholt'bemüht,
2013 1884 2060 1919 ihr

1170 1925 1310 1954 Bündnis
1335 1934 1371 1961 zu
1398 1926 1492 1954 einem
1518 1926 1867 1962 gcmcincidgenössischen
1892 1933 1930 1961 zu
1956 1925 2060 1954 erwei¬

1171 1966 1246 2001 tern,
1269 1965 1337 1993 aber
1359 1966 1398 1993 all
1422 1965 1483 2000 ihre
1507 1966 1644 2002 Versuche
1668 1967 1833 2001 scheiterten
1854 1973 1895 1994 an
1921 1965 1971 1994 der
1993 1964 2060 1993 kon¬

1172 2005 1346 2039 fessionellen
1376 2005 1550 2040 Abneigung
1581 2006 1630 2034 der
1657 2006 1842 2041 katholischen
1871 2006 1961 2037 Orte,
2014 2004 2061 2033 die

1171 2045 1246 2079 kraft
1275 2044 1353 2079 ihrer
1381 2044 1527 2080 Mehrheit
1556 2046 1623 2080 auch
1651 2046 1703 2074 den
1733 2045 1858 2085 übrigen
1886 2045 1985 2077 Orten
2015 2044 2061 2072 die

1171 2092 1244 2113 neue
1262 2084 1455 2119 Verbindung
1474 2074 1635 2120 unmöglich
1654 2085 1790 2119 machten.
1829 2084 1937 2120 Einzig
1956 2079 2061 2118 Zürich

1171 2122 1249 2158 hatte
1266 2125 1310 2153 die
1326 2125 1429 2159 Hände
1447 2125 1501 2159 frei
1520 2125 1579 2154 und
1597 2126 1656 2154 trat
1676 2126 1747 2152 1884
1765 2125 1829 2154 dem
1845 2123 2061 2160 Genferbunde

1171 2164 1223 2192 bei.
1261 2159 1344 2200 Genf
1361 2165 1392 2197 ist
1412 2165 1472 2199 also
1492 2164 1539 2193 nie
1558 2165 1605 2193 ein
1627 2165 1833 2200 zugewandter
1851 2164 1912 2194 Ort
1933 2163 1982 2193 der
2000 2164 2060 2192 Ge-

1171 2194 1511 2239 samtcidgcuossenschaft
1542 2205 1704 2239 geworden,
1731 2207 1765 2233 eS
1796 2209 1860 2233 war
1892 2204 1952 2232 und
1982 2203 2061 2232 blieb

1171 2250 1230 2272 nur
1249 2244 1297 2272 der
1315 2243 1467 2279 besondere
1484 2244 1669 2273 Verbündete
1689 2244 1767 2278 ihrer
1786 2244 1857 2279 zwei
1878 2243 2061 2278 mächtigsten

1170 2284 1256 2314 Orte,
1275 2283 1425 2318 respektive
1444 2283 1494 2312 ein
1514 2283 1719 2318 zugclvandter
1739 2284 1797 2312 Ort
1819 2284 1869 2312 der
1889 2283 2061 2319 resormicr!-

1171 2324 1217 2351 ten
1241 2323 1375 2358 Schiveiz.
1416 2323 1493 2351 Aber
1516 2323 1587 2351 dank
1610 2323 1701 2358 dieser
1724 2323 1920 2358 Verbindung
1941 2327 2005 2353 wdr
2029 2323 2062 2353 eS

1171 2362 1231 2399 doch
1252 2363 1281 2391 in
1302 2363 1478 2398 den.Augen
1497 2363 1546 2396 her
1565 2362 1642 2391 Welt
1663 2363 1726 2391 eine
1746 2362 1995 2399 Schweizerstadt/
2013 2362 2061 2392 ein

1170 2400 1258 2430 Glied
1279 2400 1328 2434 d.eö
1349 2395 1469 2437 Üorpüs
1489 2402 1682 2438 Hclveticum.

1225 2437 1271 2476 In
1301 2442 1353 2471 den
1369 2437 1374 2443 '
1384 2440 1665 2478 Friedensschlüssen
1696 2447 1765 2479 von.
1783 2438 1918 2477 RySw.hk,
1949 2441 2061 2476 Utrecht

1172 2481 1231 2510 und
1256 2482 1368 2514 Baden,
1396 2482 1442 2510 die
1468 2481 1521 2511 den
1548 2472 1680 2516 Umfang
1707 2481 1754 2510 der
1783 2472 2062 2517 Eidgenossenschaft

1170 2521 1389 2558 völkerrechtlich
1408 2521 1500 2555 näher
1517 2521 1829 2555 bestimmten-wurde
1846 2525 1880 2550 es
1900 2523 1988 2550 unter
2006 2521 2062 2550 den

1170 2561 1389 2596 Zugcwandtcn
1414 2561 1475 2589 und
1497 2560 1704 2589 Verbündeten
1730 2560 1778 2589 der
1802 2561 1870 2588 XII!
1893 2562 1971 2590 Orte
1994 2561 2063 2589 mit¬

1171 2601 1384 2641 eingeschlossen
1405 2600 1466 2629 und
1489 2599 1574 2635 sogar
1595 2600 1651 2628 den
1670 2600 1856 2635 eigentlichen
1879 2600 2063 2636 Zugetvand-

1173 2640 1219 2668 ten
1249 2641 1458 2674 vorangestellt.
1506 2639 1588 2668 Bern
1618 2640 1678 2668 und
1706 2640 1808 2680 Zürich
1836 2640 1982 2675 standen'"
2002 2640 2062 2676 ihm

1172 2676 1306 2714 jederzeit
1325 2674 1375 2720 alif
1395 2680 1478 2708 treue
1496 2679 1624 2707 Berater
1643 2679 1703 2708 und
1722 2680 1823 2717 Helfer
1842 2687 1896 2715 zur
1906 2676 2015 2721 Seit^
2031 2679 2063 2709 in

1172 2719 1409 2753 GcfahrcnistLtS
1427 2719 1529 2752 bereit,
1547 2719 1606 2753 ihm
1624 2719 1884 2756 bündesgemäßLn
1903 2720 2007 2754 Zuzug
2018 2712 2063 2755 Hü

1173 2759 1282 2793 lcistSn,
1306 2759 1436 2786 ünd'vei
1465 2758 1554 2791 fedcin
1581 2759 1681 2793 Astlaß
1708 2758 1836 2793 bemüht,
1860 2760 1941 2795 feine
1965 2760 2016 2788 UM

1173 2795 1335 2832 hängigkeit
1360 2805 1396 2831 zu
1424 2797 1537 2832 sichern.
1582 2797 1638 2825 Als
1666 2797 1725 2831 ihm
1753 2799 1809 2826 von
1837 2798 1960 2833 Ludwig
1986 2795 2060 2827 XkV.

1172 2837 1243 2863 1686
1265 2836 1379 2870 Gefahr
1403 2835 1511 2870 drohte,
1536 2836 1660 2865 erklärte
1684 2837 1732 2871 sich
1758 2837 1863 2871 Zürich
1888 2839 1991 2870 bereit,
2015 2833 2068 2867 bis!

1170 2876 1225 2909 auf
1250 2876 1321 2902 660»
1346 2875 1456 2906 Man»,
1481 2874 1561 2903 Bern
1588 2875 1636 2903 bis
1661 2876 1717 2910 auf
1741 2877 1841 2907 18,000
1865 2877 1966 2905 Mann
1991 2884 2060 2911 zum

1170 2915 1283 2948 Schuhe
1307 2915 1405 2949 Genfs
1431 2914 1620 2949 marschieren
1646 2922 1683 2948 zu
1711 2915 1810 2949 lasten,
1836 2916 1895 2944 und
1921 2915 1988 2949 auch
2015 2916 2060 2943 die

1169 2945 1303 2987 übrigen!
1315 2953 1522 2987 reformierten
1543 2953 1621 2981 Orte
1644 2953 1844 2981 ancrktmnten
1860 2957 1901 2982 ’cS
1924 2955 1972 2981 als
1997 2954 2057 2987 ihre

1168 2992 1282 3026 Pflicht,
1309 2992 1348 3021 int
1378 2992 1504 3026 Notfall.,
1515 2991 1569 3020 das
1594 2991 1702 3025 Ihrige
1727 3000 1763 3025 zu
1791 2986 1885 3026 seiner
1911 2992 2063 3027 Berteidi-s

1168 3039 1247 3065 gung
1276 3030 1473 3065 beizntragön.
1521 3030 1593 3064 Noch
1624 3032 1695 3060 1703
1725 3032 1847 3059 retteten
1879 3030 1923 3059 die
1953 3031 2054 3059 beiden

1168 3071 1275 3100 Städte
1293 3070 1375 3104 durch
1394 3069 1454 3104 ihre
1474 3070 1630 3105 schleunige
1649 3070 1730 3104 Hilfe
1749 3070 1793 3098 die
1809 3070 1901 3098 Stadt
1921 3075 1973 3098 vor
1991 3070 2053 3098 dent

1167 3109 1347 3144 Handstreich
1365 3110 1499 3138 General
1519 3109 1767 3143 MontesquiduS:
1790 3109 1836 3138 So
1853 3107 1975 3144 führten
1994 3109 2054 3144 gil«
2057 3105 2060 3122 1

1168 3150 1221 3183 rid)
1237 3150 1297 3177 und
1312 3148 1393 3178 Bern
1410 3149 1473 3183 ihre
1490 3149 1634 3183 Aufgabe,
1650 3149 1847 3177 daSBollwerk
1864 3149 1913 3178 der
1924 3149 2054 3184 Schiveiz

1167 3197 1214 3217 am
1242 3188 1352 3217 Leman
1379 3196 1415 3223 zu
1443 3188 1617 3223 behaupten,
1664 3188 1763 3222 redlich
1791 3188 1884 3222 durch,
1926 3188 1976 3217 bis
2005 3188 2054 3217 der

1167 3227 1430 3263 Zusammenbruch
1461 3227 1510 3256 der
1542 3229 1622 3256 alten
1655 3228 1931 3263 Eidgenossenschaft
1965 3228 2053 3262 ihnen

1167 3268 1210 3296 die
1240 3268 1354 3296 weitere
1385 3268 1547 3303 Erfüllung
1577 3267 1724 3303 derselben
1755 3267 1918 3302 unmöglich
1949 3268 2055 3302 machte

1167 3308 1226 3336 und
1245 3307 1415 3342 Frankreich
1437 3308 1508 3335 1798
1529 3307 1605 3342 seine
1627 3307 1714 3341 Hand
1735 3306 1805 3336 über
1826 3307 1908 3342 Genf
1928 3307 2054 3342 schlagen

1167 3347 1277 3375 konnte.

1220 3387 1279 3416 Die
1304 3386 1410 3421 Probe,
1434 3387 1479 3415 die
1501 3390 1533 3415 cL
1557 3386 1698 3422 fünfzehn
1721 3386 1816 3421 Jahre
1839 3385 1976 3422 hindurch
2000 3387 2054 3415 mit

1166 3426 1214 3455 der
1235 3426 1559 3462 Frauzoscnhcrrschaft
1582 3427 1698 3461 machte,
1718 3426 1828 3461 brachte
1849 3430 1883 3454 cs
1905 3426 1963 3461 ihm
1985 3427 2055 3455 aber

1166 3467 1218 3501 erst
1241 3466 1311 3499 recht
1332 3474 1400 3501 zum
1420 3466 1621 3501 Bewußtsein,
1642 3466 1697 3500 daß
1720 3466 1796 3501 seine
1817 3465 1916 3500 wahre
1935 3466 2055 3500 Heimat

1167 3505 1211 3534 die
1229 3506 1356 3541 Schiveiz
1376 3506 1422 3541 sei.
1458 3505 1531 3540 Noch
1548 3510 1600 3534 vor
1619 3506 1668 3534 der
1686 3506 1863 3541 endgiltigcn
1881 3506 2055 3540 Niederlage

1167 3546 1336 3580 Napoleons
1363 3545 1507 3581 schüttelte
1533 3549 1565 3574 eS
1590 3545 1644 3574 daö
1669 3545 1834 3580 Frcmdjoch
1859 3546 1895 3574 ab
1922 3545 1981 3574 und
2007 3546 2054 3574 be¬

1168 3585 1269 3614 reitete
1287 3580 1339 3614 den
1360 3585 1592 3620 eidgenössischen
1611 3586 1753 3623 Truppen
1772 3593 1821 3614 am
1839 3586 1864 3612 1.
1883 3584 1964 3620 Juni
1981 3584 2056 3614 1814
2057 3614 2064 3628 t

1167 3626 1252 3653 einen
1279 3625 1525 3660 enthusiastischen
1552 3625 1711 3660 Empfang,
1736 3633 1803 3660 zum
1829 3624 1956 3656 Beweis,
1982 3624 2055 3659 „daß

1168 3666 1255 3693 unter
1274 3666 1351 3693 allen
1366 3665 1485 3700 Klaffen
1504 3665 1552 3693 der
1572 3665 1751 3699 Einwohner
1768 3665 1859 3700 dieses
1876 3664 2055 3699 Freistaates

1168 3712 1227 3733 nur
1254 3705 1301 3734 ein
1328 3705 1411 3734 Sinn
1443 3704 1502 3733 und
1531 3705 1617 3733 Wille
1643 3704 1777 3740 herrsche,
1804 3704 1886 3739 durch
1912 3705 2056 3739 Stiftung

1168 3745 1250 3772 eines
1278 3752 1382 3779 engen,
1408 3744 1507 3780 festen,
1533 3744 1732 3778 brüderlichen
1759 3744 1974 3779 Verhältnisses
2001 3745 2055 3772 mit

1167 3785 1244 3812 allen
1267 3784 1425 3813 Kantonen
1449 3784 1554 3813 wieder
1579 3785 1639 3813 und
1663 3784 1717 3820 auf
1740 3784 1812 3819 ewig
1835 3784 1996 3818 Schweizer
2018 3791 2055 3818 zu

1169 3824 1256 3858 sein".
1300 3824 1388 3859 Diese
1412 3824 1571 3859 Hoffnung
1595 3824 1720 3859 erfüllte,
1739 3824 1787 3859 sich
1812 3824 1884 3859 aufs
1932 3823 2063 3860 schönste.,

1166 3863 1224 3892 Die
1248 3864 1525 3899 Eidgenossenschaft
1546 3869 1602 3893 von
1626 3865 1698 3892 1814
1721 3863 1826 3898 machte
1847 3863 1926 3893 keine
1950 3864 2054 3892 Unter¬

1168 3903 1268 3940 schiede
1299 3904 1431 3940 zwischen
1463 3904 1571 3936 Orten,
1601 3903 1821 3939 Zugcwandtcn
1874 3903 1932 3932 und
1981 3902 2055 3932 Ver¬

2097 1086 2241 1116 bündeten
2266 1087 2415 1122 einzelner
2438 1088 2516 1116 Orte
2538 1087 2628 1121 mehr,
2651 1088 2687 1122 sie
2711 1086 2816 1116 kannte
2839 1095 2898 1115 nur
2921 1087 2986 1119 noch

2097 1127 2350 1162 gleichberechtigte
2368 1128 2515 1156 Kantone.
2552 1128 2608 1155 Als
2626 1127 2710 1162 solche
2728 1127 2849 1156 wurden
2869 1127 2987 1158 Wallis,

2098 1166 2278 1201 Neuenburg
2306 1166 2365 1196 und
2391 1167 2474 1202 Genf
2502 1175 2549 1195 am
2578 1169 2620 1194 12.
2650 1168 2826 1201 Scptcinbcr
2873 1167 2904 1195 in
2932 1167 2985 1195 den

2097 1206 2186 1235 Bund
2208 1207 2437 1242 aufgenommen
2463 1207 2523 1235 und
2547 1207 2638 1236 damit
2662 1207 2725 1235 dein
2751 1206 2985 1243 schtvcizerischcn

2098 1246 2276 1275 Vaterlande
2298 1254 2374 1281 ganz
2396 1246 2456 1275 und
2478 1247 2535 1275 voll
2558 1247 2739 1276 cinverleivt.

2154 1286 2248 1314 Wenn
2276 1286 2358 1321 Genf
2385 1286 2429 1315 die
2458 1285 2623 1321 Sicherung
2652 1287 2747 1322 seiner
2775 1286 2915 1321 Freiheit,
2943 1286 2987 1314 die

2098 1326 2273 1360 Grtindlage
2302 1325 2397 1360 seiner
2424 1326 2524 1360 Größe
2571 1326 2631 1354 dem
2662 1326 2806 1360 Anschluß
2855 1334 2894 1354 an
2942 1326 2986 1354 die

2097 1365 2226 1400 Schiveiz
2248 1365 2394 1396 verdankt,
2418 1366 2443 1399 so
2468 1371 2590 1400 gewann
2614 1366 2686 1399 diese
2710 1373 2749 1394 an
2774 1366 2845 1399 ihm,
2865 1366 2919 1394 wie
2943 1365 2987 1393 die

2100 1405 2305 1440 reformierten
2332 1405 2407 1433 Orte
2433 1406 2506 1433 1888
2532 1406 2583 1434 den
2611 1405 2797 1440 katholischen
2823 1404 2986 1439 begreiflich

2099 1452 2134 1480 zu
2153 1445 2265 1479 machen
2283 1445 2404 1480 suchten,
2422 1446 2485 1475 „ein
2503 1446 2597 1476 Were,
2613 1446 2746 1474 Bormur
2765 1445 2825 1473 und
2845 1445 2986 1479 Schlüssel

2098 1486 2210 1519 ganher
2234 1484 2468 1519 Eydtgnoschaft;
2492 1490 2578 1512 Ivan»
2605 1485 2648 1514 die
2672 1486 2817 1516 verloren,
2843 1485 2892 1520 soll
2916 1492 2985 1513 man

2099 1524 2171 1562 nicht
2195 1524 2276 1558 mehr
2299 1524 2410 1560 unnser
2432 1525 2609 1553 Vattcrland
2631 1525 2790 1559 bschlossen,
2814 1525 2916 1559 sonder
2940 1524 2987 1559 uff

2101 1564 2149 1592 der
2177 1564 2465 1599 allergcfahrlichsten
2495 1565 2565 1599 siten
2594 1565 2672 1599 offen
2730 1563 2875 1593 nennen".
2922 1565 2986 1593 Und

2100 1604 2164 1632 eine
2183 1604 2363 1639 notwendige
2382 1604 2472 1638 Folge
2491 1605 2539 1632 der
2560 1604 2736 1639 Festsetzung
2757 1605 2805 1633 der
2824 1604 2986 1638 Schweizer

2100 1644 2130 1672 in
2156 1644 2237 1679 Genf
2260 1649 2323 1673 war
2348 1644 2391 1672 die
2419 1645 2591 1678 Eroberung
2617 1645 2666 1672 des
2694 1644 2917 1675 Waadtlandes,
2942 1644 2986 1672 die

2101 1681 2281 1718 Entstehung
2307 1683 2389 1712 einer
2420 1684 2536 1718 „Suisse
2564 1684 2743 1713 Romande".
2790 1684 2868 1712 Aber
2919 1683 2985 1717 auch

2099 1721 2182 1758 Genf
2198 1731 2237 1751 an
2252 1723 2303 1758 sich
2320 1728 2382 1752 war
2399 1724 2448 1751 ein
2468 1723 2676 1759 uttschätzbarcr
2693 1724 2833 1755 Geivinn,
2851 1725 2985 1752 nament¬

2095 1763 2152 1796 lich
2171 1771 2202 1791 in
2219 1763 2352 1798 geistiger
2370 1763 2503 1798 Hinsicht.
2539 1764 2584 1798 In
2605 1764 2662 1797 ihm
2682 1761 2770 1797 besaß
2786 1763 2830 1792 die
2848 1763 2987 1798 Schiveiz,

2101 1803 2156 1836 wie
2174 1802 2221 1831 der
2238 1803 2408 1837 Engländer
2423 1804 2499 1832 Bale
2516 1804 2586 1831 1888
2602 1804 2671 1838 sagt,
2689 1804 2760 1832 „daö
2776 1803 2877 1837 größte
2893 1803 2985 1832 Wun¬

2102 1843 2151 1871 der
2167 1842 2214 1872 der
2228 1843 2315 1873 Welt,
2331 1843 2384 1871 daö
2399 1851 2472 1871 neue
2486 1843 2582 1877 Paris
2597 1843 2661 1871 oder
2676 1843 2807 1875 London,
2822 1844 2874 1872 den
2890 1850 2985 1871 neuen

2101 1879 2282 1914 Weltmarkt,
2304 1883 2400 1917 wohin
2425 1890 2495 1911 man
2520 1883 2817 1918 zusammenströmte,
2839 1883 2911 1916 nicht
2935 1890 2984 1910 uni

2101 1930 2137 1956 zu
2159 1922 2452 1958 schachern,.sondern
2474 1930 2524 1951 um
2546 1922 2600 1951 das
2619 1922 2802 1958 Himmlische
2822 1930 2910 1957 gegen
2932 1922 2986 1950 daS

2102 1961 2228 1996 Irdische
2246 1962 2496 1997 einzutauschen".

2106 2009 2109 2015 '
2157 2002 2221 2031 Wir
2240 2002 2420 2031 bewundern
2441 2001 2485 2030 die
2508 2002 2599 2032 Rolle,
2619 2001 2662 2030 die
2685 2002 2740 2030 daö
2761 2001 2987 2036 protestantische

2102 2041 2178 2070 Rom
2200 2041 2231 2070 in
2252 2042 2302 2070 der
2322 2041 2399 2070 Welt
2422 2042 2537 2076 gespielt
2560 2041 2608 2074 hat
2630 2042 2689 2070 und
2711 2041 2755 2070 die
2776 2041 2830 2070 daS
2851 2041 2986 2075 herrliche

2103 2078 2461 2116 Rcforinatiönsdeukmal
2480 2082 2545 2110 bald
2563 2082 2723 2116 verewigen
2742 2082 2826 2112 ivird,
2843 2081 2886 2109 die
2905 2081 2988 2115 stolze

2102 2122 2256 2156 Geschichte
2286 2121 2380 2156 seiner
2413 2121 2573 2152 Akademie,
2604 2122 2647 2149 die
2677 2124 2740 2150 unS
2788 2121 2883 2155 jüngst
2931 2125 2987 2148 von

2102 2161 2300 2196 Meisterhand
2324 2161 2484 2196 geschildert
2510 2161 2623 2190 worden
2650 2162 2690 2196 ist.
2736 2161 2844 2194 Welche
2870 2161 2988 2194 Mitgift

2102 2209 2142 2229 an
2163 2201 2414 2236 hervorragenden
2436 2202 2570 2235 Geistern
2596 2202 2649 2235 auf
2670 2202 2748 2229 allen
2771 2201 2915 2229 Gebieten
2939 2200 2988 2235 hat

2103 2242 2185 2276 Genf
2215 2242 2264 2270 der
2297 2241 2425 2275 Schweiz
2457 2241 2636 2276 zugcbracht!
2689 2240 2989 2275 Frcihcitsmärtyrcr

2102 2282 2162 2310 wie-
2176 2281 2321 2316 Philibert
2339 2281 2515 2314 Berthelicr,
2531 2281 2598 2309 Ami
2617 2281 2749 2312 Levrier»
2767 2280 2874 2314 Pierre
2892 2280 2989 2314 Fatio,

2102 2321 2223 2350 Nicolas
2238 2320 2401 2355 Lemaitrc;
2419 2321 2672 2356 Freiheitsapostcl
2691 2320 2987 2355 undPhilanthropen

2103 2361 2159 2390 wie
2186 2361 2344 2396 Rousseau,
2372 2362 2497 2390 Etienne
2526 2361 2670 2395 Dumont,
2717 2361 2848 2396 Eynard,
2894 2359 2987 2395 Henri

2101 2402 2245 2435 Dunant;
2273 2400 2513 2431 Staatsmänner
2557 2401 2611 2430 wie
2654 2395 2809 2435 Bczanson
2854 2400 2989 2434 HugucS,

2104 2441 2211 2474 Neckcr,
2240 2441 2335 2475 Picket
2369 2441 2400 2469 de
2432 2441 2616 2475 Rochemont,
2646 2437 2830 2475 d'Jvernois,
2862 2440 2989 2474 Rigaud,

2103 2479 2212 2518 James
2233 2481 2326 2516 Fazh;
2343 2480 2510 2515 .Feldherrn
2532 2481 2586 2509 wie
2608 2481 2741 2509 General
2763 2481 2902 2515 Dufour;
2927 2481 2989 2513 Pu¬

2102 2521 2230 2556 blizisten
2255 2521 2308 2550 wie
2333 2521 2438 2550 Mallet
2464 2520 2501 2549 du
2526 2520 2611 2554 Pan;
2635 2520 2913 2554 Geschichtschreiber
2936 2520 2990 2547 wie

2102 2561 2262 2592 Bonivard,
2281 2561 2385 2595 Michel
2414 2561 2512 2595 Roset,
2528 2561 2669 2591 Gautier,
2688 2560 2861 2592 SiSmondi,
2878 2560 2991 2589 Rilltet,

2103 2601 2205 2638 Roget,
2230 2600 2373 2634 BaUchcr;
2400 2601 2576 2635 Philologen
2603 2601 2662 2628 und
2687 2600 2824 2634 Juristen
2869 2600 2923 2627 wie
2948 2600 2991 2627 die

2097 2641 2249 2677 Estienyc/
2263 2641 2422 2675 Godefroh.
2440 2640 2614 2676 Casaubon;
2635 2639 2857 2674 Naturforscher
2875 2639 2928 2667 wie
2949 2639 2993 2667 die

2095 2675 2261 2716 '.Saussure,
2280 2681 2312 2708 de
2333 2679 2484 2711 Candolle,
2505 2680 2535 2708 de
2557 2680 2586 2708 la
2607 2679 2690 2711 Rive,
2710 2679 2817 2713 Pictct,
2836 2675 2992 2712 Colladon;

2092 2708 2219 2755 Dichter
2245 2720 2302 2750 lvie
2329 2719 2495 2749 Gcrmaine
2523 2719 2556 2748 de
2582 2717 2684 2751 Staöl,
2711 2717 2860 2757 Töepffcr-
2887 2717 2993 2749 Amiel,

2104 2759 2194 2789 ""acc
2217 2760 2373 2792 Monnier,
2398 2753 2589 2796 Cherbuliez;
2616 2759 2756 2792 Künstler
2782 2758 2838 2787 wie
2864 2753 2994 2789 Liötard,

2124 2796 2214 2834 kgäffe,
2240 2799 2410 2834 Lugärdön,
2436 2797 2547 2833 Didah,
2573 2799 2706 2830 Cnlamc,
2736 2799 2873 2832 Pradicr,
2902 2799 2991 2826 denen

2103 2838 2168 2873 noch
2189 2840 2215 2874 so
2237 2839 2295 2868 viel
2316 2839 2422 2867 andere
2443 2839 2558 2866 Namen
2581 2838 2628 2872 sich
2650 2838 2863 2872 hinzugesellen
2886 2837 2990 2872 ließen.

2102 2878 2166 2906 Bon
2193 2878 2241 2906 der
2266 2878 2442 2912 Bedeutung
2469 2878 2519 2906 der
2544 2877 2657 2910 Genfer
2685 2876 2884 2910 Uhrinacherei
2930 2877 2990 2905 und

2100 2916 2265 2950 Bijouterie
2293 2917 2342 2951 für
2369 2917 2473 2951 unsere
2501 2915 2746 2951 Volkswirtschaft
2773 2916 2836 2943 Ivill
2863 2916 2899 2950 ich
2926 2915 2989 2950 hier

2092 2955 2171 2988 nicht
2189 2955 2283 2983 reden.
2320 2955 2412 2989 Kurz,
2428 2956 2512 2990 Genf
2530 2955 2740 2991 repräsentiert
2761 2955 2811 2989 für
2830 2955 2877 2989 sich
2897 2955 2985 2983 allein

2098 2993 2127 3021 in
2157 2994 2278 3027 unserer
2302 2994 2467 3028 politischen
2496 2993 2556 3022 und
2584 2993 2760 3022 kulturellen
2789 2994 2986 3029 Entwicklung

2097 3032 2147 3067 seit
2176 3033 2237 3061 dem
2266 3033 2309 3069 1Y.
2336 3032 2544 3066 Jahrhundert
2571 3033 2618 3061 bis
2646 3041 2700 3068 zur
2729 3034 2908 3068 Gegenwart
2937 3033 2983 3062 ein

2095 3072 2226 3107 Kapital,
2240 3072 2332 3107 besten
2347 3072 2449 3106 Größe
2465 3073 2521 3101 wir
2537 3072 2610 3106 nicht
2624 3072 2687 3107 hoch
2704 3081 2801 3108 genug
2816 3073 2983 3108 anschlagcn

2094 3111 2212 3139 können.
2256 3112 2302 3146 In
2327 3112 2431 3147 diesem
2457 3112 2559 3141 Sinne
2586 3112 2678 3146 feiern
2705 3112 2763 3141 wir
2786 3113 2984 3148 Ostschivcizer

2095 3151 2148 3179 das
2177 3152 2390 3186 Zcntcnarium
2420 3160 2459 3180 an
2486 3151 2535 3180 der
2563 3152 2663 3186 Rhone
2693 3153 2746 3180 mit
2774 3153 2984 3188 Begeisterung

2096 3191 2149 3219 tnit
2173 3190 2232 3219 und
2257 3191 2369 3226 grüßen
2396 3191 2440 3220 die
2466 3191 2527 3220 edle
2552 3192 2634 3227 Genf
2656 3193 2705 3220 als
2732 3193 2779 3220 ein
2806 3193 2983 3226 leuchtende?

2094 3230 2197 3265 Juwel
2219 3230 2251 3258 in
2276 3230 2324 3259 der
2345 3231 2444 3259 Krone
2468 3231 2518 3260 der
2540 3231 2657 3260 Mutter
2681 3232 2830 3266 Helvetia!

2151 3270 2261 3310 Zürich.
2564 3270 2758 3306 Wilhelm
2777 3272 2948 3307 OechSli.

2389 3359 2692 3411 zvafferwirtschast.

2133 3418 2191 3448 Die
2217 3419 2379 3451 Schweizer
2405 3419 2650 3452 Rheinschiffahrt
2676 3421 2767 3452 A.-G.
2795 3422 2825 3450 in
2851 3422 2950 3453 Basel.

2152 3471 2183 3516 §
2207 3471 2266 3500 Die
2290 3471 2388 3501 „Neue
2412 3471 2537 3505 Zürcher
2560 3472 2704 3506 Zeitung"
2729 3472 2780 3507 hat
2800 3473 2911 3502 bereits
2933 3474 2987 3502 das

2096 3509 2281 3544 Wesentliche
2316 3510 2387 3539 über
2422 3510 2469 3539 die
2503 3510 2674 3546 Gründung
2709 3511 2793 3540 einer
2827 3513 2989 3547 Schtveizer

2095 3548 2651 3587 Rheinschiffahrts-Attiengesellschaft
2673 3551 2839 3585 tnitgeteilt.
2867 3552 2927 3581 Die
2948 3555 2987 3581 tc-

2097 3588 2299 3624 lcgkaphische,
2308 3589 2456 3626 Meldung
2481 3598 2549 3626 mag
2571 3598 2644 3625 nun.
2660 3585 2727 3625 noch
2751 3592 2844 3620 ctivaö
2868 3592 2988 3627 ergänzt

2096 3628 2219 3657 werden.
2232 3640 2236 3644 -

2151 3667 2197 3702 In
2211 3668 2277 3697 dem
2294 3668 2457 3704 Ratschlag,
2475 3669 2530 3698 mit
2546 3670 2609 3698 dem
2626 3669 2672 3699 die
2690 3670 2801 3700 BaSler
2819 3670 2989 3706 Regierung

2096 3706 2151 3735 den
2169 3707 2284 3743 Antrag
2302 3708 2384 3742 stellt,
2403 3708 2461 3743 das;
2480 3709 2529 3737 der
2547 3709 2665 3738 Kanton
2685 3710 2848 3745 Basclstadt
2867 3711 2917 3745 sich
2935 3712 2988 3739 mit

2096 3746 2193 3775 einem
2216 3747 2430 3781 Aktienkapital
2456 3753 2513 3777 von
2536 3748 2654 3780 280,000
2679 3748 2732 3783 Fr.
2755 3757 2794 3778 an
2819 3750 2877 3778 der'
2893 3758 2988 3778 neuen

2097 3785 2280 3822 Gesellschaft
2303 3786 2461 3821 beteiligen
2485 3788 2546 3822 soll,
2569 3788 2626 3823 legt
2649 3788 2686 3823 sie
2710 3788 2755 3817 die
2779 3789 2904 3819 Gründe
2926 3790 2989 3822 dar,

2096 3825 2196 3855 welche
2228 3825 2467 3862 die,Schaffung
2501 3826 2583 3856 einer
2619 3827 2854 3863 schweizerischen
2879 3829 2988 3863 Rheiti-

2097 3863 2434 3901 schiffahrtSgcscllschaft
2466 3866 2549 3901 nötig
2582 3867 2704 3901 machen.
2746 3867 2804 3896 Die
2835 3873 2887 3897 vor
2917 3868 2987 3903 zehn

2095 3903 2212 3939 Jahren
2235 3912 2295 3933 neu
2318 3905 2370 3935 ins
2392 3905 2488 3935 Leben
2511 3907 2653 3943 gerufene
2678 3907 2911 3943 Großschiffahrt
2935 3909 2989 3944 auf

3026 1086 3089 1115 dem
3116 1086 3212 1119 Rhein
3237 1087 3370 1121 zwischen
3395 1087 3570 1121 Straßburg
3597 1087 3657 1115 und
3682 1086 3771 1121 Basel
3797 1086 3845 1119 hat
3871 1085 3919 1113 dis

3025 1125 3277 1160 Lebensfähigkeit
3295 1128 3346 1155 des
3364 1126 3635 1160 Gütertransports
3652 1128 3706 1162 auf
3725 1125 3815 1159 dieser
3834 1124 3918 1163 Was¬

3027 1162 3176 1199 serstraße,
3198 1165 3266 1201 auch
3289 1166 3319 1194 in
3343 1166 3435 1199 ihrem
3458 1161 3695 1199 gegenwärtigen
3719 1163 3918 1197 unkorrigier»

3027 1205 3073 1232 ten
3098 1204 3254 1239 Zustande,
3277 1205 3426 1239 erwiese»,
3450 1206 3509 1234 und
3534 1210 3565 1233 cs
3589 1205 3654 1236 darf
3680 1204 3732 1232 mit
3754 1203 3918 1236 Sicherheit

3027 1244 3081 1278 auf
3103 1244 3168 1271 eine
3191 1245 3307 1272 iveitere
3331 1243 3504 1272 bedeutende
3526 1243 3711 1277 Steigerung
3734 1243 3783 1270 des
3805 1242 3917 1271 Güter»

3026 1282 3161 1316 Verkehrs
3181 1284 3326 1317 gerechnet
3347 1283 3474 1313 werden,
3493 1282 3592 1317 sobald
3612 1283 3660 1310 ein
3682 1282 3737 1309 den
3757 1280 3918 1315 besonder»

3026 1321 3245 1356 Verhältnissen
3294 1322 3385 1357 dieser
3431 1320 3693 1355 Oberrheinstrecke
3740 1320 3919 1354 angepaßter

3027 1360 3212 1395 Schifföpark
3229 1369 3283 1394 ztir
3301 1361 3478 1395 Verfügung
3495 1360 3573 1394 steht.
3599 1359 3708 1392 Bisher
3728 1360 3818 1392 haben
3837 1359 3919 1388 deut¬

3027 1400 3081 1434 sche
3100 1399 3290 1432 Reedereien,
3308 1399 3513 1433 insbesondere
3530 1399 3601 1433 zwei
3620 1398 3840 1433 Gesellschaften
3859 1394 3920 1426 aus

3027 1438 3217 1473 Mannheim,
3249 1438 3295 1467 die
3326 1438 3568 1473 Schlcppfahrte»
3602 1438 3657 1466 mit
3687 1437 3772 1470 ihren
3804 1437 3835 1465 in
3867 1436 3918 1465 der

3026 1478 3205 1512 Hauptsache
3228 1478 3278 1513 für
3300 1478 3353 1505 den
3376 1478 3496 1506 Nieder-
3519 1479 3579 1506 und
3602 1476 3789 1510 Mittelrhein
3810 1476 3919 1510 gebau¬

3028 1520 3075 1546 ten
3097 1518 3233 1552 Schiffen
3252 1512 3451 1552 ausgeführt„"
3467 1515 3526 1545 Biö
3546 1524 3613 1550 zum
3633 1516 3729 1549 Jahre
3752 1516 3817 1542 1011
3840 1520 3918 1542 wur¬

3027 1557 3081 1585 den
3101 1557 3152 1592 für
3170 1556 3244 1591 diese
3263 1556 3392 1590 Fahrten
3411 1563 3468 1587 von
3486 1556 3577 1590 seilen
3594 1555 3645 1591 hes
3661 1551 3799 1584 Kantons
3817 1553 3920 1589 Bascl¬

3028 1596 3098 1630 stadt
3146 1596 3300 1631 namhafte
3345 1595 3587 1626 Subvetitionen,
3635 1594 3794 1629 insgesamt
3841 1593 3918 1623 rund

3031 1636 3147 1667 168,000
3166 1635 3228 1669 Fr.,
3247 1635 3436 1669 ausbezahlt;
3459 1635 3510 1669 seit
3531 1635 3601 1661 1013
3622 1633 3726 1669 fahren
3746 1633 3789 1662 die
3809 1632 3919 1666 Gesell¬

3028 1675 3151 1711 schaften
3177 1675 3250 1708 ohne
3275 1674 3476 1706 Subvention,
3501 1677 3564 1702 ivaS
3590 1673 3661 1706 nicht
3685 1672 3836 1706 gehindert
3860 1672 3920 1705 hat-,

3026 1714 3084 1749 daß
3103 1714 3210 1748 gerade
3233 1714 3263 1742 in
3286 1714 3339 1742 den
3361 1713 3462 1742 beiden
3484 1714 3590 1753 letzten.
3602 1712 3719 1747 Jahren
3742 1712 3785 1741 die
3807 1711 3918 1739 Güter¬

3026 1754 3220 1789 beförderung
3265 1753 3424 1782 bedeutend
3467 1751 3594 1787 zuiiahm
3638 1751 3917 1786 (Gesaintilinschlag

3028 1793 3099 1820 1013
3105 1801 3113 1821 :
3134 1794 3235 1824 06,683
3253 1792 3403 1826 Tonnen).
3431 1792 3474 1821 ES
3495 1792 3527 1826 ist
3545 1791 3613 1820 aber
3635 1799 3670 1825 zu
3690 1791 3840 1822 bedenken,
3861 1788 3917 1824 daß

3026 1832 3071 1861 die
3097 1840 3190 1867 ganze
3215 1831 3381 1867 Schiffahrt
3407 1832 3460 1866 auf
3488 1831 3538 1860 der
3564 1831 3676 1860 Strecke
3701 1829 3918 1864 Basel-Ttraß-

3026 1871 3100 1906 burg
3119 1877 3183 1900 vom
3201 1872 3292 1904 guten
3312 1871 3419 1902 Willen
3439 1872 3488 1900 der
3507 1870 3652 1904 deutschen
3671 1869 3847 1897 Reedereien
3867 1868 3917 1896 ab¬

3026 1911 3125 1944 hängt.
3156 1911 3217 1939 Mit
3239 1911 3321 1940 Ende
3341 1910 3393 1939 des
3414 1909 3619 1944 Jahres-1918
3638 1909 3748 1944 erlischt
3769 1908 3812 1937 die
3834 1908 3920 1941 heute

3027 1950 3094 1983 noch
3109 1949 3274 1984 bestehende
3292 1949 3478 1983 vertragliche
3496 1948 3718 1983 Verpflichtung
3737 1947 3785 1975 der
3801 1946 3918 1977 Attieu-

3026 1978 3201 2024 gcscllschaft
3238 1989 3372 2018 vormals
3401 1987 3513 2023 Fendcl
3550 1996 3604 2022 zur
3632 1986 3832 2022 Ausführung
3869 1986 3921 2013 der

3027 2028 3169 2062 Fahrten.
3211 2028 3308 2057 Sollte
3340 2028 3420 2056 dann
3444 2032 3503 2056 aus
3527 2016 3751 2060 irgendwelchen
3773 2024 3920 2054 Gründen

3028 2067 3078 2097 der
3100 2067 3376 2102 SchiffahrtSdienst
3397 2066 3530 2101 zwischen
3554 2066 3729 2099 Straßburg
3751 2065 3810 2093 und
3831 2064 3920 2098 Basel

3028 2106 3136 2135 wieder
3163 2106 3320 2140 eingestellt
3346 2106 3473 2138 werden,
3499 2105 3527 2140 so
3554 2104 3674 2134 ivürden
3701 2103 3822 2137 dadurch
3847 2104 3920 2137 nicht

3029 2153 3089 2174 nur
3111 2146 3200 2180 große
3223 2146 3420 2180 Hoffnungen
3444 2144 3546 2174 weiter
3568 2144 3670 2179 Kreise
3694 2143 3725 2173 in
3749 2143 3835 2178 Basel
3856 2142 3919 2170 lind

3029 2185 3080 2213 der
3101 2192 3216 2221 ganzen
3242 2174 3372 2219 Schiveiz
3394 2184 3522 2219 zerstört,
3548 2184 3671 2219 sondern
3695 2187 3727 2212 es
3751 2182 3829 2212 iväre
3851 2182 3920 2220 a'nch

3028 2230 3084 2252 von
3104 2223 3390 2258 außerordentlicher
3411 2223 3599 2259 finanzieller
3618 2222 3783 2260 Tragweite
3805 2222 3853 2258 für
3873 2222 3920 2251 die

3028 2263 3251 2299 basclstädtische
3271 2263 3579 2297 Staatsverlvaltnng,
3598 2263 3637 2293 im
3657 2262 3784 2296 Hinblick
3801 2262 3855 2296 aus
3875 2261 3919 2290 die

3028 2303 3139 2335 bereits
3164 2303 3328 2336 gemachten
3354 2303 3464 2337 großen
3491 2300 3738 2340 Aufwendungen
3766 2301 3814 2336 für
3841 2301 3919 2330 Lan-

3028 2342 3148 2381 duugs-.
3169 2342 3342 2377 Schleusen-
3365 2342 3430 2371 und
3447 2338 3835 2376 Ilnischlagseinrichtungeu
3860 2339 3919 2370 und

3029 2382 3078 2415 für
3103 2382 3312 2416 vorsorgliche»
3337 2381 3546 2411 Landerwerb,
3578 2381 3622 2410 Es
3648 2377 3796 2415 sind,für!
3808 2379 3878 2413 Schi
3879 2388 3920 2412 >;-t

3029 2421 3223 2455 fahrtszwccke
3243 2428 3292 2448 am
3311 2420 3495 2455 Rheinhafcn
3516 2420 3624 2449 bereits
3645 2419 3789 2450 1,600,000
3807 2418 3868 2453 Fr.,
3887 2425 3918 2445 tu

3029 2460 3118 2493 Augst
3138 2459 3535 2495 (Großschiffabrtsschlcnse)
3553 2459 3673 2490 780,000
3691 2458 3743 2492 Fr.
3762 2457 3920 2491 investiert;

3029 2499 3061 2527 in
3088 2500 3170 2528 Land
3199 2499 3249 2534 für
3275 2499 3326 2527 den
3337 2519 3341 2523 .
3355 2498 3505 2533 künftigen
3532 2497 3718 2531 Rhcinhafen
3745 2497 3789 2526 bei
3815 2496 3920 2525 Klein-

3029 2533 3182 2573 hnniügen
3206 2538 3278 2566 über
3299 2538 3318 2565 2
3340 2538 3418 2567 Mill.
3441 2538 3492 2572 Fr.
3521 2537 3600 2566 Aber
3622 2537 3692 2570 auch
3712 2536 3756 2565 die
3779 2536 3919 2571 schweize¬

3031 2578 3115 2612 rische
3135 2577 3292 2611 Industrie
3311 2577 3413 2612 müßte
3432 2577 3477 2605 die
3497 2577 3582 2609 durch
3599 2577 3645 2605 die
3665 2571 3919 2613 SchiffSvcrfrach-

3032 2618 3105 2651 tuiig
3123 2616 3263 2651 crzicltcu
3282 2616 3478 2651 wescutlichen
3498 2610 3860 2656 Ersparnisse/die,'Mein
3880 2614 3921 2644 im

3032 2655 3129 2691 Jahre
3154 2656 3225 2684 1013
3248 2658 3325 2685 rund
3347 2655 3468 2686 280,000
3490 2655 3532 2690 Fr
3565 2644 3760 2687 äuSinachten'
3776 2652 3922 2685 und.ins¬

3031 2696 3144 2730 gesamt
3166 2695 3217 2729 seit
3239 2687 3309 2722 il003
3330 2695 3414 2732 rund,
3425 2693 3545 2726 880,000
3564 2694 3749 2729 Ir.',,wieder
3768 2693 3924 2729 verl.ieren.

3032 2734 3122 2769 Diese
3153 2734 3295 2769 Sachlage
3326 2734 3375 2768 hat
3405 2742 3458 2768 zur
3488 2727 3672 2769 Gründiing.
3690 2731 3772 2766 cjncr
3802 2732 3924 2765 eigene»

3034 2773 3272 2812 schweizerischen
3295 2762 3652 2808 SchiffahrtStzesellschcrst
3677 2772 3827 2806 gedrängt.

3088 2811 3144 2841 Bei
3167 2807 3261 2847 dieser
3285 2812 3455 2847 Gründung
3480 2813 3560 2846 staiid
3585 2819 3648 2840 nun
3671 2816 3726 2840 von
3750 2811 3923 2845 vornherein

3032 2851 3170 2885 fest,'daß
3189 2852 3254 2879 eine
3275 2852 3361 2886 völlig
3383 2851 3572 2887 selbständige
3591 2850 3735 2884 Tätigkeit
3758 2850 3804 2878 der
3826 2857 3921 2878 neuen

3029 2890 3414 2926 Schiffahrts-Gesellschaft
3455 2890 3678 2924 anSgeschlosscu
3722 2889 3807 2918 wäre.
3852 2889 3922 2917 DciS

3026 2929 3151 2962 Kapital
3174 2928 3278 2958 könnte
3299 2937 3369 2967 nur,
3380 2931 3467 2958 einen
3489 2929 3557 2957 Teil
3579 2930 3630 2960 des
3651 2928 3774 2963 JähreS,
3795 2928 3923 2961 nätulich

3027 2968 3145 3002 solange
3186 2968 3232 2995 die
3252 2968 3417 3003 Schiffahrt
3458 2968 3527 3002 nach
3546 2968 3635 3002 Basel
3656 2969 3739 3002 offen
3763 2967 3803 3001 ist,
3843 2968 3920 2999 uutz-

3022 3007 3169 3040 bringcnd
3189 3007 3331 3035 arbeite».
3351 3007 3499 3041 Während
3519 2997 3789 3041 der'geschlestenei,
3808 3007 3921 3041 Schiff¬

3025 3045 3240 3080 fahrtsperiode
3263 3046 3308 3075 int:
3326 3046 3443 3075 Winter
3466 3046 3565 3074 würde
3586 3046 3641 3075 das
3662 3043 3921 3081 SchiffIinatcriäl

3025 3086 3055 3113 in
3080 3085 3170 3120 Basel
3194 3086 3274 3119 brach
3299 3086 3403 3120 liegen.
3420 3080 3423 3088 '
3448 3086 3708 3120 Ferner.müßten
3731 3092 3780 3114 am
3804 3082 3920 3120 gauzeit

3023 3124 3120 3158 Rhein
3139 3124 3238 3158 eigene
3257 3125 3506 3160 Geschäftsstellen
3525 3126 3656 3158 errichtet
3674 3125 3799 3157 werden,
3816 3126 3852 3154 da
3872 3125 3921 3159 sich

3023 3163 3069 3192 die
3096 3164 3243 3197 Tätigkeit
3273 3164 3544 3199 selbstverständlich
3569 3164 3643 3198 nicht
3670 3165 3724 3199 auf
3752 3164 3795 3192 die
3825 3164 3920 3192 Obcr-

3023 3202 3203 3237 rhcinstrccke
3248 3203 3528 3238 Straßburg-Bascl
3575 3203 3760 3238 beschränken
3807 3197 3922 3235 könnt!:,

3025 3242 3150 3277 sondern
3171 3242 3310 3277 Frachten
3331 3248 3386 3272 von
3406 3243 3456 3272 der
3475 3243 3605 3277 Schweiz
3625 3244 3693 3277 nach
3710 3243 3788 3272 allen
3808 3243 3920 3271 RbciU'»

3026 3282 3170 3315 stationcn
3189 3282 3235 3309 bis
3253 3283 3400 3310 anSMeer
3419 3282 3632 3312 übcrnoinincn
3652 3283 3768 3312 tverden
3788 3283 3919 3318 müßtest,

3026 3321 3120 3350 Ilntcr
3142 3321 3239 3356 diesen
3261 3321 3439 3356 Nntständcn
3461 3321 3539 3351 wäre
3561 3323 3629 3350 aber
3652 3322 3712 3357 jede
3733 3322 3920 3357 Prosperität

3025 3360 3077 3388 deö
3099 3360 3337 3395 UnternehineiiS
3360 3362 3391 3391 in
3412 3361 3509 3396 Frage
3530 3362 3647 3395 gestellt,
3668 3369 3743 3397 ganz
3765 3361 3919 3396 abgesehen

3027 3404 3084 3427 von
3129 3400 3178 3428 der
3222 3400 3456 3434 übermächtigen
3482 3401 3672 3434 Konkurrenz
3716 3401 3767 3429 der
3808 3401 3922 3436 großen

3029 3439 3217 3469 Reedereien.
3260 3439 3320 3469 Die
3345 3439 3507 3475 Erfüllung
3550 3441 3599 3469 der
3641 3440 3797 3476 Aufgaben
3839 3440 3924 3468 einer

3030 3478 3269 3513 schweizerischen
3293 3479 3650 3515 SchiffahrtsgcseUsck)aft
3675 3486 3738 3509 war
3761 3480 3849 3514 daher
3873 3481 3922 3507 ab¬

3028 3517 3139 3552 hängig
3160 3523 3215 3546 von
3237 3518 3287 3547 der
3308 3519 3488 3552 Möglichkeit
3506 3519 3559 3548 des
3579 3519 3604 3548 A
3616 3527 3635 3547 n
3647 3519 3658 3554 s
3669 3519 3696 3553 ch
3706 3519 3716 3547 l
3728 3527 3748 3547 u
3760 3519 3771 3555 s
3781 3519 3792 3555 s
3803 3526 3816 3547 c
3828 3524 3844 3549 s
3874 3527 3922 3551 a»

3029 3556 3121 3585 eine
3157 3557 3518 3594 leistungsfähige
3551 3558 3788 3593 bestehende
3820 3559 3923 3586 Ree¬

3030 3595 3165 3629 derei,
3209 3597 3257 3627 die
3282 3598 3311 3626 in
3338 3597 3386 3626 der
3411 3597 3488 3632 Lage
3515 3598 3602 3630 wäre,
3629 3598 3683 3627 daö
3709 3590 3921 3642 schiveizcrisc^e

3031 3633 3288 3670 Schiffsinatcrial
3310 3636 3446 3671 während
3468 3637 3518 3666 der
3538 3637 3614 3671 Zeit,
3635 3638 3670 3666 da
3692 3637 3736 3666 die
3755 3637 3920 3671 Schiffährt

3030 3676 3085 3711 aus
3110 3675 3174 3703 dein
3199 3676 3365 3710 Obcrrhcin
3390 3677 3554 3712 geschlossen
3583 3677 3623 3710 ist,
3668 3685 3715 3705 am
3741 3676 3921 3710 Ilnierrhcin

3031 3715 3240 3749 nutzbringend
3258 3723 3293 3750 zu
3312 3716 3495 3748 Vcrivendcn,
3514 3716 3574 3745 und
3592 3716 3679 3746 deren
3699 3716 3842 3752 santtlrchc
3860 3716 3920 3745 Gc-

3032 3751 3233 3789 schäftsstcllcn
3256 3762 3305 3782 am
3329 3763 3441 3790 ganzen
3466 3755 3563 3790 Rhein
3587 3747 3656 3790 auch
3678 3756 3727 3784 der
3751 3755 3920 3791 schweizeri¬

3031 3793 3107 3827 schen
3137 3793 3320 3828 Gesellschaft
3351 3795 3401 3830 für
3430 3795 3474 3823 die
3504 3794 3818 3831 Weiterbeförderung,
3865 3794 3920 3824 den

3032 3832 3180 3868 Umschlag
3202 3833 3273 3868 usw.
3293 3834 3342 3863 der
3362 3834 3445 3868 durch
3467 3834 3504 3869 sie
3523 3834 3729 3870 verfrachteten
3750 3835 3846 3863 Güter
3867 3842 3921 3869 zur

3030 3871 3207 3907 Verfügluig
3227 3873 3320 3907 stehen
3338 3873 3471 3903 würden.
3487 3874 3547 3904 Die
3565 3874 3702 3908 gebotene
3721 3874 3921 3908 Gelegenheit,

3031 3910 3081 3945 sich
3105 3911 3171 3939 dem
3199 3912 3223 3946 F
3235 3920 3249 3940 c
3261 3920 3281 3940 n
3293 3912 3309 3940 d
3321 3920 3334 3940 c
3346 3913 3378 3940 l-
3389 3913 3433 3941 Ko
3445 3921 3464 3941 n
3475 3921 3490 3947 z
3501 3921 3514 3941 c
3526 3922 3541 3942 r
3553 3922 3572 3942 n
3599 3913 3825 3949 anzuschlicßcn,
3872 3914 3920 3942 der

503 4004 865 4074 AeuMeton.

550 4105 822 4141 Psingstbräuchc.

297 4151 401 4186 Feuer,
419 4148 539 4188 Wässer,
553 4153 625 4190 Luft
638 4154 699 4184 und
716 4156 801 4188 Erde,
817 4156 862 4185 die
878 4155 999 4193 frühern
1016 4157 1127 4186 Naiur-

242 4191 393 4226 elomcnte,
433 4191 553 4220 wurden
595 4198 650 4221 von
693 4195 747 4223 den
769 4195 946 4230 heidnischen
969 4196 1127 4232 Deutschen

241 4236 321 4266 zivar
344 4231 416 4265 nicht
443 4231 491 4259 als
516 4231 687 4266 Gottheiten
714 4234 875 4268 betrachtet,
898 4236 969 4265 aber
993 4236 1055 4270 doch
1077 4238 1128 4264 als

230 4269 510 4306 .Wirkungsgebiet«
534 4271 683 4304 einzelner
706 4272 811 4300 Götter
853 4274 943 4307 heilig
982 4275 1127 4309 gehalten.

240 4311 344 4345 Solche
388 4309 513 4343 ehrende
540 4309 775 4344 Hcilighaltnng.
821 4311 883 4346 sagt
911 4312 1033 4345 Wutttc,
1076 4314 1132 4344 «in.

243 4350 409 4384 scheuvollcS
430 4348 605 4378 Vermeiden
651 4349 723 4377 aller
742 4378 745 4382 .
763 4349 1025 4387 Verunreinigung
1067 4353 1126 4380 und

239 4386 572 4425 Vtzrünehruiig-findet
593 4389 658 4422 noch
680 4387 739 4422 jetzt
762 4388 809 4422 sich
830 4393 894 4424 vor;
917 4390 946 4424 ja
968 4391 1050 4426 durch
1072 4392 1126 4419 das

239 4428 444 4463 Zurücktrctc»
467 4428 515 4456 dcr
534 4422 722 4463 eigentlichen
745 4426 859 4460 Götter,
880 4436 916 4462 zu
938 4429 1027 4458 denen
1051 4430 1125 4466 diese

238 4466 393 4498 Elcincnte
410 4469 442 4497 in
458 4465 627 4503 Beziehung
645 4465 772 4502 standen,
788 4467 895 4495 nimmt
913 4468 986 4503 diese
1001 4468 1124 4504 Ehrung

237 4506 535 4543 «inen-täuschenden
557 4506 663 4541 Schein
686 4505 1124 4542 wirklicher'Naturverchrung

236 4554 288 4574 an.
314 4546 384 4575 DaS
410 4547 520 4581 Waffcr
546 4546 712 4581 besonders,
740 4544 912 4579 »aincntlich
940 4546 1036 4581 Flüsse
1063 4549 1123 4575 und

235 4585 458 4618 gcheiinniSvoll
478 4584 650 4620 sprudelnde
669 4583 805 4614 Oucllcn,
822 4589 922 4612 tvarcn
940 4586 1123 4619 Clegenstand

235 4622 287 4652 der
306 4623 488 4656 Verehrung.
509 4623 584 4651 Man
604 4623 696 4652 betete
716 4630 753 4651 an
773 4622 826 4652 den
846 4622 937 4658 User»
959 4624 1007 4652 der
1026 4624 1122 4660 Flüsse

238 4662 297 4689 und
317 4670 357 4690 an
381 4662 433 4691 den
457 4662 595 4694 Quellen,
616 4662 739 4696 zündete
761 4662 868 4695 Lichter
891 4671 929 4690 an
953 4663 1011 4691 und
1035 4665 1122 4699 stellte

234 4700 425 4736 Opfergal>en
445 4701 504 4736 hin.
522 4701 569 4735 Zu
587 4701 714 4736 heiligen
733 4701 847 4735 Zeiten,
866 4708 915 4730 um
934 4701 1121 4738 Mitternacht

235 4742 296 4769 iind
313 4744 363 4770 vor
374 4740 637 4778 Sonnenaufgang
645 4739 793 4778 geschöpft,
807 4740 887 4775 hatte
901 4741 1000 4777 solches
1012 4741 1122 4777 Wasser

234 4779 406 4817 Heilkräfte.

291 4820 362 4855 Noch
379 4820 465 4856 heute
486 4821 546 4856 läßt
568 4821 670 4856 solches
689 4820 736 4855 sich
755 4819 923 4855 aufweiscn.
941 4819 986 4855 In
1005 4820 1119 4856 Hesscn-

234 4858 407 4894 Tbüringcii
433 4860 557 4896 schmückt
583 4868 651 4888 inan
674 4868 710 4894 zu
733 4859 884 4896 Pfingsten
909 4859 953 4888 die
975 4860 1120 4888 Brunnen

233 4900 289 4928 mit
311 4899 448 4936 Kränzen
472 4900 531 4928 und
552 4899 694 4929 Bändern
735 4899 794 4926 tuid
836 4898 967 4934 seidenen
988 4899 1120 4932 Tüchern

233 4939 296 4968 und
319 4941 398 4975 tanzt
422 4943 469 4968 Um
493 4939 530 4974 sic
553 4938 665 4973 herum.
685 4939 730 4973 In
753 4938 883 4972 Böhmen
906 4938 973 4974 darf
993 4945 1061 4966 inan
1083 4946 1119 4972 zu

233 4977 411 5015 dicscr'Zcit
442 4979 514 5014 nicht
545 4980 595 5008 inS
615 4978 726 5014 Wasser
756 4977 881 5013 spucken;
912 4977 966 5006 daö
995 4977 1028 5011 ist
1059 4977 1120 5012 sehr

232 5018 381 5055 süiidhaft,
402 5019 460 5048 und
481 5019 531 5048 dcr
548 5018 656 5054 Teufel
677 5018 754 5054 freut
774 5017 820 5053 sich
840 5017 974 5046 darüber.

289 5058 376 5093 Ganz
403 5058 557 5094 besondere
583 5057 758 5093 Bcdcntung
783 5056 833 5091 hat
860 5056 909 5090 dcr
935 5055 1120 5091 Pfingst«

231 5098 303 5126 tan
323 5104 329 5125 :
350 5096 409 5132 Hat
429 5102 462 5127 cö
481 5106 529 5127 am
549 5099 641 5133 ersten
662 5096 898 5134 Pfiiigsimorgcn
919 5096 976 5125 viel
994 5095 1072 5126 Tan,
1093 5096 1119 5130 so

228 5137 292 5171 gibt
312 5141 343 5166 eS
360 5139 427 5173 nach
446 5137 667 5173 holsteinischem
688 5137 747 5166 und
765 5135 1010 5171 obcrpfälzischcm
1030 5135 1118 5165 Aber¬

226 5177 357 5210 glauben
374 5177 421 5206 ein
437 5178 544 5213 reiches
558 5176 744 5210 Butterjahr,
760 5176 943 5210 llebcrhaupt
960 5175 1032 5204 kann
1050 5182 1118 5203 man

229 5214 287 5244 mit
307 5215 413 5251 diesem
435 5216 502 5245 Tan
524 5216 622 5250 hexen.
644 5215 742 5251 Wälzt
765 5223 833 5244 »lan
854 5214 902 5250 sich
924 5215 1008 5243 darin
1031 5213 1119 5243 nnbc-

229 5253 342 5288 fleidct»
363 5257 418 5284 wie
441 5256 471 5284 in
494 5255 726 5291 Niedcrsachsen,
750 5256 776 5290 so
799 5255 892 5290 schützt
915 5254 970 5283 daS
990 5259 1040 5284 vor
1063 5254 1119 5283 Be¬

226 5292 352 5330 hexung.
371 5295 481 5331 Krätze,
500 5295 684 5332 Ungeziefer,
704 5294 941 5330 Unreinigkeiten
961 5293 1010 5323 der
1030 5292 1120 5328 Haut,

1168 3999 1334 4035 Ausschlag,
1361 4000 1500 4029 Blattern
1531 3999 1662 4034 (Mittel-
1688 3999 1747 4028 und
1774 3997 2053 4034 Süddcutschland);

1170 4039 1199 4073 ja
1221 4038 1252 4068 in
1274 4039 1322 4068 der
1343 4040 1505 4077 Obcrpfalz
1526 4040 1587 4068 tind
1609 4039 1742 4074 Böhmen
1763 4039 1851 4073 macht
1874 4046 1903 4067 er
1925 4038 1969 4067 bei
1991 4038 2053 4066 den«

1170 4078 1298 4113 Liebsten
1323 4079 1445 4115 gefällig
1469 4094 1507 4099 —
1533 4078 1603 4112 und,
1630 4087 1700 4107 man
1725 4078 1803 4113 höre,
1828 4077 1899 4112 heilt
1927 4077 2054 4106 krumme

1170 4118 1272 4148 Beine.
1288 4118 1352 4147 Der
1371 4118 1541 4154 Pfingsttau
1559 4119 1639 4150 aber,
1656 4118 1707 4147 der
1725 4118 1773 4153 sich
1793 4118 1823 4146 in
1841 4116 2054 4152 Vertiefungen

1170 4158 1355 4192 c.nsammelt,
1378 4158 1432 4186 wie
1454 4166 1479 4193 z.
1503 4158 1539 4186 B.
1563 4159 1615 4193 auf
1638 4158 1750 4191 rauhcn
1774 4157 1913 4187 Steinen,
1936 4156 1980 4184 die
2003 4156 2064 4191 äüf^

1169 4196 1338 4232 Kirchhöfen
1365 4197 1470 4232 liege»,
1495 4197 1565 4226 aber
1589 4197 1661 4232 nicht
1687 4196 1767 4233 selbst
1790 4196 1963 4231 Grabsteine
1986 4194 2056 4231 sind,

1170 4236 1306 4265 vertreibt
1333 4235 1458 4270 Warze»
1486 4236 1546 4264 und
1569 4236 1678 4265 andere
1703 4236 1862 4269 Hantübcl,
1888 4234 1946 4263 und
1972 4239 2055 4262 wenn

1170 4273 1228 4308 sich.
1243 4274 1380 4310 Mädchen
1406 4276 1466 4303 und
1492 4275 1611 4309 Frauen
1637 4275 1681 4304 bei
1707 4274 1890 4310 Mondschein
1916 4275 1969 4310 auf
1993 4273 2056 4301 dem

1169 4314 1302 4349 Kirchhof
1339 4314 1384 4344 die
1404 4314 1523 4355 Schläfe
1561 4314 1653 4343 damit
1693 4315 1830 4349 benetzen,
1867 4312 1979 4342 werde»
2020 4312 2067 4347 sic-

1170 4352 1233 4387 klug
1259 4353 1297 4388 (!)
1321 4368 1356 4374 —
1381 4354 1440 4382 und
1465 4354 1576 4382 können
1600 4354 1646 4383 die
1669 4353 1826 4382 Gedanken
1850 4352 1900 4382 der
1924 4347 2063 4380 Männcr-

1169 4393 1301 4426 crraten;
1346 4393 1395 4421 als
1420 4393 1454 4421 ob
1499 4392 1594 4428 sic'es
1621 4394 1695 4429 fönst
1720 4392 1949 4428 nicht-könnte».
1995 4390 2055 4419 Mit

1167 4429 1337 4469 Pfingsttau
1361 4432 1500 4461 vertreibt
1525 4440 1593 4461 man
1617 4433 1661 4461 die
1683 4432 1962 4467 Soiiimersprossen.

1220 4470 1405 4505 In-Bayer»
1427 4471 1487 4499 und
1506 4471 1638 4505 Böhmen
1655 4471 1778 4507 herrscht
1796 4472 1866 4505 auch
1886 4471 1930 4500 die
1949 4470 2055 4504 Eigcn-

1167 4508 1348 4545 tüinlichkeit,
1366 4510 1414 4545 sich
1430 4518 1467 4545 zu
1486 4510 1640 4546 Pfingsten
1658 4511 1712 4539 mit
1729 4510 1840 4549 Master
1856 4519 1893 4545 zu
1911 4510 2056 4544 begieße»,

1166 4547 1321 4582 besonders
1349 4549 1393 4577 die
1420 4550 1566 4585 Burschen
1595 4550 1654 4578 »nd
1683 4549 1833 4584 Mädchen.
1885 4549 1962 4578 DicS
1990 4556 2056 4582 mag

1165 4586 1240 4621 ivohl
1261 4588 1324 4616 eine
1340 4588 1500 4625 heidnische
1521 4589 1641 4627 Wiirzel
1660 4589 1764 4624 haben,
1785 4589 1836 4626 soll
1856 4592 1888 4618 cö
1909 4588 1970 4624 doch
1991 4588 2056 4622 nach

1164 4625 1285 4655 Grimm
1303 4628 1504 4663 ursprünglich
1522 4628 1621 4663 Regen
1638 4629 1790 4658 bewirken.

1219 4665 1385 4700 Allgemein
1427 4667 1542 4696 ivcrdc»
1588 4669 1618 4696 in
1646 4666 1910 4704 Norddcntschland
1935 4666 2055 4696 Birken-

1163 4704 1279 4739 zwcige,
1296 4706 1340 4734 die
1355 4708 1426 4735 eben
1444 4714 1493 4735 um
1513 4707 1586 4743 diese
1602 4707 1669 4740 Zeit
1686 4708 1751 4742 noch
1768 4707 1814 4741 ihr
1832 4707 1928 4744 duftig
1944 4703 2057 4741 grünes

1165 4742 1406 4779 FrühjahrSkleid
1437 4746 1551 4779 tragen,
1580 4747 1630 4774 als
1659 4745 1946 4783 Pfingstftstschmnck
1994 4750 2055 4774 ver-

1164 4783 1284 4812 ivcndct.
1329 4782 1416 4817 HauS
1443 4784 1504 4812 und
1531 4784 1630 4819 Kirche
1657 4789 1790 4820 prangen
1819 4787 1860 4815 iin
1888 4785 1977 4814 Grün
2006 4784 2056 4813 des

1163 4821 1388 4851 BirkcnlaubeS.
1435 4822 1508 4857 Hoch
1539 4824 1592 4851 mit
1622 4824 1728 4852 Birken
1777 4824 1918 4854 l>cladcno
1945 4823 2055 4858 Wagen

1163 4860 1352 4897 diirchfahren
1380 4862 1424 4889 die
1452 4862 1588 4897 Siras^n
1615 4863 1744 4892 Berlins
1777 4864 1838 4892 und
1865 4864 1950 4899 rasch,
1996 4862 2056 4898 sehr

1162 4900 1238 4936 rasch
1261 4902 1303 4936 oft
1327 4901 1413 4936 schon,
1437 4901 1496 4935 sind
1520 4902 1555 4936 sic
1580 4901 1658 4936 ihrer
1678 4902 1796 4936 grünen
1818 4902 1885 4938 Last
1906 4903 2056 4936 entledigt.

1163 4937 1209 4966 So
1228 4941 1341 4969 erobert
1364 4939 1408 4968 die
1429 4940 1515 4969 Birke
1537 4940 1621 4975 jeden
1643 4943 1710 4975 noch
1731 4942 1758 4977 so
1779 4942 1978 4977 verborgenen
1998 4941 2056 4975 Hof

1163 4976 1212 5006 der
1236 4978 1395 5013 Großstadt
1417 4980 1478 5008 und
1501 4978 1600 5016 dringt
1626 4981 1658 5009 in
1699 4981 1769 5015 jede-
1783 4980 1891 5011 Stube.
1933 4981 2056 5016 Freilich

1162 5016 1236 5045 klein
1260 5019 1320 5045 und
1342 5019 1500 5054 bescheiden
1524 5027 1583 5048 nur
1607 5020 1678 5054 steckt
1700 5019 1830 5054 hi»ter,n
1853 5021 1978 5055 Spiegel
2002 5020 2057 5048 daS

1162 5055 1424 5091 Birkeüzmciglci»
1452 5059 1483 5087 in
1508 5058 1558 5087 dcr
1582 5058 1741 5094 Wohnung
1763 5059 1817 5088 dcS
1840 5060 1955 5088 kleinen
1978 5059 2069 5088 Bür-,

1159 5098 1239 5128 gcrs,
1291 5095 1429 5130 während
1458 5097 1508 5126 der
1535 5097 1748 5133 Ladcnbcsitzcr
1802 5099 1881 5134 schon
1933 5098 2065 5133 größere.

1163 5134 1287 5170 Zweige,
1313 5135 1345 5169 ja
1374 5136 1456 5171 selbst
1483 5136 1576 5167 kleine
1603 5137 1769 5173 Bäumchen
1824 5143 1876 5166 vor
1903 5137 1948 5167 die
1975 5137 2070 5167 Türe,

1162 5173 1247 5209 stellt;
1272 5181 1365 5209 ganze
1389 5175 1506 5204 Bäume
1531 5174 1626 5211 jedoch
1649 5182 1782 5212 prangen
1808 5177 1840 5206 in
1866 5177 1920 5206 den
1945 5177 2056 5212 großen

1162 5213 1340 5250 Cafes'und
1368 5213 1421 5242 den
1450 5213 1703 5251 Warenhäusern.
1729 5216 1821 5251 Kurz,
1845 5216 1921 5250 ohne
1947 5216 2056 5245 Birken

1163 5253 1196 5286 ist
1218 5252 1284 5281 dem
1309 5253 1451 5282 Berliner
1503 5254 1562 5282 und
1612 5255 1709 5284 damit
1736 5255 1797 5285 dem
1825 5249 2065 5292 Rorddentscheti'

1162 5291 1325 5327 überhaupt
1350 5292 1506 5329 Pfingsten
1531 5293 1710 5325 undenkbar.

2152 3999 2227 4035 Nach
2253 3999 2372 4036 Menzel
2424 4001 2527 4036 scheint
2553 4000 2645 4037 dieser
2672 4003 2771 4031 uralte
2797 4002 2910 4037 Brauch
2935 4009 2990 4038 zur

2097 4037 2331 4075 Sommersonnc
2357 4040 2387 4069 in
2414 4040 2583 4075 Beziehung
2607 4048 2644 4075 zu
2669 4041 2772 4075 stehen,
2798 4042 2830 4075 ist
2854 4042 2989 4076 vielleicht

2097 4078 2165 4113 auch
2187 4077 2238 4108 der
2260 4078 2410 4114 Ucbcrrest
2433 4080 2517 4108 eines
2541 4081 2621 4109 alten
2646 4080 2860 4115 GöttcrkultcS,
2884 4084 2987 4115 auöge-

2098 4116 2148 4144 übt
2168 4125 2205 4146 an
2225 4117 2276 4146 dcr
2292 4118 2432 4153 Schwelle
2451 4120 2520 4148 der
2537 4119 2687 4155 Zeitstufe,
2705 4119 2741 4147 da
2759 4119 2814 4147 das
2832 4119 2989 4157 scheidende

2098 4154 2249 4190 Frühjahr
2268 4157 2331 4186 dein
2353 4159 2428 4194 schon
2451 4158 2499 4193 sich
2518 4158 2727 4187 ankündenden
2748 4158 2889 4187 Sominer
2910 4159 2989 4193 Platz

2099 4196 2197 4230 macht.
2207 4196 2306 4225 .Denn
2320 4196 2371 4227 die
2389 4197 2478 4226 Birke
2495 4202 2558 4225 ivar
2575 4197 2638 4226 de»,
2655 4197 2764 4226 Donar
2779 4197 2910 4231 geiveiht,
2929 4197 2988 4226 und

2099 4234 2185 4269 besaß
2208 4235 2236 4270 so
2260 4237 2310 4264 als
2330 4235 2530 4265 Göttcrbalti»
2556 4236 2601 4265 die
2623 4236 2721 4272 Kraft,
2744 4236 2829 4272 böse»
2853 4236 2989 4270 Zaul>erS

2099 4272 2147 4308 sich
2166 4281 2203 4308 zu
2224 4275 2383 4314 erwehren.
2404 4276 2473 4304 DaS
2494 4276 2601 4305 erklärt
2621 4275 2802 4310 hinreichend
2824 4276 2877 4304 den
2899 4276 2988 4304 Aber¬

2098 4313 2235 4346 glauben-
2258 4314 2309 4343 der
2331 4321 2369 4348 a»
2393 4314 2439 4344 die
2463 4315 2660 4344 Birkenruten
2685 4319 2740 4344 von
2764 4314 2915 4350 Pfiiigsle»
2941 4315 2987 4350 sich

2099 4351 2209 4389 knüpft.
2239 4352 2317 4382 Eine
2347 4362 2395 4383 am
2426 4353 2669 4390 Pfingstsonntag
2699 4354 2837 4389 geweihte
2867 4354 2987 4383 Birkcn-

2100 4392 2166 4420 rute
2191 4392 2265 4421 ivird
2293 4393 2332 4423 im
2360 4393 2583 4428 Bühincrtvaldc
2611 4392 2804 4429 aufbcwahrt,
2832 4393 2890 4422 und
2918 4400 2988 4422 man

2099 4430 2202 4464 glaribt
2223 4430 2299 4463 dort,
2321 4432 2378 4467 daß
2403 4433 2437 4467 sie
2462 4432 2517 4461 daS
2537 4433 2612 4467 Vieh
2635 4437 2685 4461 vor
2707 4432 2919 4467 Vcrwn»dnng
2940 4433 2986 4461 be¬

2099 4469 2195 4504 schütze
2213 4472 2273 4499 und
2290 4471 2388 4500 keinen
2408 4472 2509 4501 Streit
2527 4473 2613 4500 unter
2632 4472 2688 4504 ihm
2708 4472 2891 4508 aufkomnien
2911 4471 2987 4508 lasse.

2097 4508 2152 4543 Im
2176 4510 2486 4547 Brandcnbnrgischeu
2529 4512 2667 4541 vertreibt
2691 4519 2760 4539 man
2784 4511 2836 4539 mit
2859 4510 2987 4547 Pfingst-

2098 4547 2195 4578 birkcn
2211 4549 2257 4579 die
2274 4548 2399 4584 Raupen
2419 4550 2478 4578 und
2496 4551 2526 4579 in
2545 4550 2594 4578 der
2611 4549 2772 4585 Obcrpfalz
2787 4551 2890 4584 glaubt
2909 4558 2988 4581 man,

2099 4586 2137 4621 sie
2154 4587 2242 4623 zögen
2263 4588 2318 4618 den
2337 4590 2412 4622 Blitz
2430 4597 2480 4621 an,
2500 4589 2628 4623 weshalb
2648 4597 2718 4618 man
2739 4589 2802 4618 dort
2823 4589 2889 4623 auch
2910 4590 2988 4618 keine

2098 4624 2206 4661 Birfen
2229 4632 2281 4656 vor
2303 4628 2347 4657 die
2371 4629 2487 4664 Häuser
2511 4629 2632 4665 pflanzt.
2656 4627 2701 4662 In
2726 4627 2857 4662 Böhmen
2883 4629 2914 4664 ist
2939 4628 2988 4657 dcr

2098 4665 2266 4703 Birkensaft
2297 4668 2343 4696 ein
2374 4667 2648 4703 Schönheitsmittel
2707 4667 2767 4695 und
2825 4668 2913 4702 macht
2943 4667 2989 4696 die

2099 4704 2218 4739 Francn
2237 4707 2391 4742 fruchtbar,
2410 4707 2477 4741 a,lch
2495 4706 2565 4741 steckt
2581 4706 2631 4735 der
2648 4706 2761 4741 Böhme
2776 4707 2842 4735 eine
2859 4705 2989 4743 Pfingst-

2098 4744 2266 4775 birkcnrute
2289 4745 2319 4774 in
2343 4746 2396 4775 den
2421 4747 2533 4780 Flachs,
2556 4745 2647 4774 damit
2670 4753 2701 4774 er
2723 4745 2786 4780 hoch
2808 4746 2910 4775 werde.
2933 4746 2988 4781 Im

2099 4783 2363 4820 Oldenburg!fchen
2423 4784 2520 4820 heile»
2552 4784 2744 4820 Birkenbesc»
2778 4784 2832 4814 den
2864 4785 2989 4814 Wade»,

2099 4822 2245 4860 krampfl..

2155 4862 2391 4898 Merkwürdigen
2417 4864 2529 4899 Brauch
2553 4872 2579 4899 31
2581 4872 2588 4892 t
2614 4864 2769 4900 Pfingsten
2794 4864 2842 4898 hat
2868 4864 2915 4899 sich
2940 4864 2990 4893 der

2099 4902 2199 4936 Bayer
2224 4902 2361 4937 beivahrt.
2414 4902 2581 4938 Alljährlich
2609 4903 2673 4932 tritt
2702 4903 2739 4932 da
2766 4903 2817 4932 der
2844 4904 2991 4940 „Pfingst-

2099 4940 2240 4971 lüinmel"
2257 4942 2326 4971 oder
2344 4942 2574 4979 „Wastervogcl"
2593 4943 2655 4978 auf.
2672 4942 2742 4971 DaS
2760 4942 2849 4978 heißt,
2867 4946 2900 4971 eS
2917 4942 2991 4973 wird

2097 4980 2146 5009 ein
2167 4980 2274 5016 junger
2293 4981 2418 5017 Bursche
2435 4981 2565 5016 gänzlich
2588 4981 2617 5010 in
2638 4982 2768 5016 Buchen-
2789 4981 2849 5011 und
2869 4982 2991 5011 Birkcn-

2100 5021 2170 5050 laub
2189 5021 2347 5056 cingehüllt
2366 5021 2426 5049 und
2446 5021 2564 5057 vielfach
2582 5021 2656 5049 wird
2676 5021 2737 5056 ihm
2756 5022 2823 5056 auch
2843 5022 2908 5056 noch
2927 5022 2991 5051 eine

2099 5059 2204 5089 MaSke
2225 5064 2285 5089 aus
2307 5059 2496 5089 Baumrinde
2520 5061 2662 5095 angelegt.
2685 5060 2734 5090 So
2756 5062 2895 5094 angetan,
2918 5060 2991 5089 wird

2098 5106 2130 5127 er
2149 5099 2202 5128 üilt
2217 5100 2339 5135 großem
2357 5099 2475 5128 Rumor
2494 5099 2553 5129 und
2571 5099 2658 5134 Hallo
2695 5107 2764 5135 zum
2782 5100 2926 5136 Dorfbach
2943 5108 2991 5135 ge¬

2100 5137 2181 5174 führt
2203 5138 2261 5167 »nd
2282 5138 2346 5169 dovt
2368 5138 2548 5174 kurzerhand
2568 5143 2622 5167 von
2643 5139 2715 5174 zwei
2736 5139 2879 5176 kräftigen
2900 5138 2990 5175 Dorf-

2101 5178 2213 5212 schönen
2237 5177 2288 5207 ins
2310 5178 2389 5215 nässe
2411 5178 2549 5207 Elcinent
2570 5178 2727 5214 befördert,
2770 5178 2858 5207 darin
2881 5178 2919 5213 sie
2941 5178 2991 5213 ihn

2099 5216 2225 5245 dreimal
2244 5217 2463 5251 untertauchcn.
2481 5217 2570 5247 Statt
2591 5217 2673 5246 eines
2692 5217 2839 5253 Burschen
2859 5217 2931 5246 wird
2949 5218 2992 5253 oft

2097 5252 2167 5291 auch
2185 5256 2234 5285 ein
2251 5259 2315 5285 rniS
2330 5255 2428 5291 Stroh
2448 5257 2609 5292 gemachter
2628 5255 2721 5291 Vögel
2743 5257 2793 5285 ins
2814 5255 2925 5291 Master
2943 5264 2990 5289 ge¬

2100 5296 2221 5330 worfen,
2243 5294 2471 5332 heranSgefischt
2498 5296 2557 5324 und
2584 5296 2632 5325 als
2655 5295 2756 5331 Schutz
2777 5300 2868 5329 gegen
2894 5294 2990 5328 Feuer

3032 4004 3091 4034 und
3111 4006 3277 4041 Blitzschlag
3297 4015 3346 4036 am
3367 4008 3603 4043 Schenncufirste
3625 4010 3806 4043 angcnagclt.
3829 4008 3920 4041 Zwei¬

3032 4045 3121 4078 fellos
3147 4045 3215 4079 liegt
3240 4045 3303 4079 hier
3328 4046 3377 4074 der
3401 4046 3468 4081 Rest
3514 4046 3596 4075 eines
3620 4048 3699 4075 alten
3723 4046 3835 4082 Opfers
3860 4052 3919 4078 vor,

3031 4083 3085 4111 das
3106 4085 3173 4118 noch
3196 4083 3281 4118 heute
3305 4085 3467 4120 symbolisch
3490 4086 3543 4114 den
3568 4084 3794 4121 Wassergöttern
3817 4085 3918 4120 dar-zc-

3031 4122 3124 4156 bracht
3152 4123 3234 4155 ivird,
3260 4124 3335 4157 wohl
3362 4124 3417 4153 mit
3443 4124 3494 4152 dcr
3518 4125 3599 4153 Bitte
3626 4132 3676 4154 um
3704 4121 3919 4158 Fruchtbarkeit

3031 4162 3082 4189 des
3104 4161 3231 4190 Landes.
3256 4162 3339 4197 Reste
3364 4163 3487 4191 anderer
3511 4162 3607 4198 Opfer
3632 4164 3776 4198 begegnen
3802 4167 3862 4192 uns
3887 4164 3918 4192 in

3028 4198 3083 4228 deir
3112 4201 3267 4234 allgemein
3283 4202 3475 4230 verbreiteten
3488 4198 3637 4237 Umzügen
3666 4206 3720 4230 von
3733 4202 3835 4238 festlich
3865 4202 3919 4232 mit

3029 4238 3244 4274 Lanbgewinde
3260 4241 3460 4276 geschmückten
3481 4240 3598 4275 Ochsen,
3617 4241 3669 4269 den
3689 4241 3917 4276 Pfingstochsen;

3029 4276 3104 4307 denn
3124 4278 3179 4307 daö
3199 4278 3278 4307 Rind
3296 4281 3359 4308 war
3378 4280 3424 4309 ein
3444 4282 3523 4309 altes
3540 4280 3666 4315 heiliges
3684 4280 3847 4315 Opfertier.

3084 4317 3178 4346 Wenn
3198 4322 3230 4346 cö
3244 4326 3281 4353 zu
3298 4319 3451 4355 Pfingsten
3470 4321 3580 4354 regnet,
3595 4319 3655 4355 gibt
3673 4324 3705 4350 cö
3722 4321 3794 4349 viele
3812 4320 3920 4356 Mause

3030 4355 3198 4391 (Böhmen).
3219 4357 3273 4386 Um
3297 4358 3340 4387 die
3361 4358 3459 4393 Hexen
3481 4368 3517 4394 zu
3540 4360 3692 4389 erkenne»,
3713 4360 3829 4395 braucht
3850 4368 3920 4388 man

3029 4396 3069 4424 im
3097 4395 3366 4432 Oldcnbnvzischcn
3395 4398 3463 4433 bloß
3491 4407 3540 4427 am
3568 4399 3805 4434 Pfingstinorgen
3834 4400 3920 4429 einen

3028 4435 3129 4470 Kranz
3153 4441 3207 4465 von
3233 4436 3530 4473 Brombcerwurzcln
3557 4438 3595 4473 (!)
3622 4439 3653 4467 in
3679 4439 3778 4474 seinen
3800 4438 3860 4472 Hu!
3885 4446 3921 4474 zu

3030 4475 3122 4509 legen.
3148 4475 3215 4504 De»
3244 4475 3522 4512 BilwiSschnitter*)
3552 4478 3690 4506 vertreibt
3719 4485 3786 4507 man
3814 4478 3844 4506 in
3872 4478 3922 4506 der

3029 4513 3202 4550 Oberpfalz,
3265 4515 3363 4546 indem
3397 4525 3466 4546 man
3496 4525 3547 4545 am
3578 4518 3671 4551 ersten
3703 4517 3770 4546 oder
3799 4513 3922 4553 zweiten

3029 4552 3271 4589 Psingstinörgcit
3331 4557 3385 4585 mit
3416 4557 3499 4585 einer
3528 4565 3568 4585 an
3598 4556 3704 4590 Ostern
3764 4555 3922 4591 geweihten

3029 4593 3240 4629 Flintcnkngcl
3259 4603 3296 4623 an
3317 4596 3370 4624 den
3390 4596 3474 4625 Ecken
3494 4595 3545 4624 dcS
3564 4595 3671 4631 Feldes
3690 4596 3797 4631 schießt.

3085 4632 3151 4662 Von
3176 4634 3297 4668 einigen
3321 4634 3407 4669 höchst
3433 4635 3663 4670 ntcrkwürdigcn
3690 4634 3922 4668 kirchlichen

3030 4672 3291 4708 Pfingstbräuchcn
3316 4674 3448 4708 berichtet
3473 4678 3531 4703 unS
3552 4674 3694 4708 Stanjeck.

3086 4712 3156 4741 Das
3182 4712 3353 4749 Pfingstfest
3379 4713 3414 4748 ist
3438 4713 3469 4748 ja
3494 4714 3541 4742 die
3566 4714 3759 4748 Erinnerung
3807 4721 3847 4740 a»
3876 4713 3923 4742 die

3031 4750 3229 4787 Ausgießung
3255 4753 3306 4781 des
3332 4752 3459 4787 heiligen
3485 4752 3616 4788 Geistes:
3646 4752 3727 4783 „Und
3752 4756 3785 4780 cs
3810 4751 3922 4787 geschah

3028 4790 3080 4819 ein
3110 4791 3249 4827 Brauscit
3276 4795 3340 4821 vom
3370 4791 3501 4825 Himmel
3557 4793 3607 4821 als
3636 4792 3719 4821 eines
3745 4791 3921 4826 'Zc>v.tltigen

3032 4830 3157 4859 WtiideS
3181 4830 3240 4859 und
3265 4831 3382 4866 erfüllte
3406 4831 3461 4859 das
3481 4839 3574 4866 ganze
3596 4830 3692 4865 HanS,
3714 4830 3751 4859 da
3774 4830 3809 4865 sic
3834 4830 3922 4865 saßen

3033 4868 3090 4904 (die
3108 4869 3235 4904 Apostel)
3255 4870 3316 4899 nnd
3334 4877 3405 4899 man
3423 4870 3472 4905 sah
3488 4879 3528 4898 an
3549 4869 3635 4903 ihnen
3654 4869 3777 4904 Zungen
3796 4869 3924 4902 verteilt,

3032 4910 3082 4937 als
3099 4909 3200 4937 wären
3219 4909 3256 4944 sic
3275 4909 3382 4945 feurig.
3399 4909 3464 4938 Und
3481 4917 3513 4938 er
3532 4910 3607 4945 fehle
3626 4909 3674 4943 sich
3688 4909 3744 4944 auf
3759 4908 3924 4943 «inen-jeg¬

3034 4948 3120 4982 lichen
3143 4950 3231 4977 unter
3252 4948 3338 4982 ihnen
3360 4948 3419 4977 und
3438 4948 3559 4977 wurden
3577 4948 3633 4976 alle
3653 4948 3708 4977 voll
3726 4947 3777 4977 des
3794 4947 3924 4982 heiligen

3032 4986 3177 5023 Geistes".
3220 4986 3336 5022 Früher
3360 4988 3429 5016 aber
3453 4987 3539 5017 liebte
3562 4991 3594 5016 eS
3616 4987 3671 5016 daS
3691 4986 3772 5021 Volk,
3796 4987 3869 5015 alles
3892 4988 3925 5016 in

3067 5053 3096 5088 *)
3123 5054 3190 5084 Der
3214 5055 3241 5083 B
3254 5054 3261 5082 i
3276 5055 3286 5082 l
3298 5059 3323 5082 w
3336 5055 3343 5082 i
3359 5058 3376 5082 S
3388 5055 3435 5088 s.ch
3446 5062 3465 5082 n
3478 5054 3487 5082 i
3501 5056 3510 5082 t
3522 5055 3532 5082 t
3544 5060 3558 5080 e
3571 5060 3595 5084 r,
3622 5053 3822 5087 ursprünglich
3849 5052 3923 5083 wohl

3032 5089 3081 5119 ein
3102 5090 3319 5123 gespenstisches
3342 5082 3456 5123 Wesen,
3476 5090 3533 5123 gilt
3557 5089 3616 5123 jetzt
3640 5088 3720 5125 meist
3740 5090 3790 5117 als
3811 5088 3923 5121 Hcxen-

3033 5132 3135 5153 mann.
3158 5125 3200 5153 Er
3223 5126 3322 5158 macht,
3345 5124 3443 5154 indem
3466 5131 3507 5156 er,
3530 5124 3583 5152 mit
3606 5124 3719 5153 kleinen
3742 5123 3860 5154 Sichel»
3880 5129 3922 5150 an

3032 5160 3087 5188 den
3115 5159 3218 5194 Füßen
3274 5159 3342 5188 oder
3371 5160 3424 5188 mit
3450 5159 3535 5188 einer
3562 5158 3668 5192 Schere
3695 5157 3764 5186 oder
3790 5155 3921 5184 blankem

3033 5194 3142 5228 Messer
3169 5200 3221 5224 am
3250 5194 3346 5223 linken
3378 5194 3471 5228 F»)>,
3527 5200 3600 5225 quer
3630 5192 3711 5224 durch
3741 5191 3786 5218 die
3815 5189 3921 5223 Felder

3032 5230 3170 5263 schreitet,
3197 5230 3344 5263 fußbreite
3370 5226 3564 5259 verwüstende
3590 5226 3727 5257 Streifen
3754 5223 3836 5254 durch
3863 5223 3919 5249 das

3031 5264 3180 5294 Getreide,
3199 5264 3259 5292 nnd
3277 5263 3352 5296 zieht
3372 5265 3403 5290 cö
3422 5262 3496 5294 gckiiz
3515 5260 3582 5289 oder
3597 5266 3653 5293 zur
3669 5257 3771 5291 Hakfte
3787 5263 3818 5285 t»
3839 5255 3917 5290 ferne

3029 5298 3194 5329 Scheunen.
