2651 3484
170 77 501 107 Ser«N*bc}afrIungeit.

2048 81 2373 112 Elurückmugsgebühr.

99 142 210 171 ZLHrlilh
227 140 254 166 in
271 140 359 169 Zürich
376 139 495 169 Schwfrk.
507 139 534 165 8.

98 175 144 204 3m
168 172 258 201 oosmii
283 172 424 202 Postrayoa
447 169 535 201 Zürich

161 206 245 238 ftajuo
262 204 316 234 ®tf.
333 208 350 229 8
366 203 418 235 ®b*
437 204 461 229 8.

1081 89 1215 161 Nr.
1261 89 1443 163 253.

2053 151 2102 180 Die
2118 148 2250 186 Petitzril«
2264 150 2282 176 4
2299 149 2366 183 Lrzr.

2020 184 2106 216 «rieft
2120 186 2171 211 unk
2188 182 2281 211 Gelder
2298 181 2389 213 fwnrt*.

418 278 806 422 Reue
874 278 2110 454 Zürcher-Zeitung.
2146 286 2440 494 WH

103 566 381 629 Sonntag
884 613 915 633 »
952 615 979 633 ^
1273 616 1300 633 ^
1539 617 1568 633 »
1761 570 1841 620 dm
1873 570 1962 622 10.
1996 566 2251 632 September
2286 566 2434 617 1843-

106 611 153 627 ^
345 611 381 629 **
885 613 978 640 Druck
995 616 1052 640 und
1071 616 1178 646 Verlag
1195 621 1255 641 von
1272 615 1377 647 Otefl»
1394 616 1479 647 Hußli
1496 611 1647 647 Sk.Somp.
2068 611 2092 617 ~

517 763 840 812 Schweiz.

172 837 313 883 Zürich.
356 832 451 870 Ueber
472 832 517 867 die
540 842 591 866 am
614 831 645 867 5.
668 834 696 868 d.
720 840 778 868 vor
806 834 873 868 dem
895 834 1131 878 Bezirksgericht
1158 835 1251 870 Win¬

109 895 221 936 terthur
242 886 280 923 im
302 884 510 925 Konkurse
532 885 601 919 des
631 882 938 927 Landschreiber
961 885 1178 929 Geilinger
1202 897 1251 930 ge¬

107 947 257 990 pflogenen
289 937 551 979 Verhandlungen
582 937 678 977 macht
707 938 757 971 der
788 936 973 975 »Landbote*
1002 939 1139 982 folgende
1167 938 1252 973 Mit-

106 997 283 1042 theilungen.
299 1010 340 1017 —
356 989 413 1030 Hr.
430 986 491 1026 Dr.
508 986 707 1032 Pestalutz,
730 988 778 1023 als
797 989 1012 1033 Beauftragter
1026 992 1076 1024 der
1088 989 1249 1025 Direktion

103 1053 151 1084 des
173 1044 398 1086 HülfsvereinS,
420 1039 509 1082 stellte
532 1039 565 1074 in
588 1042 673 1074 deren
696 1040 818 1075 Namen
840 1042 897 1076 das
921 1041 1089 1085 Begehren,
1112 1042 1170 1083 daß
1192 1043 1250 1076 das

103 1092 389 1141 Auffallsprotokoll
412 1092 496 1133 heute
524 1090 603 1132 nicht
632 1092 760 1133 verlesen
790 1094 884 1127 werde
908 1092 957 1135 (eS
981 1092 1036 1135 soll
1067 1102 1158 1136 gegen
1183 1093 1252 1127 800

102 1148 276 1191 Folioseiten
300 1144 451 1187 enthalten
473 1145 534 1177 und
557 1144 614 1177 das
638 1142 780 1186 Verlesen
814 1144 961 1186 desselben
992 1145 1073 1187 hätte
1095 1145 1178 1186 mehr
1200 1145 1250 1178 als

100 1209 152 1238 den
177 1207 289 1245 ganzen
312 1196 381 1239 Tag
403 1196 435 1230 in
458 1195 616 1238 Anspruch
640 1194 848 1238 genommen),
871 1196 928 1237 daß
949 1197 1079 1239 dagegen
1103 1197 1158 1230 den
1173 1194 1251 1229 Kre¬

100 1257 214 1291 ditoren
238 1250 366 1291 Einsicht
390 1248 421 1282 in
443 1246 574 1288 dasselbe
605 1256 640 1291 zu
663 1247 790 1289 nehmen
820 1247 951 1291 gestattet
980 1250 1042 1281 und
1073 1246 1165 1290 ihnen
1188 1246 1251 1281 eine

100 1306 176 1349 Frist
197 1312 258 1338 von
284 1303 326 1337 10
356 1301 463 1343 Tagen
492 1298 673 1333 anberaumt
695 1302 810 1340 werde,
837 1308 891 1333 um
920 1298 1062 1342 während
1091 1298 1250 1341 derselben,

98 1360 168 1400 nach
192 1354 364 1400 gewohnter
385 1351 524 1394 Uebung,
547 1352 603 1385 den
626 1349 746 1394 Auffall
768 1359 805 1395 zu
819 1350 957 1385 uiindern
980 1353 1049 1385 oder
1068 1360 1104 1395 zu
1119 1349 1249 1394 mehren.

99 1411 219 1453 Diesem
241 1405 397 1449 Begehren
419 1406 521 1438 wurde
544 1404 627 1436 dann
649 1403 739 1443 durch
755 1401 1028 1445 Gerichtsbeschluß
1049 1403 1249 1444 entsprochen.

99 1465 152 1503 Im
177 1460 310 1500 Fernern
333 1456 485 1500 verlangte
507 1454 565 1494 Hr.
590 1453 735 1497 Pestalutz
758 1453 899 1489 Namens
923 1455 972 1489 der
994 1453 1165 1495 Direktion,
1191 1453 1250 1496 daß

99 1518 141 1551 die
165 1511 289 1553 endliche
310 1507 510 1543 Kollokation
534 1507 591 1547 auf
612 1508 668 1540 den
692 1506 743 1542 10.
765 1504 902 1540 Oktober
924 1505 1092 1547 verschoben
1110 1508 1171 1539 und
1193 1506 1251 1539 den

100 1562 348 1607 Geilinger'schen
370 1559 550 1594 Kreditoren
574 1557 722 1601 öffentlich
745 1557 898 1601 angezrigt
919 1558 1029 1598 werde,
1062 1559 1113 1592 der
1135 1556 1251 1591 Verein

97 1620 192 1655 werde
226 1614 316 1657 ihnen
347 1613 378 1647 in
411 1613 461 1646 der
492 1609 702 1653 Zwischenzeit
737 1609 781 1643 die
816 1608 1040 1652 Bedingungen
1073 1608 1249 1650 mittheilen,

95 1675 186 1707 unter
208 1670 300 1701 denen
334 1674 362 1698 er
390 1663 433 1698 die
457 1661 659 1704 Uebernahme
696 1662 746 1695 der
776 1659 971 1703 Liquidation
1007 1669 1043 1704 zu
1076 1659 1249 1701 beschließen

96 1718 237 1766 gedenke;
270 1716 326 1757 daß
348 1714 419 1757 diese
441 1716 524 1749 dann
548 1712 753 1756 aufgefordert
775 1713 910 1753 werden,
942 1711 992 1746 bis
1013 1720 1082 1755 zum
1104 1710 1250 1745 Kollvka-

98 1774 257 1812 tionstage
281 1767 341 1808 ihre
363 1767 573 1810 Erklärungen
597 1763 775 1809 abzugeben,
799 1762 836 1798 ob
861 1763 894 1806 sie
917 1763 988 1806 diese
1011 1761 1250 1805 Propositionen

97 1822 269 1862 annehmen
294 1820 361 1853 oder
382 1818 475 1861 nicht,
498 1822 588 1852 unter
610 1818 659 1851 der
683 1814 896 1859 Androhung,
928 1815 986 1857 daß
1009 1813 1250 1857 Stillschweigen

99 1879 144 1912 als
178 1870 348 1912 Annahme
381 1869 532 1911 betrachtet
563 1868 675 1903 würde.
721 1866 795 1902 Das
825 1867 931 1911 letztere
960 1866 1118 1910 Begehren
1147 1867 1251 1900 wurde

97 1925 211 1966 darauf
232 1922 357 1966 gestützt,
380 1921 436 1964 daß
458 1921 547 1956 leider
570 1920 644 1962 noch
666 1918 845 1962 wenigstens
870 1919 919 1959 für
949 1917 996 1952 ein
1016 1916 1177 1960 Zehntheil
1198 1919 1250 1951 der

99 1980 316 2019 Forderungen
346 1972 423 2007 keine
453 1971 682 2017 Ausgleichung
715 1970 784 2013 statt
815 1969 921 2014 gehabt
943 1971 1004 2004 und
1036 1971 1086 2004 der
1116 1967 1249 2011 Versuch

101 2042 138 2067 an
159 2032 209 2064 der
231 2024 472 2068 Hartnäckigkeit
491 2024 580 2059 vieler
603 2022 749 2062 Förderer
771 2021 934 2066 gescheitert
954 2020 1038 2063 habe.
1083 2020 1145 2055 Die
1167 2019 1249 2055 Mit¬

101 2084 207 2128 glieder
228 2081 278 2113 der
300 2075 517 2120 Kommission,
541 2078 631 2111 denen
647 2078 735 2109 unter
749 2073 940 2118 unsäglichen
955 2072 1181 2115 Bemühungen
1199 2073 1250 2107 der

98 2131 245 2176 Abschluß
269 2128 324 2164 mit
347 2130 412 2162 dem
436 2126 567 2172 größern
599 2126 703 2170 Theile
725 2126 890 2170 gelungen,
924 2124 1072 2166 erklären,
1106 2128 1137 2160 es
1169 2124 1250 2165 nicht

97 2187 169 2223 über
192 2184 242 2226 sich
265 2180 422 2225 gewinnen
446 2190 482 2224 zu
505 2178 633 2220 können,
656 2176 844 2221 denjenigen,
867 2177 912 2212 die
937 2177 988 2221 sich
1011 2185 1048 2220 zu
1071 2175 1248 2220 Nachlässen

96 2237 185 2273 bereit
209 2234 334 2279 gezeigt,
369 2241 406 2276 zu
429 2232 569 2275 Gunsten
600 2232 651 2265 der
681 2228 898 2273 Hartherzigen
931 2229 992 2270 ihre
1014 2227 1181 2272 Guthaben
1212 2238 1249 2272 zu

96 2288 292 2332 beschneiden;
316 2285 351 2328 sie
374 2285 475 2317 würde
497 2284 549 2328 sich
573 2282 644 2318 weit
667 2281 733 2325 eher
755 2284 830 2326 dazu
854 2281 1052 2324 entschließen,
1074 2279 1152 2314 beim
1168 2278 1249 2314 Ver¬

97 2343 156 2378 eine
180 2338 260 2382 selbst
282 2337 337 2377 auf
358 2334 631 2378 Nichtübernahme
660 2336 711 2369 der
742 2332 936 2377 Liquidation
966 2337 1151 2377 anzutragen
1184 2333 1248 2366 und

97 2394 150 2429 alle
174 2389 378 2433 Betheiligten
411 2386 506 2430 ihrem
540 2386 704 2430 Schicksale
736 2396 773 2430 zu
806 2383 986 2428 überlassen,
1017 2384 1066 2419 als
1100 2393 1137 2429 zu
1169 2383 1249 2418 einer

97 2447 208 2489 solchen
241 2439 490 2485 Ungerechtigkeit
522 2439 614 2479 Hand
650 2449 688 2483 zu
721 2438 828 2474 bieten.
873 2437 934 2473 Die
965 2438 1041 2480 Lage
1074 2438 1124 2472 der
1147 2436 1249 2479 Sache

98 2499 239 2539 erfordere
261 2493 396 2528 überdies
419 2492 464 2526 die
496 2489 674 2525 Reduktion
706 2492 791 2533 jener
821 2488 1048 2533 Forderungen.
1094 2489 1141 2524 Es
1171 2489 1248 2533 zeige

98 2549 148 2592 sich
172 2545 373 2591 gegenwärtig
404 2543 452 2579 ein
474 2541 586 2587 Defizit
617 2548 680 2576 von
704 2541 737 2582 fl.
762 2542 920 2583 100,000;
957 2541 1012 2582 auf
1040 2542 1096 2575 den
1120 2539 1248 2579 Aktiven

97 2599 187 2642 müsse
209 2598 253 2632 ein
269 2596 393 2640 Verlust
407 2603 470 2630 von
487 2594 563 2640 zirka
579 2593 611 2637 fl.
628 2593 762 2635 30,000,
784 2603 824 2633 an
838 2592 952 2635 Zinsen
974 2597 1049 2627 etwa
1065 2592 1098 2635 fl.
1117 2591 1247 2634 15,000,

95 2653 159 2686 und
197 2659 237 2683 an
265 2648 378 2692 Kosten
418 2649 480 2682 und
514 2645 592 2689 nicht
626 2643 822 2687 eingehenden
856 2644 1134 2690 Aktienzahlungen
1170 2643 1248 2689 zirka

95 2704 128 2745 fl.
152 2701 240 2737 5000
261 2701 407 2744 gerechnet
429 2701 564 2741 werden,
600 2697 630 2740 so
654 2696 712 2738 daß
744 2694 787 2729 im
811 2694 938 2740 Ganzen
962 2696 1010 2731 ein
1039 2695 1160 2731 Manko
1183 2703 1247 2731 von

93 2752 244 2797 ungefähr
264 2752 295 2795 fl.
320 2752 461 2794 150,000
483 2760 519 2796 zu
541 2749 637 2785 decken
660 2748 721 2791 sein
742 2747 850 2786 dürfte.
874 2764 918 2771 —
939 2747 1006 2783 Der
1034 2746 1164 2783 Anwalt
1196 2749 1247 2782 der

95 2805 252 2840 Direktion
275 2806 387 2847 machte
408 2806 491 2837 dann
513 2800 721 2844 aufmerksam,
744 2799 801 2842 daß
825 2798 873 2840 ihr
894 2797 939 2832 die
952 2799 1061 2834 Mittel
1081 2799 1160 2842 nicht
1182 2803 1247 2834 ent¬

95 2858 206 2901 stehen,
238 2866 292 2891 um
323 2856 368 2891 die
388 2854 577 2890 Renitenten
611 2862 681 2898 zum
715 2850 867 2894 Anschluß
900 2858 940 2884 an
974 2851 1029 2885 den
1061 2851 1175 2887 Verein
1208 2860 1246 2896 zu

92 2909 244 2953 nöthigen.
289 2906 431 2948 Derselbe
451 2904 560 2941 könnte
582 2904 744 2949 möglicher
766 2902 863 2944 Weise
896 2900 953 2936 mit
985 2903 1055 2936 oder
1084 2904 1135 2944 für
1157 2902 1245 2946 dieje¬

89 2963 199 3007 nigen,
221 2962 277 2996 mit
297 2963 391 2996 denen
413 2968 443 2993 er
464 2958 516 3001 sich
540 2956 739 3000 verständigt,
759 2955 805 2991 die
827 2955 905 2996 eine,
934 2954 979 2988 die
1000 2953 1079 2995 nicht
1101 2954 1245 2998 eingetre¬

88 3020 174 3051 tenen
197 3012 377 3049 Kreditoren
398 3010 443 3045 die
463 3010 563 3054 zweite
585 3006 686 3052 Klaffe
708 3015 770 3044 von
793 3006 960 3046 Förderern
985 3005 1082 3041 bilden
1105 3008 1167 3041 und
1189 3007 1243 3053 sich

88 3069 119 3109 so
140 3067 220 3102 beide
242 3064 366 3107 Klaffkn
388 3072 453 3106 pro
477 3067 553 3094 rata
576 3060 609 3095 in
631 3061 675 3096 die
699 3059 827 3096 Aktiven
849 3059 974 3103 theklen,
1006 3057 1103 3093 wobei
1134 3060 1242 3093 natür¬

89 3120 172 3161 licher
194 3117 293 3159 Weise
322 3115 365 3150 die
395 3115 508 3158 letztem
541 3119 603 3147 von
636 3113 694 3147 den
722 3112 987 3157 Unterstützungen
1019 3111 1071 3145 des
1106 3108 1240 3145 Vereins

88 3169 322 3214 ausgeschlossen
345 3165 468 3202 blieben.
515 3165 598 3206 Auch
620 3163 659 3206 sei
681 3163 713 3198 in
728 3166 778 3199 der
799 3171 872 3200 vom
893 3161 1161 3207 Regierungsrath
1177 3163 1240 3196 und

86 3222 283 3267 Obergericht
305 3220 526 3264 angeordneten
547 3215 754 3259 Kommission
776 3217 930 3260 vorläufig
949 3215 993 3251 die
1008 3213 1106 3259 Frage
1120 3213 1239 3258 bespro¬

1295 738 1363 777 chen
1385 740 1516 780 worden,
1539 738 1578 773 ob
1600 739 1680 778 nicht
1701 739 1788 777 durch
1811 737 1896 773 einen
1912 736 2221 780 Großrathsbeschluß
2239 735 2284 771 die
2299 735 2438 770 Minder¬

1295 789 1354 831 heit
1377 789 1553 833 angehalten
1576 791 1693 825 werden
1717 788 1824 828 könnte
1834 814 1844 830 ,
1879 789 1930 832 sich
1951 790 2000 824 der
2023 787 2179 831 Mehrheit
2197 796 2234 832 zu
2255 787 2363 831 fügen,
2391 785 2439 820 ein

1295 841 1453 884 Beschluß,
1474 844 1525 877 der
1547 841 1616 877 eben
1639 842 1670 885 so
1696 839 1902 886 zweckmäßig,
1925 840 2119 884 nothwendig
2142 841 2204 875 und
2225 849 2262 884 zu
2284 837 2440 882 rechtferti¬

1295 902 1351 935 gen
1381 894 1480 934 wäre,
1516 893 1563 928 als
1599 896 1645 927 die
1679 893 1716 936 sr.
1740 891 1808 934 Zeit
1843 892 2092 937 ausgesprochene
2123 887 2359 934 Ermächtigung
2386 898 2439 934 zur

1296 944 1498 988 Anwendung
1521 952 1583 979 von
1605 944 1804 980 Moratorien
1826 946 1888 978 und
1912 943 2072 987 Sistirung
2095 949 2157 979 von
2179 941 2347 986 Prozessen.
2390 941 2438 975 ES

1294 998 1397 1030 wurde
1418 995 1508 1038 dieses
1532 997 1587 1031 den
1609 996 1672 1038 sehr
1695 994 1873 1041 zahlreichen
1905 995 2107 1038 Anwesenden
2139 995 2207 1030 an'S
2238 993 2317 1037 Herz
2346 992 2440 1035 gelegt

1295 1048 1356 1081 und
1379 1046 1421 1082 die
1443 1046 1606 1090 Hoffnung
1624 1046 1871 1091 ausgesprochen,
1893 1046 1949 1090 daß
1965 1050 1997 1081 es
2014 1046 2092 1087 nicht
2108 1045 2184 1087 ohne
2200 1045 2311 1088 Erfolg
2325 1043 2439 1078 bleiben

1294 1100 1398 1133 werde.
1424 1116 1458 1123 —
1485 1096 1532 1135 In
1553 1098 1658 1140 diesem
1680 1098 1794 1139 Sinne,
1818 1106 1908 1132 wenn
1931 1098 2002 1139 auch
2025 1097 2102 1138 nicht
2124 1106 2200 1141 ganz
2222 1095 2255 1130 in
2278 1097 2327 1130 der
2349 1104 2439 1138 angr-

1294 1153 1437 1193 tragenen
1459 1149 1694 1194 bezeichnendern
1717 1148 1888 1184 Redaktion
1911 1151 1993 1184 ward
2023 1151 2101 1183 denn
2122 1150 2194 1189 auch
2224 1153 2298 1182 vom
2318 1145 2439 1187 Gericht

1294 1201 1474 1244 beschlossen,
1496 1203 1557 1235 und
1581 1201 1639 1235 wir
1660 1201 1812 1241 verweisen
1836 1201 1894 1242 auf
1911 1203 1967 1235 den
1989 1199 2178 1243 diesfälligen
2199 1198 2354 1241 Beschluß,
2384 1197 2440 1232 wie

1296 1260 1326 1286 er
1346 1253 1379 1286 in
1400 1254 1454 1287 den
1479 1251 1664 1294 öffentlichen
1686 1252 1830 1286 Blättern
1853 1251 2013 1294 erscheinen
2036 1251 2122 1293 wird,
2147 1249 2246 1293 sobald
2269 1251 2325 1284 das
2338 1248 2441 1284 Ober¬

1294 1304 1402 1352 gericht
1429 1303 1578 1347 denselben
1612 1303 1782 1347 genehmigt
1814 1303 1876 1345 hat.
1921 1302 1982 1338 Die
2010 1302 2152 1346 heutigen
2180 1299 2441 1344 Verhandlungen

1294 1353 1403 1398 mögen
1427 1356 1477 1397 für
1498 1354 1641 1390 renitente
1663 1353 1808 1393 Förderer
1831 1354 1877 1388 ein
1901 1352 2074 1398 Fingerzeig
2097 1353 2166 1396 sein.

1359 1406 1476 1441 Bern.
1520 1404 1576 1443 Im
1599 1404 1778 1450 Gefängniß
1800 1415 1837 1450 zu
1861 1405 2025 1448 Burgdorf
2046 1404 2099 1447 hat
2120 1404 2173 1447 sich
2199 1404 2245 1438 ein
2265 1402 2438 1446 Diebstahls

1294 1465 1395 1501 wegen
1429 1456 1618 1496 Verhafteter
1655 1467 1696 1491 an
1729 1458 1834 1498 seinem
1867 1455 2100 1497 Strumpfband
2136 1456 2270 1499 erhängt.
2306 1472 2347 1481 —
2377 1455 2439 1489 Ein

1294 1508 1480 1552 halbtauber,
1500 1509 1773 1552 geistesverwirrter
1789 1508 1908 1550 Mann,
1930 1510 1981 1542 der
1995 1508 2117 1552 kürzlich
2135 1507 2316 1551 eingebracht
2330 1508 2441 1547 wurde,

1293 1560 1346 1604 hat
1381 1563 1435 1596 dag
1465 1560 1652 1604 Geständniß
1684 1560 1838 1603 abgelegt,
1868 1562 1918 1595 der
1938 1559 2069 1601 Urheber
2102 1558 2247 1602 mehrerer
2277 1558 2310 1593 in
2339 1557 2442 1600 diesem

1293 1612 1422 1647 Kanton
1442 1611 1657 1656 vorgefallener
1680 1610 1910 1653 Feuersbrünste
1932 1621 1970 1655 zu
1990 1611 2060 1653 sein.
2318 1616 2335 1631 *

1359 1662 1514 1707 Luzern.
1560 1663 1622 1698 Die
1647 1662 1982 1706 Verleumdungsklage
2005 1665 2055 1698 der
2078 1660 2254 1706 Regierung
2276 1663 2327 1696 des
2350 1660 2437 1696 Kan¬

1294 1718 1370 1749 tons
1392 1713 1503 1758 Luzern
1525 1724 1616 1758 gegen
1651 1716 1705 1748 den
1740 1713 1896 1748 Redaktor
1925 1715 1978 1748 des
2010 1713 2222 1757 Eidgenossen,
2255 1712 2324 1747 weil
2354 1711 2442 1753 dieser

1294 1767 1393 1809 gesagt
1421 1766 1517 1809 hatte:
1555 1766 1654 1806 „Hrn.
1677 1764 1837 1808 Professor
1866 1764 2057 1800 Baumanns
2089 1763 2272 1808 Entlassung
2301 1770 2362 1799 von
2392 1764 2442 1798 der

1293 1816 1440 1861 Lehrstelle
1462 1817 1495 1851 in
1517 1819 1566 1851 der
1595 1817 1781 1860 geschehenen
1812 1815 1874 1851 Art
1906 1818 1968 1851 und
1992 1815 2089 1859 Weise
2117 1816 2157 1857 sei
2185 1815 2246 1851 eine
2275 1821 2330 1850 vor
2361 1813 2442 1850 Gott

1293 1871 1356 1903 und
1379 1871 1434 1903 den
1457 1868 1618 1911 Menschen
1642 1867 1940 1905 unverantwortliche
1963 1867 2151 1911 Handlung*
2177 1866 2252 1902 wird
2274 1866 2439 1902 Donners¬

1294 1924 1345 1965 tag
1369 1922 1423 1954 den
1446 1920 1497 1955 14.
1520 1918 1733 1963 Herbstmonat
1755 1926 1810 1954 vor
1833 1918 2031 1962 Obergericht
2051 1918 2220 1961 verhandelt
2242 1919 2367 1955 werden.

1361 1971 1385 2016 ch
1408 1971 1658 2014 Solothurn.
1683 1970 1812 2014 (Korr.)
1835 1970 1896 2006 Die
1918 1970 2166 2014 Stadtgemeinde
2188 1969 2368 2012 Solothum
2385 1968 2438 2011 hat

1294 2023 1326 2059 kn
1354 2025 1403 2058 der
1431 2022 1669 2067 Versammlung
1702 2029 1773 2057 vom
1803 2023 1834 2057 3.
1868 2024 1929 2057 und
1966 2024 2017 2057 der
2051 2029 2122 2057 vom
2157 2018 2189 2057 &
2212 2021 2304 2063 Sept.
2337 2020 2438 2057 Reor¬

1293 2074 1465 2119 ganisation
1487 2074 1536 2109 der
1558 2073 1997 2118 Stadtwaisenanstalt
2021 2073 2199 2117 beschlossen.
2244 2072 2305 2107 Die
2318 2072 2440 2113 Haupt¬

1293 2123 1431 2171 gründe^
1452 2134 1572 2161 warum
1602 2126 1648 2160 die
1675 2125 1828 2170 Zöglinge
1858 2127 1909 2160 der
1932 2125 2172 2170 gegenwärtigen
2193 2123 2314 2168 Anstalt
2336 2124 2368 2159 in
2390 2126 2440 2159 der

1292 2178 1390 2222 Regel
1410 2178 1487 2221 nicht
1509 2181 1564 2222 gut
1587 2178 1742 2220 ausfielen,
1765 2177 1854 2222 lagen
1877 2177 1910 2212 in
1932 2179 1982 2212 der
2003 2175 2242 2220 Unschicklichkeit
2255 2177 2306 2211 des
2320 2174 2439 2218 Lokals,

1292 2231 1326 2265 in
1349 2229 1482 2274 Mangel
1504 2239 1543 2264 an
1567 2228 1699 2273 Aufsicht
1722 2231 1785 2263 und
1808 2232 1873 2264 dem
1897 2229 2065 2272 Umstande,
2090 2229 2147 2271 daß
2170 2228 2212 2263 die
2231 2226 2381 2272 Zöglinge
2395 2227 2439 2262 die

1293 2282 1505 2325 Stadtschulen
1529 2281 1689 2324 besuchten,
1724 2280 1768 2315 bei
1789 2281 1923 2322 welchem
1946 2279 2068 2324 Anlasse
2091 2280 2125 2325 sie
2150 2279 2254 2314 immer
2281 2279 2384 2321 wieder
2406 2279 2438 2313 in

1292 2333 1480 2378 Berührung
1503 2333 1559 2368 mit
1583 2333 1789 2368 Verwandten
1809 2332 1933 2374 kamen,
1970 2333 2015 2368 die
2038 2333 2073 2376 sie
2107 2332 2172 2375 eher
2193 2341 2261 2376 zum
2284 2330 2440 2375 Ungehor¬

1292 2387 1356 2428 sam
1380 2386 1427 2421 als
1450 2395 1520 2430 zum
1541 2384 1714 2429 Gehorsam
1736 2385 1971 2426 aufmunterten.
2015 2383 2078 2419 Die
2094 2393 2168 2419 nme
2189 2382 2309 2426 Anstalt
2330 2382 2385 2424 soll
2407 2382 2438 2417 in

1293 2438 1387 2472 einem
1407 2437 1484 2480 nahe
1507 2436 1551 2472 bei
1573 2438 1623 2472 der
1645 2437 1743 2471 Stadt
1765 2436 1916 2480 liegenden
1939 2437 2127 2480 geeigneten,
2159 2434 2213 2471 mit
2235 2434 2353 2470 Garten
2375 2441 2439 2470 ver¬

1291 2489 1422 2534 sehenem
1442 2488 1563 2531 Lokale,
1597 2488 1745 2531 errichtet,
1782 2492 1869 2523 unter
1902 2487 2035 2532 Aufsicht
2063 2488 2144 2523 eines
2175 2487 2217 2522 im
2239 2486 2439 2530 Waisenfache

1292 2541 1453 2585 gebildeten
1474 2540 1596 2584 Lehrers
1621 2539 1737 2584 gestellt,
1761 2542 1823 2574 und
1847 2540 1899 2581 für
1924 2540 1966 2575 10
1988 2539 2038 2576 bis
2059 2540 2103 2575 20
2125 2538 2253 2574 Knaben
2267 2539 2329 2573 und
2344 2538 2439 2582 einige

1292 2593 1442 2635 Mädchen
1464 2592 1648 2637 eingerichtet
1668 2593 1794 2627 werden.
1839 2591 1907 2627 Der
1930 2592 2052 2636 Antrag
2076 2592 2147 2633 fand
2169 2590 2212 2626 bei
2234 2592 2285 2626 der
2303 2590 2438 2634 Bürger¬

1291 2646 1382 2688 schaft
1392 2645 1507 2689 einigen
1517 2643 1717 2687 Widerstand,
1735 2644 1915 2687 namentlich
1930 2645 2033 2679 wurde
2046 2643 2090 2679 die
2102 2642 2272 2686 Besorgniß
2288 2643 2438 2687 geäußert,

1291 2701 1324 2733 es
1347 2695 1457 2739 möchte
1478 2697 1530 2740 sich
1552 2701 1640 2735 unter
1661 2698 1717 2731 den
1740 2695 1971 2740 Stadtbürgern
1992 2695 2054 2731 kein
2078 2695 2254 2739 tauglicher,
2284 2695 2324 2729 im
2348 2693 2436 2729 Wai¬

1290 2750 1418 2792 senfache
1440 2748 1594 2793 gebildeter
1616 2747 1724 2783 Mann
1746 2748 1924 2792 vorfinden,
1959 2749 2022 2782 und
2051 2748 2084 2791 so
2111 2746 2184 2790 diese
2217 2745 2314 2781 Stelle
2342 2745 2436 2781 einem

1290 2800 1436 2841 Fremden
1458 2804 1635 2838 anvertraut
1656 2801 1773 2835 werden
1794 2799 1918 2844 müssen.
1979 2799 2063 2835 Man
2095 2799 2166 2840 darf
2191 2798 2310 2842 getrost,
2324 2798 2436 2842 hoffen,

1289 2857 1322 2890 es
1343 2854 1437 2888 werde
1458 2851 1503 2887 die
1525 2862 1597 2888 neue
1620 2850 1742 2896 Anstalt
1764 2851 1939 2896 segensreich
1964 2852 2021 2894 auf
2040 2851 2084 2886 die
2105 2849 2249 2894 Bildung
2279 2850 2328 2885 der
2356 2850 2436 2892 solo-

1288 2904 1506 2950 thurnerischen
1527 2902 1650 2948 Jugend
1671 2903 1846 2947 einwirken,
1881 2904 1942 2939 und
1965 2902 2021 2938 mit
2042 2911 2096 2948 zur
2116 2902 2247 2946 Hebung
2268 2903 2318 2938 der
2339 2901 2437 2937 Stadt

1287 2957 1449 3001 beitragen.

1354 3007 1578 3053 Appenzell
1599 3005 1640 3042 A.
1661 3005 1729 3049 Rh.
1773 3006 1832 3048 Hr.
1862 3006 1908 3043 alt
1928 3005 2058 3048 Pfarrer
2082 3005 2153 3045 Frei
2182 3013 2242 3040 von
2274 3004 2434 3051 Hemberg,

1285 3060 1361 3096 Kts.
1384 3060 1441 3099 St.
1464 3058 1596 3101 Gallen,
1631 3061 1680 3095 der
1702 3059 1778 3102 seine
1806 3058 2032 3102 pfarramtliche
2062 3056 2271 3101 Wirksamkeit
2290 3056 2333 3093 im
2355 3056 2435 3100 Jahr

1287 3109 1375 3147 1787
1393 3121 1432 3157 zu
1452 3110 1653 3156 Degersheim
1675 3113 1847 3156 angetreten
1878 3114 1940 3147 und
1972 3111 2015 3146 im
2036 3109 2116 3153 Jahr
2140 3109 2223 3146 1814
2253 3118 2292 3155 zu
2311 3109 2434 3150 Peters¬

1284 3162 1336 3207 zell
1359 3163 1530 3208 geschloffen
1551 3163 1651 3207 hatte,
1682 3164 1716 3207 ist
1739 3163 1784 3199 bei
1807 3163 1914 3204 seinem
1936 3161 2051 3206 Sohn,
2075 3162 2156 3203 Hrn.
2178 3161 2286 3198 Dekan
2307 3161 2375 3201 Frei
2396 3172 2433 3207 zu

1270 3251 1273 3259 ,
1283 3214 1419 3260 Trogen,
1442 3215 1474 3251 in
1497 3215 1592 3252 einem
1613 3213 1703 3253 Alter
1716 3223 1780 3251 von
1793 3213 1837 3251 78
1850 3213 1969 3260 Jahren
1994 3213 2157 3261 gestorben.
2196 3213 2257 3251 Die
2273 3213 2433 3251 Gemeinde
