2709 3484
223 69 550 114 Vorausbezahlung.

177 123 339 167 Jährlich...
349 122 431 163 7777.
442 152 485 162 ...
502 135 535 160 «4
548 134 603 166 Btz.

178 169 535 202 Vierteljährlich.16
549 170 603 202 Btz.

237 543 451 590 Mittwoch

1232 100 1356 153 Nro.
1415 104 1511 156 L8.

2131 65 2488 109 Einrückungsgebühr.

2055 130 2110 159 Die
2127 131 2199 164 Petit
2212 131 2281 161 Zeile
2297 133 2310 157 S
2324 127 2558 161 Zürcher-Kreuzer.

2054 166 2145 200 Briefe
2165 169 2214 195 und
2235 168 2328 195 Gelder
2348 164 2471 197 frank».
2488 175 2494 178 -

866 587 971 626 (Aruck
991 588 1045 615 und
1068 583 1160 624 Verlag
1181 587 1234 616 von
1255 587 1377 624 Grell,
1399 586 1531 618 Füssli
1553 591 1605 618 und
1628 587 1883 628 Compagnie.)

2036 536 2114 577 den
2145 533 2207 577 15.
2237 537 2337 579 Juli
2368 533 2503 575 1835.

180 709 264 741 Airs«
285 708 401 745 Zeitung
431 705 559 744 erschein»
586 701 752 742 wöchentlirli
776 699 850 730 drei
876 701 961 731 Mal:
998 700 1168 737 Montag,
1202 698 1396 738 Mittwoch
1425 704 1478 730 und
1506 702 1660 741 Lreitag.
1723 704 1786 734 Älle
1815 702 1950 742 Änzeige»
1977 706 2079 733 werden
2112 703 2188 741 daher
2221 704 2318 742 schnell
2347 702 2382 733 im
2416 702 2558 742 Publikum

294 760 448 796 verbreitet,
477 762 531 789 und
553 757 714 796 diejenigen,
737 756 829 794 welche
852 754 881 785 in
902 755 962 792 )wci
985 755 1296 794 aufeinanderfolgenden
1317 755 1460 784 Nummer»
1481 754 1643 793 erscheinen,
1666 758 1781 794 be;ahlc»
1802 761 1850 788 das
1873 757 1957 796 -weite
1978 759 2044 788 Mal
2066 768 2119 788 nur
2141 757 2161 789 3
2182 759 2220 789 kr.
2243 761 2287 788 für
2308 758 2347 788 die
2368 758 2449 789 Zeile.

420 865 710 903 Schweizerische
739 862 1110 901 Eidgenossenschaft.

488 907 1050 951 Tagsatzungsverhandlungen.

222 961 356 993 Dritte
379 959 549 995 Sitzung,
572 964 614 986 am
636 958 666 984 8.
689 954 767 989 Juli.
810 954 887 988 Nach
904 954 947 984 der
961 954 1115 992 Verlesung
1138 952 1184 982 des
1198 952 1358 988 Protokolls

185 1008 260 1046 lege»
282 1005 387 1037 Waadt
407 1003 461 1033 und
483 1002 578 1037 Tessin
600 1001 655 1030 eine
675 999 859 1035 Protestation
881 1007 964 1037 gegen
987 999 1027 1029 die
1054 999 1187 1036 gestrigen
1210 995 1359 1032 Beschlüsse

186 1051 250 1083 über
277 1051 319 1080 die
347 1049 485 1081 Kreditive
513 1048 567 1076 ein.
609 1048 657 1077 An
689 1045 733 1075 der
760 1044 984 1083 Tagesordnung
1005 1044 1038 1078 ist
1060 1044 1100 1073 die
1122 1044 1292 1081 Fortsetzung
1315 1042 1360 1072 der

184 1098 353 1131 Derathung
376 1094 423 1122 des
443 1092 633 1130 Reglements.
674 1093 734 1123 Der
761 1091 890 1126 Artikel,
924 1088 1068 1126 betreffend
1097 1088 1136 1119 die
1164 1089 1359 1127 Herabsetzung

185 1141 229 1171 der
260 1148 307 1177 zur
335 1137 461 1177 gültigen
490 1136 649 1176 Eröffnung
680 1137 724 1166 der
752 1137 920 1174 Tagsatzung
950 1134 1155 1174 nothwendkgen
1185 1133 1359 1169 anwesenden

186 1187 314 1219 Kantone
333 1185 386 1220 auf
406 1186 463 1219 12,
486 1184 634 1217 verursacht
648 1183 712 1213 viele
728 1181 973 1219 Einwendungen.
1015 1182 1141 1216 Wallis,
1165 1180 1289 1216 Schwyz
1306 1178 1360 1209 und

187 1230 377 1264 Unterwalden
404 1229 513 1266 erheben
543 1230 591 1265 sich
619 1229 759 1264 besonders
786 1227 904 1266 dagegen
927 1226 982 1257 und
1003 1227 1101 1257 wollen
1129 1226 1210 1262 theils
1231 1225 1271 1255 die
1293 1225 1360 1261 Zahl

187 1278 238 1313 auf
258 1279 293 1306 15
318 1275 459 1312 festsetzen,
490 1276 573 1311 theils
594 1276 687 1312 sogar,
723 1273 776 1309 daß
803 1273 965 1309 sämmtliche
992 1273 1109 1305 Stände
1135 1270 1275 1307 anwesend
1307 1271 1359 1306 sein

187 1324 277 1360 sollen.
321 1322 501 1357 Solothurn,
533 1321 666 1358 Freiburg
693 1319 751 1350 und
772 1319 907 1356 Thurgau
929 1319 1047 1355 sprechen
1075 1319 1123 1354 sich
1146 1318 1191 1355 für
1214 1322 1249 1348 12
1270 1324 1361 1347 anwe¬

188 1368 264 1404 sende
285 1368 413 1399 Kantone
435 1368 506 1402 aus,
529 1374 574 1397 um
595 1366 634 1396 die
648 1366 817 1404 Tagsatzung
840 1363 933 1402 gültig
956 1372 988 1400 zu
1010 1363 1140 1400 eröffnen.
1181 1364 1239 1395 St.
1255 1363 1360 1393 Gallen

186 1415 250 1452 hebt
270 1412 424 1451 vorzüglich
446 1411 487 1441 die
509 1411 614 1448 Gefahr
635 1413 747 1448 hervor,
772 1411 865 1446 welche
882 1409 925 1439 der
938 1410 1067 1447 Schweiz
1083 1410 1182 1440 daraus
1197 1409 1360 1445 entsprießen

188 1458 298 1496 würde,
321 1466 399 1488 wenn
422 1457 477 1487 eine
499 1464 532 1493 zu
552 1458 631 1494 große
653 1456 720 1493 Zahl
741 1463 796 1486 von
817 1455 991 1488 anwesenden
1014 1455 1146 1488 Ständen
1175 1463 1222 1492 zur
1244 1452 1361 1492 Gültig¬

189 1506 241 1536 keit
260 1505 306 1534 der
325 1501 659 1541 Tagsatzungseröffnung
681 1502 814 1536 bestimmt
834 1500 939 1530 werden
959 1502 1053 1538 sollte,
1083 1501 1144 1531 weil
1164 1504 1194 1530 es
1215 1500 1263 1536 sich
1287 1499 1362 1534 leicht

191 1551 313 1588 ereignen
334 1546 450 1583 könnte,
483 1546 535 1582 daß
557 1548 611 1578 kein
633 1548 766 1583 Beschluß
789 1555 819 1584 zu
843 1546 955 1578 Stande
976 1547 1067 1581 käme;
1101 1546 1144 1575 der
1165 1554 1250 1583 ganze
1270 1544 1360 1576 Bund

190 1594 283 1627 würde
314 1591 451 1632 aufgelöst
480 1593 583 1624 werden
614 1593 669 1624 und
700 1592 774 1624 dann
804 1600 856 1623 nur
880 1593 943 1627 noch
976 1595 1012 1622 25
1044 1593 1199 1628 vereinzelte
1223 1592 1360 1625 Statchen

192 1641 325 1676 dastehen.
369 1640 530 1674 Solothurn
551 1640 665 1677 glaubt,
687 1641 715 1667 es
738 1636 821 1668 könne
843 1638 891 1673 sich
914 1637 989 1672 leicht
1009 1636 1054 1667 der
1068 1638 1131 1673 Fall
1145 1637 1285 1675 ereignen,
1309 1635 1360 1671 daß

190 1693 269 1716 wenn
298 1692 362 1714 man
395 1683 436 1714 die
465 1684 534 1721 Zahl
560 1684 603 1714 der
631 1683 801 1718 anwesenden
829 1682 945 1715 Stände
972 1684 1022 1719 auf
1045 1686 1078 1714 15
1105 1683 1228 1720 festsetzen
1250 1680 1360 1717 würde,

188 1733 225 1762 14
248 1731 376 1763 Kantone
397 1730 637 1767 zusammenträten
659 1729 715 1761 und
737 1729 809 1760 dann
832 1729 921 1763 nichts
942 1729 1098 1765 beschließen
1120 1726 1250 1759 könnten.
1271 1729 1361 1760 Dann

190 1774 281 1808 würde
309 1775 354 1805 der
381 1777 489 1806 Vorort
516 1775 644 1810 handeln.
699 1776 746 1804 Uri
774 1775 845 1809 sucht
867 1775 1027 1809 Solothurn
1056 1782 1090 1810 zu
1117 1773 1275 1811 widerlegen
1307 1773 1362 1803 und

191 1823 317 1858 Schwyz
337 1822 478 1857 entgegnet
501 1820 558 1851 St.
581 1820 683 1849 Gallen
706 1821 792 1847 etwas
813 1818 904 1847 bitter.
934 1831 970 1839 —
1008 1818 1065 1848 Bei
1092 1817 1136 1847 der
1166 1817 1359 1854 Abstimmung

189 1867 305 1905 ergaben
327 1865 375 1901 sich
397 1862 440 1899 für
462 1863 512 1893 den
535 1863 655 1898 Artikel,
677 1863 718 1893 die
739 1862 807 1899 Zahl
830 1861 873 1891 der
894 1870 943 1899 zur
963 1860 1086 1900 gültigen
1103 1860 1266 1900 Eröffnung
1290 1862 1359 1892 einer

189 1913 362 1951 Tagsatzung
394 1906 566 1946 »othwendig
596 1908 766 1941 anwesenden
790 1907 905 1939 Stände
932 1908 982 1943 auf
1002 1911 1038 1937 12
1067 1907 1245 1943 festzusetzen,
1278 1905 1361 1944 13'/-

189 1960 333 1992 Stimmen
358 1954 414 1986 und
435 1953 480 1990 für
501 1952 542 1984 die
563 1954 630 1990 Zahl
651 1955 686 1982 15
703 1967 738 1974 —
756 1952 818 1988 8>/r
840 1953 996 1984 Stimmen.
1018 1953 1057 1983 —
1077 1951 1207 1983 Waadt
1228 1952 1297 1985 stellt
1311 1951 1360 1982 den

189 2005 317 2039 Antrag,
350 2001 399 2031 den
427 1999 555 2033 Abschied
583 1999 691 2035 offiziell
719 1999 747 2027 in
776 1995 961 2034 französischer
990 1997 1174 2033 Uebersetzung
1203 1996 1361 2035 denjenigen

190 2048 346 2083 Ständen,
370 2046 463 2081 welche
484 2045 531 2080 ihn
554 2042 711 2080 wünschen,
734 2043 907 2080 zuzustellen.
950 2043 1012 2078 Auf
1025 2042 1073 2073 den
1089 2044 1198 2081 Antrag
1216 2045 1270 2075 St.
1289 2042 1361 2075 Gal-

190 2095 251 2124 lens
273 2091 341 2122 wird
364 2091 442 2125 dieser
463 2091 573 2127 Antrag
597 2089 718 2120 Waadts
744 2097 780 2119 an
809 2089 865 2119 eine
886 2088 1064 2124 Kommission
1093 2089 1245 2124 verwiesen.
1287 2088 1361 2125 Hin¬

189 2138 303 2172 sichtlich
333 2135 381 2165 des
408 2135 530 2165 Artikels
556 2138 612 2172 27,
645 2132 707 2165 über
728 2134 904 2171 Aufstellung
932 2140 986 2164 von
1009 2135 1243 2172 Stenographen,
1274 2134 1361 2168 macht

187 2184 299 2216 Glarus
313 2182 364 2211 den
379 2182 499 2218 Antrag,
523 2179 671 2217 denselben,
692 2181 735 2210 als
756 2178 863 2216 unnütz,
887 2187 920 2215 zu
942 2179 1077 2215 streichen.
1121 2179 1222 2215 Genf
1242 2178 1361 2214 wünscht

188 2229 229 2259 die
251 2228 412 2264 Anstellung
434 2233 486 2256 von
503 2225 671 2257 Redaktoren
693 2224 738 2262 für
760 2225 800 2255 die
817 2224 1248 2263 Tagsatzungsverhandlungrn,
1272 2224 1361 2256 indem

190 2273 301 2308 mittelst
323 2273 368 2303 der
384 2272 590 2309 Stenographie
611 2271 653 2302 die
674 2271 851 2309 Herausgabe
873 2270 999 2305 derselben
1021 2279 1054 2308 zu
1079 2271 1181 2306 kostbar
1202 2270 1257 2301 und
1278 2279 1360 2309 unge¬

189 2320 305 2356 nießbar
325 2319 379 2353 sein
401 2317 512 2355 wurde,
535 2318 566 2347 da
586 2316 642 2352 jede
664 2317 784 2354 Sitzung
811 2316 887 2351 leicht
907 2316 948 2346 rin
972 2316 1039 2354 Heft
1058 2322 1110 2347 von
1133 2320 1171 2347 60
1192 2317 1295 2349 Seiten
1315 2324 1361 2355 ge¬

188 2367 241 2397 ben
262 2362 370 2395 könnte.
426 2364 483 2395 St.
506 2364 608 2396 Gallen
637 2364 683 2400 hat
710 2370 800 2401 genug
827 2370 869 2392 am
892 2358 1007 2399 Hören,
1043 2362 1201 2401 geschweige
1222 2361 1296 2393 dann
1317 2370 1360 2393 am

188 2410 267 2446 Lesen
289 2409 333 2438 der
355 2408 602 2448 Verhandlungen.
647 2408 751 2440 Waadt
771 2405 889 2442 wünscht
912 2406 952 2437 die
967 2408 1145 2446 Herausgabe
1161 2408 1234 2439 eines
1249 2408 1359 2446 offiziel¬

188 2455 231 2485 len
253 2454 413 2485 Bulletins.
457 2454 617 2491 Solothurn
641 2454 739 2489 möchte
761 2453 799 2483 die
820 2453 920 2487 Kosten
942 2454 1020 2484 lieber
1041 2454 1092 2490 auf
1118 2453 1212 2484 andere
1233 2454 1358 2491 Waffen,

185 2500 229 2531 als
251 2499 396 2535 papierne,
418 2499 587 2530 verwenden.
630 2500 708 2531 Bern
736 2499 843 2536 schließt
870 2499 919 2534 sich
941 2499 1102 2536 Solothurn
1129 2508 1175 2530 an.
1218 2499 1278 2531 Der
1301 2502 1360 2529 An¬

185 2549 248 2582 trag
269 2551 323 2574 von
345 2543 476 2581 Glarus,
499 2551 547 2581 zur
569 2546 739 2583 Streichung
755 2545 801 2576 de«
816 2544 955 2581 Artikels,
979 2545 1067 2581 erhält
1090 2544 1174 2584 141/2
1195 2546 1357 2581 Stimmen;

183 2591 228 2627 für
250 2591 306 2620 eine
320 2588 415 2621 andere
427 2589 631 2628 Bestimmung,
655 2588 718 2621 über
729 2591 893 2628 Anstellung
906 2597 958 2622 von
972 2590 1142 2622 Redaktoren
1158 2591 1218 2621 oder
1231 2590 1359 2625 Schnell-

184 2637 346 2674 fchreibern,
370 2635 483 2674 ergaben
505 2636 553 2673 sich
577 2640 628 2667 nur
651 2635 715 2675 71/2
736 2637 891 2670 Stimmen.
913 2651 952 2659 —
972 2637 1034 2668 Der
1048 2637 1152 2667 Artikel
1173 2639 1230 2672 3i,
1252 2637 1359 2672 welcher

186 2684 238 2714 alle
259 2682 439 2714 Titulaturen
461 2681 543 2717 außer
564 2682 619 2713 dem
642 2682 718 2715 Titel
739 2682 890 2720 „Herrn"
917 2681 1064 2719 äbfchafft,
1092 2682 1175 2718 findet
1196 2682 1359 2719 Einsprache

184 2737 217 2760 an
242 2726 367 2763 Wallis,
389 2726 500 2761 welche?
522 2727 570 2765 sich
593 2728 693 2767 kräftig
715 2726 761 2765 für
783 2728 823 2758 die
843 2727 1048 2766 Beibehaltung
1077 2727 1125 2758 des
1147 2728 1240 2761 Titels
1261 2728 1358 2764 Exzel¬

186 2775 245 2812 lenz
267 2772 325 2804 und
344 2771 551 2809 Hochgeachtete
572 2775 675 2812 Herren
696 2773 863 2809 verwendet;
887 2773 966 2804 allein
988 2774 1030 2804 bei
1050 2773 1095 2803 der
1109 2773 1304 2812 Abstimmung
1319 2780 1358 2803 er¬

182 2821 269 2857 gaben
293 2819 341 2856 sich
367 2819 419 2847 nur
439 2816 505 2855 21/2
528 2817 671 2849 Stimmen
693 2817 738 2856 für
759 2819 800 2850 die
813 2816 1018 2858 Beibehaltung
1040 2818 1084 2849 der
1104 2819 1256 2858 bisherigen
1271 2819 1357 2852 Titu¬

182 2865 300 2895 laturen.
342 2862 518 2902 Hinsichtlich
540 2862 588 2893 des
608 2863 729 2894 Artikels
751 2863 815 2895 über
836 2864 877 2896 die
897 2862 1060 2904 Eröffnung
1081 2865 1125 2895 der
1145 2865 1357 2901 Instruktionen

186 2908 243 2937 und
264 2906 307 2940 die
328 2908 479 2947 Umfrage,
501 2907 578 2948 trägt
598 2908 654 2942 St.
678 2908 781 2942 Gallen
802 2910 854 2945 auf
871 2910 1041 2950 Aufhebung
1066 2910 1196 2944 derselben
1216 2918 1270 2947 an,
1302 2909 1356 2941 und

185 2951 257 2986 sucht
275 2953 317 2984 die
336 2953 533 2992 Nutzlosigkeit
553 2954 632 2989 dieser
652 2955 844 2992 Bestimmung
871 2962 905 2992 zu
934 2957 1038 2995 zeigen.
1080 2958 1146 2988 Nur
1174 2957 1202 2986 in
1231 2958 1357 2993 außeror¬

184 2997 331 3032 dentlichen
350 2999 516 3037 Nothfällen
538 2999 619 3032 könne
635 3000 700 3037 diese
714 3001 840 3038 nutzlose,
861 3001 1046 3037 zeitraubende
1060 3001 1252 3041 Bestimmung
1267 3004 1357 3035 Statt

182 3041 288 3080 finden.
329 3044 428 3083 Bern,
450 3044 552 3083 Luzern
572 3045 627 3076 und
649 3048 764 3086 Aargau
785 3044 970 3083 Unterstützten
998 3046 1049 3078 den
1070 3049 1180 3087 Antrag
1202 3048 1259 3081 St.
1282 3047 1354 3079 Gal-

180 3090 261 3123 lens,
294 3088 402 3122 welcher
429 3091 493 3122 aber
522 3090 584 3126 bloß
612 3092 631 3120 9
640 3089 679 3129 */,
698 3096 783 3130 gegen
813 3090 899 3131 121/2
920 3092 1063 3125 Stimmen
1085 3094 1182 3130 erhalt.
1205 3109 1244 3117 —
1269 3094 1354 3125 Beim

178 3133 284 3164 Artikel
303 3135 341 3164 36
362 3134 439 3173 trägt
460 3136 593 3173 Freiburg
613 3136 712 3171 darauf
729 3144 785 3174 an,
806 3137 857 3168 den
879 3138 1069 3176 Deputirten,
1096 3146 1142 3169 um
1170 3139 1231 3176 Zeit
1256 3146 1291 3176 zu
1314 3146 1354 3169 er¬

175 3180 292 3217 sparen,
314 3177 366 3209 da«
381 3180 467 3212 Wort
485 3181 558 3217 nicht
578 3180 604 3216 so
622 3181 666 3218 oft
683 3188 718 3218 zu
738 3181 890 3219 gestatten,
913 3183 1027 3219 sondern
1048 3184 1164 3219 dasselbe
1183 3185 1236 3221 auf
1251 3188 1271 3214 2
1284 3182 1354 3215 Mal

175 3232 210 3263 zu
232 3223 424 3262 beschränken,
446 3230 507 3257 was
527 3227 578 3259 mit
597 3226 642 3257 der
662 3225 788 3264 Umfrage
806 3230 826 3258 3
847 3225 916 3258 Mal
935 3231 1036 3263 mache.
1076 3230 1172 3265 Dieser
1186 3231 1297 3267 Antrag
1312 3236 1351 3259 er¬

175 3269 237 3309 hält
257 3268 321 3305 bloß
339 3272 359 3298 1
382 3270 519 3302 Stimme.
561 3273 646 3306 Beim
666 3270 770 3303 Artikel
791 3273 830 3303 89
849 3272 938 3308 macht
958 3274 1006 3306 Uri
1025 3274 1076 3306 den
1092 3276 1223 3314 Antrag,
1245 3276 1297 3311 daß
1312 3274 1352 3307 die

1397 861 1521 899 Anträge
1541 860 1585 890 der
1607 860 1845 898 Gesandtschaften
1866 864 1929 898 nach
1951 864 2032 898 ihrem
2046 866 2174 896 Belieben
2195 865 2330 902 mündlich
2345 866 2406 897 oder
2421 867 2557 903 schriftlich

1397 909 1516 945 gemacht
1542 906 1647 936 werden
1677 906 1790 937 können.
1835 908 1912 942 Nach
1944 907 1991 937 den
2022 910 2164 948 Anträgen
2191 921 2244 943 von
2273 912 2378 944 Waadt
2404 913 2458 944 und
2481 915 2559 949 Genf

1397 951 1466 983 wird
1486 953 1546 982 aber
1568 952 1618 982 mit
1638 955 1673 982 15
1697 953 1839 984 Stimmen
1861 953 2030 991 beschlossen,
2052 954 2104 989 daß
2125 959 2153 985 es
2175 957 2201 987 in
2224 958 2264 987 der
2287 959 2373 995 Wahl
2393 959 2440 989 des
2460 959 2559 996 Präsi¬

1398 998 1493 1028 denten
1515 999 1599 1035 liege,
1624 998 1698 1028 einen
1721 1000 1831 1036 Antrag
1852 999 1987 1034 schriftlich
2009 1008 2043 1037 zu
2063 1001 2220 1039 verlangen.
2261 1005 2361 1034 Artikel
2382 1006 2419 1035 66
2447 1006 2492 1036 bis
2517 1007 2557 1036 68

1399 1041 1464 1074 über
1484 1042 1532 1073 das
1555 1044 1778 1078 Petitionsrecht.
1822 1045 1989 1083 Neuenbürg
2012 1046 2079 1079 stellt
2100 1045 2149 1076 daS
2164 1049 2373 1083 PetitionSrecht
2386 1051 2429 1080 als
2448 1049 2558 1088 unnütz,

1398 1089 1499 1124 sowohl
1519 1087 1566 1125 für
1586 1087 1635 1118 den
1654 1089 1808 1126 Petenten,
1833 1089 1865 1119 da
1887 1091 1919 1125 sie
1942 1091 2013 1124 nicht
2034 1090 2229 1132 berücksichtigt
2247 1094 2350 1130 werde,
2378 1097 2422 1125 als
2442 1095 2488 1131 für
2506 1097 2557 1128 den

1399 1135 1507 1170 Staat,
1548 1134 1592 1163 der
1628 1134 1742 1168 dadurch
1774 1135 1982 1171 kompromittirt
2013 1136 2067 1167 und
2095 1146 2260 1176 gezwungen
2292 1140 2383 1175 wird,
2422 1139 2555 1177 öffentlich

1399 1180 1588 1216 Rechenschaft
1619 1178 1683 1209 über
1712 1180 1798 1213 seinen
1831 1180 1924 1211 innern
1946 1182 2085 1218 Haushalt
2114 1184 2257 1222 abzulegen
2280 1185 2334 1216 und
2357 1184 2399 1221 für
2421 1187 2459 1217 die
2480 1187 2558 1226 Tag¬

1399 1226 1501 1264 satzung
1524 1225 1597 1259 selbst
1619 1225 1675 1255 dar.
1719 1226 1762 1257 Er
1781 1227 1851 1262 sucht
1873 1227 2021 1266 weitläufig
2043 1228 2083 1258 die
2105 1230 2258 1266 Nachtheile
2281 1231 2325 1261 des
2347 1233 2561 1270 PetitionSrech-

1399 1274 1440 1301 tes
1462 1279 1493 1308 zu
1514 1270 1676 1301 entwickeln.
1719 1272 1779 1310 Zug
1808 1272 1901 1307 spricht
1927 1273 1975 1308 sich
2002 1274 2064 1308 auch
2094 1273 2211 1313 dagegen
2235 1280 2303 1312 auS,
2338 1277 2477 1312 besonder«
2499 1280 2560 1317 hin¬

1400 1317 1511 1353 sichtlich
1533 1317 1578 1347 der
1600 1317 1702 1352 Form;
1735 1317 1831 1347 andere
1851 1317 1965 1350 Stände
1985 1320 2080 1350 wollen
2104 1329 2155 1350 nur
2175 1321 2317 1360 diejenigen
2336 1325 2493 1359 Petitionen
2510 1334 2559 1355 an¬

1398 1371 1553 1401 genommen
1586 1363 1695 1398 wissen,
1731 1364 1824 1398 welche
1854 1364 1883 1393 in
1912 1364 1956 1394 der
1985 1365 2151 1404 Kompetenz
2182 1367 2228 1398 der
2259 1369 2429 1407 Lagsatzung
2460 1371 2558 1409 liegen.

1401 1409 1506 1440 Waadt
1526 1408 1700 1444 (Monnard)
1720 1410 1833 1439 beweist
1852 1410 1880 1439 in
1903 1409 2028 1449 kräftiger
2047 1409 2150 1446 schöner
2171 1413 2245 1444 Rebe
2265 1413 2306 1445 die
2322 1416 2562 1455 Nothwendigkeit

1400 1454 1447 1484 des
1468 1455 1726 1491 PetitionsrechteS,
1750 1455 1791 1484 als
1813 1454 1851 1485 die
1873 1456 1984 1491 sicherste
2005 1457 2143 1488 Garantie
2164 1456 2207 1494 für
2228 1460 2429 1499 Konstitution,
2450 1461 2561 1501 bürger¬

1400 1500 1464 1536 liche
1485 1499 1539 1530 und
1563 1500 1780 1536 republikanische
1802 1501 1930 1537 Freiheit.
1975 1502 2075 1539 Luzern
2103 1504 2185 1538 findet
2212 1505 2260 1535 den
2284 1508 2389 1537 Artikel
2416 1507 2460 1537 de«
2481 1510 2560 1544 Peti¬

1399 1546 1576 1579 tionsrechtes
1605 1554 1655 1576 nur
1683 1553 1715 1583 zu
1743 1547 1921 1583 ausgedehnt.
1965 1548 2021 1579 Ein
2043 1549 2140 1585 solche«
2160 1549 2241 1587 müsse
2259 1552 2321 1582 aber
2342 1553 2473 1590 bestehen,
2506 1555 2561 1585 und

1399 1592 1497 1626 bestehe
1517 1592 1543 1625 ja
1565 1591 1638 1626 selbst
1658 1592 1695 1620 im
1716 1590 1851 1627 deutschen
1869 1593 2078 1624 Staatenbund.
2115 1596 2175 1626 Der
2189 1599 2298 1634 Antrag
2311 1604 2366 1629 von
2380 1600 2561 1639 Neuenburg,

1399 1645 1448 1675 zur
1469 1638 1639 1673 Streichung
1660 1637 1707 1666 des
1729 1638 1865 1673 Artikels,
1889 1638 1973 1674 erhält
1986 1641 2004 1669 3
2021 1640 2181 1677 Stimmen,
2203 1642 2247 1673 der
2260 1645 2370 1683 Anttag
2383 1652 2436 1676 von
2449 1646 2510 1684 Zug
2522 1655 2561 1677 re.

1400 1691 1453 1714 nur
1474 1682 1658 1720 zweckmäßige
1681 1683 1869 1719 Bittschriften
1891 1686 2092 1722 anzunehmen,
2126 1691 2145 1715 2
2167 1687 2326 1725 Stimmen,
2360 1690 2416 1720 und
2437 1691 2481 1721 der
2502 1694 2562 1723 An¬

1400 1731 1461 1767 trag
1481 1735 1533 1759 von
1557 1729 1701 1765 Schwyz,
1734 1736 1784 1758 nur
1805 1729 1834 1759 in
1854 1729 1898 1758 der
1918 1730 2084 1768 Kompetenz
2105 1731 2148 1761 der
2171 1732 2337 1774 Tagsatzung
2369 1736 2485 1775 liegende
2506 1739 2561 1773 Pe¬

1399 1775 1515 1805 titionen
1535 1775 1738 1810 anzunehmen,
1762 1777 1777 1803 1
1800 1775 1935 1805 Stimme.

1439 1820 1500 1847 Au«
1523 1818 1567 1848 der
1586 1819 1696 1854 zweiten
1717 1819 1773 1848 und
1794 1818 1894 1849 dritten
1916 1821 2036 1859 Sitzung
2056 1822 2143 1858 haben
2170 1825 2219 1854 wir
2241 1826 2303 1861 noch
2324 1834 2358 1863 zu
2380 1827 2561 1866 berichtigen,

1398 1862 1449 1898 daß
1470 1862 1514 1892 der
1534 1865 1634 1900 Anzug
1655 1861 1786 1900 Zürichs,
1815 1864 1856 1894 die
1878 1864 2018 1896 Kreditive
2040 1867 2201 1907 betreffend,
2235 1870 2278 1900 der
2306 1872 2367 1907 erste
2387 1873 2484 1908 Punkt
2503 1874 2561 1904 des¬

1399 1908 1484 1942 selben
1506 1908 1578 1944 nicht
1601 1911 1655 1943 15,
1687 1910 1737 1939 wie
1768 1909 1794 1939 in
1817 1909 1860 1939 der
1882 1911 1967 1946 letzten
1987 1912 2122 1943 Nummer
2143 1913 2186 1944 der
2216 1917 2258 1947 N.
2281 1916 2315 1953 Z.
2336 1917 2371 1953 Z.
2393 1918 2463 1956 irrig
2486 1919 2561 1957 steht,

1399 1953 1510 1986 sondern
1532 1957 1571 1987 7,
1599 1953 1644 1983 der
1672 1954 1763 1990 zweite
1789 1955 1885 1990 Punkt
1914 1959 1930 1985 5
1959 1956 2012 1985 und
2047 1958 2090 1987 der
2124 1959 2202 1990 dritte
2234 1965 2250 1990 9
2283 1963 2426 1993 Stimmen
2454 1965 2558 2001 erhielt.

1400 1999 1455 2027 Am
1478 1997 1554 2029 Ende
1578 1998 1621 2028 der
1640 1998 1740 2028 dritten
1762 2000 1880 2039 Sitzung
1904 1999 2033 2038 wünschte
2046 2003 2195 2042 Thurgau,
2223 2005 2372 2043 unterstützt
2386 2015 2439 2039 von
2453 2010 2562 2046 Zürich,

1401 2044 1618 2081 Schaffhausen,
1640 2045 1722 2078 Basel
1746 2045 1798 2074 und
1821 2046 1878 2077 St.
1901 2048 2021 2084 Gallen,
2043 2046 2087 2084 für
2108 2049 2147 2079 die
2169 2051 2267 2086 nächste
2289 2053 2408 2092 Sitzung
2431 2054 2469 2085 die
2490 2056 2563 2092 Zoll-

1400 2090 1571 2125 Verhältnisse
1596 2098 1688 2127 wegen
1716 2089 1773 2120 dem
1803 2092 1937 2127 Anschluß
1965 2092 2080 2124 Baden-
2107 2103 2141 2124 an
2163 2095 2209 2125 den
2239 2097 2372 2133 deutschen
2393 2101 2561 2138 Zollverein,

1400 2135 1462 2169 statt
1483 2135 1525 2164 der
1546 2135 1867 2172 Militärorganisation,
1896 2137 1946 2173 auf
1965 2137 2005 2168 die
2026 2138 2249 2180 Tagesordnung
2270 2144 2393 2181 gebracht
2414 2153 2446 2182 zu
2467 2147 2562 2183 sehen,

1399 2181 1509 2215 welches
1529 2180 1591 2211 aber
1613 2181 1655 2210 bis
1669 2180 1811 2219 Montag«
1832 2183 1983 2218 verschoben
2004 2184 2093 2219 wird,
2115 2186 2203 2217 indem
2220 2189 2268 2218 das
2283 2190 2441 2226 Präsidium
2455 2192 2562 2228 erklärt,

1399 2226 1451 2262 daß
1483 2230 1511 2255 e«
1536 2226 1588 2257 mit
1614 2225 1697 2261 jedem
1724 2227 1803 2265 Tage
1832 2226 1871 2257 die
1892 2229 2013 2265 offizielle
2036 2231 2220 2272 Mittheilung
2243 2232 2307 2265 über
2326 2234 2411 2272 diesen
2433 2238 2565 2273 Anschluß

1399 2275 1522 2302 erwarte.

1440 2363 1503 2395 Wir
1523 2363 1613 2399 freuen
1636 2366 1690 2393 uns
1711 2362 1754 2393 der
1774 2365 1936 2401 Nachricht,
1959 2367 2053 2403 welche
2074 2367 2115 2398 die
2136 2369 2208 2405 nicht
2229 2371 2398 2411 zweideutige
2420 2373 2561 2412 Schweiz.

1398 2409 1625 2448 Kirchcnzeitung
1646 2410 1697 2439 mit
1716 2411 1811 2448 großer
1833 2411 2062 2449 Umständlichkeit
2084 2415 2276 2452 triumphirend
2291 2418 2436 2455 mittheilt,
2457 2419 2508 2453 daß
2523 2419 2563 2450 die

1398 2452 1597 2493 angekündigte
1629 2454 1822 2487 Konsekration
1849 2458 1964 2493 Bossis,
1995 2465 2055 2495 zum
2083 2460 2223 2495 römischen
2245 2463 2389 2498 Präfekten
2418 2464 2461 2494 der
2482 2463 2563 2495 römi¬

1397 2500 1470 2536 schen
1491 2501 1617 2537 Provinz
1639 2499 1781 2537 Rhätie»,
1803 2504 1881 2532 unter
1902 2503 2030 2541 Assistenz
2051 2503 2096 2534 der
2117 2506 2182 2542 zwei
2202 2507 2378 2542 Adjutanten
2400 2516 2452 2541 von
2476 2511 2562 2547 Pfäf-

1398 2547 1454 2582 fers
1475 2545 1531 2576 und
1551 2545 1709 2581 Einsitdtln
1730 2547 1785 2576 und
1807 2548 2034 2586 mannigfaltigen
2061 2550 2263 2591 Anspielungen
2292 2555 2339 2589 auf
2366 2555 2406 2585 die
2434 2556 2561 2591 beabsich¬

1397 2593 1466 2630 tigte
1485 2592 1684 2630 Bezwingung
1707 2591 1750 2622 der
1771 2594 1930 2630 leibeigenen
1953 2595 2071 2632 Seele»,
2108 2597 2199 2634 welche
2232 2599 2278 2634 seit
2307 2600 2407 2639 einiger
2426 2601 2486 2638 Zeit
2512 2603 2560 2638 sich

1396 2637 1551 2672 erdreisten,
1585 2637 1724 2673 christliche
1747 2638 1961 2676 Geistesfreiheit
1987 2642 2194 2681 anzuspreche»,
2228 2652 2269 2674 am
2300 2648 2328 2676 5.
2351 2647 2419 2682 Juli
2439 2648 2466 2677 in
2489 2648 2562 2679 Ein-

1397 2683 1491 2718 siedeln
1513 2684 1623 2722 gefeiert
1643 2683 1751 2714 worben
1773 2685 1817 2719 sei.
1857 2685 1916 2717 Die
1936 2686 2059 2721 Sprache
2081 2687 2124 2718 der
2147 2689 2200 2720 St.
2220 2690 2373 2726 Gallischen
2393 2691 2561 2729 öffentlichen

1397 2728 1511 2760 Blätter
1531 2729 1589 2760 und
1609 2728 1653 2759 der
1674 2729 1776 2760 biedere
1797 2730 1941 2766 Charakter
1969 2730 2015 2761 des
2038 2731 2244 2765 Graubündner
2272 2737 2393 2773 Volkes,
2427 2739 2486 2774 laßt
2506 2741 2560 2769 uns

1396 2775 1503 2811 hoffen,
1538 2774 1591 2810 daß
1611 2775 1636 2808 so
1657 2775 1722 2805 weit
1740 2777 1901 2813 getriebener
1920 2778 2003 2814 Hohn
2025 2776 2163 2815 römischer
2183 2780 2359 2820 Landvögtr,
2393 2783 2493 2817 endlich
2514 2785 2558 2813 der

1396 2820 1528 2857 gerechten
1560 2820 1660 2856 Strafe
1690 2822 1875 2860 unterliegen,
1911 2822 1965 2852 und
1992 2822 2045 2859 daß
2073 2825 2255 2860 allervorderst
2285 2827 2328 2857 der
2349 2829 2403 2866 Hr.
2427 2830 2486 2860 Abt
2504 2836 2556 2860 von

1395 2865 1540 2904 Psäffer«,
1564 2870 1617 2897 au«
1637 2866 1721 2897 einem
1743 2867 1874 2903 Kanton,
1897 2867 1979 2905 dessen
2000 2870 2169 2910 Verfassung
2190 2873 2245 2903 und
2259 2874 2363 2911 Gesetze
2377 2883 2403 2905 er
2418 2874 2556 2913 meineidig

1394 2911 1526 2947 verletzte,
1548 2913 1598 2949 sich
1620 2911 1692 2948 selbst
1713 2913 1822 2947 exiliren
1844 2914 1947 2951 werde,
1978 2923 2023 2945 um
2045 2915 2103 2946 dem
2124 2918 2260 2955 Schicksal
2289 2920 2362 2951 eine«
2382 2921 2473 2955 Groth
2495 2919 2557 2950 oder

1393 2956 1563 2994 Doffenbach
1585 2965 1617 2995 zu
1641 2960 1784 2995 entgehen;
1817 2959 1913 2995 freilich
1941 2961 2010 2990 wirb
2038 2961 2110 2993 dann
2139 2962 2183 2994 der
2203 2965 2357 3003 katholische
2377 2965 2558 2996 Administra¬

1393 3002 1533 3040 tionsrath
1552 3010 1606 3035 von
1629 3004 1686 3036 St.
1711 3004 1814 3036 Gallen
1836 3004 1896 3035 oder
1923 3005 1964 3036 die
1983 3006 2143 3048 Regierung
2172 3010 2229 3041 eine
2254 3010 2422 3048 einstweilige
2441 3011 2561 3043 Kuratel

1393 3048 1461 3081 über
1483 3048 1525 3079 die
1544 3047 1639 3080 Güter
1658 3048 1707 3079 des
1727 3051 1889 3081 verwaisten
1910 3051 2031 3086 Klosters
2051 3053 2224 3091 anzuordnen
2246 3056 2345 3093 haben,
2377 3055 2464 3087 damit
2485 3058 2558 3091 nicht

1392 3094 1478 3132 dessen
1504 3094 1587 3132 relche
1615 3095 1788 3132 Einnahmen
1816 3094 1860 3132 für
1881 3096 1921 3126 die
1940 3097 2043 3133 Zwecke
2062 3097 2108 3128 der
2128 3100 2287 3131 Nuntiatur
2307 3100 2364 3131 und
2385 3100 2434 3132 de«
2453 3103 2553 3139 kathol.

1391 3140 1516 3173 Vereins
1540 3148 1627 3180 gegen
1653 3140 1704 3171 den
1732 3141 1844 3173 Kanton
1870 3142 1945 3177 selbst
1973 3142 2119 3173 verwendet
2140 3144 2255 3175 werden.
2312 3146 2379 3178 Wir
2398 3148 2481 3186 geben
2502 3151 2558 3179 uns

1389 3187 1481 3224 ferner
1499 3186 1544 3217 der
1567 3187 1659 3224 frohen
1681 3187 1827 3225 Hoffnung
1854 3187 1917 3225 hin,
1950 3186 1995 3217 der
2021 3195 2089 3218 neue
2115 3187 2287 3225 Hildebrand
2313 3193 2401 3223 werde
2428 3194 2455 3225 kn
2478 3194 2557 3227 seiner

1390 3231 1538 3268 Blindheit
1558 3234 1622 3268 noch
1639 3232 1732 3270 ärger«
1754 3231 1857 3262 dumme
1878 3232 2003 3266 Streiche
2024 3240 2108 3271 gegen
2128 3233 2170 3265 dir
2188 3236 2406 3275 schwrizerischen
2426 3239 2554 3275 Kirchen-

1390 3278 1530 3316 freiheitrn
1549 3280 1758 3314 unternehmen,
1790 3285 1838 3307 um
1871 3276 1942 3308 dann
1972 3278 2022 3309 mit
2044 3280 2128 3311 einem
2150 3281 2232 3313 Mal«
2249 3286 2359 3322 gewahr
2377 3291 2412 3322 zu
2433 3283 2552 3320 werden,
