3876 5551
182 111 272 168 M
306 107 418 172 330
486 106 682 171 Erkes
716 100 918 168 Blatt.
990 99 1032 158 P

1454 93 1912 170 MeimSSMWtt

2574 85 2838 160 Freitag.
2876 85 2974 151 25.
3008 86 3344 150 November
3380 82 3554 150 1892.

288 770 716 806 Adonnementspreise.
748 779 864 803 ,M-nnie.
886 780 997 801 »M-n-ie

133 810 157 834 ,3
165 810 177 831 fl
183 815 193 831 1
197 809 205 832 1
210 809 228 832 dS»
240 811 307 835 (ieetin
321 810 350 832 bic
365 810 456 837 3tUung
470 809 562 835 abgtIjolt
574 807 637 831 Bits)
677 821 683 827 .
709 820 715 827 .
740 805 777 832 Fr.
791 809 810 828 4.
828 808 854 829 50
880 807 917 833 Fr.
944 807 965 828 8.
978 806 1005 828 50

131 837 247 864 ^ochwetz
260 836 383 863 (Bestellung
396 836 449 858 beim
462 835 611 862 Poltbneean!.
642 847 715 854 ...
754 847 766 858 ,
792 835 814 856 6.
826 845 853 860 —
893 834 1004 859 „11.—

187 863 220 890 bo.
261 864 307 890 (mit
322 863 388 891 Beeng
402 864 465 885 untre
477 859 634 887 Privatadresse)
671 874 677 882 .
705 874 711 881 .
754 875 763 883 .
792 862 812 883 7.
825 860 853 886 50
893 875 903 885 ,
933 861 967 881 14.
979 869 1005 875 —

137 889 307 916 Deutschland
335 891 459 915 (Bestellung
479 890 531 911 beim
544 887 644 912 Postamt»
677 901 682 908 .
709 901 714 907 .
736 886 779 908 SHt.
794 888 813 909 6.
826 889 853 910 25

138 916 263 942 Oeftttiti
273 918 415 944 ch-Ungarn
434 916 496 941 (Best.
509 917 528 938 b.
543 914 644 939 Postamt)
679 912 700 939 st.
714 912 733 934 5.
747 913 779 935 88.
793 916 813 936 4.
827 915 854 935 82

139 944 220 972 Uebrtge
230 945 319 967 Staaten
331 944 366 967 deS
380 944 523 971 Wrltpost»
532 941 622 964 eretui
635 954 641 961 .
669 955 676 963 .
736 940 772 966 Fr.
783 942 813 963 11.
828 943 854 963 50
881 940 917 966 Fr.
930 943 964 962 23.
981 951 1002 956 —

281 983 583 1017 AcdaStionsvureau:
601 978 749 1013 Brunngaff-
766 980 813 1007 Nr.
830 978 856 1006 2.

1214 808 1351 937 md
1410 800 1955 967 sch«iMes
2010 796 2535 959 HMelÄM.

2993 755 3374 797 A«f«rtio»4preifei

2936 792 2979 817 Per
2991 792 3108 819 einspaltige
3117 791 3218 819 Peiitzeil»
3230 793 3277 814 ober
3289 792 3347 814 deren
3362 792 3431 814 Siaum

2818 843 2834 851 ,
2851 844 2859 851 .
2879 818 2914 844 für
2925 818 2957 840 btt
2972 817 3061 845 Schwei,
3074 821 3099 840 »5
3114 818 3169 842 8«.,
3186 819 3219 844 für
3233 819 3272 840 da,
3286 818 3383 840 Ausland
3394 821 3421 841 40
3433 817 3488 845 «I»,

2747 844 2912 871 Saeal-Insreat,
2921 848 2947 867 ro
2958 846 3002 868 Cts.
3016 845 3071 871 (erel.
3079 845 3157 871 stnani.
3166 845 3280 872 «n,eigen),
3295 844 3402 867 Reclamen
3411 845 3450 872 Fr.
3459 848 3471 868 1
3471 858 3502 869 .—
3512 850 3548 872 per
3558 847 3622 871 »rg»,

2922 870 3089 906 _Alleinig,
3101 870 3342 898 Jnseraien-Auniy«,
3356 872 3387 894 bei

2870 898 3193 928 —Rudolf
3204 899 3331 927 Rosse
3359 916 3363 920 -
3446 915 3497 922 —

2750 933 2991 961 Lnnoneen^iipediiton
3008 935 3043 962 für
3056 936 3094 956 alle
3108 934 3264 962 schweizerischen
3280 938 3323 957 und
3337 934 3490 962 ausländischen
3502 936 3619 964 Jriinnge»

2741 1005 2909 1009 _
3013 963 3124 1000 Zürich,
3142 963 3291 996 Schifflände
3302 963 3345 990 32.

252 1102 307 1154 Die
334 1097 574 1144 internationale
602 1094 871 1147 MnzKonfercnz.

208 1175 263 1208 Am
287 1176 339 1208 22.
361 1174 388 1207 d.
412 1173 464 1207 M.
497 1170 530 1210 ist
559 1168 588 1201 in
612 1167 724 1209 Brüssel
747 1168 789 1201 die
813 1167 977 1201 internatio¬

148 1219 206 1252 nale
235 1218 467 1260 Münzkonferenz
499 1214 783 1256 zusammengctreten,
816 1219 870 1246 von
905 1212 979 1245 einer

148 1264 245 1304 großen
267 1264 344 1306 Zahl
364 1263 443 1303 meist
465 1257 647 1298 europäischer
670 1258 796 1292 Staaten
831 1257 883 1290 mit
906 1257 979 1290 einer

148 1308 264 1348 jeweilen
288 1309 403 1350 größer«
426 1304 501 1347 Zahl
516 1302 674 1344 Delegirter
696 1319 736 1326 —
762 1302 891 1343 England
904 1311 979 1335 mar-

150 1353 238 1392 schirte
259 1354 312 1387 mit
334 1353 430 1394 sechsen
452 1349 512 1388 auf,
545 1348 845 1388 Oesterreich-Ungarn
876 1347 979 1386 freilich

150 1406 204 1430 nur
226 1399 276 1432 mit
298 1399 382 1432 einem
407 1413 449 1419 —
472 1393 596 1434 beschickt.
621 1392 682 1426 Der
693 1392 820 1433 belgische
832 1390 980 1433 Minister¬

152 1443 283 1482 präsident
307 1443 361 1476 und
383 1437 616 1481 Finanzminister
637 1437 777 1471 Bernaert
800 1436 927 1478 eröffnetc
940 1437 982 1470 die

152 1486 298 1529 Konferenz
320 1487 371 1521 mit
393 1486 468 1518 einer
490 1482 653 1523 Ansprache,
686 1483 716 1515 in
747 1482 859 1521 welcher
881 1491 910 1514 er
932 1484 983 1514 den

153 1531 246 1573 Werth
270 1535 314 1566 der
337 1529 579 1568 Vereinbarungen
614 1528 663 1568 auf
696 1528 755 1561 dem
790 1526 903 1560 Gebiete
937 1528 983 1559 der

153 1576 297 1619 Währung
319 1578 435 1611 betonte,
458 1573 508 1614 auf
530 1572 571 1605 die
594 1572 707 1613 Erfolge
730 1570 773 1614 (?)
804 1572 850 1604 der
873 1571 983 1604 lateini¬

153 1621 223 1662 schen
245 1620 428 1663 Münzunion
451 1617 568 1659 hinwieS
603 1619 659 1650 und
693 1616 884 1658 einträchtiges
910 1616 984 1650 Vor¬

155 1668 233 1708 gehen
257 1667 320 1707 auch
345 1666 389 1706 für
412 1663 454 1696 die
476 1662 599 1704 Zukunft
622 1661 753 1702 empfahl.
782 1661 843 1700 Für
866 1660 906 1694 die
928 1661 985 1695 Re¬

155 1712 253 1754 gelung
276 1713 321 1745 der
343 1707 574 1747 internationalen
598 1707 730 1748 Frage
764 1706 800 1745 sei
834 1706 878 1739 ein
900 1705 985 1739 inter¬

155 1755 310 1790 nationales
339 1753 579 1787 Abkommen
613 1751 794 1793 erforderlich,
828 1750 987 1791 keinesfalls

156 1801 216 1841 solle
240 1802 303 1834 aber
326 1808 360 1833 an
383 1799 444 1831 dem
467 1796 601 1837 Bestände
624 1797 670 1829 der
692 1795 865 1837 lateinischen
879 1794 987 1837 Münz¬

155 1846 241 1879 union
264 1843 390 1887 gerüttelt
413 1842 529 1875 werden.

219 1892 262 1924 Es
285 1891 318 1930 ist
339 1897 371 1930 zu
393 1887 564 1926 vermuthen,
587 1886 640 1924 daß
662 1885 704 1919 die
722 1885 823 1924 letztere
834 1884 989 1926 Mahnung

157 1945 191 1968 an
214 1935 328 1976 Italien
350 1932 397 1974 sich
427 1932 542 1971 richtete,
575 1930 687 1971 welches
720 1930 771 1971 auf
804 1931 850 1963 der
882 1929 990 1970 Münz,

155 1981 291 2021 konferenz
314 1978 365 2012 alle
387 1976 475 2020 Hebel
497 1976 525 2008 in
547 1975 709 2016 Bewegung
732 1975 809 2014 setzen
836 1973 906 2013 will,
941 1984 991 2006 um

157 2025 207 2066 auf
229 2025 295 2065 diese
317 2024 379 2056 oder
401 2022 461 2063 jene
481 2020 568 2059 Weise
591 2021 643 2053 das
665 2019 873 2061 Zugeständniß
893 2028 927 2059 zu
950 2028 990 2051 er¬

157 2071 261 2111 halten,
294 2067 459 2108 neuerdings
494 2065 758 2105 Silberprägungen
793 2065 993 2105 vorzunehmen

157 2133 198 2138 —
223 2115 262 2147 im
284 2112 422 2153 Interesse
457 2111 503 2144 de«
525 2110 741 2150 Staatsschatzes
776 2108 923 2148 natürlich,
959 2109 993 2142 da

156 2158 448 2199 Silberscheidemünze
484 2156 535 2188 mit
567 2154 667 2195 halben
700 2153 799 2193 Kosten
836 2154 893 2186 und
927 2153 992 2190 auch

157 2203 509 2243 Silberwährungsmünze
531 2200 582 2232 mit
606 2199 800 2240 Aufwendung
835 2205 889 2231 von
922 2197 995 2237 nicht

160 2248 264 2282 einmal
291 2246 330 2287 V»
357 2247 403 2279 des
428 2244 681 2283 NominalwertheS
714 2243 763 2284 sich
787 2246 891 2284 prägen
924 2243 994 2282 läßt.

157 2293 274 2333 Italien
295 2292 366 2325 wird
383 2289 552 2332 gelegentlich
567 2288 632 2328 auch
645 2287 887 2328 durchschimmern
899 2287 995 2329 lassen,

160 2338 198 2370 im
222 2337 301 2377 Falle
338 2345 402 2369 man
441 2337 497 2372 ihm
533 2334 589 2367 kein
619 2332 881 2374 Entgegenkommen
914 2332 996 2373 zeige,

159 2381 243 2415 könne
267 2382 322 2423 sein
345 2380 471 2414 Austritt
504 2383 558 2411 aus
588 2379 635 2411 der
667 2377 852 2418 Münzunion
884 2385 917 2418 zu
951 2377 993 2410 be¬

158 2427 282 2468 fürchten
306 2426 368 2465 sein.
412 2425 487 2458 Aber
509 2424 549 2456 die
571 2422 688 2463 übrigen
710 2422 815 2456 Länder
837 2424 884 2455 der
916 2421 996 2454 latei¬

160 2472 265 2512 nischen
288 2470 469 2510 Münzunion
491 2469 597 2501 werden
613 2467 660 2507 sich
678 2467 792 2506 dadurch
811 2467 883 2506 nicht
895 2467 997 2506 rühren

161 2517 256 2559 lassen,
293 2516 348 2548 und
385 2514 500 2554 Italien
537 2511 715 2551 vcrmuthlich
753 2511 890 2552 abziehen,
928 2511 997 2551 ohne

158 2560 349 2602 irgendwelche
384 2557 578 2600 Konzessionen
617 2556 786 2596 durchgesetzt
821 2565 856 2598 zu
899 2556 998 2596 haben.

162 2605 269 2647 Luzzati
293 2605 326 2644 ist
347 2604 394 2645 sich
420 2610 475 2636 von
498 2600 660 2641 vornherein
683 2601 750 2634 über
774 2601 824 2633 den
840 2599 999 2642 Mißerfolg

162 2650 243 2691 dieser
265 2649 463 2689 Aspirationen
485 2646 542 2679 klar
555 2645 681 2685 gewesen,
704 2646 761 2678 und
774 2646 924 2686 deßwcgeu,
948 2646 1001 2678 wie

161 2694 239 2733 auch,
262 2694 326 2726 weil
348 2702 376 2725 er
397 2692 466 2725 über
488 2692 540 2723 das
552 2689 705 2731 Ansinnen,
727 2691 780 2722 das
793 2690 907 2729 Italien
919 2689 1000 2729 stellt,

160 2739 239 2779 selbst
260 2738 332 2777 nicht
353 2746 416 2778 zum
439 2735 540 2775 Besten
563 2733 659 2767 denken
681 2743 755 2775 mag,
778 2734 828 2773 hat
851 2743 879 2767 er
901 2738 930 2767 eS
954 2735 1002 2767 ab¬

163 2783 283 2824 gelehnt,
304 2782 353 2822 sich
376 2790 414 2813 an
438 2781 479 2813 die
501 2779 655 2819 Konferenz
679 2779 813 2819 delegiren
847 2787 880 2819 zu
905 2779 1001 2820 lassen.

163 2825 439 2868 Selbstverständlich
462 2825 520 2866 sind
541 2823 676 2863 übrigens
688 2823 753 2863 diese
764 2823 1004 2863 Verhandlungen

164 2872 238 2913 nicht
250 2870 423 2912 Gegenstand
437 2869 482 2902 der
497 2867 883 2901 internationalen
894 2866 1003 2908 Münz¬

163 2916 302 2957 konferenz
325 2916 370 2949 als
392 2914 506 2954 solchen,
541 2913 654 2952 sondern
689 2913 733 2944 der
769 2912 798 2944 in
832 2912 874 2944 die
900 2912 1002 2949 „inter¬

166 2961 327 2994 nationale"
367 2957 575 3000 eingekapselten
609 2955 760 2997 Konferenz
798 2957 845 2989 der
878 2956 1004 2989 Staaten

168 3005 214 3039 der
238 3003 517 3044 lateinischen
539 3001 733 3041 Münzunion.

236 3050 323 3083 Ueber
349 3050 398 3081 den
422 3047 551 3088 Rahmen
585 3045 720 3085 derselben
754 3045 860 3083 hinaus
893 3046 1004 3086 dürften

170 3095 217 3137 sich
255 3104 315 3127 nun
354 3092 480 3133 Italien,
517 3090 663 3131 Spanien,
700 3089 833 3130 England
870 3090 927 3122 und
964 3091 1006 3123 die

169 3139 391 3178 amerikanischen
431 3138 555 3171 Staaten
594 3135 635 3167 die
668 3134 752 3177 Hand
790 3135 903 3175 reichen.
949 3134 1006 3168 Sie

169 3184 224 3218 alle
247 3185 305 3225 sind
329 3183 400 3216 einer
435 3182 563 3221 stärkeren
586 3179 781 3220 Verwendung
816 3180 863 3212 des
885 3179 1006 3212 Silbers

169 3231 210 3262 im
232 3228 411 3269 Münzwesen
435 3229 481 3259 der
502 3226 629 3259 Staaten
652 3225 726 3264 hold.
773 3225 837 3256 Und
860 3224 948 3257 damit
974 3224 1008 3265 ist

171 3276 246 3307 dann
269 3274 333 3312 auch
357 3273 408 3305 das
432 3271 550 3312 Thema,
581 3272 633 3302 das
657 3269 698 3302 die
720 3268 873 3310 Konferenz
906 3269 1007 3308 haupt¬

171 3318 279 3360 sächlich
313 3316 489 3358 beschäftigen
524 3315 625 3355 dürste,
660 3314 783 3355 gegeben.
828 3313 887 3346 Die
917 3314 1009 3354 Frage

172 3366 220 3397 des
243 3361 434 3404 prinzipiellen
446 3359 680 3394 Bimetallismus
710 3358 781 3391 wird
803 3357 1009 3398 zurückgestellt,

170 3410 206 3442 da
230 3407 358 3449 England
387 3406 445 3439 und
467 3403 653 3444 Deutschland
688 3403 818 3441 erklären,
851 3402 1010 3444 keinesfalls

172 3462 227 3486 von
250 3453 324 3492 ihrer
347 3449 562 3490 Goldwährung
586 3448 705 3488 abgehen
738 3457 772 3489 zu
806 3448 917 3485 wollen,
952 3448 1009 3480 und

172 3502 203 3530 es
242 3498 399 3537 jedermann
436 3494 493 3527 klar
531 3493 574 3534 ist,
614 3493 666 3532 daß
703 3492 761 3525 eine
794 3492 1010 3526 internationale

172 3540 395 3581 bimetallistische
419 3538 514 3573 Union
548 3538 618 3577 ohne
652 3537 717 3577 diese
751 3536 845 3569 beiden
873 3536 1010 3576 Staaten,

173 3585 355 3627 vornehmlich
378 3583 520 3625 England,
543 3582 591 3623 sich
616 3582 687 3621 nicht
709 3581 805 3614 denken
832 3580 900 3620 läßt.
946 3581 1011 3615 Da¬

174 3640 258 3673 gegen
279 3630 369 3672 dürfte
392 3629 435 3662 die
456 3628 558 3668 Frage,
593 3626 645 3659 wie
667 3635 733 3658 man
755 3626 834 3665 mehr
857 3625 959 3659 Silber
982 3627 1012 3659 in

174 3676 217 3709 die
239 3675 421 3716 Währungen
455 3672 569 3713 bringen
603 3670 697 3707 könne,
720 3669 894 3711 Gegenstand
928 3671 1012 3704 breit¬

173 3720 300 3762 spuriger
311 3720 517 3759 Erörterungen
540 3716 657 3749 werden.
681 3715 744 3748 Von
758 3715 841 3748 Seite
857 3715 1011 3754 Amerikas,

174 3765 242 3805 auch
254 3764 389 3805 Belgiens
412 3763 500 3803 macht
522 3770 587 3794 man
610 3760 658 3801 sich
682 3760 733 3801 auf
750 3759 808 3792 eine
819 3759 900 3801 lange
911 3759 1013 3793 Dauer

175 3812 222 3843 der
245 3808 479 3850 Verhandlungen
507 3806 609 3847 gefaßt.
654 3803 795 3844 Während
814 3803 1012 3844 Deutschland,

175 3854 474 3895 Oesterreich-Ungarn
507 3851 563 3884 und
597 3849 672 3889 wohl
705 3848 769 3885 auch
805 3848 891 3889 einige
914 3850 1013 3882 andere

176 3899 304 3932 Staaten
326 3899 373 3940 sich
396 3898 452 3931 mit
480 3896 544 3937 zwei
576 3895 624 3927 bis
657 3894 715 3926 drei
736 3892 855 3932 Wochen
889 3896 1013 3934 genügen

176 3943 260 3985 lasten
283 3944 407 3981 würden,
430 3942 500 3975 wird
534 3948 587 3973 von
611 3938 729 3980 Belgien
751 3937 861 3976 erklärt,
894 3938 946 3977 daß
981 3947 1014 3979 zu

1021 1077 1216 1118 Weihnachten
1240 1077 1297 1110 eine
1330 1077 1394 1117 erste
1431 1075 1539 1116 größere
1563 1072 1785 1113 Unterbrechung
1817 1072 1864 1104 der

1022 1122 1173 1164 Konferenz
1198 1122 1327 1155 eintreten
1350 1120 1428 1161 solle,
1441 1121 1497 1153 und
1514 1119 1572 1161 sind
1588 1118 1630 1151 die
1643 1116 1864 1157 amerikanischen

1022 1166 1186 1209 Delegirten
1221 1175 1271 1207 gar
1303 1166 1357 1199 mit
1380 1164 1455 1199 Kind
1489 1164 1547 1197 und
1571 1162 1664 1203 Kegel,
1699 1161 1864 1202 mindestens

1022 1212 1075 1245 mit
1097 1212 1176 1253 ihren
1200 1212 1309 1251 Frauen
1337 1210 1404 1244 über
1439 1210 1488 1242 den
1512 1207 1611 1248 Ozean
1646 1215 1767 1248 gezogen,
1805 1210 1865 1237 was

1024 1257 1074 1294 auf
1114 1256 1171 1290 eine
1205 1256 1407 1295 Vorbereitung
1447 1255 1493 1295 für
1531 1253 1661 1294 längeren
1698 1250 1866 1290 Aufenthalt

1024 1301 1150 1342 schließen
1172 1301 1241 1341 läßt.
1287 1299 1440 1342 Vorläufig
1462 1299 1495 1339 ist
1511 1297 1647 1339 übrigens
1663 1295 1702 1329 die
1715 1294 1867 1337 Konferenz

1025 1346 1056 1379 in
1090 1346 1224 1387 schlechter
1246 1345 1432 1385 Stimmung,
1466 1344 1499 1376 da
1536 1342 1578 1375 die
1605 1340 1781 1374 Amerikaner
1817 1348 1867 1380 gar

1025 1391 1095 1424 keine
1117 1391 1256 1433 speziellen
1279 1389 1442 1431 Vorschläge
1477 1386 1679 1427 ausgearbeitet
1716 1394 1748 1427 zu
1780 1385 1868 1425 haben

1026 1436 1144 1476 scheinen
1188 1437 1244 1468 und
1289 1444 1355 1467 man
1393 1432 1585 1474 infolgedessen
1623 1432 1690 1469 ohne
1729 1430 1869 1468 Substrat

1028 1481 1075 1521 für
1097 1481 1138 1514 die
1159 1480 1394 1520 Verhandlungen
1420 1478 1462 1517 ist.
1508 1476 1658 1517 Mehrfach
1680 1475 1750 1507 wird
1786 1474 1869 1515 ihnen

1028 1525 1092 1565 auch
1138 1525 1271 1565 verdacht,
1325 1524 1377 1563 daß
1433 1523 1467 1564 sie
1524 1523 1623 1554 immer
1677 1520 1741 1558 noch
1799 1518 1871 1557 nicht

1028 1570 1162 1611 begreifen
1197 1570 1306 1607 wollen,
1339 1569 1391 1601 wie
1427 1568 1483 1600 eine
1507 1565 1617 1607 Anzahl
1646 1564 1771 1598 Staaten
1806 1562 1871 1602 nach

1029 1614 1145 1656 Brüssel
1166 1615 1230 1654 bloß
1252 1622 1390 1656 gegangen
1414 1612 1459 1652 ist,
1482 1620 1530 1643 um
1553 1610 1603 1651 sich
1637 1610 1719 1649 ihnen
1752 1607 1871 1640 liebens¬

1030 1660 1139 1700 würdig
1173 1669 1206 1701 zu
1240 1659 1375 1699 erweisen,
1409 1659 1479 1696 ohne
1513 1655 1579 1688 aber
1612 1654 1652 1687 im
1685 1653 1802 1694 übrigen
1831 1652 1874 1684 die

1031 1704 1183 1746 Konferenz
1208 1704 1279 1744 ernst
1300 1712 1333 1744 zu
1355 1701 1482 1741 nehmen.
1510 1698 1569 1733 Die
1583 1697 1756 1732 Amerikaner
1773 1696 1873 1730 wollen

1032 1750 1067 1789 sie
1090 1749 1161 1789 ernst
1184 1757 1344 1789 genommen
1366 1746 1472 1788 wissen.

1237 1829 1668 1892 Eidgenossenschaft.

1103 1924 1144 1930 —
1166 1906 1225 1946 Im
1246 1905 1382 1945 Entwurf
1415 1912 1478 1944 zum
1499 1901 1696 1942 Bundesgesetz
1730 1900 1800 1932 betr.
1835 1898 1878 1931 die

1036 1951 1339 1991 Besoldungen
1371 1947 1667 1982 derBeamten
1697 1946 1766 1977 des
1790 1942 1877 1977 Mi¬

1037 1997 1486 2034 litärdepartements
1542 1992 1650 2024 werden
1694 1988 1878 2031 vorgesehen:

1038 2040 1173 2080 Gehälter
1212 2041 1257 2073 der
1279 2039 1418 2073 Beamten
1456 2039 1502 2070 der
1535 2032 1879 2075 DepartementSkanzlei:

1039 2087 1125 2119 8000
1148 2086 1200 2124 Fr.
1223 2084 1396 2125 Maximum,
1433 2083 1518 2115 2000
1541 2081 1592 2120 Fr.
1623 2079 1798 2116 Minimum,
1821 2084 1878 2110 ver¬

1038 2131 1118 2171 theilt
1142 2130 1192 2171 auf
1227 2130 1291 2170 fünf
1312 2128 1446 2170 Klassen;
1482 2128 1528 2159 der
1563 2122 1880 2166 Zentralverwaltung:

1040 2176 1126 2208 8500
1148 2175 1199 2214 Fr.
1233 2173 1397 2215 Maximum
1432 2172 1478 2204 bis
1515 2170 1600 2204 1500
1624 2169 1674 2208 Fr.
1708 2168 1884 2204 Minimum,

1041 2219 1167 2256 vertheilt
1205 2220 1254 2260 auf
1276 2219 1345 2258 sechs
1368 2217 1505 2258 Klassen;
1539 2216 1587 2248 der
1608 2211 1883 2255 Regieangestellten,

1040 2263 1330 2299 MunitionSkontrole
1355 2262 1413 2296 und
1430 2261 1555 2300 Depots.
1579 2259 1729 2300 FeftungS-
1746 2256 1805 2289 und
1828 2254 1884 2288 Ka¬

1040 2309 1339 2349 sernenverwaltungen
1352 2316 1360 2338 :
1407 2307 1496 2338 7000
1532 2304 1585 2344 Fr.
1630 2301 1797 2344 Maximum
1840 2300 1885 2332 bis

1044 2356 1126 2387 1200
1149 2354 1200 2393 Fr.
1223 2353 1397 2390 Minimum,
1433 2349 1561 2391 vertheilt
1598 2348 1650 2389 auf
1672 2348 1729 2379 vier
1750 2344 1887 2386 Klassen;

1042 2400 1087 2432 des
1121 2395 1485 2439 JnstruktionspersonalS:
1522 2394 1609 2428 8500
1644 2392 1692 2431 Fr.
1717 2390 1889 2432 Maximum

1042 2444 1087 2476 bis
1111 2444 1197 2476 2000
1219 2442 1343 2481 Franken
1374 2440 1551 2476 Minimum,
1586 2435 1714 2477 vertheilt
1747 2435 1798 2476 auf
1819 2434 1887 2475 fünf

1042 2487 1163 2528 Klassen.

1094 2551 1128 2556 —
1147 2536 1203 2565 Der
1219 2533 1530 2567 Oberinstruktor
1558 2531 1621 2559 der
1645 2526 1891 2564 Infanterie,

1043 2577 1107 2611 Herr
1122 2574 1353 2609 Oberstdioisionär
1380 2572 1492 2606 Rudolf,
1523 2572 1567 2604 hat
1585 2570 1665 2599 neben
1697 2568 1781 2602 seinen
1800 2567 1893 2601 eigent¬

1045 2617 1119 2649 lichen
1137 2616 1326 2650 Amtspflichten
1355 2614 1414 2648 noch
1434 2613 1482 2642 den
1504 2611 1597 2645 Vorsitz
1625 2611 1667 2639 der
1698 2607 1893 2639 Landesbesesti-

1046 2656 1285 2691 gungSkommission
1303 2656 1355 2684 und
1375 2657 1425 2683 das
1434 2652 1598 2684 Kommando
1614 2651 1658 2679 der
1675 2649 1773 2683 fünften
1790 2647 1895 2677 Armee¬

1047 2698 1161 2730 division.
1196 2697 1247 2726 Als
1276 2695 1457 2730 Hälfsbeamte
1489 2695 1534 2726 hat
1563 2699 1590 2720 er
1615 2691 1688 2720 einen
1705 2687 1896 2724 Jnstruktions-

1047 2738 1188 2772 aspiranten
1207 2736 1260 2765 und
1292 2736 1363 2765 einen
1382 2733 1513 2765 Sekretär.
1547 2732 1606 2761 Mit
1640 2730 1721 2762 diesen
1738 2728 1837 2763 äußerst
1856 2728 1896 2756 be¬

1048 2778 1151 2816 scheiden
1180 2776 1331 2810 bemessenen
1356 2773 1531 2809 Hülfskräften
1561 2772 1593 2805 ist
1621 2771 1665 2800 der
1690 2771 1751 2803 hohe
1770 2769 1825 2797 und
1843 2776 1895 2797 ver¬

1049 2821 1130 2849 diente
1147 2817 1353 2848 Militärbeamte
1382 2815 1446 2847 nicht
1472 2815 1508 2843 im
1527 2812 1644 2844 Stande,
1671 2810 1730 2842 auch
1758 2809 1800 2838 bei
1818 2816 1894 2841 ange¬

1049 2859 1201 2894 strengtester
1218 2858 1305 2888 Arbeit
1333 2857 1397 2888 ohne
1416 2855 1594 2888 Aufopferung
1624 2852 1701 2886 seiner
1721 2850 1815 2878 bereits
1833 2848 1897 2881 stark

1048 2895 1236 2930 angegriffenen
1253 2892 1408 2926 Gesundheit
1429 2891 1467 2919 die
1485 2889 1542 2922 Last
1561 2888 1638 2920 feiner
1658 2885 1787 2920 Geschäfte
1806 2891 1834 2919 zu
1853 2884 1893 2912 be¬

1051 2936 1177 2969 wältigen.
1214 2935 1265 2963 Die
1284 2931 1458 2966 noihwendige
1477 2928 1634 2962 Entlastung
1666 2927 1711 2961 soll
1733 2933 1787 2954 nun
1807 2926 1835 2953 in
1855 2924 1897 2952 der

1048 2976 1129 3009 Weise
1147 2973 1327 3009 herbeigesührt
1345 2971 1454 3004 werden,
1484 2970 1535 3003 daß
1566 2968 1620 3000 ihm
1640 2968 1679 2996 die
1697 2965 1896 2998 Ermächtigung

1050 3016 1145 3050 ertheilt
1161 3015 1233 3047 wird,
1251 3013 1415 3044 abwechselnd
1436 3011 1507 3039 einen
1526 3016 1555 3044 zu
1573 3006 1797 3038 Bureauarbeiten
1816 3005 1898 3038 geeig¬

1049 3059 1121 3086 neten
1139 3053 1408 3090 Jnstruktionsoffizier
1427 3051 1501 3082 erster
1512 3048 1598 3082 Klasse
1616 3048 1659 3081 für
1678 3047 1718 3075 die
1729 3046 1820 3075 Dauer
1831 3045 1898 3075 meh¬

1050 3105 1115 3126 rerer
1130 3096 1243 3126 Monate
1259 3094 1318 3123 oder
1335 3093 1405 3122 eine«
1426 3091 1527 3125 Jahres
1545 3089 1597 3123 (im
1614 3086 1770 3123 Höchstfälle,
1789 3093 1835 3114 um
1853 3085 1898 3116 ihn

1051 3136 1114 3170 nicht
1129 3143 1158 3171 zu
1176 3136 1252 3169 lange
1282 3134 1375 3168 seinem
1402 3130 1564 3165 eigentlichen
1591 3128 1685 3161 Berufe
1713 3134 1742 3161 zu
1759 3125 1899 3161 entziehen)

1052 3177 1096 3209 auf
1113 3176 1164 3210 sein
1183 3175 1289 3205 Bureau
1314 3181 1343 3208 zu
1371 3170 1580 3203 kommanbiren;
1612 3169 1655 3197 der
1671 3166 1816 3202 Instruktor
1834 3165 1899 3194 wäre

1054 3217 1097 3249 für
1114 3217 1154 3246 die
1170 3216 1262 3245 Dauer
1279 3214 1356 3247 seiner
1373 3210 1631 3243 Abkommandimng
1662 3207 1733 3241 durch
1755 3207 1828 3235 einen
1846 3205 1899 3240 Jn-

1053 3255 1329 3291 struttionsaspiranten
1365 3261 1394 3288 zu
1423 3252 1528 3286 ersehen.
1576 3249 1637 3279 Von
1667 3247 1710 3277 der
1737 3245 1899 3279 Einrichtung

1054 3297 1120 3326 einer
1138 3296 1284 3330 destnitiven
1301 3294 1449 3325 Beamtung
1467 3292 1530 3321 wird
1551 3290 1599 3318 mit
1609 3287 1731 3321 Rücksicht
1748 3287 1795 3320 auf
1815 3286 1853 3315 die
1873 3286 1900 3314 in

1054 3337 1166 3370 Aussicht
1183 3335 1296 3369 stehende
1322 3333 1444 3366 Revision
1469 3332 1512 3360 der
1537 3327 1822 3362 Militärorganisation
1840 3326 1900 3355 Um¬

1057 3385 1124 3412 gang
1144 3383 1302 3411 genommen.

1300 3462 1649 3519 Kantone.

1403 3529 1556 3573 Zürich.

1110 3597 1143 3604 —
1169 3584 1249 3612 Aus
1268 3583 1331 3611 den
1349 3573 1904 3612 RegierungsrathSverhand-

1072 3631 1196 3658 ungen
1214 3630 1290 3652 vom
1307 3621 1351 3650 24.
1369 3618 1589 3650 November.
1624 3615 1681 3650 Für
1700 3614 1773 3643 einen
1793 3612 1902 3645 Schüler

1058 3673 1091 3694 an
1119 3665 1162 3693 der
1179 3663 1243 3697 eidg.
1261 3659 1470 3695 Ackerbauschule,
1502 3659 1544 3687 der
1571 3656 1615 3690 sich
1634 3658 1677 3685 als
1693 3652 1905 3686 Kulturtechniker

1060 3704 1196 3735 ausbilden
1223 3703 1287 3736 will,
1312 3702 1377 3731 wird
1402 3700 1470 3729 beim
1488 3698 1582 3728 Bunde
1606 3704 1652 3726 um
1681 3695 1723 3724 ein
1741 3694 1769 3724 S
1780 3696 1791 3722 t
1802 3694 1811 3723 i
1820 3700 1835 3727 p
1846 3701 1857 3721 e
1867 3700 1884 3721 n
1895 3702 1904 3715 -

1059 3745 1074 3774 d
1085 3746 1093 3774 i
1103 3753 1120 3774 u
1130 3752 1156 3774 m
1174 3742 1332 3777 nachgesucht.
1347 3756 1378 3761 —
1392 3740 1449 3771 Der
1466 3738 1609 3769 Gemeinde
1627 3736 1662 3766 W
1672 3735 1680 3764 i
1690 3743 1701 3764 e
1713 3735 1729 3763 d
1738 3734 1747 3763 i
1757 3733 1769 3762 k
1781 3742 1795 3762 o
1805 3740 1822 3762 n
1841 3732 1904 3762 wird

1061 3786 1101 3815 die
1119 3784 1292 3817 Bewilligung
1318 3789 1360 3817 zur
1378 3780 1524 3811 Korrektion
1551 3778 1595 3806 der
1611 3773 1836 3808 Kalkbreilestraße
1855 3780 1905 3802 von

1063 3827 1105 3854 der
1122 3824 1246 3857 Seebahn
1274 3823 1314 3852 bis
1340 3830 1382 3858 zur
1400 3817 1627 3856 Zurlindenstraße
1646 3815 1736 3850 gemäß
1752 3815 1768 3849 8
1790 3813 1841 3843 102
1860 3812 1905 3841 des

1061 3863 1349 3898 VereinigungSgesehes
1368 3861 1473 3896 ertheilt.
1493 3875 1525 3879 -
1543 3858 1615 3893 Zwei
1634 3856 1757 3889 Gesuchen
1776 3862 1822 3883 um
1855 3853 1906 3882 Be¬

1059 3906 1192 3939 willigung
1211 3912 1259 3934 von
1267 3902 1449 3935 Waldrodung
1458 3901 1487 3929 in
1504 3900 1552 3929 den
1570 3893 1907 3929 GemeindenHinweil

1058 3947 1110 3975 und
1128 3945 1212 3981 Zell
1231 3941 1463 3977 wirdenffprochen.
1483 3955 1516 3960 —
1535 3938 1594 3969 Aus
1607 3934 1902 3968 derBrandassekuranz-

1909 1068 1974 1104 kaffa
2004 1068 2103 1098 werden
2132 1066 2250 1101 Beiträge
2280 1066 2402 1100 bewilligt
2430 1073 2464 1095 an
2501 1065 2539 1094 die
2568 1064 2661 1098 Kosten
2696 1070 2746 1093 von

1907 1109 2247 1146 Hydrantenanlagen
2263 1108 2316 1136 und
2332 1104 2608 1140 Löschgeräthschaften:
2630 1104 2680 1133 den
2691 1103 2743 1133 Ge¬

1909 1149 2028 1180 meinden
2044 1148 2176 1179 Wiedikon
2195 1147 2263 1177 3230
2280 1147 2332 1182 Fr.,
2359 1146 2440 1179 Stäsa
2460 1145 2513 1175 700
2529 1145 2581 1180 Fr-,
2612 1144 2748 1179 Hottingen

1909 1189 1962 1219 895
1982 1189 2033 1223 Fr.,
2063 1189 2111 1217 den
2140 1187 2357 1223 Zivilgemeinden
2387 1185 2515 1218 Psäffikon
2546 1183 2599 1213 665
2625 1184 2670 1219 Fr.
2695 1183 2748 1213 und

1909 1229 2012 1261 Ellikon
2028 1238 2053 1259 a.
2070 1228 2159 1263 Rhein
2183 1228 2219 1256 55
2235 1227 2287 1262 Fr.,
2314 1232 2357 1256 der
2383 1223 2750 1260 Wasserversorgungs-Unter-

1910 1270 2039 1304 nehniung
2059 1270 2086 1297 in
2105 1268 2218 1303 Hinweil
2235 1267 2305 1295 4000
2316 1266 2360 1302 Fr.
2378 1268 2429 1295 und
2449 1266 2492 1294 der
2509 1263 2749 1295 Bmnnenkorpora-

1911 1312 1964 1341 tion
1983 1309 2142 1343 Oberschneit
2160 1308 2229 1337 2630
2241 1308 2283 1343 Fr.
2303 1321 2336 1327 —
2354 1307 2397 1341 In
2414 1307 2493 1341 Folge
2511 1304 2639 1338 erreichten
2647 1304 2751 1336 Dienst-

1911 1352 1992 1381 allers
2018 1349 2116 1379 werden
2142 1348 2257 1382 folgende
2272 1347 2394 1382 Offiziere
2421 1347 2447 1375 in
2472 1346 2519 1374 den
2537 1344 2556 1374 L
2564 1353 2580 1374 a
2592 1351 2609 1373 n
2621 1345 2635 1372 d
2644 1344 2665 1377 st
2675 1352 2692 1372 u
2701 1352 2714 1372 r
2723 1351 2750 1373 m

1913 1391 2022 1425 versetzt:
2040 1389 2134 1423 Major
2151 1388 2235 1424 Zeller
2251 1388 2277 1417 in
2296 1387 2420 1420 Riesbach
2444 1393 2474 1421 zu
2491 1385 2564 1415 L.-B.
2584 1384 2626 1418 70,
2652 1384 2753 1419 Haupt¬

1914 1439 1995 1462 mann
2015 1430 2096 1460 Suter
2121 1429 2150 1458 in
2168 1428 2277 1463 Hinweil
2295 1436 2323 1463 zu
2340 1426 2414 1457 L.-B.
2432 1426 2475 1460 66,
2493 1425 2628 1459 Adjutant,
2654 1425 2751 1459 Haupt¬

1914 1479 1997 1501 mann
2014 1471 2070 1506 Hotz
2088 1469 2154 1504 Joh.
2173 1476 2223 1498 von
2240 1468 2382 1503 Fällanden
2400 1475 2428 1502 zu
2445 1466 2519 1497 L.-B.
2537 1464 2629 1498 66IV,
2656 1465 2753 1500 Haupt¬

1916 1519 1997 1542 mann
2016 1511 2076 1545 Egli
2095 1510 2174 1543 Adolf
2201 1509 2228 1538 in
2245 1507 2388 1544 Herrliberg
2417 1515 2445 1542 zu
2462 1506 2536 1537 L.B.
2554 1503 2638 1534 7011.
2655 1519 2690 1525 —
2708 1505 2754 1534 An

1911 1553 1964 1583 .den
1982 1551 2148 1583 BundeSrath
2175 1549 2238 1579 wird
2265 1549 2306 1578 ein
2324 1547 2417 1582 Gesuch
2441 1547 2551 1581 gerichtet
2574 1553 2619 1575 um
2637 1544 2754 1579 Ausrich¬

1916 1594 1980 1626 tung
1999 1592 2066 1620 eines
2087 1589 2319 1622 Bundesbeitrages
2345 1596 2381 1617 an
2400 1588 2437 1617 die
2456 1586 2548 1620 Kosten
2574 1587 2619 1615 des
2644 1593 2695 1614 von
2714 1586 2757 1615 der

1916 1632 2002 1663 Stadt
2017 1630 2107 1666 Zürich
2133 1629 2253 1663 erstellten
2269 1625 2689 1658 Eoakuationslokales
2716 1625 2757 1655 bei

1918 1672 2058 1707 allfälligen
2076 1669 2372 1703 Krankheitsepidemien.

2277 1718 2400 1754 Bern.

1986 1771 2034 1811 In
2067 1769 2148 1804 Bern
2181 1768 2253 1809 starb
2286 1768 2377 1809 letzten
2410 1766 2556 1806 Dienstag
2590 1765 2654 1807 früh
2684 1764 2759 1807 Herr

1921 1816 2056 1858 JuleS
2081 1814 2212 1853 Csfar
2234 1812 2517 1848 Ducommun,
2547 1811 2593 1843 der
2615 1809 2760 1850 Vorsteher

1922 1863 1970 1895 des
1993 1859 2273 1899 Uebersetzerbureaus
2308 1857 2338 1890 in
2372 1857 2419 1889 der
2441 1854 2673 1895 Bundeskanzler.
2718 1853 2760 1887 Er

1923 1913 1984 1939 war
2018 1905 2062 1937 der
2094 1904 2208 1937 Bruder
2242 1903 2288 1935 des
2319 1899 2574 1941 Generalsekretärs
2597 1899 2643 1931 der
2663 1898 2760 1938 Jura-

1924 1947 2180 1989 Simplvn-Bahn,
2212 1947 2258 1979 des
2280 1946 2355 1989 Hrn.
2379 1945 2440 1978 Elie
2463 1944 2657 1978 Ducommun.
2703 1942 2761 1976 Ge¬

1923 1995 2011 2028 boren
2034 1994 2062 2026 in
2087 1991 2167 2033 Genf
2192 1991 2285 2029 1829,
2320 1991 2379 2023 kam
2402 1999 2429 2022 er
2454 1988 2550 2027 1850,
2586 1987 2710 2027 nachdem
2733 1996 2762 2020 er

1926 2039 1999 2081 seine
2017 2038 2143 2072 Studien
2167 2036 2219 2077 auf
2239 2037 2283 2068 der
2306 2034 2429 2075 dortigen
2451 2033 2595 2067 Akademie
2618 2032 2762 2069 vollendet,

1929 2084 1978 2118 als
2001 2082 2177 2125 Hauslehrer
2197 2081 2261 2119 nach
2274 2079 2432 2120 Arlesheim
2456 2079 2487 2111 in
2510 2078 2551 2110 die
2572 2077 2693 2117 Familie
2715 2077 2762 2109 des

1927 2128 2005 2172 Hrn.
2028 2125 2206 2162 Ständerath
2229 2124 2286 2157 Dr.
2310 2125 2393 2164 Frey.
2437 2123 2479 2156 Er
2513 2122 2565 2163 gab
2601 2122 2677 2154 einen
2712 2129 2761 2154 an¬

1929 2173 2059 2214 regenden
2083 2170 2240 2211 Unterricht
2271 2170 2328 2201 und
2361 2168 2418 2209 fein
2439 2166 2573 2207 Schüler,
2608 2167 2653 2198 der
2674 2166 2761 2207 jetzige

1930 2217 2114 2255 BundeSrath
2138 2215 2223 2256 Frey,
2252 2212 2349 2253 behielt
2371 2212 2421 2253 ihn
2444 2212 2542 2245 immer
2564 2211 2595 2243 in
2618 2210 2765 2243 dankbarer

1931 2262 2121 2301 Erinnerung.
2155 2260 2264 2299 Später
2286 2258 2372 2299 kehrte
2396 2256 2576 2289 Ducommun
2599 2255 2662 2295 nach
2687 2254 2766 2295 Genf

1933 2306 2026 2349 zurück
2046 2306 2104 2338 und
2118 2304 2256 2337 bekleidete
2270 2304 2347 2343 mehr
2371 2301 2417 2334 als
2440 2301 2484 2334 ein
2496 2299 2672 2341 Jahrzehend
2696 2299 2764 2340 lang

1934 2352 1985 2385 das
2022 2351 2090 2383 Amt
2124 2349 2198 2382 eines
2221 2347 2382 2389 Vorstehers
2416 2347 2463 2379 des
2492 2344 2766 2385 FremdenbureauS;

1935 2397 2010 2430 dann
2043 2394 2196 2434 übernahm
2232 2401 2258 2425 er
2292 2392 2334 2425 die
2356 2389 2497 2431 Lehrstelle
2527 2390 2574 2431 für
2598 2387 2768 2430 französische

1935 2440 2064 2480 Sprache
2103 2448 2139 2471 an
2185 2439 2231 2470 der
2266 2433 2483 2475 Kantonsschule
2522 2434 2554 2466 in
2590 2432 2768 2472 Solothurn.

1936 2484 2054 2525 Darauf
2074 2483 2204 2524 redigirte
2229 2490 2255 2514 er
2269 2481 2311 2514 die
2325 2479 2502 2522 „Helvotie",
2525 2478 2568 2511 ein
2580 2477 2769 2518 französische«

1937 2529 2034 2567 Blatt,
2067 2529 2120 2560 das
2155 2527 2284 2568 Anfangs
2319 2528 2365 2558 der
2398 2523 2578 2564 Siebenziger
2611 2522 2706 2562 Jahre
2738 2521 2770 2553 in

1937 2573 2019 2607 Bern
2041 2573 2189 2613 gegründet
2212 2572 2314 2608 wurde,
2348 2569 2412 2601 aber
2441 2576 2497 2600 nur
2526 2569 2569 2600 ein
2591 2566 2684 2607 kurzes
2705 2564 2771 2599 Da¬

1938 2618 1994 2656 sein
2028 2618 2129 2660 führte.
2175 2614 2234 2649 Die
2269 2615 2358 2654 letzten
2397 2612 2516 2654 zwanzig
2553 2611 2647 2651 Jahre
2684 2610 2772 2651 seine«

1939 2664 2040 2697 Lebens
2062 2661 2181 2694 verlebte
2203 2669 2232 2693 er
2253 2659 2303 2700 auf
2324 2659 2370 2691 der
2394 2655 2625 2697 BundcSkanzlei.

1982 2706 2149 2748 Politischen
2161 2704 2274 2746 Ehrgeiz
2296 2702 2374 2743 besaß
2386 2701 2569 2735 Ducommun
2592 2700 2681 2741 nicht;
2703 2699 2773 2738 seine

1941 2751 2006 2794 frsie
2028 2750 2092 2792 Zeit
2124 2750 2249 2783 widmete
2281 2757 2310 2781 er
2340 2747 2424 2787 seiner
2446 2744 2775 2786 LieblingSwissenschast,

1942 2799 1986 2829 der
2009 2794 2142 2829 Botanik.
2167 2794 2207 2827 Er
2230 2792 2305 2832 besaß
2328 2792 2379 2824 da«
2404 2791 2497 2832 größte
2518 2789 2699 2832 Herbarium,
2722 2789 2774 2820 das

1942 2850 1974 2882 zu
1997 2839 2162 2880 durchgehen
2184 2837 2253 2878 seine
2265 2836 2461 2879 Hauptfteude
2477 2841 2555 2876 war;
2578 2842 2607 2867 er
2627 2832 2776 2873 bethätigte

1942 2885 1989 2927 sich
2022 2884 2086 2924 auch
2119 2883 2166 2916 al«
2190 2881 2388 2923 Schriftsteller
2422 2880 2450 2912 in
2485 2879 2566 2919 dieser
2588 2876 2778 2919 Wisienschaft

1942 2931 1999 2962 und
2030 2928 2190 2969 hinterläßt,
2226 2927 2273 2959 wie
2306 2927 2350 2958 der
2377 2924 2557 2963 „Genevois"
2583 2922 2703 2963 schreibt,
2736 2921 2777 2953 im

1942 2973 2125 3013 Manuskript
2148 2972 2192 3005 ein
2216 2971 2271 3004 vier
2282 2970 2385 3004 Bände
2408 2968 2506 3009 starkes
2529 2966 2611 3001 Werk
2631 2966 2700 2999 über
2722 2965 2777 2998 all¬

1943 3019 2059 3060 gemeine
2084 3016 2218 3051 Botanik.

2314 3066 2428 3106 Genf.

2011 3120 2108 3164 (Korr,
2131 3127 2196 3152 vom
2220 3118 2269 3151 23.
2281 3116 2371 3158 Nov.)
2416 3115 2470 3158 Hr.
2486 3114 2595 3154 Fleutet
2617 3113 2708 3149 mußte
2723 3115 2778 3144 au«

1945 3163 2282 3206 Gesundheitsrücksichten
2306 3162 2373 3201 seine
2389 3159 2556 3199 Entlastung
2579 3156 2625 3190 als
2641 3155 2779 3197 Mitglied

1945 3212 1991 3243 des
2015 3209 2223 3247 StaatSrathe«
2245 3207 2334 3248 geben.
2381 3205 2457 3239 Sein
2469 3202 2634 3243 Nachfolger
2646 3201 2716 3233 wird
2732 3209 2779 3233 am

1946 3255 2064 3296 nächsten
2089 3254 2227 3292 Sonntag
2263 3253 2391 3284 ernannt.
2436 3249 2494 3281 Die
2528 3244 2781 3280 Radikalliberalen

1946 3298 2064 3342 schlagen
2080 3293 2506 3341 Hrn.MoseSVautier
2522 3290 2592 3334 (geb.
2610 3288 2781 3332 1831)vor.

1945 3344 2064 3377 Vautier
2102 3350 2162 3375 war
2195 3345 2263 3374 etwa
2297 3338 2419 3381 zwanzig
2439 3337 2533 3377 Jahre
2562 3334 2700 3375 Mitglied
2733 3334 2782 3366 de«

1947 3387 2191 3427 NationalratheS,
2215 3386 2265 3426 fast
2286 3383 2391 3424 dreißig
2403 3382 2497 3422 Jahre
2512 3381 2578 3421 lang
2591 3379 2784 3420 RegierungS-

1947 3434 2010 3473 rath
2025 3444 2033 3475 ;
2055 3433 2107 3472 erst
2130 3431 2239 3470 voriges
2254 3429 2333 3469 Jahr
2355 3429 2448 3460 wurde
2472 3434 2499 3459 er
2515 3424 2697 3465 überstimmt.
2731 3422 2785 3456 Da

1947 3478 2017 3511 keine
2040 3477 2137 3509 andere
2160 3474 2257 3513 Partei
2278 3474 2355 3506 einen
2371 3471 2545 3505 Kandidaten
2561 3468 2714 3509 aufgestellt
2735 3467 2786 3507 hat

1949 3540 1988 3545 —
2015 3526 2044 3555 eS
2066 3520 2178 3562 handelt
2200 3519 2249 3561 sich
2283 3527 2332 3550 um
2366 3516 2424 3549 eine
2457 3515 2553 3556 billige
2578 3511 2786 3552 Minderheits¬

1949 3569 2109 3606 vertretung
2131 3582 2173 3587 —
2197 3565 2224 3604 so
2246 3563 2315 3595 wird
2337 3560 2456 3595 Vautier
2491 3558 2641 3598 unbedingt
2673 3556 2786 3590 wieder¬

1949 3611 2076 3652 gewählt.
2123 3608 2187 3642 Der
2199 3607 2292 3648 Große
2309 3607 2387 3644 Rath
2411 3606 2458 3645 hat
2482 3613 2528 3636 am
2551 3602 2671 3643 nächsten
2694 3600 2787 3634 Mon¬

1950 3661 1996 3696 tag
2020 3656 2060 3688 die
2083 3654 2149 3694 zwei
2172 3652 2337 3694 Mitglieder
2364 3653 2412 3683 des
2434 3647 2644 3688 Ständerathes
2678 3655 2712 3686 zu
2745 3654 2787 3677 er¬

1950 3709 2065 3733 nennen.
2111 3698 2171 3732 Die
2193 3694 2478 3733 Demokratenpartei,
2506 3694 2532 3725 d.
2556 3693 2584 3732 h.
2609 3692 2649 3723 die
2670 3689 2788 3730 Konser¬

1951 3745 2059 3778 vativen
2082 3743 2137 3776 mit
2158 3744 2207 3775 den
2224 3742 2467 3776 Ultramontanen,
2489 3738 2594 3774 würde,
2616 3736 2642 3774 so
2665 3735 2700 3774 sie
2722 3734 2789 3774 noch

1951 3789 1991 3822 die
2004 3788 2151 3829 Mehrheit
2173 3789 2257 3828 hätte,
2279 3784 2415 3823 natürlich
2439 3783 2480 3815 die
2503 3782 2578 3814 alten
2602 3780 2700 3813 wieder
2722 3778 2789 3818 nach

1952 3834 2031 3867 Bern
2053 3833 2161 3875 schicken
2184 3848 2226 3855 —
2248 3830 2288 3863 die
2315 3829 2407 3862 beiden
2430 3826 2585 3860 Advokaten
2609 3824 2709 3864 Raisin
2731 3824 2790 3855 und

1951 3878 2051 3912 Odier.
2113 3876 2245 3916 Solange
2287 3874 2329 3907 bei
2367 3875 2417 3906 den
2450 3868 2704 3905 Radikalliberalen
2748 3867 2791 3899 alt

1952 3923 2078 3956 Staats-
2103 3923 2160 3955 und
2183 3919 2358 3958 Ständerath
2383 3917 2501 3951 Gavard
2531 3915 2570 3948 im
2592 3912 2792 3954 Vordergrund

2794 1064 2881 1104 stand,
2912 1064 3005 1104 hatten
3035 1065 3077 1097 die
3100 1063 3313 1104 Konservativen
3347 1063 3484 1104 Aussicht,
3522 1064 3558 1097 da
3591 1064 3636 1098 die

2795 1108 2998 1149 Carteretistcn,
3028 1109 3071 1142 die
3093 1108 3135 1142 bei
3159 1110 3207 1141 den
3230 1108 3459 1149 Abstimmungen
3482 1109 3531 1141 den
3556 1109 3634 1142 Aus¬

2795 1153 2882 1193 schlag
2908 1154 2999 1194 geben,
3039 1154 3084 1186 nie
3117 1155 3164 1195 für
3201 1153 3319 1187 Gavard
3353 1153 3478 1192 stimmen
3510 1154 3637 1187 würden.

2795 1198 2953 1237 Anderseits
2977 1205 3035 1231 war
3059 1199 3104 1231 der
3128 1198 3286 1237 Carteretist
3298 1197 3390 1236 Patru
3414 1198 3465 1230 den
3481 1197 3636 1231 Radikalen

2797 1242 2853 1275 eine
2877 1252 2946 1283 ganz
2970 1243 3135 1284 ungenehme
3159 1242 3374 1283 Persönlichkeit.
3418 1243 3477 1275 Um
3501 1251 3562 1275 nun
3585 1243 3639 1275 den

2796 1286 2867 1328 Weg
2891 1296 2939 1327 zur
2962 1287 3145 1328 Versöhnung
3180 1306 3220 1310 —
3254 1287 3325 1327 nicht
3358 1287 3420 1320 aber
3445 1289 3490 1319 der
3512 1286 3637 1321 Wieder¬

2797 1331 2977 1372 vereinigung
2999 1332 3189 1373 anzubahnrn,
3220 1331 3304 1373 lasten
3326 1332 3399 1364 beide
3421 1331 3554 1370 Patteien
3578 1331 3640 1371 ihre

2798 1376 2935 1416 Lieblinge
2960 1376 3067 1418 fallen;
3090 1385 3158 1409 man
3181 1376 3277 1415 spricht
3301 1376 3354 1416 jetzt
3377 1383 3429 1409 von
3454 1376 3493 1409 alt
3509 1376 3638 1410 StaatS-

2798 1422 2861 1461 rath
2886 1422 2941 1453 und
2968 1421 3143 1462 Ständerath
3161 1420 3209 1454 M.
3223 1420 3354 1463 Höridier
3378 1419 3563 1462 (Carteretist)
3580 1422 3642 1454 und

2800 1465 2839 1498 alt
2870 1464 3139 1506 Gerichtspräsident
3162 1464 3272 1498 Binder
3309 1463 3550 1507 (radikaltiberal).
3588 1466 3640 1507 für

2801 1510 2895 1551 welche
2939 1510 3011 1543 beide
3057 1510 3145 1543 alle
3200 1509 3290 1543 drei
3341 1508 3644 1550 freisinnigen

2802 1553 2944 1593 Gruppen
2969 1555 3099 1587 eintreten
3121 1555 3237 1587 werden.

3054 1663 3401 1718 Ausland.

2868 1729 3144 1773 Deutschland.
3168 1733 3290 1767 Au«der
3312 1733 3412 1767 Rede
3436 1732 3647 1772 Caprivis

2804 1782 2901 1819 tragen
2923 1778 2978 1810 wir
3001 1778 3064 1818 nach
3089 1780 3134 1811 der
3158 1776 3316 1818 Kölnischen
3338 1777 3462 1818 Zeitung
3485 1777 3526 1810 die
3550 1777 3651 1811 Stelle

2804 1823 2882 1863 nach,
2905 1822 2934 1854 in
2958 1824 3004 1855 der
3025 1831 3054 1855 er
3076 1830 3131 1855 von
3154 1823 3200 1855 der
3221 1822 3404 1863 Anschauung
3426 1821 3562 1861 Europas
3577 1822 3649 1855 über

2806 1869 2854 1900 den
2878 1865 2964 1908 Krieg
2987 1874 3038 1899 von
3065 1867 3151 1900 1870
3173 1867 3282 1906 sprach:

2858 1914 2898 1945 Es
2916 1914 2995 1943 bleibt
3010 1915 3061 1943 mir
3078 1922 3133 1944 nun
3152 1914 3209 1948 noch
3226 1914 3309 1949 übrig,
3327 1913 3443 1948 nachdem
3462 1913 3495 1948 ich
3513 1921 3564 1943 von
3585 1915 3644 1944 dem

2806 1954 2907 1988 Grafen
2924 1954 3055 1984 Bismarck
3073 1955 3119 1984 den
3137 1954 3257 1988 Verdacht
3284 1956 3326 1983 der
3351 1953 3488 1989 Fälschung
3511 1953 3643 1986 abgelentt

2807 1995 2878 2028 habe,
2898 1994 3013 2029 nachdem
3031 1994 3065 2026 ich
3083 1995 3174 2030 gezeigt
3191 1994 3261 2029 habe,
3287 1994 3336 2028 daß
3355 1995 3398 2023 der
3413 1993 3502 2027 Kaiser
3519 1993 3646 2027 Wilhelm

2807 2035 2869 2069 nicht
2888 2035 2927 2063 ein
2944 2034 3071 2069 schwacher
3087 2035 3179 2064 Mann
3196 2042 3259 2066 war.
3285 2034 3391 2067 sondern
3410 2033 3462 2067 daß
3480 2041 3504 2062 er
3522 2034 3552 2063 in
3569 2034 3652 2067 seiner

2807 2077 2892 2104 treuen
2909 2074 3127 2108 Pflichterfüllung
3156 2074 3213 2106 auch
3237 2075 3290 2108 hier
3308 2073 3357 2103 das
3384 2072 3493 2106 Richtige
3521 2073 3645 2108 getroffen

2808 2115 2851 2149 hat
2886 2114 3017 2149 (Beifall),
3061 2115 3119 2149 noch
3165 2115 3246 2144 weiter
3280 2122 3310 2149 zu
3334 2114 3424 2148 zeigen,
3463 2114 3513 2147 daß
3545 2113 3650 2147 Europa

2808 2155 2848 2184 die
2866 2154 2949 2188 Sache
2968 2155 3072 2184 damals
3089 2155 3115 2189 so
3132 2155 3252 2189 auffaßte,
3275 2154 3324 2183 wie
3340 2153 3507 2187 Deutschland
3527 2153 3581 2183 und
3599 2155 3649 2184 wie

2810 2196 2852 2225 der
2869 2195 2966 2229 Kaiser.
2984 2194 3028 2230 Ich
3046 2195 3109 2227 habe
3125 2196 3185 2230 zwei
3201 2194 3339 2228 Depeschen
3366 2195 3423 2227 hier,
3452 2194 3492 2223 die
3516 2194 3572 2223 eine
3597 2202 3651 2223 von

2811 2236 2866 2265 dem
2885 2235 2986 2268 Grafen
3002 2235 3152 2269 Bernstorff,
3177 2235 3218 2264 der
3236 2235 3341 2264 damals
3359 2234 3431 2268 unser
3450 2234 3600 2268 Botschafter
3617 2235 3649 2263 in

2811 2276 2915 2306 London
2940 2283 3003 2309 war,
3028 2282 3063 2304 an
3090 2276 3139 2304 das
3158 2275 3318 2307 Auswärtige
3344 2275 3406 2304 Amt
3428 2282 3487 2303 vom
3507 2274 3549 2303 13.
3567 2274 3653 2309 Juli:

2811 2316 2922 2350 Abgang
2940 2324 2992 2345 von
3008 2315 3114 2345 London
3131 2316 3148 2344 7
3167 2315 3219 2347 Uhr
3236 2315 3272 2344 20
3289 2315 3364 2344 Min.
3388 2314 3571 2350 Nachmittags,
3597 2316 3657 2346 An¬

2812 2356 2881 2390 kunft
2899 2356 2916 2384 8
2933 2356 2987 2390 Uhr
3004 2355 3037 2384 35
3055 2356 3147 2385 Min.:
3176 2355 3253 2389 „Lord
3272 2355 3364 2390 Lyons,
3393 2357 3434 2384 der
3453 2354 3569 2389 englische
3586 2354 3653 2385 Bot¬

2811 2396 2910 2430 schafter
2927 2396 2954 2425 in
2973 2395 3062 2430 Paris,
3081 2395 3253 2430 telegraphirte
3271 2403 3329 2423 vom
3348 2395 3469 2428 gestrigen
3480 2395 3577 2428 Abend,
3596 2396 3651 2429 daß

2813 2438 2852 2466 die
2868 2435 3021 2472 ftanzösische
3038 2435 3186 2470 Regierung
3205 2436 3250 2464 mit
3268 2436 3324 2464 dem
3341 2435 3449 2471 Verzicht
3476 2436 3520 2465 des
3539 2435 3652 2471 Prinzen

2813 2485 2863 2507 von
2881 2476 3061 2511 Hohen,ollem
3079 2476 3143 2510 nicht
3159 2476 3280 2510 zuftieden
3298 2475 3331 2509 sei
3349 2476 3401 2504 und
3420 2476 3491 2509 heute
3517 2476 3547 2504 in
3566 2475 3650 2505 einem

2814 2517 2917 2549 Conseil
2934 2517 2998 2545 über
3013 2517 3109 2545 weitere
3127 2515 3262 2549 Beschlüsse
3281 2515 3398 2549 berathen
3415 2516 3504 2546 werde.
3533 2515 3571 2546 Er
3588 2515 3655 2550 habe

2814 2557 2879 2591 stark
2895 2556 3056 2588 remonfirirt.
3091 2556 3158 2586 Lord
3176 2555 3312 2585 Granville
3328 2556 3373 2589 hat
3389 2555 3465 2590 gleich
3488 2555 3570 2590 zurück
3595 2557 3656 2586 tele-

2816 2598 2934 2632 graphirt,
2954 2605 2999 2626 um
3016 2596 3064 2624 den
3082 2595 3232 2630 Botschafter
3249 2596 3411 2631 anzuweisen,
3438 2596 3497 2629 noch
3525 2604 3571 2626 vor
3599 2598 3658 2626 dem

2816 2637 2921 2670 Conseil
2938 2637 3064 2670 bestimmt
3081 2644 3110 2671 zu
3128 2636 3243 2669 erklären,
3271 2636 3321 2669 daß
3347 2636 3491 2671 Frankreich
3516 2637 3597 2666 werde
3614 2645 3657 2672 zu¬

2816 2675 2912 2709 frieden
2928 2677 2982 2711 sein
2999 2676 3104 2710 müssen.
3138 2676 3203 2710 Herr
3219 2676 3368 2709 Gladstone.
3392 2675 3435 2705 der
3452 2676 3503 2705 mir
3521 2676 3577 2705 dies
3595 2678 3661 2708 eben

2817 2717 2961 2750 vettraulich
2979 2718 3038 2751 sagt,
3056 2716 3088 2749 ist
3106 2717 3150 2745 der
3167 2716 3306 2750 Meinung,
3334 2717 3385 2749 daß
3412 2716 3462 2745 wir
3488 2716 3530 2746 bis
3557 2724 3592 2745 an
3622 2717 3665 2747 die

2818 2758 2928 2792 äußerste
2945 2756 3042 2790 Grenze
3069 2758 3112 2785 der
3138 2756 3340 2790 Versöhnlichkeit
3363 2763 3493 2790 gegangen
3519 2756 3576 2791 sind
3602 2758 3658 2786 und

2818 2796 2962 2834 Frankreich
2980 2797 3015 2826 im
3033 2796 3211 2830 flagrantesten
3228 2796 3330 2830 Unrecht
3347 2796 3399 2829 sein
3417 2796 3510 2830 würde,
3537 2804 3610 2826 wenn
3630 2801 3660 2827 eS

2820 2840 2931 2874 trotzdem
2950 2838 2992 2866 ein
3009 2837 3105 2871 zweites
3122 2836 3266 2866 Dokument
3293 2837 3427 2870 verlangen
3456 2836 3567 2866 würde."
3604 2837 3665 2867 Der

2819 2879 2927 2913 Kanzler
2944 2876 3117 2910 Gortfchakoff,
3137 2876 3180 2905 der
3198 2877 3302 2905 damals
3320 2877 3347 2905 in
3367 2876 3458 2906 Berlin
3477 2885 3540 2911 war,
3558 2876 3661 2912 richtete,

2820 2920 2867 2948 wie
2885 2918 2958 2952 unser
2976 2917 3114 2950 Gesandter
3132 2917 3160 2945 in
3178 2916 3340 2950 Petersburg,
3359 2916 3436 2951 Prinz
3448 2916 3534 2951 Reuß,
3553 2917 3659 2947 damals

2820 2958 2880 2992 auch
2897 2958 2924 2985 in
2932 2956 3033 2990 Berlin,
3051 2956 3151 2991 bezeugt
3169 2956 3218 2989 hat,
3236 2963 3273 2985 an
3293 2956 3331 2985 die
3348 2956 3476 2990 russischen
3493 2957 3618 2986 Vertreter
3633 2958 3667 2987 in

2820 2999 2904 3033 Parts
2920 2998 2973 3026 und
2992 2996 3095 3027 London
3113 2996 3243 3030 folgmdes
3255 2996 3424 3029 Telegramm,
3444 2996 3494 3025 das
3503 2996 3538 3031 ich
3549 2998 3575 3025 in
3585 2997 3665 3027 wört-

2822 3038 2893 3073 licher
2909 3037 3081 3070 Uebcrsehung
3099 3036 3266 3070 wiedergebe:
3285 3036 3358 3070 „Wir
3379 3036 3503 3069 begreifen
3521 3037 3593 3070 nicht,
3613 3039 3666 3072 daß

2821 3078 2882 3112 nach
2900 3078 2941 3106 der
2958 3076 3117 3110 fteiwilligen
3134 3077 3188 3105 und
3200 3076 3384 3110 vollständigen
3393 3075 3608 3112 Verzichlleistung
3616 3078 3665 3108 deS

2823 3118 2978 3152 Erbprinzen
2996 3124 3044 3145 von
3063 3116 3243 3151 Hohenzollem
3271 3117 3311 3145 die
3336 3115 3488 3151 französische
3516 3116 3666 3153 Regiemng

2823 3159 2871 3187 den
2890 3155 3194 3191 preußisch-französischen
3210 3155 3383 3191 Zwischenfall
3406 3156 3469 3188 nicht
3494 3158 3537 3186 als
3566 3158 3671 3193 erledigt

2823 3198 2924 3231 ansieht,
2945 3197 2984 3225 im
3001 3196 3123 3231 Interesse
3143 3196 3188 3225 des
3205 3196 3336 3231 Friedens,
3365 3197 3411 3225 den
3435 3196 3588 3231 Frankreich,
3615 3200 3667 3228 wie

2824 3241 2876 3267 uns
2896 3237 3016 3271 versichert
3033 3236 3107 3270 wird,
3125 3236 3204 3266 will."
3222 3236 3271 3271 Ich
3288 3235 3375 3265 könnte
3393 3236 3471 3269 außer
3489 3236 3570 3271 diesen
3581 3237 3672 3268 beiden

2824 3278 2963 3313 Depeschen
2981 3276 3038 3310 auch
3056 3280 3106 3305 aus
3137 3276 3233 3305 andem
3251 3275 3375 3310 Staaten,
3405 3276 3464 3309 auch
3492 3284 3544 3306 von
3571 3279 3670 3308 andem

2825 3318 3005 3352 Regierungen
3021 3316 3081 3349 noch
3097 3316 3207 3350 ähnliche
3225 3316 3362 3349 Depeschen
3380 3317 3497 3349 vorlesen.
3533 3317 3581 3352 Ich
3599 3318 3668 3351 hatte

2826 3357 2952 3393 hierdurch
2982 3356 3023 3392 für
3051 3357 3175 3390 erwiesen,
3205 3357 3263 3390 daß,
3293 3356 3410 3390 nachdem
3438 3357 3481 3385 die
3502 3357 3670 3389 Kandidatur

2827 3398 3009 3433 Hohenzollem
3025 3395 3211 3432 zurückgezogen
3228 3404 3291 3429 war,
3316 3396 3379 3430 nicht
3407 3396 3487 3425 allein
3507 3398 3537 3426 in
3555 3396 3672 3432 Deutsch¬

2828 3439 2901 3472 land,
2930 3438 3036 3470 sondern
3054 3436 3113 3470 auch
3130 3436 3269 3469 außerhalb
3289 3436 3328 3465 die
3345 3436 3442 3469 Ansicht
3462 3437 3499 3465 die
3519 3438 3672 3472 henschende

2828 3486 2892 3511 war,
2910 3477 2960 3510 daß
2978 3476 3104 3510 nunmehr
3128 3476 3173 3510 für
3189 3475 3332 3511 Frankreich
3358 3476 3411 3505 kein
3428 3475 3524 3505 Grund
3552 3478 3672 3513 vorliege,

2829 3518 2901 3552 mehr
2917 3525 2944 3552 zu
2963 3517 3108 3550 verlangen.
3144 3515 3228 3545 Wenn
3245 3516 3389 3551 Frankreich
3407 3517 3520 3551 trotzdem
3540 3517 3609 3551 mehr
3618 3526 3675 3548 ver¬

2830 3559 2925 3591 langte,
2942 3557 2968 3590 so
2988 3557 3072 3586 konnte
3091 3560 3118 3585 es
3146 3564 3196 3585 nur
3221 3556 3344 3586 entweder
3371 3557 3418 3585 den
3444 3556 3521 3591 Krieg
3548 3558 3605 3587 oder
3632 3558 3675 3588 die

2830 3597 3025 3632 Demülhigung
3056 3596 3238 3630 Deutschlands
3265 3596 3364 3625 wollen.
3401 3595 3529 3631 (Lebhafte
3560 3597 3675 3632 Zustim¬

2832 3636 2934 3670 mung.)
2970 3636 3032 3669 Daß
3050 3638 3078 3664 eS
3097 3635 3146 3665 das
3165 3635 3226 3669 nicht
3244 3635 3338 3669 erreicht
3357 3636 3407 3669 hat,
3425 3635 3544 3665 verdank
3559 3637 3676 3672 Deutsch¬

2832 3677 2897 3706 land
2915 3677 2962 3705 den
2981 3675 3121 3709 Männem,
3149 3675 3190 3704 die
3216 3675 3321 3705 damals
3339 3683 3374 3704 an
3393 3674 3434 3704 der
3452 3675 3539 3710 Spitze
3558 3676 3676 3710 standen.

2832 3718 2873 3747 ES
2901 3716 2967 3746 wäre
2996 3715 3052 3749 auch
3083 3715 3143 3750 nach
3173 3716 3281 3745 meinem
3299 3715 3474 3750 Dafürhaltm
3500 3717 3544 3749 für
3561 3717 3678 3752 Deutsch¬

2832 3757 2898 3787 land
2915 3756 2979 3790 nicht
2997 3755 3099 3790 möglich
3117 3756 3234 3790 gewesen,
3261 3756 3317 3785 eine
3333 3755 3536 3790 Demüthigung,
3562 3758 3612 3786 wie
3643 3759 3679 3792 sie

2833 3796 2978 3832 Frankreich
2990 3799 3039 3825 uns
3048 3796 3194 3831 zumuthete,
3213 3795 3400 3830 hinzunehmen.
3418 3795 3552 3830 (Beifall.)
3569 3797 3630 3827 DaS
3644 3797 3676 3830 ist

2833 3838 2885 3867 mir
2902 3837 2937 3866 im
2956 3836 3106 3870 Augenblick
3124 3835 3231 3869 insofern
3250 3843 3301 3865 von
3313 3835 3415 3870 Belang
3424 3836 3478 3865 und
3489 3836 3549 3870 steht
3561 3838 3618 3872 auch
3628 3840 3681 3868 mit

2834 3878 2879 3907 der
2884 3877 3092 3910 Militärvorlage
3098 3876 3209 3910 insofern
3213 3876 3241 3904 in
3246 3875 3424 3910 Verbindung,
3428 3877 3483 3909 als,
3490 3885 3565 3906 wenn
3574 3878 3621 3907 wir
3627 3886 3681 3908 von

2836 3917 3006 3952 Deutschland
3023 3916 3115 3945 Mittel
3146 3916 3252 3950 sordem,
3282 3923 3327 3945 um
3357 3916 3442 3950 unsere
3471 3917 3622 3952 Wehrkräfte
3653 3926 3687 3954 zw

176 4116 194 4146 s
450 4074 756 4152 Jemtlcton.

287 4205 359 4233 Von
378 4203 536 4237 Newyork
554 4202 628 4235 «ach
648 4202 721 4233 Sa«
740 4200 915 4235 Franzisko

400 4244 445 4273 im
467 4243 798 4277 Auswandcrerzugc.

244 4296 394 4333 Auszüge
416 4300 479 4327 aus
501 4297 633 4326 meinen
650 4293 953 4331 Tagebuchnotizen.

509 4350 569 4379 Von
587 4349 623 4377 A.
640 4349 693 4377 Th.

232 4405 284 4435 Ein
302 4403 469 4438 angenehmer
479 4402 569 4432 Abend
588 4411 642 4432 war
660 4403 735 4437 dieser
753 4402 813 4436 erste
831 4402 869 4431 im
886 4401 1018 4431 Auswan-

182 4448 308 4481 dererzuge
327 4443 386 4478 nicht
404 4444 458 4472 und
477 4442 517 4472 die
543 4443 572 4471 in
600 4444 643 4472 der
667 4443 725 4478 Lust
751 4443 865 4477 liegende
890 4441 1022 4472 Gewitter¬

182 4487 282 4522 schwüle
308 4487 364 4518 tmg
391 4484 455 4519 dazu
482 4482 528 4517 bei,
547 4483 596 4512 da«
615 4483 769 4517 Unbehagen
787 4483 846 4516 noch
864 4490 891 4518 zu
909 4482 1022 4516 steigem.

182 4528 237 4559 Ein
253 4525 384 4562 Passagier
402 4523 469 4552 blieS
480 4523 526 4555 auf
537 4523 593 4551 dem
606 4522 707 4556 Komet,
724 4523 787 4556 fand
799 4523 861 4552 aber
872 4522 918 4552 mit
930 4523 1022 4556 seinem

181 4569 291 4604 technisch
309 4574 355 4602 gar
371 4564 432 4598 nicht
450 4562 528 4592 üblen
545 4562 655 4596 Vottrag
672 4564 754 4597 wenig
767 4563 918 4596 Beachtung,
937 4563 980 4591 bis
997 4570 1024 4592 er

183 4609 278 4645 „hcme
295 4610 378 4635 sweet
395 4604 489 4633 home“
515 4602 667 4636 anstimmte.
710 4603 748 4633 Es
776 4611 831 4632 war
859 4603 1023 4638 merkwürdig

183 4659 212 4686 zu
232 4649 382 4681 beobachten,
410 4646 457 4675 wie
484 4643 523 4672 die
540 4643 659 4678 ringsum
679 4642 807 4677 geführtm
826 4643 953 4677 lebhaften
971 4643 1023 4673 Ge¬

182 4690 276 4726 spräche
294 4687 409 4721 allmälig
427 4684 603 4719 verstummten
632 4684 685 4711 und
715 4683 754 4712 die
784 4683 907 4716 Gesichter
935 4683 1025 4717 länger

182 4732 237 4762 und
256 4730 343 4764 länger
368 4727 480 4758 wurden.
514 4723 625 4756 Welches
650 4722 770 4756 Prädikat
798 4722 868 4757 jeneS
895 4722 953 4752 Lied
980 4725 1024 4753 als

182 4773 267 4802 reines
284 4767 464 4803 Kunflprodukl
481 4764 601 4796 verdient.
623 4762 672 4791 daS
690 4770 718 4797 zu
736 4763 889 4796 beurtheilen
918 4763 962 4792 bin
990 4764 1024 4797 ich

181 4811 354 4845 inkompetent,
372 4817 423 4839 wer
441 4806 522 4839 indeß,
540 4804 586 4833 wie
606 4802 648 4833 der
664 4802 746 4831 Autor
764 4810 815 4831 von
832 4803 924 4835 „home
936 4808 1023 4831 sweet

182 4852 286 4886 home“,
311 4851 374 4885 seine
392 4849 472 4884 Hörer
498 4846 538 4875 bis
564 4844 628 4873 über
654 4843 694 4871 die
711 4841 790 4876 Köpfe
817 4843 846 4871 in
872 4842 1021 4873 Sentimen¬

181 4892 267 4923 talität
284 4891 368 4925 taucht,
395 4889 454 4923 darf
476 4887 519 4921 sich
536 4885 598 4918 nicht
616 4883 745 4916 wundem,
774 4891 849 4911 wmn
867 4890 892 4912 er
910 4883 950 4911 bei
968 4883 1023 4913 Na¬

181 4936 263 4966 turen,
282 4932 320 4961 die
339 4931 399 4964 nicht
418 4936 491 4964 geme
508 4928 536 4956 in
548 4922 754 4959 Gefühlsduselei
772 4923 904 4956 versinken,
922 4923 1022 4953 Wider¬

180 4972 340 5008 spruchsgeist
358 4971 422 5004 wach
441 4969 498 5003 ruft.

237 5014 290 5043 Ein
307 5013 396 5043 Mann
422 5011 468 5041 mit
486 5007 635 5043 steinhatten
654 5002 851 5037 GesichtSzügm,
880 5003 960 5032 einem
978 5004 1023 5032 ab¬

182 5054 323 5089 scheulichen
342 5051 477 5084 Bocksbart
494 5049 547 5079 und
565 5049 592 5077 in
618 5046 694 5079 seiner
720 5050 813 5078 ganzen
840 5042 948 5076 äußeren
976 5043 1023 5073 Er¬

181 5095 312 5130 scheinung
330 5094 390 5127 nicht
408 5092 480 5126 mehr
497 5090 597 5122 Anlage
614 5094 656 5121 zur
672 5083 853 5117 Schwärmerei
871 5082 1023 5116 bekundend,

182 5138 227 5166 als
257 5143 319 5165 man
349 5137 409 5163 ttwa
441 5139 491 5161 von
521 5130 601 5159 einem
631 5123 852 5157 Sklaomhändler
876 5123 935 5151 oder
955 5124 1024 5152 einer

183 5175 337 5210 Schildkröte
356 5175 476 5203 erwarten
494 5170 589 5203 würde,
612 5168 670 5202 fuhr
697 5164 799 5200 plötzlich
826 5164 871 5197 auf
896 5164 949 5191 und
977 5163 1023 5195 rief

181 5217 241 5246 dem
267 5214 442 5247 «ometbläser
467 5219 511 5247 zu:
541 5210 618 5244 „Laßt
646 5208 692 5236 dm
717 5205 888 5236 verdammten
905 5203 1022 5236 Unsinn!

182 5258 274 5290 meine,
292 5257 339 5286 wir
356 5254 438 5288 haben
464 5253 511 5287 jetzt
536 5252 625 5285 gerade
652 5256 732 5282 genug
761 5248 862 5279 davon;
889 5244 944 5277 gebt
972 5246 1023 5273 uns

182 5300 241 5328 waS
259 5294 435 5328 Lebendiges."

237 5337 290 5367 Ein
308 5335 471 5371 allgemeine«
491 5330 739 5365 Beifallsgemurmel
758 5327 833 5361 folgte
852 5325 932 5359 diesen
949 5325 1024 5355 Wor¬

1063 4036 1104 4064 ten
1114 4043 1123 4070 ;
1140 4035 1183 4064 der
1200 4032 1379 4068 Blcchkünstler
1390 4031 1472 4065 nahm
1484 4030 1536 4064 sein
1547 4026 1711 4062 Jnstmment
1723 4032 1782 4054 vom
1794 4022 1906 4056 Munde,

1065 4075 1146 4108 lachte,
1163 4075 1227 4109 setzte
1244 4073 1335 4103 wieder
1352 4080 1396 4106 an,
1425 4071 1568 4105 schmettette
1587 4068 1642 4097 eine
1660 4066 1727 4100 flotte
1745 4063 1826 4099 Polka
1853 4062 1905 4091 und

1065 4115 1161 4149 glättete
1174 4115 1254 4144 damit
1264 4128 1297 4134 —
1308 4114 1346 4143 ein
1359 4112 1492 4142 modemer
1503 4108 1671 4144 Thimotheus
1686 4120 1713 4126 -
1731 4105 1769 4134 die
1782 4103 1907 4138 GefühlS-

1064 4163 1159 4189 wogcn,
1177 4155 1262 4188 welche
1281 4162 1306 4183 er
1322 4154 1452 4188 aufgeregt
1470 4151 1545 4186 hatte.

1115 4194 1294 4228 Dämmerung
1312 4195 1403 4228 lagerte
1423 4192 1467 4226 sich
1485 4191 1547 4221 über
1559 4190 1599 4218 die
1611 4186 1761 4221 Landschaft,
1782 4185 1822 4214 die
1834 4183 1906 4214 Lam¬

1064 4243 1111 4269 pen
1129 4236 1233 4265 wurden
1251 4234 1412 4270 angezündet,
1432 4233 1470 4262 die
1483 4228 1722 4265 Schlaskameraden
1735 4226 1843 4258 machten
1856 4224 1907 4258 ihre

1065 4276 1154 4306 Betten
1171 4275 1267 4311 zurecht,
1287 4275 1334 4304 daS
1351 4274 1433 4304 Leben
1461 4273 1539 4306 dieses
1558 4271 1645 4303 TageS
1671 4267 1744 4303 schien
1771 4273 1828 4301 zum
1855 4264 1907 4294 Ab¬

1065 4317 1144 4350 schluß
1161 4316 1311 4349 gekommen.
1347 4315 1416 4345 Aber
1435 4314 1483 4343 wir
1500 4313 1587 4347 sollten
1605 4310 1664 4343 noch
1675 4307 1737 4341 nicht
1748 4307 1789 4336 die
1802 4305 1908 4339 ersehnte

1066 4358 1138 4392 Ruhe
1156 4357 1251 4391 finden.
1287 4356 1341 4385 Der
1358 4355 1418 4391 Zug
1439 4354 1497 4388 hielt
1524 4360 1559 4382 an
1587 4350 1675 4385 irgend
1702 4349 1770 4378 einer
1797 4346 1908 4377 Station

1065 4399 1117 4428 und
1145 4398 1181 4427 im
1200 4396 1347 4430 Augenblick
1368 4403 1456 4425 waren
1475 4394 1514 4423 die
1532 4392 1633 4425 Wagen
1653 4389 1697 4419 mit
1716 4387 1908 4421 Eingebormen

1066 4440 1110 4468 deS
1127 4438 1209 4469 Ottcs
1225 4436 1423 4470 überschwemmt
1443 4449 1476 4455 —
1493 4432 1613 4463 Männer
1627 4429 1681 4460 und
1693 4428 1803 4461 Weiber,
1820 4425 1910 4461 Jüng¬

1067 4480 1133 4513 linge
1146 4479 1198 4508 und
1210 4477 1384 4512 Jungfrauen,
1402 4475 1486 4508 einige
1503 4474 1547 4503 der
1565 4473 1674 4506 letzteren
1692 4470 1720 4498 in
1739 4468 1799 4501 recht
1818 4466 1910 4499 leichter

1067 4520 1170 4550 Toilette
1189 4533 1222 4538 -
1240 4517 1323 4549 welche
1341 4517 1378 4545 im
1391 4514 1498 4548 Scheine
1517 4511 1702 4546 mitgebrachter
1714 4509 1908 4539 Stalllaternen

1067 4569 1102 4590 an
1120 4560 1158 4589 die
1175 4557 1314 4591 Reisenden
1339 4556 1384 4590 sich
1408 4554 1612 4588 herandrängten
1638 4551 1685 4580 mit
1701 4548 1823 4584 Offettm
1840 4546 1906 4577 Bett¬

1068 4610 1125 4637 zeug
1142 4609 1170 4636 zu
1188 4600 1283 4634 liefern.
1317 4597 1371 4631 Pro
1389 4595 1475 4629 Kissen
1501 4591 1722 4629 fünfundzwanzig
1748 4590 1831 4619 Cents
1858 4586 1909 4616 und

1068 4640 1196 4677 schließlich
1221 4648 1271 4669 nur
1293 4638 1350 4671 noch
1367 4636 1485 4672 fünfzehn
1503 4633 1551 4663 mtt
1570 4632 1627 4661 dem
1646 4632 1717 4662 Brett
1745 4631 1788 4658 als
1807 4628 1910 4658 GratiS-

1069 4683 1182 4716 beilage;
1209 4681 1250 4715 für
1268 4679 1306 4709 die
1324 4686 1399 4713 ganze
1417 4674 1551 4709 Geschichte
1581 4673 1635 4705 also
1655 4672 1726 4701 kaum
1745 4670 1793 4698 den
1813 4668 1910 4700 fünften

1068 4724 1142 4757 Thell
1161 4723 1206 4751 des
1223 4721 1355 4754 Bettages,
1374 4721 1420 4747 den
1442 4717 1484 4745 der
1500 4716 1550 4744 alte
1570 4712 1662 4745 Schuft
1675 4711 1719 4744 auf
1733 4711 1775 4739 der
1787 4708 1912 4742 Transfer

1069 4764 1177 4794 Station
1197 4763 1276 4792 vielen
1294 4768 1342 4790 von
1360 4762 1412 4788 uns
1431 4754 1634 4790 abgeschwindelt
1654 4752 1730 4785 hatte.

1120 4803 1188 4834 Dies
1205 4811 1247 4839 zur
1263 4800 1417 4835 Richtschnur
1436 4797 1477 4831 für
1494 4795 1599 4828 etwaige
1617 4791 1911 4828 Zukunstsemigranten,

1068 4844 1152 4877 welche
1170 4844 1210 4873 die
1228 4842 1344 4876 nämliche
1361 4841 1447 4871 Route
1464 4837 1573 4871 passiren
1592 4835 1688 4868 sollten.

1120 4884 1186 4914 Eine
1207 4884 1279 4918 große
1291 4883 1365 4912 Rolle
1383 4880 1455 4914 spielt
1473 4878 1518 4911 aus
1538 4878 1585 4906 den
1604 4871 1810 4905 amerikanischen
1822 4869 1912 4905 Zügen

1068 4924 1110 4952 der
1127 4923 1337 4959 Zeitungsjunge.
1361 4921 1415 4957 Für
1429 4916 1580 4953 gewöhnlich
1593 4912 1702 4947 verkauft
1716 4920 1743 4941 er
1752 4919 1803 4941 nur
1816 4911 1912 4944 TageS-

1068 4963 1164 4997 blätter,
1190 4964 1287 4997 Bücher
1311 4962 1378 4997 (und
1404 4963 1464 4990 was
1482 4959 1525 4993 für
1542 4955 1661 4989 welche!)
1686 4952 1798 4988 Früchte,
1825 4950 1914 4983 Nüsse,

1068 5003 1256 5037 Zuckerstcngel,
1274 5002 1361 5033 Tabak
1386 5002 1441 5031 und
1465 4999 1610 5035 Zigarren;
1642 4995 1753 5030 beglettet
1784 5000 1810 5022 er
1839 4990 1914 5023 indeß

1068 5044 1140 5072 einm
1159 5043 1399 5077 Auswandererzug,
1430 5042 1500 5070 dann
1519 5039 1593 5069 weist
1619 5037 1670 5070 sein
1698 5034 1829 5069 Inventar
1856 5030 1914 5063 auch

1067 5083 1126 5116 noch
1141 5083 1258 5118 zinneme
1276 5081 1476 5115 Waschschüsseln
1493 5080 1547 5109 und
1561 5076 1732 5109 Trinkbecher,
1749 5071 1913 5108 Handtücher,

1069 5121 1152 5157 Seife,
1169 5122 1266 5157 Zucker,
1286 5122 1451 5156 gemahlmen
1468 5120 1566 5154 Kaffee,
1592 5118 1668 5152 Thee,
1693 5111 1914 5149 Flcischkonserven

1068 5170 1092 5191 u.
1111 5170 1135 5192 a.
1155 5170 1189 5192 m.
1208 5163 1260 5195 aus.

1119 5202 1204 5237 Zeitig
1222 5210 1265 5230 am
1284 5201 1417 5235 folgenden
1437 5201 1552 5233 Morgen
1576 5197 1667 5230 machte
1686 5194 1763 5227 dieses
1782 5191 1914 5228 Faktotum

1069 5243 1108 5271 dir
1125 5241 1228 5274 Runde,
1255 5242 1308 5271 und
1324 5240 1505 5271 Kameraderie
1526 5239 1572 5272 aus
1590 5237 1737 5266 erweiterter
1752 5233 1832 5265 Basis
1860 5232 1914 5259 kam

1068 5283 1113 5315 auf
1140 5282 1178 5312 die
1198 5281 1411 5315 Tagesordnung.
1448 5281 1488 5309 Es
1517 5278 1614 5309 braucht
1643 5283 1692 5305 nur
1717 5275 1775 5309 zwei
1804 5271 1914 5304 Associe«

1067 5324 1133 5359 für'«
1150 5323 1438 5358 Schlasarrangement;
1466 5320 1505 5349 die
1533 5317 1630 5352 Wasch-
1650 5315 1702 5345 und
1721 5314 1831 5348 Eßfrage
1862 5310 1913 5344 läßt

1950 4019 1993 4054 sich
2020 4019 2096 4052 indeß
2123 4016 2296 4049 ökonomischer
2322 4014 2394 4048 durch
2418 4014 2457 4043 ein
2483 4016 2534 4042 aus
2553 4012 2607 4040 drei
2624 4008 2794 4043 Mitgliedem

1951 4059 2202 4095 zusammengesetztes
2232 4056 2359 4091 Syndikat
2389 4054 2523 4088 erledigen.
2570 4051 2616 4082 So
2644 4050 2729 4079 wurde
2760 4048 2795 4081 ich

1952 4101 2018 4129 denn
2037 4100 2097 4129 bald
2116 4098 2175 4132 nach
2193 4096 2419 4131 Sonnenaufgang
2437 4092 2590 4128 Theilhaber
2618 4091 2659 4120 der
2685 4090 2794 4125 Firma:

1951 4140 2154 4175 Pennsylvania,
2181 4137 2311 4167 Bismarck
2336 4135 2389 4166 und
2417 4133 2555 4167 Dubuque.
2591 4129 2721 4161 Bismarck
2738 4137 2795 4159 war

1953 4181 1994 4210 der
2013 4181 2068 4214 mir,
2089 4180 2145 4208 dem
2164 4177 2306 4211 Deutschen,
2325 4175 2461 4208 verliehene
2480 4173 2575 4207 Vulgo,
2600 4170 2795 4207 Pennsylvania

1953 4229 2007 4251 war
2024 4221 2092 4250 mein
2102 4218 2307 4253 Schlaskamerad
2326 4217 2379 4246 und
2398 4215 2527 4248 Dubuque
2541 4213 2581 4242 ein
2594 4214 2643 4241 aus
2657 4212 2700 4240 der
2711 4210 2796 4240 Stadt

1954 4262 2031 4296 dieses
2043 4261 2163 4291 Namens
2176 4260 2212 4288 im
2225 4257 2318 4288 Staate
2331 4256 2411 4291 Iowa
2425 4254 2581 4284 kommender
2594 4252 2683 4287 junger
2695 4251 2795 4284 Mann,

1953 4303 1996 4331 der
2014 4302 2071 4335 nach
2088 4298 2252 4334 Kalifornien
2268 4298 2344 4327 reiste
2361 4297 2391 4325 in
2409 4296 2450 4324 der
2467 4294 2611 4329 Hoffnung,
2638 4297 2711 4321 unter
2738 4290 2796 4319 dem

1954 4342 2077 4376 Einfluffe
2096 4342 2141 4369 deS
2161 4339 2272 4372 dottigen
2291 4337 2416 4372 gesunden
2434 4335 2538 4366 Klimas
2565 4334 2606 4362 ein
2625 4330 2796 4365 eingerosttteS

1953 4383 2058 4416 Asthma
2078 4382 2121 4410 los
2138 4388 2168 4416 zu
2185 4379 2290 4412 werden,
2311 4378 2363 4407 eine
2382 4373 2565 4408 Eventualität,
2589 4372 2635 4406 auf
2653 4372 2691 4400 die
2710 4379 2735 4400 er
2752 4370 2797 4403 sich

1955 4422 2027 4456 durch
2043 4421 2241 4455 unausgesetztes
2257 4418 2374 4452 Rauchen
2392 4417 2451 4446 oder
2468 4414 2635 4445 Tabakkauen
2660 4412 2720 4441 oder
2736 4411 2797 4443 auch

1955 4462 2111 4497 gelegentlich
2130 4461 2200 4493 durch
2219 4458 2374 4494 gleichzeitige
2394 4455 2633 4490 Doppelbenutzung
2659 4452 2706 4481 des
2723 4451 2797 4480 edlen

1955 4503 2063 4534 Krautes
2081 4503 2110 4531 in
2128 4501 2190 4534 nicht
2209 4500 2297 4534 gerade
2315 4496 2512 4534 zweckdimlicher
2529 4494 2610 4526 Weise
2628 4492 2797 4522 vorbereitete.

1955 4543 2005 4573 Nie
2032 4543 2095 4576 habe
2122 4542 2157 4574 ich
2183 4540 2329 4575 Jemanden
2356 4538 2429 4567 einen
2453 4535 2546 4571 solchen
2571 4532 2723 4567 Mißbrauch
2749 4531 2798 4563 mir

1955 4583 2042 4613 Tabak
2057 4582 2153 4613 treiben
2173 4580 2271 4616 gesehen
2288 4580 2335 4609 wie
2353 4579 2401 4607 den
2420 4576 2519 4612 Junior
2536 4575 2635 4607 unserer
2651 4573 2749 4608 Firma.

2008 4624 2067 4653 Von
2099 4623 2155 4651 dem
2185 4619 2405 4656 Zeitungsjungen
2443 4616 2541 4649 erstand
2577 4612 2708 4644 Bismarck
2743 4611 2798 4641 eine

1955 4663 2146 4697 Waschschüssel,
2175 4661 2302 4694 Dubuque
2321 4661 2360 4688 ein
2378 4656 2509 4693 Handtuch
2533 4656 2586 4685 und
2605 4652 2798 4689 Pennsylvania

1957 4705 1996 4734 ein
2015 4703 2094 4734 Stück
2111 4703 2196 4736 Seife.
2233 4701 2289 4730 Alle
2317 4699 2369 4729 drei
2393 4696 2553 4732 gebrauchten
2579 4694 2642 4728 diese
2667 4687 2800 4727 nützlichen

1956 4744 2134 4779 Gegenstände
2152 4743 2220 4772 einer
2238 4740 2296 4774 nach
2314 4741 2369 4769 dem
2389 4739 2486 4768 andem
2504 4737 2533 4766 in
2551 4736 2593 4765 der
2605 4734 2691 4770 Folge,
2711 4734 2738 4762 in
2757 4733 2801 4761 der

1957 4786 1988 4818 sie
2007 4785 2050 4819 sich
2067 4792 2127 4814 vom
2145 4782 2293 4816 Nachtlager
2311 4779 2426 4814 erhoben.
2452 4777 2537 4808 Wmn
2555 4777 2604 4805 wir
2622 4775 2672 4804 drei
2691 4774 2737 4803 mit
2756 4773 2801 4801 der

1957 4825 2128 4859 Abwaschung
2146 4823 2220 4857 fettig
2237 4829 2330 4855 waren,
2350 4820 2426 4853 fehlte
2443 4822 2471 4847 eS
2489 4817 2531 4846 nie
2548 4825 2584 4845 an
2601 4814 2801 4848 Supplikanten,

1958 4866 2005 4899 die,
2024 4865 2068 4897 auf
2086 4863 2212 4898 christliche
2233 4860 2415 4894 Nächstenliebe
2433 4857 2590 4890 vertrauend,
2619 4858 2646 4884 es
2672 4854 2716 4889 für
2732 4853 2801 4887 prak¬

1958 4905 2012 4939 tisch
2040 4905 2138 4937 erachtet
2166 4904 2258 4937 hatten,
2285 4901 2329 4935 sich
2355 4900 2419 4932 nicht
2444 4900 2472 4928 in
2499 4897 2620 4931 Unkosten
2646 4903 2673 4930 zu
2698 4894 2802 4929 stürzen.

1958 4946 2021 4976 Wer
2048 4953 2095 4975 an.
2115 4945 2155 4973 die
2183 4943 2263 4974 Reihe
2291 4942 2354 4972 kam.
2385 4940 2455 4973 füllte
2484 4938 2524 4966 die
2542 4936 2657 4970 Schüssel
2675 4938 2726 4964 aus
2744 4936 2803 4963 dem

1958 4986 2090 5020 Reservoir
2109 4985 2137 5013 in
2157 4985 2200 5013 der
2217 4980 2361 5016 Wagenecke
2380 4981 2433 5009 und
2451 4978 2587 5011 marschitte
2607 4977 2653 5006 mit
2666 4976 2722 5004 dem
2736 4974 2802 5003 kom-

1958 5028 2039 5059 plcten
2056 5024 2328 5058 Reinigungsapparat
2355 5020 2416 5054 nach
2445 5021 2489 5049 der
2517 5017 2656 5053 Plattform
2686 5023 2731 5044 vor
2760 5014 2805 5043 der

1958 5066 2051 5099 Thüre.
2087 5065 2155 5095 Dott
2174 5064 2249 5093 kniete
2267 5071 2291 5091 er
2309 5062 2401 5094 nieder,
2420 5060 2498 5094 stützte
2517 5059 2570 5087 eine
2589 5056 2707 5089 Schulter
2725 5063 2804 5089 gegen

1959 5107 1998 5136 die
2018 5106 2105 5136 Wand
2123 5106 2183 5134 oder
2200 5103 2266 5136 hatte
2283 5103 2328 5134 sich
2346 5101 2394 5131 mtt
2411 5102 2467 5129 dem
2487 5098 2569 5127 linken
2586 5098 2652 5127 Arm
2669 5105 2705 5124 an
2722 5096 2805 5125 einem

1960 5148 2003 5175 der
2021 5147 2131 5180 eisernen
2150 5142 2345 5176 Geländerstäbe
2364 5141 2409 5175 fest
2435 5139 2487 5169 und
2513 5139 2573 5172 ging
2592 5138 2620 5166 in
2639 5137 2714 5170 dieser
2731 5134 2805 5166 Stel¬

1961 5189 2025 5220 lung
2043 5194 2076 5215 an
2097 5185 2136 5213 die
2155 5183 2252 5213 Arbeit.
2275 5183 2341 5212 Eine
2360 5181 2522 5214 unbequeme,
2541 5176 2732 5211 ungenügende,
2749 5176 2805 5204 und

1959 5235 2035 5256 wenn
2061 5230 2106 5254 der
2132 5224 2192 5259 Zug
2219 5225 2283 5251 etwa
2310 5219 2528 5253 ausnahmsweise
2554 5217 2640 5252 schnell
2656 5217 2723 5251 fuhr,
2741 5216 2807 5248 nicht

1960 5275 2024 5301 ganz
2042 5264 2178 5299 gefahrlose
2197 5262 2312 5292 Toilette.

2012 5306 2071 5336 Don
2091 5305 2135 5334 der
2152 5303 2243 5338 Firma
2256 5300 2455 5336 Pennsylvania,
2468 5297 2598 5329 Bismarck
2611 5297 2661 5327 und
2674 5296 2806 5329 Dubuque

2836 4007 2923 4036 wurde
2941 4006 3002 4040 auch
3018 4006 3059 4034 ein
3077 4005 3169 4040 Fonds
3186 4012 3227 4040 jui
3243 4005 3410 4039 Beschaffung
3421 4013 3472 4035 von
3486 4005 3581 4041 Kaffee,
3592 4007 3689 4042 Zucker

2837 4047 2891 4076 und
2910 4046 3016 4079 Bechern
3036 4046 3182 4080 gegründet.
3216 4045 3304 4080 Schon
3323 4045 3361 4074 bei
3374 4045 3557 4080 Tagesgrauen
3577 4047 3686 4078 brannte

2837 4087 2899 4121 stets
2918 4087 2958 4116 ein
2978 4086 3094 4121 tüchtiges
3114 4086 3194 4120 Feuer
3219 4086 3255 4115 im
3274 4085 3361 4120 Ofen;
3389 4085 3488 4120 Waffer
3511 4088 3597 4117 wurde
3623 4096 3685 4123 zum

2837 4127 2938 4157 Sieden
2958 4126 3076 4161 gebracht,
3094 4125 3147 4155 und
3168 4126 3211 4159 auf
3229 4126 3272 4155 der
3289 4125 3366 4159 ersten
3379 4126 3497 4162 Statton,
3516 4127 3557 4156 die
3570 4128 3611 4158 der
3623 4128 3686 4164 Zug

2838 4175 2883 4197 am
2901 4167 3014 4201 Morgen
3032 4166 3120 4200 anlief,
3146 4166 3247 4195 wurden
3272 4165 3340 4199 Eier,
3367 4166 3495 4201 Brödchrn
3521 4168 3575 4197 und
3602 4169 3689 4205 Milch

2838 4215 2890 4237 von
2908 4208 2955 4236 den
2974 4206 3017 4241 sich
3033 4205 3150 4241 zahlreich
3169 4206 3345 4240 einfindenden
3370 4206 3519 4240 Anstedlem
3549 4209 3686 4243 ringehan¬

2839 4248 2898 4276 delt.
2917 4247 2983 4277 Eine
3002 4247 3083 4277 Weile
3101 4245 3180 4280 später
3201 4254 3286 4275 waren
3314 4247 3384 4276 dann
3410 4247 3460 4276 alle
3489 4248 3688 4282 Wagenabthei¬

2839 4289 2935 4321 lungen
2953 4288 3001 4317 mtt
3018 4286 3113 4316 kleinen
3131 4286 3319 4321 Gesellschaften
3338 4286 3424 4322 besetzt,
3443 4287 3518 4317 deren
3532 4289 3689 4324 MÜglieder

2839 4328 2885 4362 sich
2903 4328 2949 4357 dag
2969 4327 3014 4362 auf
3031 4328 3080 4356 den
3098 4327 3264 4357 Bettbrettem
3290 4327 3387 4360 seroitte
3413 4327 3548 4363 Frühstück
3574 4331 3690 4360 munde«

2839 4368 2931 4402 ließen.

2894 4408 3057 4442 Mittagessen
3076 4407 3188 4443 zwischen
3207 4408 3240 4440 elf
3250 4407 3305 4437 und
3316 4408 3384 4442 zwei,
3401 4407 3558 4443 Abendeflcn
3572 4411 3686 4445 zwischen

2840 4448 2901 4483 fünf
2918 4449 2971 4477 und
2991 4448 3039 4481 acht
3057 4450 3116 4476 oder
3135 4456 3204 4477 neun
3221 4448 3274 4481 Uhr
3300 4456 3383 4477 waren
3403 4448 3430 4477 in
3449 4449 3497 4478 den
3514 4449 3691 4482 Restaurant»

2841 4488 2994 4524 bestimmter
3010 4487 3151 4517 Stationen
3171 4487 3301 4522 erhältlich,
3328 4495 3377 4516 nur
3399 4488 3486 4517 wurde
3503 4489 3543 4518 die
3561 4489 3603 4522 für
3620 4491 3694 4521 Ein»

2840 4529 2934 4562 nähme
2960 4528 3035 4561 dieser
3052 4528 3209 4563 Mahlzeiten
3233 4530 3286 4557 unS
3306 4527 3436 4562 bewilligte
3455 4528 3513 4563 Zett
3542 4529 3633 4560 immer
3660 4539 3692 4567 zu

2840 4569 2895 4604 kurz
2912 4569 3041 4603 bemessen.
3075 4567 3182 4598 Konimt
3207 4568 3265 4602 auch
3292 4568 3332 4597 die
3354 4567 3413 4603 Zeit
3438 4568 3481 4598 bei
3498 4570 3542 4599 der
3560 4570 3693 4602 AuSwan-

2841 4609 3077 4643 dererbefördemng
3094 4608 3156 4642 nicht
3175 4609 3234 4638 eben
3251 4608 3385 4643 sonderlich
3403 4608 3430 4638 in
3443 4609 3570 4645 Betracht,
3588 4611 3613 4642 so
3632 4612 3691 4647 soll¬

2841 4648 2884 4679 ten
2903 4650 2940 4678 die
2959 4649 3090 4683 Stunden,
3110 4649 3149 4678 die
3168 4648 3252 4683 täglich
3272 4649 3377 4681 dadurch
3389 4650 3502 4679 verloren
3516 4650 3619 4685 gingen,
3639 4653 3694 4688 daß

2841 4691 2891 4719 wir
2916 4690 2962 4723 auf
2988 4688 3184 4723 Nebengeleisen
3210 4690 3259 4718 daS
3285 4688 3404 4723 Passiren
3431 4690 3477 4719 der
3502 4690 3610 4726 Expreß-
3635 4693 3692 4722 und

2843 4729 2978 4765 Lokalzüge
3005 4729 3133 4758 abwarten
3161 4729 3271 4763 mußten,
3300 4729 3356 4761 doch
3384 4730 3572 4765 einigermaßen
3600 4733 3695 4762 wieder

2843 4771 2971 4803 eingeholt
2989 4770 3086 4799 werden
3114 4769 3167 4799 und
3195 4769 3271 4804 dieses
3290 4769 3347 4804 Ziel
3374 4769 3423 4804 ließ
3442 4771 3488 4804 sich
3505 4771 3598 4804 anstatt
3618 4772 3695 4807 durch

2843 4810 2963 4844 raschere«
2981 4810 3082 4845 Fahren
3101 4809 3219 4845 einfacher
3235 4809 3282 4845 auf
3298 4809 3391 4844 Kosten
3408 4811 3509 4845 unserer
3517 4811 3699 4848 Beqmmlich»

2845 4851 2890 4880 keil
2909 4851 3033 4883 erreichen.

2900 4891 2951 4921 Die
2970 4892 3018 4921 viel
3030 4891 3158 4925 gerühmte
3172 4890 3354 4924 amerikanische
3366 4890 3504 4925 Gleichheit
3524 4891 3629 4924 erstreckt
3648 4893 3697 4928 sich

2844 4931 2909 4965 nicht
2927 4932 2969 4960 bis
2987 4939 3040 4967 zum
3058 4931 3226 4966 Emigranten
3245 4931 3367 4965 herunter,
3393 4931 3435 4964 ihn
3467 4931 3602 4964 behandelt
3629 4941 3698 4964 man

2845 4974 2890 5001 alS
2909 4972 3001 5005 Patta.
3035 4971 3085 5002 Bei
3103 4972 3151 5001 den
3170 4971 3405 5005 fahrplanmäßigen
3422 4970 3515 5005 Zügen
3546 4972 3609 5001 wird
3637 4981 3699 5008 zum

2847 5012 2995 5046 Einsteigen
3013 5011 3157 5046 abgerufcn,
3183 5011 3224 5044 für
3241 5014 3293 5040 uns
3311 5010 3385 5044 gab'S
3403 5018 3452 5039 von
3473 5011 3583 5046 Counzil
3601 5013 3699 5049 Bluff»

2846 5060 2882 5081 an
2902 5052 2967 5081 keine
2986 5052 3057 5086 solche
3075 5052 3219 5085 Warnung.
3249 5050 3306 5081 Der
3323 5051 3381 5084 Zug
3399 5051 3463 5085 setzte
3482 5052 3525 5085 sich
3546 5052 3698 5088 schweigend

2847 5094 2876 5121 in
2895 5092 3048 5126 Bewegung,
3067 5091 3166 5121 wenn'S
3184 5092 3239 5120 dem
3257 5090 3415 5121 Konduttcur
3432 5091 3549 5127 beliebte»
3574 5095 3627 5123 und
3645 5102 3701 5124 wer

2848 5132 2912 5165 nicht
2930 5133 3058 5167 rechtzeitig
3076 5140 3118 5166 zur
3135 5131 3218 5161 Stelle
3236 5139 3299 5163 war,
3327 5131 3369 5160 der
3395 5131 3487 5164 mochte
3505 5133 3701 5168 zurückbleibe«.

2849 5172 2980 5206 Während
2999 5173 3041 5202 des
3060 5172 3152 5206 EffenS
3171 5172 3207 5200 im
3224 5172 3378 5206 Restaurant
3396 5173 3497 5206 durften
3510 5174 3560 5204 wir
3574 5175 3611 5204 die
3624 5176 3700 5206 Loko¬

2848 5213 2941 5242 motive
2960 5213 3003 5242 nie
3018 5215 3069 5241 auS
3087 5214 3135 5240 den
3146 5211 3237 5246 Augm
3254 5212 3377 5241 verlieren
3393 5213 3447 5242 und
3466 5215 3573 5247 mußten
3591 5216 3703 5248 hinauS-

2850 5254 2927 5287 eilen,
2943 5253 3030 5286 sobald
3050 5254 3093 5281 der
3110 5252 3344 5287 Maschincnführer
3370 5254 3417 5283 mit
3439 5253 3524 5287 seinen
3544 5255 3642 5291 Hebeln
3671 5264 3702 5292 zu

2851 5294 3023 5327 manipuliren
3042 5292 3142 5327 anfing.
