4007 5551
143 146 422 200 Donnerstag.
445 151 519 195 15.
542 153 645 196 Juni
680 153 804 198 1944

879 156 999 202 Blatt
1019 159 1047 204 5

1501 160 1577 203 Der
1599 160 1744 213 Zürcher
1764 159 1914 213 Zeitung
1935 160 2007 199 165
2040 159 2226 212 Jahrgang

2996 155 3328 206 Abendausgabe
3395 148 3597 199 JI^IOIG

2495 677 2694 706 Annonce«:
2725 679 2776 702 »r»
2793 678 2860 701 Sei»«
2874 678 3020 702 »Spalte»t
3030 673 3294 701 «°«tlli««I»rretle»
3408 667 3461 715 ^

2657 715 2765 748 Preis
2788 714 2845 743 der
2867 710 3178 747 Millimeterzetle

2573 754 2612 779 für
2625 755 2696 777 lokale
2711 753 3001 779 SelchStttempledlungen
3234 746 3261 768 2V
3273 748 3318 773 «p.

2573 785 2611 810 für
2624 785 2744 812 Anzeigen
2757 784 2937 811 Ich»«i,er1I<I,en
2953 779 3088 809 Uriprung«
3233 779 3260 800 30
3272 780 3318 804 «p.

2573 815 2612 839 für
2624 816 2745 842 Anzeigen
2758 814 2930 839 ausländischen
2948 812 3083 840 Ursprung»
3233 816 3260 830 «
3272 811 3316 836 Np.

2575 846 2613 870 für
2627 846 2750 869 «eklamen
2764 850 2806 871 pro
2820 845 2974 870 doppelbreite
2988 843 3053 870 Zeile
3219 841 3229 862 l
3239 840 3266 861 2S
3279 841 3319 867 Fr.

2575 881 2632 905 Seit
2653 882 2673 902 1.
2687 880 2786 907 Januar
2801 880 2865 901 1W2:
2887 878 3073 906 5irieg»zus»lag
3093 878 3120 900 15
3125 876 3136 890 f
3135 878 3153 898 />
3171 880 3225 899 vom
3245 876 3319 898 «etto

2497 915 2822 948 «»n-nce«°Abtkilun,:
2853 913 3049 947 Thr-kerstraße
3071 912 3083 940 1
3116 914 3169 940 und
3195 909 3405 945 Baiinhofstraße
3426 909 3461 937 70

2569 955 2772 986 Briefadresse:
2787 954 2916 987 Postfach
2930 952 3141 987 ssraumünster.
3154 952 3302 984 Postscheck
3315 950 3458 979 VIU12S»

1583 784 1789 830 Täglich
1826 786 1854 817 »
1886 784 2160 827 Ausgaben

1593 857 1753 885 Redaktion:
1770 856 1958 892 Falkenstratze
1975 856 2016 889 II.
2031 855 2128 890 Zürich
2144 856 2156 882 1

1415 907 1657 939 Administration:
1673 907 1878 942 Iheaterstratze
1894 908 1918 939 I.
1932 906 2084 935 Druckerei:
2099 907 2288 941 Soethestraß,
2303 908 2337 934 10

1415 954 1553 989 Telephon
1567 955 1590 984 2
1600 954 1644 985 7t
1656 957 1710 989 00,
1724 954 1941 992 Hauptpostfach.
1956 955 2172 988 Postscheckkonto
2188 954 2335 984 VIII615

994 682 1078 705 SAU«.
1120 682 1143 702 12
1153 683 1215 704 Ml«.

171 1080 531 1157 Wappnung
559 1087 657 1155 für
683 1101 925 1159 morgen

299 1170 362 1200 Bon
393 1172 568 1207 Walther
598 1174 643 1203 Al
654 1176 689 1209 lg
700 1176 799 1204 öwer

509 1235 559 1263 III.
570 1235 597 1269 *)

192 1282 334 1319 Parallel
372 1293 426 1323 zur
463 1286 636 1326 Erziehung
673 1287 743 1326 geht
781 1287 828 1319 die
866 1288 978 1319 Aus.

131 1320 324 1362 bildung
374 1325 447 1356 der
496 1327 524 1357 G
536 1334 550 1357 c
562 1326 573 1365 f
584 1335 599 1358 e
610 1327 639 1364 ch
651 1327 663 1358 t
674 1330 691 1357 s
705 1328 715 1358 t
726 1335 741 1358 e
752 1328 781 1365 ch
793 1335 814 1358 n
825 1326 836 1358 i
849 1328 870 1358 k.
921 1327 978 1361 Sic

132 1359 297 1393 orientiert
314 1362 366 1402 sich
385 1372 427 1395 an
446 1365 498 1396 der
516 1365 648 1403 Vielfalt
665 1367 730 1397 und
749 1366 907 1399 Totalität
925 1368 978 1399 des

131 1399 271 1438 Krieges,
296 1410 339 1433 an
364 1403 421 1435 den
447 1404 500 1443 ftd)
524 1406 730 1437 wandelnden
755 1406 978 1445 Forderungen

131 1439 185 1470 der
206 1440 403 1480 Gegenwart.
426 1443 483 1476 Sic
505 1444 580 1482 muß
602 1444 759 1483 einerseits
782 1445 840 1476 das
862 1445 977 1483 Gleich-

131 1477 288 1511 bleibende
306 1481 419 1519 lehren,
437 1483 607 1521 anderseits
626 1485 684 1515 das
701 1485 903 1519 Wandelnde,
919 1486 978 1517 wie

130 1521 164 1549 es
184 1518 235 1557 sich
253 1523 315 1551 aus
334 1515 386 1552 der
404 1521 715 1563 KricgScntwicklung
732 1523 840 1563 ergibt.
857 1524 977 1562 Gemäß

131 1557 265 1594 fremder
296 1561 361 1590 und
393 1561 513 1600 eigener
545 1562 727 1601 Erfahrung
759 1563 893 1602 bestehen
927 1563 979 1597 für

131 1593 286 1635 sämtliche
309 1599 493 1638 Führenden
518 1603 582 1633 und
605 1603 817 1641 Kämpfenden
842 1604 978 1642 zunächst

130 1636 318 1677 einheitliche
337 1638 608 1679 Anforderungen,
629 1641 676 1673 die
696 1642 729 1673 in
748 1642 833 1673 einer
852 1642 978 1677 Grund,

131 1676 276 1716 schulitng
295 1679 482 1717 anzulernen
501 1680 576 1719 sind;
595 1680 633 1718 sie
651 1681 775 1718 umfaßt
793 1681 837 1713 in»
854 1681 978 1719 wescnt»

130 1715 225 1754 lichen
266 1718 491 1757 Körperschule.
531 1720 826 1760 Gcländeschulung.
866 1721 978 1760 Feuer»

130 1754 304 1795 erziehung.
346 1757 462 1798 Einsatz
505 1759 557 1790 der
599 1759 801 1799 allgemeinen
844 1760 978 1799 Waffen.

130 1791 294 1835 Schulung
308 1796 360 1827 der
373 1797 488 1829 kleinen
501 1798 780 1837 Kampfverbände.
791 1800 978 1832 Grenadier,

131 1834 337 1873 ausbildung.
369 1835 531 1877 Schulung
561 1838 605 1869 im
637 1838 790 1877 einfachen
822 1838 978 1878 taktischen

131 1874 254 1906 Denken
276 1876 341 1906 und
361 1876 564 1916 Entscheiden.
586 1877 699 1910 Daran
721 1878 839 1916 schließt
859 1878 911 1917 sich
932 1879 979 1911 die

131 1913 416 1954 Spezialschttlung.
440 1917 546 1955 welche
570 1916 597 1955 je
621 1918 695 1956 nach
719 1917 979 1959 Waffengattung

129 1949 315 1991 verschieden
330 1953 377 1992 ist;
392 1955 440 1987 die
453 1956 636 1995 Infanterie
649 1957 725 1995 muß
739 1957 979 1998 manöverfähig

129 1993 262 2028 werden,
299 1993 347 2025 die
384 1994 526 2034 schnellen
563 1996 712 2035 Truppen
749 1997 864 2036 müssen
901 1997 978 2030 Vcr»

129 2032 286 2072 Wendung
320 2034 384 2064 und
420 2034 726 2074 Leistungsfähigkeit
760 2037 813 2068 des
847 2037 977 2069 Motors

129 2073 253 2107 kennen,
285 2072 333 2104 die
363 2073 521 2106 Artillerie
552 2075 618 2113 ihre
649 2075 900 2115 Feuerwirkung.
931 2077 978 2109 die

130 2111 308 2149 technischen
368 2112 517 2152 Truppen
578 2114 644 2153 ihre
704 2115 977 2155 Spezialaufgabe.

130 2151 311 2190 Schließlich
335 2152 409 2191 muß
434 2154 506 2192 nach
529 2153 613 2186 einer
636 2155 748 2194 langen
771 2155 903 2193 Periode
926 2156 978 2188 der

130 2190 406 2231 Spczialschulung
428 2193 475 2224 die
496 2193 787 2232 Zusammenarbeit
808 2194 979 2234 sämtlicher

130 2230 254 2268 Waffen
273 2230 431 2271 gründlich
449 2232 592 2271 eingeübt
608 2235 739 2269 werden,
756 2234 827 2266 weil
846 2235 978 2274 dadurch

130 2269 226 2302 allein
244 2269 293 2301 ein
311 2270 487 2311 wirksamer
504 2272 619 2313 Einsatz
638 2273 680 2305 im
699 2273 842 2314 heutigen
859 2273 978 2315 Gefecht

127 2309 257 2349 möglich
280 2309 325 2349 ist.

190 2348 365 2389 Erziehung
378 2352 443 2383 und
456 2351 658 2392 Allsbildung
672 2353 736 2391 sind
750 2353 824 2385 aber
837 2353 870 2385 itt
884 2353 978 2392 dieser

130 2388 228 2427 Weise
240 2397 303 2420 nur
314 2390 548 2430 dilrchsührbar.
561 2397 650 2424 wenn
663 2393 712 2424 ein
724 2394 815 2432 gutes
836 2394 978 2426 Kader

130 2437 185 2467 zur
209 2428 394 2469 Verfügung
417 2431 501 2469 steht;
526 2432 621 2467 daher
644 2433 699 2470 hat
722 2433 769 2464 die
792 2433 902 2464 Arnice
926 2434 979 2466 der

129 2468 272 2506 Bildung
288 2468 372 2507 ihrer
386 2464 531 2510 Offiziere
545 2472 610 2503 und
625 2472 856 2512 Unteroffiziere
869 2473 978 2512 größte

129 2507 400 2546 Aufmerksamkeit
439 2512 650 2548 zuzuwcnden.
691 2512 751 2544 Die
791 2512 977 2551 Führenden

128 2548 223 2586 sollen
244 2548 295 2579 als
316 2544 549 2588 Persönlichkeit
568 2550 755 2590 überzeugen
776 2552 841 2583 und
861 2552 977 2591 müffen

129 2586 178 2619 ein
200 2587 331 2625 sicheres,
352 2587 450 2626 ihrem
470 2590 560 2622 Grad
581 2590 825 2629 entsprechendes
845 2592 977 2624 Können

131 2626 308 2665 aufwciscn;
331 2629 460 2668 genügte
482 2629 589 2668 früher
609 2630 704 2662 allein
726 2631 778 2663 der
799 2631 901 2670 Rang,
922 2640 977 2664 um

130 2666 183 2705 sich
205 2674 240 2704 zu
262 2666 446 2705 behaupten,
468 2668 499 2707 so
521 2668 557 2707 ist
579 2670 667 2705 heute
688 2670 736 2701 die
757 2670 911 2710 Führung
933 2671 976 2704 im

131 2705 258 2744 Gefecht,
282 2706 329 2738 die
353 2707 494 2746 Haltung
517 2707 551 2740 in
575 2709 681 2747 Zeiten
706 2710 758 2741 der
781 2710 889 2748 Krisen
913 2712 977 2743 ent»

130 2745 280 2784 scheidend
318 2745 370 2784 für
407 2747 545 2786 Ansehen
583 2748 647 2780 und
685 2749 859 2781 Autorität.
896 2749 977 2788 Ins.

127 2785 290 2821 lmonderc
313 2786 365 2818 der
387 2786 603 2828 Unteroffizier
623 2788 730 2827 bedarf
751 2788 805 2827 feit
827 2789 880 2820 der
901 2790 977 2828 Auf.

127 2823 240 2863 lösung
262 2824 314 2855 des
337 2824 572 2864 Schlachtfeldes
594 2827 626 2859 in
648 2827 696 2859 die
717 2828 876 2867 zerstreute
896 2828 977 2861 Ord»

127 2870 216 2902 nung
245 2862 340 2894 vieler
367 2865 552 2904 Kenntnisse,
581 2866 628 2898 die
656 2872 689 2898 er
716 2872 777 2899 mit:
806 2867 839 2899 in
867 2868 978 2908 langer

127 2903 292 2942 Schulung
313 2903 379 2935 und
402 2904 460 2937 mit
481 2905 562 2944 Hilfe
585 2905 681 2944 seiner
703 2906 908 2946 Vorgesetzten
930 2916 976 2940 er»

127 2942 206 2979 hält.
222 2937 287 2974 Der
302 2941 432 2982 Offizier
448 2945 522 2983 muß
539 2945 682 2977 überdies
698 2946 764 2978 eine
780 2946 976 2986 vorbildliche

126 2982 270 3021 Haltung
288 2983 353 3013 und
372 2984 462 3021 gutes
481 2984 633 3024 taktisches
651 2986 782 3017 Können
800 2986 927 3025 besitzen,
945 2987 976 3026 so

126 3021 189 3059 daß
222 3029 256 3053 er
287 3020 321 3053 in
353 3021 436 3060 jeder
467 3024 548 3062 Lage
580 3024 627 3056 die
660 3025 869 3065 zweckmäßige
901 3026 975 3059 Ent»

126 3060 286 3100 schcidung
301 3069 337 3100 zu
354 3062 462 3101 treffen
478 3069 614 3102 vermag.
631 3064 682 3097 Da
698 3068 730 3096 es
747 3064 790 3097 im
806 3065 899 3105 Krieg
915 3067 975 3098 tat.

125 3097 249 3140 sächlich
266 3109 320 3132 um
339 3101 386 3133 die
403 3102 537 3141 Existenz
555 3104 608 3135 des
625 3104 746 3136 Landes
764 3106 842 3144 geht,
859 3105 976 3145 müssen

126 3141 188 3173 wir
206 3141 291 3172 dann
310 3140 358 3172 die
376 3141 473 3180 besten
492 3143 588 3181 Köpfe
607 3144 659 3175 des
678 3144 790 3177 Volkes
809 3153 850 3176 an
870 3144 975 3177 leiten,

126 3182 180 3213 der
200 3180 298 3212 Stelle
318 3181 371 3212 der
390 3181 500 3214 Armee
520 3183 630 3220 haben;
651 3187 713 3215 aus
734 3183 842 3223 diesem
862 3185 975 3217 Grlind

126 3220 192 3260 sind
208 3219 268 3251 wir
284 3220 400 3260 darauf
416 3221 615 3261 angewiesen,
631 3223 691 3260 daß
708 3223 759 3262 sich
775 3225 834 3255 alle
849 3224 975 3264 fähigen

125 3259 236 3298 Kräfte
257 3259 342 3298 schon
365 3259 407 3293 im
430 3261 561 3300 Frieden
583 3270 637 3300 zur
659 3263 843 3303 Verfügung
865 3264 975 3303 stellen,

127 3300 179 3340 sich
199 3299 251 3337 für
269 3299 316 3331 die
335 3299 489 3340 Führung
508 3300 550 3333 im
569 3301 662 3341 Krieg
680 3311 715 3341 zu
734 3303 860 3342 schulen.

187 3338 258 3372 Wir
272 3337 387 3378 müssen
402 3343 464 3373 uns
479 3341 552 3373 aber
566 3342 630 3373 klar
644 3341 716 3381 sein,
730 3343 790 3382 daß
804 3342 870 3375 eine
884 3342 975 3383 solche

126 3378 405 3425 kricgsgenügeilde
444 3379 646 3421 Ausbildung
686 3381 752 3414 eine
791 3384 976 3422 längere

126 3417 226 3458 Zeit
251 3419 387 3458 brallcht,
405 3420 455 3451 als
473 3420 509 3458 sic
526 3421 578 3452 der
593 3421 693 3454 Staat
709 3421 815 3459 bisher
829 3431 884 3461 zur
899 3423 975 3456 Ver.

126 3459 248 3498 fügung
275 3458 376 3496 stellte.
403 3459 473 3492 Wir
500 3461 616 3492 können
643 3461 857 3501 grundsätzlich
884 3463 976 3501 unser

126 3497 328 3537 Wchrstzstcm
352 3497 555 3538 beibehalten;
580 3500 653 3532 aber
676 3502 749 3540 nach
772 3501 976 3543 Beendigung

127 3540 180 3570 des
220 3537 451 3577 Aktivdicnstcs.
490 3545 580 3572 wenn
620 3540 700 3572 keine
739 3541 976 3581 Svndcrdicnst.

125 3578 296 3616 lcistungen
320 3579 407 3616 mehr
430 3579 554 3612 erlaubt
577 3580 650 3618 sind,
673 3581 810 3613 kommen
834 3581 894 3613 wir
917 3582 975 3615 mit

126 3619 179 3650 der
194 3617 372 3656 bisherigen
388 3617 497 3651 Dauer
512 3620 564 3651 der
579 3620 781 3660 Ausbildung
796 3620 874 3660 nicht
889 3623 975 3661 mehr

125 3661 198 3690 alls.
220 3656 329 3695 Gewiß
352 3658 430 3690 kann
452 3659 505 3690 der
525 3659 632 3692 Kredit
653 3661 854 3699 gewährende
875 3661 975 3694 Staat

125 3697 305 3736 verlangen,
323 3697 383 3735 daß
403 3697 568 3735 innerhalb
586 3700 637 3731 der
654 3708 708 3738 zur
726 3700 910 3740 Verfügung
928 3710 974 3741 ge-

126 3738 241 3775 stellten
265 3736 335 3775 Zeit
358 3736 405 3770 die
429 3738 536 3770 Arbeit
560 3738 591 3775 so
615 3739 807 3785 zweckmäßig
831 3740 888 3772 wie
913 3749 975 3773 nur

126 3777 234 3816 irgend
256 3775 384 3815 möglich
406 3778 470 3809 und
492 3778 717 3818 ausschließlich
739 3780 789 3811 als
811 3780 975 3813 Vorberei-

125 3818 205 3856 tung
228 3815 283 3854 a»lf
305 3817 362 3847 den
385 3816 477 3857 Krieg
500 3817 653 3850 betrieben
675 3818 764 3851 wird.
787 3819 868 3859 Doch
891 3819 975 3859 selbst

125 3856 206 3888 beim
223 3855 320 3894 besten
336 3856 535 3901 Haushalten
550 3857 609 3890 mit
623 3858 676 3889 der
690 3858 759 3898 Zeit
773 3861 912 3899 genügen
928 3860 974 3892 die

124 3896 215 3934 heute
244 3894 384 3934 gesetzlich
414 3896 602 3935 festgelegten
631 3897 697 3929 vier
723 3898 858 3931 Monate
886 3898 974 3939 nicht.

125 3937 227 3969 Wenn
244 3943 295 3966 am
313 3930 429 3974 Schluß
445 3936 497 3967 der
513 3936 761 3976 Rekrutcnschule
776 3938 828 3970 der
843 3938 974 3978 wirklich

125 3974 339 4014 kriegsbereite
363 3974 482 4008 Soldat
505 3977 650 4015 entlassen
674 3978 795 4010 werden
819 3978 882 4016 soll,
905 3982 974 4011 was

126 4014 293 4054 angesichts
308 4014 360 4046 der
373 4015 566 4062 Möglichkeit
580 4017 632 4048 des
647 4017 853 4057 strategischen
867 4018 974 4051 Ucbcr-

125 4055 201 4092 falls
224 4053 414 4094 unerläßlich
436 4055 481 4095 ist,
503 4055 533 4094 so
555 4056 629 4093 muß
652 4056 699 4088 die
720 4057 792 4097 erste
813 4057 975 4099 Schulung

124 4095 157 4132 so
186 4093 348 4133 gründlich
377 4095 442 4126 und
471 4095 648 4135 nachhaltig
675 4096 748 4134 sein,
778 4097 839 4136 daß
867 4097 975 4136 Misere

124 4136 236 4167 Armee
266 4132 405 4172 jederzeit
434 4135 623 4174 kainpfsähig
653 4135 688 4175 ist
718 4137 782 4168 und
812 4145 874 4169 nur
901 4138 973 4177 noch

124 4175 210 4213 klirzc
238 4172 586 4214 Wiederhol,mgskursc
615 4176 749 4214 braucht,
778 4184 831 4208 um
861 4176 912 4215 sich
941 4177 973 4210 in

124 4215 223 4253 Form
249 4221 283 4250 zu
310 4213 415 4251 halten
442 4215 506 4245 und
531 4215 737 4255 Neuerungen
763 4215 972 4255 einzuführen.

125 4255 208 4287 Vom
239 4253 342 4285 Kader
373 4252 409 4292 ist
441 4253 590 4292 ebenfalls
622 4254 688 4286 eine
719 4255 836 4295 gewisse
867 4256 973 4296 Mehr,

124 4292 258 4332 lcistung
275 4300 310 4331 zu
328 4292 506 4331 verlangen,
524 4299 614 4326 wenn
632 4294 706 4334 aiich
724 4295 771 4327 die
788 4286 903 4334 Grenze
920 4297 972 4328 des

123 4332 299 4372 Möglichen
321 4331 399 4370 nicht
420 4333 634 4369 überschritten
654 4335 775 4367 werden
797 4335 875 4375 darf,
895 4336 973 4375 ohne

125 4375 184 4405 das
198 4371 396 4410 Milizshstcm
410 4381 443 4411 zu
457 4372 633 4412 gefährden.

184 4411 245 4445 Die
275 4411 477 4452 Ausbildung
507 4420 548 4444 an
578 4413 634 4445 den
665 4413 819 4453 einzelnen
850 4414 972 4454 Waffen

125 4452 201 4490 muß
224 4450 394 4490 einheitlich
418 4451 538 4491 geleitet
561 4453 624 4484 nnd
648 4453 759 4486 immer
781 4454 893 4486 wieder
917 4455 973 4487 den

125 4499 225 4524 neuen
249 4490 508 4530 Anforderungen
533 4492 689 4531 angcpaßt
712 4494 842 4526 werden.
867 4494 974 4533 Daher

126 4532 161 4570 ist
177 4537 210 4563 es
226 4529 426 4569 unerläßlich,
441 4531 520 4570 nicht
534 4539 596 4563 nur
610 4532 698 4564 einen
712 4533 811 4565 Leiter
825 4535 877 4566 der
890 4535 973 4566 Aus.

124 4570 258 4610 bildung
288 4578 323 4608 zu
355 4578 518 4605 ernennen,
550 4571 601 4603 der
632 4571 679 4604 die
709 4572 895 4611 Richtlinien
927 4576 973 4606 bc-

126 4610 252 4649 stimmt,
268 4609 396 4648 sondern
412 4610 485 4647 auch
499 4610 547 4642 ein
572 4611 598 4651 F
609 4619 627 4643 o
640 4619 655 4643 r
667 4611 718 4650 sch
730 4620 751 4644 u
764 4621 783 4645 n
796 4621 814 4652 g
826 4616 842 4645 s
855 4627 875 4639 --
889 4620 909 4645 u
922 4621 942 4646 n
956 4615 973 4645 d

123 4651 147 4684 L
158 4659 171 4682 c
184 4650 203 4688 h
215 4658 231 4681 r
244 4649 254 4681 i
266 4657 284 4680 n
298 4648 319 4687 ft
332 4648 341 4680 i
355 4650 366 4681 t
378 4657 397 4681 u
412 4651 431 4682 t.
461 4649 577 4689 Bisher
597 4650 661 4689 sind
680 4651 726 4683 die
745 4653 972 4693 Bemühungen

125 4690 220 4727 dafür
240 4688 350 4721 immer
372 4688 403 4721 in
424 4690 479 4721 den
499 4689 665 4729 Anfängen
686 4691 787 4727 stecken
808 4691 972 4731 geblieben,

125 4729 197 4765 weil
223 4728 379 4761 man-den
404 4729 501 4767 Zweck
525 4728 609 4761 einer
633 4730 745 4769 solchen
771 4730 972 4772 Einrichtung

125 4768 205 4807 nicht
221 4767 359 4807 cinschcn
375 4768 488 4804 Ivolltc;
505 4768 570 4800 dies
586 4768 688 4808 führte
702 4778 737 4809 zu
753 4769 837 4803 einer
852 4771 972 4811 Kräfte,

125 4807 359 4848 zersplitterung
389 4807 452 4839 nnd
481 4806 525 4845 oft
552 4815 587 4846 zu
617 4808 701 4841 einer
729 4811 972 4851 ungenügenden

126 4846 357 4888 Vprbcreitung
381 4847 433 4879 der
456 4846 649 4885 Führenden.
673 4848 794 4881 Wollen
817 4849 877 4882 wir
899 4850 973 4884 aber

127 4887 173 4925 die
196 4888 306 4920 Armee
329 4885 449 4933 ständisi
471 4886 526 4924 auf
549 4886 600 4918 der
621 4887 706 4926 Höhe
728 4887 811 4927 ihrer
832 4889 972 4929 Aufgabe

125 4927 242 4964 halten,
264 4925 294 4964 so
316 4925 390 4965 muß
413 4926 459 4958 die
480 4925 682 4966 Erforschung
704 4927 828 4967 unserer
848 4928 972 4968 eigenen

126 4964 368 5006 Möglichkeiten,
397 4964 443 4997 die
471 4964 678 5005 Beurteilung
706 4966 837 5005 fremder
862 4968 972 5009 Ersah,

127 5013 219 5045 rung.
244 5004 368 5043 Massen
394 5005 458 5036 und
482 5004 721 5044 Lehrmethoden
747 5007 886 5039 dauernd
911 5012 972 5041 von

127 5045 310 5084 Fachloiiten
354 5044 526 5082 untersucht
568 5045 631 5076 und
675 5046 799 5083 erprobt
841 5047 971 5080 werden.

126 5084 301 5123 Außerdem
323 5083 376 5130 soll
398 5084 455 5115 das
476 5083 612 5122 Institut
633 5084 679 5116 die
699 5084 901 5125 Ausbildung
922 5086 973 5119 der

127 5122 381 5162 Berufsoffiziere
399 5124 462 5155 und
479 5125 594 5161 höhcrn
612 5123 868 5164 Truppensührer
885 5125 972 5158 über-

127 5164 268 5202 nehmen.
300 5162 414 5195 Damit
445 5162 548 5202 erzielt
579 5163 659 5202 nicht
689 5172 753 5196 nur
783 5163 831 5196 die
862 5165 973 5198 Armee

127 5202 259 5235 direkten
277 5201 419 5237 Gewinn,
437 5201 566 5239 sondern
585 5204 642 5235 das
660 5212 752 5243 ganze
769 5204 864 5241 Land;
882 5210 971 5238 wenn

127 5242 188 5274 wir
205 5242 280 5274 über
297 5241 346 5274 ein
364 5242 529 5280 geachtetes
546 5242 800 5282 Militärinstitut
816 5243 971 5284 verfügen,

129 5282 159 5321 so
177 5281 257 5313 wird
276 5280 382 5319 unsere
399 5281 572 5321 Wehrkraft
590 5281 631 5314 im
650 5282 797 5315 Ausland
814 5283 908 5323 höher
925 5293 971 5325 ge.

185 5355 211 5390 ')
232 5354 294 5390 Bgl.
313 5354 382 5384 Nr».
403 5357 469 5383 1009
487 5355 542 5383 und
562 5357 627 5385 1013
646 5356 692 5385 der
712 5357 752 5389 .N
762 5357 791 5393 Z.
803 5357 849 5393 Z.'

1013 1056 1108 1094 achtet
1127 1056 1190 1087 und
1211 1056 1324 1088 kommt
1342 1055 1467 1095 unserer
1486 1056 1753 1090 internationalen
1772 1058 1857 1090 Stcl.

1014 1095 1091 1133 lung
1103 1095 1221 1134 zugute.

1072 1139 1150 1176 Jede
1181 1138 1310 1177 zeitliche
1341 1139 1414 1170 oder
1444 1138 1573 1179 sonstige
1602 1140 1858 1180 Mehrbelastung

1013 1176 1129 1216 infolge
1147 1178 1200 1208 der
1218 1177 1419 1217 Ausbildung
1438 1177 1473 1216 ist
1491 1178 1557 1217 eine
1585 1178 1858 1219 finanzielle

1013 1217 1098 1248 und
1127 1216 1295 1254 soziale
1324 1217 1472 1256 Frage.
1502 1218 1602 1250 Wenn
1630 1222 1663 1250 cs
1692 1226 1754 1250 uns
1784 1219 1858 1250 aber

1014 1255 1072 1287 mit
1096 1256 1147 1287 der
1170 1255 1395 1295 Verteidigung
1418 1255 1543 1295 unseres
1567 1258 1686 1289 Landes
1709 1258 1789 1297 ernst
1811 1258 1858 1296 ist.

1013 1301 1104 1326 wenn
1124 1294 1185 1326 wir
1206 1295 1374 1333 tatsächlich
1395 1295 1489 1328 bereit
1510 1296 1574 1333 sind
1595 1296 1647 1333 für
1667 1297 1713 1329 die
1733 1297 1859 1336 Heimat

1014 1336 1073 1365 das
1089 1334 1185 1366 Leben
1201 1332 1377 1373 einzusetzen
1393 1335 1457 1365 und
1473 1335 1571 1373 diesen
1587 1335 1702 1375 Einsatz
1716 1336 1858 1372 wirksam

1013 1375 1079 1404 nnd
1096 1373 1147 1411 für
1164 1374 1223 1404 das
1240 1374 1387 1405 Ausland
1404 1374 1604 1412 achtenswert
1620 1376 1765 1414 gestalten
1781 1376 1858 1407 wol.

1014 1412 1072 1447 len.
1094 1405 1126 1449 so
1147 1412 1264 1451 müsicn
1285 1412 1334 1444 die
1354 1413 1570 1453 notwendigen
1591 1414 1699 1446 Mittel
1719 1413 1859 1453 beschafft

1012 1452 1135 1483 werden
1149 1452 1276 1483 können.
1290 1452 1372 1490 Auch
1387 1451 1434 1483 die
1448 1452 1557 1491 soziale
1572 1454 1671 1492 Frage
1685 1454 1720 1492 ist
1735 1454 1857 1491 lösbar;

1014 1490 1047 1521 in
1072 1490 1180 1529 diesem
1203 1490 1297 1530 Krieg
1320 1492 1375 1528 hat
1398 1491 1449 1529 sich
1474 1491 1521 1523 die
1544 1492 1729 1532 Auffassung
1753 1493 1857 1530 durch-

1014 1529 1121 1568 gcsetzt.
1145 1530 1206 1567 daß
1230 1537 1293 1561 wer
1318 1531 1384 1562 dem
1409 1530 1509 1563 Staat
1533 1532 1584 1563 als
1609 1532 1726 1564 Soldat
1750 1532 1858 1570 Dienst

1014 1569 1117 1608 leistet.
1135 1569 1262 1607 Anrecht
1280 1569 1336 1607 auf
1353 1569 1525 1609 finanzielle
1541 1571 1776 1610 Gegenleistung
1793 1572 1857 1610 hat.

1015 1607 1073 1640 Die
1097 1608 1456 1647 Lohnausgleichskasscn
1481 1610 1574 1647 sollen
1599 1611 1692 1648 daher
1715 1612 1789 1650 auch
1814 1611 1857 1642 im

1014 1646 1145 1692 Frieden
1176 1648 1390 1686 grundsätzlich
1421 1648 1611 1687 beibehalten
1642 1651 1772 1684 werden,
1803 1658 1857 1686 um

1015 1684 1195 1723 jedermann
1223 1687 1271 1718 die
1298 1681 1537 1727 Dienstleistung
1564 1689 1614 1720 als
1642 1689 1759 1722 Soldat
1785 1690 1858 1721 oder

1013 1725 1136 1765 Führer
1152 1734 1187 1765 zu
1204 1726 1416 1771 ermöglichen;
1434 1726 1541 1765 sobald
1557 1727 1601 1760 im
1618 1728 1747 1767 Frieden
1763 1726 1859 1761 wcni-

1013 1773 1066 1804 gcr
1084 1765 1174 1797 Leute
1192 1765 1235 1797 im
1254 1765 1359 1804 Dienst
1377 1766 1485 1804 stehen,
1502 1769 1617 1805 genügt
1634 1776 1687 1805 zur
1703 1768 1858 1807 Aufrecht,

1013 1804 1181 1843 crhaltung
1199 1804 1294 1842 dieser
1312 1805 1419 1843 Kassen
1438 1806 1487 1837 ein
1504 1800 1572 1844 sehr
1590 1807 1701 1839 kleiner
1718 1808 1859 1847 Beitrag,

1014 1844 1066 1875 der
1083 1849 1145 1875 von
1163 1844 1361 1883 Arbeitgeber
1378 1845 1443 1876 und
1459 1845 1693 1884 Arbeitnehmer
1709 1846 1795 1886 leicht
1811 1855 1859 1886 ge.

1015 1884 1124 1922 tragen
1150 1885 1272 1914 werden
1300 1885 1388 1915 kann.
1414 1884 1518 1916 Bevor
1545 1885 1640 1923 daher
1666 1885 1713 1917 die
1739 1885 1858 1927 jetzigen

1013 1921 1373 1962 Lohnausgleichskasicn
1391 1923 1444 1955 der
1460 1923 1580 1956 Alters-
1599 1925 1671 1956 oder
1689 1925 1859 1964 Familien-

1012 1962 1219 2008 Versicherung
1240 1971 1294 2001 zur
1315 1962 1500 2002 Verfügung
1520 1964 1633 2002 gestellt
1652 1965 1783 1999 werden,
1803 1964 1860 2002 soll

1014 2001 1067 2039 sich
1084 2002 1131 2032 die
1146 2002 1256 2033 Armee
1272 2001 1361 2034 einen
1378 2002 1447 2034 Teil
1464 2002 1581 2040 sichern,
1598 2012 1651 2035 um
1669 2004 1715 2036 die
1731 2005 1858 2037 Grund-

1014 2041 1083 2078 läge
1114 2040 1165 2077 für
1196 2040 1262 2073 eine
1293 2041 1410 2079 spätere
1441 2042 1663 2083 Verbesserung
1693 2044 1744 2075 der
1774 2044 1858 2076 Aus-

1014 2079 1145 2120 bildung
1159 2088 1194 2119 zu
1210 2080 1347 2120 schassen.

1073 2176 1131 2209 Bei
1160 2177 1212 2208 der
1240 2176 1394 2216 gesamten
1424 2178 1766 2219 Kriegsvorbereitung,
1795 2184 1858 2211 von

1014 2216 1067 2247 der
1091 2216 1151 2247 wir
1175 2216 1274 2256 einige
1299 2216 1433 2256 wichtige
1459 2218 1583 2251 Gebiete
1608 2219 1785 2257 anführten,
1811 2220 1858 2250 bc.

1014 2254 1111 2293 findet
1135 2255 1187 2295 sich
1212 2255 1260 2287 die
1285 2255 1575 2297 Eidgenossenschaft
1600 2258 1633 2290 in
1658 2258 1741 2290 einer
1765 2259 1858 2291 merk,

1013 2294 1174 2333 würdigen
1208 2295 1237 2327 D
1250 2304 1268 2326 o
1281 2301 1299 2332 p
1312 2301 1330 2334 p
1343 2304 1356 2327 c
1369 2296 1379 2327 l
1392 2296 1413 2334 st
1425 2305 1439 2328 c
1452 2297 1462 2327 l
1475 2298 1484 2328 l
1497 2306 1517 2328 n
1530 2306 1550 2329 n
1563 2306 1590 2336 g.
1623 2297 1790 2336 Einerseits
1824 2298 1859 2336 ist

1014 2334 1079 2366 und
1109 2334 1204 2366 bleibt
1233 2329 1325 2373 unser
1355 2335 1529 2375 Staatszicl
1560 2338 1612 2369 der
1641 2338 1774 2370 Ausban
1806 2338 1859 2369 des

1014 2373 1266 2412 Staatsinhalts,
1295 2375 1347 2406 der
1374 2374 1525 2415 friedliche
1552 2377 1688 2411 Erwerb,
1717 2377 1769 2409 der
1795 2377 1859 2409 kul-

1014 2414 1122 2445 turclle
1155 2415 1220 2445 und
1252 2414 1490 2460 wirtschaftliche
1523 2416 1789 2455 Güteraustausch
1820 2433 1860 2439 —

1013 2452 1184 2489 anderseits
1203 2452 1307 2492 wisien
1326 2453 1394 2488 wir.
1414 2454 1475 2492 daß
1494 2455 1541 2487 die
1559 2456 1750 2495 Bedrohung
1769 2457 1860 2495 durch

1013 2493 1071 2524 den
1092 2492 1186 2532 Krieg
1207 2492 1319 2525 immer
1339 2493 1535 2532 wicdcrkehrt
1556 2496 1622 2527 und
1642 2495 1703 2527 wir
1723 2496 1859 2535 dagegen

1013 2534 1195 2571 gewappnet
1213 2531 1274 2570 sein
1293 2532 1417 2579 müssen.
1436 2533 1543 2573 Daher
1559 2535 1681 2567 werden
1698 2535 1758 2567 wir
1775 2536 1858 2574 wohl

1013 2570 1120 2610 unsere
1142 2571 1329 2611 Hauptkraft
1352 2572 1404 2604 der
1425 2573 1610 2613 Gestaltung
1633 2575 1685 2606 des
1709 2574 1859 2614 Friedens

1012 2616 1028 2684 {
1028 2611 1186 2646 uwcnden.
1207 2611 1281 2643 aber
1302 2611 1375 2650 auch
1396 2612 1491 2645 bereit
1512 2613 1584 2652 sein,
1605 2613 1681 2650 diese
1701 2614 1794 2652 Kraft
1814 2614 1858 2646 iin

1028 2650 1105 2690 krieg
1124 2651 1176 2682 der
1194 2650 1304 2683 Armee
1322 2659 1376 2690 zur
1394 2651 1579 2692 Verfügung
1597 2661 1631 2691 zu
1651 2654 1762 2691 stellen;
1783 2653 1859 2691 diese

1014 2690 1203 2729 Umstellung
1229 2690 1345 2729 gelingt
1373 2691 1446 2722 aber
1472 2701 1535 2724 nur
1561 2693 1656 2727 dann,
1683 2698 1772 2725 wenn
1798 2693 1860 2725 wir

1014 2728 1099 2768 schon
1116 2729 1159 2762 im
1177 2729 1308 2769 Frieden
1325 2731 1384 2762 alle
1401 2732 1617 2772 notwendigen
1635 2732 1859 2766 Vorbereitun.

1013 2776 1069 2813 gen
1095 2767 1214 2808 tresfcn.
1838 2793 1862 2805 ..

1020 2812 1047 2824 ""
1071 2812 1119 2851 Zn
1141 2812 1235 2851 dieser
1254 2812 1507 2854 Doppelstellung
1525 2814 1590 2853 sind
1609 2814 1669 2847 wir
1689 2816 1739 2847 als
1759 2807 1871 2850 Stacks

1013 2850 1077 2883 und
1094 2853 1144 2883 als
1161 2851 1293 2898 einzelne
1308 2858 1370 2885 nur
1386 2852 1481 2893 fähig,
1497 2861 1586 2886 ivcnn
1602 2854 1661 2887 wir
1676 2855 1735 2886 das
1751 2855 1858 2893 Schaf-

1013 2890 1062 2929 fcn
1089 2891 1141 2929 für
1166 2892 1259 2931 Krieg
1285 2893 1349 2924 und
1376 2892 1506 2932 Frieden
1533 2894 1649 2932 smvohl
1675 2894 1708 2926 in
1735 2893 1859 2933 unserer

1013 2930 1203 2971 öffentlichen
1227 2931 1286 2963 wie
1307 2931 1452 2970 privaten
1476 2933 1610 2979 Existenz
1634 2933 1858 2966 auseinander,

1013 2970 1119 3006 halten
1148 2972 1213 3002 und
1243 2971 1323 3003 keine
1352 2971 1470 3010 fatalen
1502 2973 1756 3012 Verwischungen
1786 2974 1859 3005 oder

1012 3009 1316 3049 Zwischenlösungen
1330 3012 1527 3049 vornehmen.
1541 3012 1606 3045 Der
1618 3013 1718 3045 Staat
1731 3014 1786 3051 hat
1799 3014 1858 3044 das

1013 3048 1140 3086 Primat
1162 3051 1227 3081 und
1249 3049 1315 3089 gibt
1337 3051 1453 3088 Inhalt
1476 3053 1540 3083 und
1562 3052 1786 3091 Existenzrccht;
1811 3052 1858 3084 die

1013 3089 1123 3121 Armee
1145 3089 1179 3128 ist
1201 3089 1280 3127 seine
1301 3090 1505 3129 Kriegsform,
1527 3091 1574 3124 die
1595 3100 1627 3124 er
1648 3093 1783 3130 braucht,
1804 3100 1858 3124 um

1013 3127 1064 3166 sich
1085 3129 1257 3168 gegenüber
1277 3130 1396 3161 andern
1416 3130 1549 3163 Armeen
1569 3140 1604 3169 zu
1626 3132 1799 3169 behaupten
1818 3149 1858 3154 —

1012 3168 1086 3199 aber
1107 3176 1139 3199 er
1160 3169 1207 3200 tut
1229 3168 1295 3200 dies
1317 3177 1378 3201 nur
1398 3169 1456 3203 mit
1478 3172 1544 3203 dem
1564 3171 1641 3210 Ziel,
1663 3171 1706 3203 im
1726 3171 1856 3211 Frieden

1011 3207 1124 3239 wieder
1163 3207 1241 3246 seine
1271 3208 1504 3247 Friedenssorm
1544 3211 1856 3249 zurückzugeivinnen.

1013 3247 1112 3280 Wenn
1128 3247 1188 3279 wir
1203 3247 1279 3286 diese
1295 3248 1435 3285 Klarheit
1452 3249 1578 3289 besitzen,
1593 3252 1719 3289 geraten
1734 3250 1794 3283 »vir
1808 3250 1858 3282 nie

1014 3286 1046 3318 in
1071 3286 1198 3325 Gefahr,
1223 3288 1281 3319 das
1306 3287 1407 3325 Zivile
1429 3296 1464 3326 zu
1489 3289 1730 3329 niilitarisicrrn.
1755 3290 1857 3322 indem

1012 3326 1072 3358 wir
1090 3326 1286 3366 militärische
1304 3327 1673 3367 Orgaiiisationsforme»
1693 3331 1765 3361 oder
1782 3331 1858 3363 Ver.

1010 3365 1232 3405 cinfachungcn
1276 3366 1328 3398 ins
1361 3366 1521 3407 Politische
1553 3369 1760 3406 übernehmen
1794 3371 1857 3401 und

1013 3406 1107 3444 dessen
1131 3405 1338 3446 Lebendigkeit
1362 3406 1493 3445 ersticken
1517 3426 1557 3431 —
1580 3409 1653 3440 oder
1677 3409 1724 3441 die
1748 3410 1857 3441 Armec

1013 3453 1049 3483 zu
1065 3445 1317 3483 verpolitisicren.
1335 3445 1435 3478 indem
1452 3447 1512 3480 wir
1528 3448 1714 3487 bürgerliche
1729 3449 1857 3481 Lebens,

1013 3485 1131 3523 forme»
1153 3485 1316 3523 einsührcn
1337 3487 1400 3517 und
1421 3487 1476 3521 auf
1496 3487 1571 3524 diese
1591 3488 1688 3526 Weise
1708 3488 1755 3520 die
1775 3488 1858 3521 mili¬

1014 3524 1136 3563 tärische
1152 3524 1347 3564 Schlagkraft
1361 3525 1534 3565 schwäche».
1550 3527 1651 3566 Durch
1667 3527 1714 3560 die
1738 3529 1858 3560 klare

1011 3564 1252 3603 Trennung
1283 3566 1432 3604 gelangen
1452 3566 1513 3598 wir
1533 3567 1589 3605 erst
1609 3575 1644 3606 zu
1666 3567 1750 3599 einer
1769 3567 1855 3600 wirk-

1011 3603 1103 3642 lichen
1120 3603 1244 3641 Einheit
1260 3610 1321 3636 von
1338 3605 1415 3637 Volk
1430 3606 1494 3638 und
1510 3607 1629 3641 Armee,
1645 3606 1692 3639 die
1706 3607 1785 3645 nicht
1802 3607 1856 3645 auf

1011 3643 1121 3682 Kosten
1146 3644 1198 3675 des
1223 3643 1310 3675 einen
1335 3643 1421 3677 Teils
1446 3646 1563 3683 erkauft
1588 3646 1632 3685 ist.
1656 3646 1785 3686 sondern
1810 3646 1856 3679 die

1012 3682 1205 3722 fruchtbaren
1220 3683 1440 3723 Spannungen
1455 3684 1604 3724 bewahrt.

1069 3727 1157 3766 Diese
1176 3727 1351 3767 Schcidung
1371 3727 1404 3766 ist
1423 3730 1496 3768 auch
1515 3729 1594 3762 beim
1613 3729 1766 3768 einzelnen
1785 3729 1856 3762 Eid.

1010 3767 1148 3806 genossen
1179 3767 1365 3806 notivendig.
1395 3767 1464 3800 Wir
1493 3769 1556 3807 sind
1585 3770 1648 3801 und
1676 3769 1794 3801 bleiben
1824 3769 1855 3801 in

1010 3806 1101 3845 erster
1120 3806 1206 3839 Linie
1226 3806 1345 3845 Mensch
1366 3808 1429 3839 und
1449 3808 1582 3848 Bürger,
1602 3809 1785 3848 empfangen
1806 3811 1856 3841 als

1012 3846 1102 3885 solche
1118 3845 1164 3878 die
1179 3846 1281 3879 Werte
1296 3847 1348 3878 des
1362 3846 1572 3885 Einzellcbens
1587 3849 1651 3881 und
1666 3850 1718 3881 der
1731 3848 1855 3887 Politik.

1011 3885 1060 3925 Ist
1079 3887 1131 3917 der
1150 3886 1250 3918 Staat
1268 3887 1342 3918 aber
1360 3885 1392 3918 in
1411 3886 1538 3926 Gefahr,
1557 3887 1587 3926 so
1607 3888 1778 3925 entäußern
1797 3888 1857 3920 wir

1011 3928 1073 3957 uns
1096 3926 1148 3957 der
1169 3924 1377 3964 bürgerlichen
1399 3925 1533 3966 Existenz
1554 3928 1618 3959 und
1639 3929 1760 3960 werden
1781 3928 1856 3960 Sol-

1013 3965 1075 3999 dat.
1090 3973 1143 3997 um
1158 3964 1233 4002 diese
1248 3965 1349 3997 Werte
1364 3966 1428 3997 und
1442 3966 1521 4005 nicht
1534 3966 1600 3999 eine
1614 3967 1702 4005 bloße
1716 3967 1856 4006 Haltung

1012 4005 1084 4036 oder
1103 4004 1152 4036 ein
1172 4004 1411 4043 Großrauinzicl
1430 4013 1464 4044 zu
1485 4006 1680 4045 verteidigen.
1700 4007 1781 4039 Aber
1798 4007 1858 4039 wir

1010 4045 1131 4079 wollen,
1149 4050 1238 4076 wenn
1255 4044 1316 4076 wir
1332 4044 1450 4077 Soldat
1467 4046 1541 4084 sind,
1558 4046 1699 4084 wirksam
1716 4046 1855 4086 känipscn

1011 4085 1137 4119 können,
1160 4084 1225 4115 und
1248 4083 1380 4116 bereiten
1404 4087 1466 4117 uns
1490 4086 1585 4124 daher
1607 4085 1666 4118 mit
1687 4086 1777 4124 Ernst
1801 4086 1856 4124 auf

1010 4123 1116 4162 unsere
1139 4122 1386 4162 Kriegsausgabe
1408 4129 1474 4156 vor.
1497 4125 1597 4158 Wenn
1619 4125 1679 4157 wir
1701 4125 1756 4163 aus
1780 4125 1855 4164 diese

1010 4162 1106 4201 Weise
1122 4163 1179 4194 das
1197 4162 1377 4201 Soldatscin
1394 4171 1435 4195 an
1452 4163 1508 4196 den
1524 4165 1638 4203 rechten
1654 4165 1737 4204 Platz
1753 4165 1854 4197 inner-

1010 4202 1083 4240 halb
1102 4203 1154 4234 der
1173 4202 1347 4242 staatlichen
1366 4203 1599 4243 Wertvrdnung
1618 4205 1727 4243 stellen,
1747 4204 1855 4244 besteht

1011 4241 1091 4273 keine
1114 4241 1241 4280 Gefahr,
1265 4242 1325 4280 daß
1349 4241 1395 4274 bei
1418 4247 1481 4275 uns
1505 4243 1532 4281 jo
1555 4244 1613 4275 das
1637 4243 1780 4283 Zerrbild
1803 4245 1854 4276 des

1011 4281 1274 4320 Bürgersoldaten
1297 4282 1369 4313 oder
1391 4282 1443 4314 des
1467 4283 1585 4315 totalen
1607 4283 1763 4316 Soldaten
1785 4284 1855 4316 Gel-

1010 4322 1087 4360 tung
1125 4321 1234 4358 erhält.
1272 4321 1337 4354 Aiit
1375 4320 1468 4360 dieser
1505 4322 1680 4362 Scheidung
1717 4322 1853 4362 zwischen

1010 4360 1214 4400 bürgerlicher
1227 4360 1486 4401 Normalexistenz
1499 4363 1563 4394 und
1578 4363 1643 4395 dem
1657 4363 1854 4399 Ausnahme,

1010 4400 1095 4432 leben
1113 4401 1164 4432 des
1182 4400 1338 4432 Soldaten
1354 4402 1503 4440 gelangen
1520 4401 1580 4434 wir
1596 4403 1669 4441 auch
1686 4402 1765 4434 beim
1781 4402 1854 4434 Ein-

1010 4439 1113 4478 zclnen
1136 4448 1172 4477 zu
1195 4441 1247 4471 der
1269 4439 1326 4472 mit
1349 4440 1533 4480 Spannung
1555 4441 1698 4481 erfüllten
1722 4441 1854 4481 Einheit,

1011 4479 1058 4512 die
1075 4479 1117 4511 im
1134 4479 1254 4511 Namen
1272 4479 1447 4519 Eidgenosse
1464 4481 1662 4520 auSgedrückt
1678 4481 1722 4520 ist.

1069 4527 1145 4560 Eine
1175 4527 1300 4567 unserer
1329 4527 1511 4567 wichtigsten
1540 4528 1852 4569 Zukunftsaufgaben

1009 4567 1119 4606 besteht
1135 4567 1200 4605 also
1217 4567 1319 4602 darin,
1332 4567 1373 4599 im
1385 4567 1575 4607 öffentlichen
1586 4568 1645 4600 wie
1655 4568 1699 4601 im
1709 4569 1853 4606 privaten

1009 4607 1105 4640 Leben
1130 4606 1205 4643 diese
1229 4606 1481 4647 Doppclstellung
1505 4616 1540 4654 zu
1564 4608 1764 4648 ermöglichen
1789 4609 1853 4640 und

1009 4647 1072 4678 >ins
1096 4646 1305 4685 entsprechend
1328 4654 1363 4685 zu
1388 4647 1607 4686 organisieren.
1632 4648 1696 4681 Der
1720 4648 1851 4686 enthalt-

1010 4685 1090 4724 sanie
1107 4686 1206 4718 Staat
1222 4686 1330 4718 konnte
1346 4685 1440 4725 dieser
1455 4686 1595 4727 Aufgabe
1611 4687 1689 4726 nicht
1704 4689 1852 4727 genügen,

1008 4725 1078 4757 weil
1100 4733 1132 4757 er
1152 4725 1207 4757 den
1229 4724 1321 4765 Krieg
1343 4727 1392 4757 als
1414 4726 1512 4758 etwas
1533 4726 1680 4766 Fremdes
1702 4727 1852 4763 ablehnte,

1009 4765 1073 4797 und
1090 4764 1161 4796 weil
1178 4773 1210 4797 er
1227 4764 1279 4804 sich
1296 4764 1373 4804 nicht
1391 4766 1441 4796 als
1459 4766 1746 4805 verantwortlichen
1764 4766 1851 4799 Bild-

1009 4812 1063 4836 »er
1089 4803 1185 4842 seiner
1209 4803 1335 4836 Glieder
1359 4804 1464 4843 fühlte.
1491 4805 1560 4838 Mir
1585 4805 1700 4845 müsien
1726 4805 1852 4844 heute

1009 4843 1122 4882 schon
1151 4842 1208 4875 mit
1227 4844 1279 4875 der
1305 4843 1474 4884 Lösung
1502 4844 1652 4885 beginnen
1671 4845 1735 4877 und
1754 4844 1851 4883 haben

1009 4882 1056 4915 die
1077 4883 1303 4920 Bemühungen
1326 4882 1441 4922 allezeit
1463 4884 1659 4924 fvrtzusetzen.
1681 4885 1720 4916 da
1742 4884 1852 4917 immer

1008 4930 1085 4955 neue
1115 4922 1302 4960 theoretische
1331 4923 1395 4954 und
1423 4923 1582 4961 praktische
1611 4923 1755 4956 Arbeiten
1784 4924 1851 4955 not-

1008 4961 1129 5001 wendig
1145 4962 1218 5000 sind.
1235 4961 1304 4995 Wir
1321 4961 1429 5000 dürfen
1445 4961 1495 5000 ihr
1510 4962 1588 5002 nicht
1605 4964 1690 5001 mehr
1705 4963 1763 4995 wie
1778 4963 1850 5001 nach

1009 5002 1075 5033 dem
1092 5001 1191 5039 letzten
1207 5001 1368 5040 Weltkrieg
1384 5002 1456 5034 oder
1473 5002 1504 5034 in
1521 5003 1572 5035 der
1587 5001 1850 5042 Zwischcnkriegs-

1008 5040 1064 5079 zeit
1085 5040 1275 5079 ausweichcn
1296 5041 1360 5072 und
1381 5041 1440 5072 alle
1461 5041 1536 5080 diese
1557 5042 1680 5081 Fragen
1701 5041 1851 5074 unbcant.

1008 5080 1118 5112 wortct
1134 5080 1238 5119 lassen,
1254 5079 1304 5111 bis
1322 5080 1358 5119 sie
1374 5079 1486 5113 wieder
1501 5089 1555 5120 zur
1571 5081 1718 5120 tödlichen
1734 5081 1851 5120 Gefahr

1008 5120 1139 5151 werden.
1155 5119 1225 5151 Nur
1240 5125 1329 5151 wenn
1346 5119 1405 5151 wir
1421 5119 1558 5160 jederzeit
1575 5120 1626 5159 für
1641 5120 1772 5160 Frieden
1788 5121 1851 5153 und

1009 5156 1102 5197 Krieg
1115 5159 1246 5198 gerüstet
1259 5159 1334 5197 sind,
1349 5160 1465 5192 können
1480 5160 1540 5192 wir
1555 5160 1795 5199 unangefochten
1810 5169 1850 5192 an

1008 5197 1132 5236 unserer
1159 5191 1400 5237 Genossenschaft
1427 5198 1528 5231 bauen
1556 5201 1620 5231 und
1648 5199 1850 5239 Krisenzcitcn

1007 5236 1192 5275 überstehen.
1214 5237 1370 5276 Gestalten
1392 5237 1452 5269 wir
1473 5238 1586 5275 unfern
1608 5239 1708 5272 Staat
1728 5239 1768 5277 so.
1790 5239 1849 5277 daß

1008 5284 1041 5308 er
1073 5276 1153 5307 allen
1188 5276 1385 5316 Eidgenossen
1418 5278 1729 5317 verteidig,mgSwort
1762 5278 1849 5311 wird.

1009 5315 1112 5353 Sehen
1138 5314 1198 5347 wir
1224 5318 1286 5347 uns
1311 5320 1377 5350 vor.
1402 5316 1462 5357 daß
1488 5317 1539 5358 sich
1565 5310 1659 5357 dieser
1683 5318 1783 5351 Staat
1808 5317 1850 5351 im

1010 5354 1102 5395 Krieg
1126 5354 1290 5394 bewähren
1315 5356 1403 5388 kann.

2037 1228 2139 1271 Das
2161 1225 2443 1278 französische
2464 1225 2586 1268 Volk

1973 1281 2035 1325 im
2057 1282 2248 1334 Spiegel
2269 1282 2348 1324 der
2369 1281 2650 1324 Normandie

1954 1359 2092 1394 London,
2118 1362 2161 1392 14.
2183 1359 2275 1398 Juni.
2295 1359 2375 1398 (Tel.
2396 1358 2521 1394 unseres
2542 1358 2729 1397 Korrespon¬

1895 1398 2019 1439 denten)
2054 1399 2206 1439 Englische
2242 1400 2306 1430 und
2341 1398 2571 1438 amerikanische
2596 1399 2730 1437 Bericht,

1897 1439 2036 1477 crstattcr
2052 1439 2165 1479 sangen
2181 1447 2249 1471 nun
2265 1447 2317 1473 an.
2335 1439 2382 1470 die
2399 1439 2586 1478 Stimmung
2602 1440 2654 1470 der
2670 1440 2729 1471 Bc-

1895 1478 2062 1518 vötkerung
2097 1479 2131 1510 in
2167 1481 2218 1510 der
2242 1478 2434 1511 Normandie
2469 1478 2668 1517 eingehender
2693 1486 2728 1516 zu

1898 1517 2050 1556 schildern,
2067 1521 2126 1551 das
2143 1519 2217 1552 Bild
2234 1519 2287 1551 des
2304 1518 2452 1558 täglichen
2469 1520 2594 1554 Lebens,
2610 1518 2657 1550 die
2673 1520 2728 1552 Er-

1896 1559 2132 1599 nahrnngslage
2155 1560 2219 1589 und
2241 1558 2318 1590 viele
2341 1559 2453 1589 andere
2474 1557 2660 1598 Einzclzüge.
2682 1557 2729 1589 die

1895 1598 1955 1629 das
1978 1598 2091 1637 Gesicht
2125 1598 2210 1630 eines
2233 1598 2355 1630 Landes
2389 1597 2608 1636 kennzeichnen.
2643 1597 2730 1635 Diese

1889 1636 2026 1676 Berichte
2038 1639 2102 1675 sind
2114 1639 2188 1675 noch
2197 1637 2490 1676 widerspruchsvoll,
2502 1637 2601 1675 stellen
2614 1637 2657 1675 oft
2670 1645 2731 1669 nur

1896 1676 1984 1709 einen
1997 1678 2091 1717 ersten
2103 1678 2249 1711 Eindruck
2261 1678 2346 1709 eiucs
2358 1678 2512 1716 einzelnen
2525 1678 2730 1715 Beobachters

1896 1717 1954 1748 dar
1988 1719 2053 1749 und
2085 1718 2230 1749 verraten
2264 1720 2337 1756 auch
2362 1717 2471 1757 häufig
2494 1716 2543 1750 ein
2568 1717 2730 1756 vereiliges

1897 1756 1995 1788 Urteil
2016 1759 2093 1795 ohne
2112 1766 2229 1796 gcnaiic
2247 1757 2402 1789 Kenntnis
2421 1758 2472 1788 der
2492 1757 2636 1796 örtlichen
2654 1759 2730 1790 Ver-

1896 1796 2047 1836 hältnisse.
2069 1797 2227 1833 Mitunter
2249 1797 2352 1835 finden
2375 1798 2428 1836 sich
2449 1797 2521 1830 aber
2544 1797 2652 1837 scharfe
2672 1798 2730 1829 Bc-

1898 1835 2069 1876 obachtnng
2096 1838 2160 1869 und
2188 1836 2366 1883 sorgfältige
2394 1836 2641 1876 Tarstellnnge».
2669 1836 2731 1875 Auf

1898 1875 1984 1914 jeden
2011 1878 2081 1922 Fall
2106 1876 2141 1915 ist
2165 1879 2198 1908 cs
2222 1876 2289 1909 eine
2313 1876 2465 1915 Tatsache,
2489 1878 2550 1916 daß
2575 1886 2649 1909 man
2674 1883 2730 1908 vor

1897 1915 1996 1947 eine»,
2010 1916 2239 1955 einigermaßen
2253 1916 2481 1949 verwirrenden
2494 1915 2569 1949 Bild
2583 1916 2654 1955 steht
2667 1918 2733 1948 und

1898 1956 1961 1993 daß
1988 1956 2036 1988 die
2066 1955 2160 1989 darin
2189 1956 2316 1995 sichtbar
2342 1957 2523 1987 werdenden
2552 1957 2731 1994 Tendenzen

1896 1995 2179 2034 widerspruchsvoll
2197 1997 2269 2033 sind.
2287 1997 2343 2028 Um
2359 2004 2394 2034 zu
2410 1995 2572 2034 verstehen,
2587 1996 2645 2028 mit
2660 1996 2730 2028 wel¬

1897 2036 1975 2071 chem
1987 2036 2137 2075 Interesse
2150 2036 2230 2075 jeder
2242 2037 2420 2075 Engländer
2433 2035 2508 2074 diese
2519 2035 2655 2074 Berichte
2667 2037 2730 2067 und

1896 2074 2141 2114 Schilderimgen
2159 2075 2232 2114 liest,
2248 2076 2324 2114 muß
2342 2084 2415 2107 man
2434 2076 2485 2114 sich
2501 2077 2731 2114 vergegenwär-

1897 2114 1990 2153 tigen,
2012 2115 2072 2153 daß
2094 2118 2126 2147 cs
2149 2116 2209 2154 jetzt
2239 2121 2258 2146 v
2270 2115 2280 2146 i
2292 2124 2306 2147 e
2318 2124 2335 2147 r
2354 2115 2378 2154 I
2391 2124 2409 2147 a
2423 2116 2441 2153 h
2453 2124 2469 2147 r
2481 2123 2495 2146 e
2525 2116 2578 2151 her
2601 2115 2645 2154 ist.
2666 2115 2732 2147 vier

1897 2153 2020 2192 schwere
2037 2156 2147 2194 Jahre,
2166 2155 2218 2192 seit
2236 2156 2288 2187 der
2305 2156 2410 2187 Kanal
2426 2173 2466 2178 —
2482 2157 2547 2187 nnd
2565 2162 2646 2194 zwar
2663 2163 2732 2193 zum

1897 2186 2060 2232 erstenmal
2074 2195 2127 2233 seit
2139 2196 2195 2227 den
2209 2194 2459 2233 napoleonischcn
2472 2194 2603 2235 Kriegen
2617 2214 2654 2218 —
2666 2195 2732 2227 eine

1896 2226 1953 2273 fast
1967 2234 2268 2273 undurchdringliche
2282 2235 2433 2272 Schranke
2445 2234 2564 2268 bildete.
2577 2235 2642 2273 Für
2655 2235 2732 2268 Mil¬

1899 2273 2004 2305 lionen
2022 2280 2082 2306 von
2100 2274 2300 2313 Engländern
2318 2280 2424 2306 ivarcn
2442 2274 2553 2316 immer
2570 2275 2732 2316 Frank-

1899 2313 2003 2353 reich
2036 2316 2101 2346 und
2123 2316 2182 2346 das
2205 2313 2394 2353 französische
2415 2316 2493 2348 Volk
2515 2315 2574 2347 das
2597 2315 2732 2353 Shmbol

1898 2353 2003 2391 dessen,
2022 2357 2092 2386 was
2111 2363 2185 2386 man
2206 2355 2262 2385 den
2282 2354 2462 2388 Kontinent,
2482 2354 2547 2392 also
2566 2356 2625 2386 da«
2644 2363 2732 2387 cnro-

1898 2393 2011 2433 päische
2025 2394 2178 2434 Festland,
2193 2396 2320 2427 nannte.
2336 2394 2443 2431 Dieses
2457 2395 2592 2432 S>i»nbol
2604 2413 2644 2418 —
2656 2403 2732 2426 man

1899 2434 1978 2465 kann
1996 2437 2029 2466 cs
2045 2436 2119 2472 auch
2134 2434 2282 2473 Maßstab
2298 2435 2371 2466 oder
2385 2434 2542 2472 Prüfstein
2558 2443 2678 2466 nennen
2694 2453 2734 2458 —

1897 2478 1965 2506 war
1989 2475 2130 2506 verloren
2154 2483 2312 2514 gegangen
2337 2474 2401 2506 nnd
2425 2473 2505 2506 blieb
2529 2477 2562 2507 es
2585 2475 2734 2513 während

1897 2513 1962 2545 vier
1978 2514 2230 2553 ereignisreichen
2248 2515 2381 2553 Jahren.

1956 2557 2041 2597 Nicht
2057 2558 2118 2594 daß
2134 2567 2209 2590 man
2228 2558 2259 2590 in
2278 2558 2422 2598 England
2439 2557 2519 2590 keine
2535 2558 2732 2598 Vorstellung

1897 2602 1969 2630 vom
1981 2598 2076 2630 Leben
2090 2598 2213 2637 jenseits
2225 2601 2278 2631 des
2290 2599 2414 2631 Kanals
2426 2598 2536 2638 gehabt
2548 2599 2642 2636 hätte,
2655 2606 2732 2639 ganz

1898 2636 1941 2669 im
1956 2638 2124 2678 Gegenteil.
2139 2637 2224 2677 Nicht
2239 2646 2301 2670 nur
2315 2637 2363 2670 die
2377 2637 2519 2677 englische
2534 2639 2643 2678 Presse,
2658 2638 2733 2676 auch

1896 2677 1949 2709 der
1973 2677 2229 2717 Informations-
2254 2679 2319 2710 und
2343 2678 2655 2718 Propagandadienst
2680 2679 2732 2710 der

1898 2716 1942 2749 im
1954 2716 2021 2756 Exil
2035 2718 2179 2750 lebenden
2192 2717 2374 2758 Franzosen.
2388 2717 2513 2756 Belgier
2525 2719 2588 2750 und
2600 2719 2731 2758 Hollän-

1897 2756 1949 2791 der
1970 2757 2120 2797 schilderte
2142 2757 2253 2789 immer
2273 2756 2385 2789 wieder
2405 2758 2464 2789 das
2484 2757 2579 2790 Leben
2600 2759 2664 2790 und
2685 2757 2732 2789 die

1896 2796 2246 2842 Existenzbedingungen
2269 2798 2363 2829 unter
2383 2799 2438 2829 der
2459 2796 2736 2840 dentfchen-Ottw-

1884 2837 2018 2874 "vation.
2036 2837 2116 2870 Aber
2134 2840 2167 2868 e8
2185 2842 2254 2869 war
2271 2833 2555 2877 selbstverständlich
2572 2836 2638 2869 und
2655 2833 2734 2875 nickst

1898 2879 1932 2915 zii
1951 2876 2134 2912 vermeiden,
2153 2875 2214 2915 daß
2231 2875 2327 2909 vieles
2346 2878 2417 2916 noch
2437 2875 2495 2908 wie
2513 2873 2616 2916 hinter
2633 2875 2732 2914 eineip

1898 2914 1990 2950 Nebel
2008 2917 2087 2948 blieb
2107 2935 2141 2939 —
2157 2916 2204 2949 die
2221 2916 2355 2956 feineren
2371 2917 2530 2953 Nuancen,
2548 2917 2595 2949 die
2613 2916 2733 2949 lebenS-

1896 2956 2002 2991 wahre
2024 2956 2209 2996 Verteilung
2231 2962 2293 2989 von
2316 2956 2394 2994 Licht
2417 2958 2483 2988 und
2504 2957 2661 2997 Schatten,
2685 2956 2733 2989 die

1898 2995 2096 3035 Wirklichkeit
2112 2997 2165 3028 des
2180 2997 2304 3036 Alltags
2320 2998 2384 3029 und
2399 2996 2446 3028 die
2461 2996 2593 3037 Vielfalt
2608 2994 2660 3029 der
2674 2999 2733 3031 Ge-

1897 3035 1981 3073 fühle
2001 3036 2084 3069 einer
2102 3037 2324 3075 Bevölkerung,
2343 3036 2390 3069 die
2408 3037 2460 3076 sich
2478 3036 2510 3068 in
2531 3037 2614 3069 einer
2633 3045 2732 3069 neuen

1895 3074 2078 3109 Silnation.
2095 3076 2154 3109 wie
2171 3077 2208 3115 sie
2224 3076 2272 3108 die
2289 3076 2449 3116 Besetzung
2467 3078 2520 3109 des
2537 3076 2731 3116 Heimatlan¬

1897 3115 1951 3148 des
1970 3116 2061 3156 durch
2080 3116 2192 3154 fremde
2212 3116 2358 3155 Truppen
2379 3116 2465 3155 schuf,
2484 3115 2648 3154 cinrichten
2667 3111 2733 3149 und

1898 3155 2055 3196 versuchen
2070 3156 2183 3193 mußte,
2197 3149 2312 3195 schlecht
2325 3157 2388 3187 und
2403 3157 2479 3195 recht
2493 3156 2543 3194 sich
2558 3157 2632 3189 über
2646 3156 2733 3196 Was.

1897 3194 1941 3234 ser
1965 3204 1998 3235 zu
2021 3197 2136 3235 halten.
2158 3197 2237 3229 Was
2257 3205 2332 3228 man
2354 3195 2419 3235 sehr
2442 3195 2569 3236 deutlich
2590 3205 2624 3236 zu
2646 3196 2732 3235 sehen

1897 3235 2033 3275 glaubte,
2053 3237 2111 3268 das
2130 3242 2199 3267 war
2217 3236 2261 3274 oft
2279 3237 2365 3272 mehr
2385 3235 2433 3268 ein
2454 3235 2630 3274 primitiver
2649 3236 2732 3275 Film

1894 3275 1952 3307 mit
1963 3275 2287 3316 unwahrscheinlichen
2299 3275 2543 3316 Schilderungen
2555 3276 2733 3310 drsWider-

1897 3314 2029 3352 ftandcs,
2054 3317 2118 3348 und
2142 3315 2189 3348 die
2214 3318 2285 3355 noch
2310 3316 2473 3355 selteneren
2498 3317 2732 3356 Angcnzrugen-

1897 3355 2023 3394 bcrichtc
2056 3356 2183 3388 wurden
2218 3362 2277 3388 von
2303 3358 2354 3389 der
2377 3356 2487 3395 Presse,
2512 3357 2602 3389 deren
2627 3358 2732 3390 Raum

1897 3395 1988 3434 durch
2005 3395 2052 3428 die
2069 3395 2350 3435 Papicrknappheit
2369 3396 2536 3434 beschränkt
2555 3396 2644 3432 wird,
2663 3398 2731 3436 doch

1896 3440 1954 3467 vor
1973 3436 2065 3468 allem
2085 3438 2158 3473 nach
2178 3435 2398 3475 dramatischen
2418 3435 2622 3475 Einzelheiten
2644 3436 2731 3476 abge-

1898 3474 1985 3512 sucht.
2004 3477 2084 3515 Zum
2103 3476 2266 3515 erstenmal
2284 3476 2420 3508 kommen
2439 3476 2500 3514 jetzt
2517 3476 2629 3509 wieder
2647 3477 2732 3510 Tan-

1898 3506 1982 3553 sende
1999 3521 2059 3547 von
2077 3516 2276 3555 Engländern
2295 3515 2326 3547 in
2345 3515 2525 3555 persönliche
2542 3517 2733 3555 Berührung

1897 3554 1956 3587 mit
1968 3554 2141 3594 Franzosen
2155 3555 2187 3587 in
2201 3555 2298 3593 ihrem
2310 3555 2435 3595 eigenen
2447 3556 2559 3590 Lande,
2573 3557 2638 3588 nnd
2650 3557 2731 3595 zahl-

1896 3594 1988 3635 reiche
2003 3595 2264 3634 Berichterstatter
2279 3595 2412 3634 zeichnen
2428 3604 2493 3628 nun
2509 3596 2568 3629 das
2582 3596 2657 3630 Bild
2671 3596 2730 3635 des¬

1893 3635 1951 3673 sen.
1972 3638 2042 3668 was
2064 3635 2100 3673 sic
2122 3635 2205 3674 selbst
2226 3635 2320 3673 sehen.
2342 3636 2418 3668 Wen
2440 3636 2519 3667 kann
2541 3639 2574 3668 es
2594 3637 2733 3673 Wunder

1896 3675 2035 3713 nehmen,
2060 3676 2120 3714 daß
2144 3675 2193 3707 ein
2218 3679 2321 3709 neues,
2346 3675 2493 3708 bunteres
2517 3677 2580 3709 und
2606 3675 2731 3716 vielfach

1896 3715 2148 3755 überraschendes
2163 3715 2239 3749 Bild
2252 3715 2396 3754 entsteht?
2412 3716 2485 3749 Wer
2499 3716 2577 3748 kann
2593 3716 2731 3755 erstaunt

1897 3755 2032 3788 darüber
2050 3755 2120 3795 sein,
2137 3756 2197 3796 daß
2215 3756 2359 3795 England
2376 3756 2426 3796 sich
2444 3755 2538 3793 desirn
2556 3756 2678 3796 bewußt
2695 3764 2730 3795 zu

1896 3796 2017 3827 werden
2032 3795 2160 3836 beginnt
2173 3796 2238 3828 und
2251 3796 2385 3829 darüber
2400 3796 2578 3834 nachdenkt?

1953 3834 2013 3868 Die
2040 3835 2259 3882 Begeisterung
2288 3836 2341 3868 des
2371 3835 2465 3874 ersten
2495 3837 2669 3876 Empfangs
2699 3836 2731 3868 in

1895 3876 1947 3907 der
1971 3875 2164 3908 Normandie
2190 3875 2225 3914 ist
2250 3875 2395 3912 vorüber;
2422 3876 2473 3907 der
2499 3876 2732 3916 Ncberschwang

1895 3916 1947 3947 der
1973 3915 2447 3955 Willkonimcnsknndgcbungcn
2473 3915 2509 3954 ist
2534 3916 2601 3948 dem
2627 3917 2732 3954 Alltag

1891 3954 2048 3994 gewichen.
2071 3956 2150 3988 Was
2163 3964 2204 3987 an
2218 3955 2315 3992 diesen
2328 3954 2422 3994 ersten
2430 3955 2535 3995 Tagen
2549 3956 2684 3994 ausfällt,
2697 3956 2732 3995 ist

1895 3994 2055 4033 zweierlei:
2074 3995 2231 4034 einerseits
2249 3994 2297 4033 die
2325 3995 2491 4033 Freude
2520 3997 2572 4028 der
2588 3996 2731 4029 Bcvölke-

1895 4042 1977 4074 rung
1994 4036 2057 4067 und
2075 4034 2245 4071 anderseits
2263 4034 2309 4067 die
2326 4034 2478 4074 Tatsache,
2496 4035 2556 4075 daß
2574 4039 2607 4068 cs
2624 4036 2732 4072 nicht

1895 4082 1929 4113 zu
1958 4073 2041 4107 einer
2078 4075 2448 4115 Volkserhebung
2486 4075 2659 4115 gekommen
2687 4075 2732 4115 ist.

2770 1224 2803 1255 in
2824 1225 2875 1256 der
2896 1223 2947 1262 sich
2968 1224 3045 1255 etwa
3066 1224 3113 1256 die
3133 1223 3291 1262 Menschen
3313 1223 3368 1254 des
3387 1221 3524 1260 besetzten
3545 1220 3603 1252 Ge¬

2770 1263 2865 1295 bietes
2883 1265 3026 1302 entgegen
3044 1264 3119 1295 aller
3136 1263 3295 1300 Vernunft
3313 1262 3346 1293 in
3364 1261 3448 1293 einer
3466 1261 3524 1293 Art
3542 1265 3603 1291 von

2770 1302 3021 1335 revolutionärer
3046 1303 3248 1341 Auswallung
3275 1310 3343 1341 zum
3369 1301 3486 1334 Sturm
3511 1307 3604 1339 gegen

2770 1343 2818 1374 die
2861 1342 3053 1381 Verteidiger
3096 1344 3150 1375 des
3193 1342 3428 1375 AtlantikwallS
3472 1340 3603 1379 erhoben

2771 1383 2886 1418 hätten.
2907 1383 2988 1414 Man
3009 1382 3110 1420 wußte
3130 1383 3223 1419 wohl,
3244 1381 3302 1414 mit
3322 1381 3412 1420 welch
3434 1379 3606 1418 nachdrück,

2771 1422 2875 1458 lichen,
2903 1421 2994 1459 Ernst
3021 1421 3069 1452 die
3096 1422 3310 1460 Bevölkerung
3338 1428 3410 1452 vom
3440 1419 3606 1452 Oberkom»

2770 1462 2886 1493 mando
2907 1462 2959 1492 der
2978 1460 3137 1493 Alliierten
3158 1467 3214 1493 vor
3235 1461 3348 1500 solchen
3368 1458 3605 1498 sclbstmörderi-

2771 1500 2850 1539 scheu
2869 1500 3017 1532 Aktionen
3036 1502 3176 1538 gewarnt
3193 1502 3319 1532 worden
3337 1507 3417 1537 war;
3437 1500 3512 1531 aber
3530 1507 3606 1531 man

2771 1540 2875 1577 wußte
2893 1539 2981 1576 nicht,
3000 1541 3037 1571 ob
3056 1538 3131 1577 diese
3149 1540 3355 1579 Warnungen
3374 1540 3417 1571 im
3437 1539 3605 1579 gegebenen

2771 1579 2951 1619 Augenblick
2989 1581 3062 1617 auch
3091 1580 3203 1620 befolgt
3231 1582 3370 1612 wurden.
3409 1580 3482 1612 Von
3522 1578 3606 1611 einer

2771 1618 3062 1658 Gncrillatätigkcit.
3111 1625 3171 1651 von
3220 1619 3395 1658 wirksamer
3444 1618 3607 1657 Sabotage

2773 1658 2876 1694 hinter
2895 1659 2951 1689 den
2973 1658 3123 1696 deutschen
3145 1659 3252 1691 Linien
3274 1660 3347 1691 oder
3366 1659 3441 1697 auch
3462 1666 3524 1690 nur
3545 1663 3606 1689 von

2773 1698 2915 1736 Ansätzen
2932 1706 2965 1736 zu
2983 1697 3094 1735 solchen
3111 1698 3257 1730 Aktionen
3275 1698 3309 1738 ist
3325 1698 3357 1730 in
3374 1699 3432 1730 den
3447 1697 3607 1736 Berichten

2774 1737 2923 1776 nirgends
2944 1736 2992 1768 die
3014 1738 3103 1770 Rede.
3125 1738 3284 1775 Natürlich
3307 1738 3386 1769 kann
3408 1746 3483 1769 man
3507 1737 3607 1776 sagen,

2774 1777 2834 1816 daß
2854 1777 2901 1809 die
2920 1777 3112 1809 Normandie
3133 1777 3190 1809 mit
3209 1777 3307 1814 ihrem
3327 1778 3447 1816 offenen
3468 1777 3608 1810 Gelände

2774 1818 2837 1848 nnd
2859 1816 2946 1853 ihren
2967 1825 3028 1848 nur
3048 1817 3163 1849 kleinen
3184 1817 3329 1852 Städten,
3349 1817 3396 1850 die
3416 1817 3535 1857 leichter
3555 1818 3608 1849 als

2773 1855 2957 1894 Großstädte
3014 1855 3192 1895 militärisch
3248 1857 3439 1889 kontrolliert
3486 1857 3609 1888 werden

2774 1896 2901 1930 können,
2923 1901 2983 1927 von
3005 1896 3190 1934 vornherein
3212 1896 3291 1928 keine
3312 1896 3472 1942 günstigen
3494 1895 3609 1929 Bedin-

2774 1944 2896 1974 gungrn
2915 1936 2976 1967 bot.
3018 1936 3100 1967 Aber
3116 1935 3176 1967 viel
3193 1936 3344 1975 wichtiger
3360 1936 3468 1974 scheint
3486 1936 3555 1973 doch
3572 1943 3607 1974 zu

2774 1974 2846 2008 sein,
2862 1975 2923 2012 daß
2939 1976 2997 2006 das
3013 1975 3090 2007 Volk
3106 1975 3189 2013 selbst
3203 1993 3243 1998 —
3258 1984 3325 2013 zum
3341 1975 3529 2013 Unterschied
3546 1981 3607 2006 von

2774 2015 2830 2046 den
2854 2014 3194 2061 Biertischrcvoluzzern
3218 2015 3389 2053 außerhalb
3413 2016 3467 2047 des
3491 2015 3608 2050 Macht,

2774 2053 2905 2091 bcrcichs
2947 2055 3000 2086 der
3043 2054 3226 2087 totalitären
3269 2055 3437 2102 Herrschaft
3477 2073 3519 2078 —
3560 2055 3608 2086 die

2774 2095 2971 2130 Grenzen
3000 2094 3074 2125 des
3102 2094 3343 2133 Möglichen
3372 2094 3404 2126 in
3424 2094 3523 2133 diesen
3543 2093 3608 2126 vier

2774 2134 2884 2167 harten
2904 2133 3027 2172 Jahren
3049 2133 3114 2166 klar
3134 2135 3260 2167 erkannt
3281 2136 3344 2166 und
3366 2135 3416 2174 sich
3437 2138 3539 2166 daran
3560 2141 3608 2173 ge.

2773 2174 2876 2209 halten
2899 2174 2962 2210 hat.
3001 2173 3105 2210 Dafür
3117 2174 3184 2212 läßt
3196 2174 3246 2212 sich
3258 2174 3321 2206 kein
3333 2175 3609 2214 überzeugenderer

2775 2213 2898 2247 Beivcis
2916 2213 3025 2245 denken
3044 2213 3095 2245 als
3114 2213 3161 2246 die
3179 2214 3330 2253 Tatsache,
3348 2214 3409 2252 daß
3426 2214 3473 2246 die
3491 2214 3607 2254 jungen

2776 2252 2947 2292 Franzosen
2966 2252 2998 2284 in
3017 2254 3068 2284 der
3085 2253 3277 2285 Normandie
3295 2254 3328 2285 in
3346 2254 3456 2292 großer
3474 2254 3554 2293 Zahl
3573 2261 3607 2292 zu

2775 2293 2831 2324 den
2858 2292 3238 2325 Ortskommandant»«»
3267 2295 3318 2326 der
3344 2294 3507 2327 Alliierten
3534 2294 3608 2333 strö-

2775 2339 2855 2368 men.
2878 2341 2931 2364 um
2956 2331 2988 2364 in
3013 2331 3060 2363 die
3083 2333 3272 2372 französische
3295 2334 3404 2366 Armee
3427 2334 3608 2373 aufgcnom-

2776 2380 2844 2403 men
2883 2379 2918 2410 zu
2956 2372 3087 2404 werden.
3125 2372 3185 2405 Die
3222 2372 3431 2413 wehrsähigen
3468 2375 3609 2406 Männer

2775 2411 2886 2443 wollen
2916 2412 2972 2443 den
3003 2413 3167 2444 normalen
3198 2412 3273 2451 Weg
3303 2421 3371 2451 zum
3400 2412 3609 2453 Kriegsdienst

2776 2452 2879 2491 gehen,
2897 2450 3005 2488 sobald
3022 2459 3055 2482 er
3073 2452 3214 2491 gangbar
3232 2453 3393 2492 geworden
3413 2452 3458 2491 ist.
3477 2453 3542 2485 und
3561 2461 3609 2493 ge-

2775 2491 2849 2522 rade
2872 2490 2949 2529 diese
2972 2490 3122 2530 spontane
3144 2492 3298 2531 Meldung
3321 2493 3375 2524 der
3398 2492 3609 2533 Freiwilligen

2775 2538 2829 2566 zur
2849 2531 2960 2562 Armee
2991 2531 3088 2566 macht
3120 2531 3168 2563 die
3199 2532 3398 2571 romantische
3423 2531 3608 2578 „Freiheit?-

2775 2570 2942 2608 kämpfer".
2967 2571 3031 2602 und
3056 2571 3368 2611 Partifanenlegcnde
3394 2571 3535 2610 zunichte,
3561 2570 3608 2603 die

2775 2618 2849 2641 man
2867 2609 2918 2648 sich
2935 2609 3100 2642 vielerorts
3117 2616 3189 2643 vom
3206 2611 3329 2651 sicheren
3347 2611 3465 2645 Winkel
3482 2614 3544 2644 aus
3561 2620 3608 2651 ge-

2775 2649 2869 2682 bildet
2886 2650 2979 2687 hatte.

2831 2690 2932 2722 Neben
2952 2689 3048 2730 djesen
3068 2689 3125 2723 das
3144 2691 3218 2724 Bild
3237 2692 3483 2732 beherrschenden
3502 2692 3608 2733 Zügen

2775 2728 2873 2771 zeigen
2903 2729 2956 2768 sich
2984 2730 3157 2771 allinählich
3186 2732 3260 2764 aber
3288 2725 3360 2770 auch
3390 2734 3501 2765 andere
3528 2733 3611 2765 Aus-

2775 2764 2904 2807 schnitte,
2916 2768 2963 2801 die
2975 2768 3040 2808 hier
3052 2769 3295 2812 Uebcrraschung
3306 2774 3369 2804 und
3382 2769 3611 2817 Enttäuschung

2776 2806 3013 2855 hervörgrriifcn
3031 2808 3138 2847 haben.
3155 2809 3293 2847 SrtpUb
3310 2808 3538 2850 berichtetTdM
3547 2806 3612 2845 Äks

2775 2842 2974 2890 frästzösi
2986 2847 3095 2887 schen
3124 2844 3328 2889 Dörfern,
3357 2851 3403 2883 die
3421 2856 3493 2883 vom
3513 2849 3608 2889 Feind

2775 2887 2958 2927 vollständig
2972 2888 3129 2926 gesäubert
3143 2890 3267 2922 worden
3280 2896 3396 2925 waren,
3410 2890 3466 2929 aus
3476 2890 3610 2923 alliierte

2774 2926 2922 2967 Trüschen
2945 2926 3103 2966 geschossen
3126 2930 3251 2961 »vordcn
3274 2929 3324 2969 sei.
3346 2929 3405 2963 Die
3427 2929 3615 2970 Stimmüng

2775 2966 2837 2999 der'
2857 2966 3068 3006 Bevölkerung
3100 2968 3179 3000 wird
3221 2974 3283 3001 von
3314 2969 3397 3001 einer
3428 2967 3523 3009 Reihe
3553 2974 3614 3001 von

2774 3005 3054 3045 Berichterstattern
3069 3007 3126 3040 mit
3139 3008 3336 3048 wechselnden
3351 3009 3609 3050 Schattierungen

2774 3053 2795 3119 S
2795 3045 2953 3084 eschildcrt.
2985 3046 3078 3080 Einer
3108 3049 3227 3083 meldet,
3259 3048 3319 3087 daß
3350 3058 3382 3081 er
3412 3048 3454 3080 im
3484 3048 3611 3089 Gefolge

2795 3082 2987 3125 iisenhowers
3002 3086 3076 3118 über
3090 3087 3175 3120 Land
3190 3087 3334 3128 gefahren
3348 3087 3396 3127 sei.
3410 3087 3497 3121 Viele
3510 3088 3609 3128 Fran-

2776 3125 2858 3164 zoscn
2894 3125 3023 3158 winkten
3059 3128 3122 3159 und
3158 3126 3253 3166 riefen
3289 3128 3381 3167 ihnen
3416 3136 3463 3167 zu;
3499 3129 3610 3165 andere

2776 3164 2913 3204 schauten
2940 3165 2977 3204 sie
3001 3165 3058 3198 mit
3083 3166 3251 3206 steinernen
3276 3167 3444 3207 Gesichtern
3470 3176 3522 3203 an.
3545 3168 3610 3200 und

2776 3206 2887 3238 andere
2905 3205 3022 3243 kehrten
3041 3205 3132 3244 ihnen
3151 3208 3207 3239 den
3225 3207 3349 3240 Rücken.
3366 3207 3542 3240 Wiederum
3561 3207 3610 3239 ein

2774 3242 2893 3283 Bericht
2925 3246 3039 3284 erzählt
3070 3250 3130 3277 von
3163 3247 3229 3278 dem
3251 3246 3494 3287 Bürgermeister
3526 3246 3609 3279 einer

2774 3284 2898 3322 Dorfes,
2932 3285 2984 3317 der
3016 3293 3056 3316 an
3090 3286 3145 3317 den
3178 3285 3303 3319 Strand
3336 3286 3415 3321 eilte,
3448 3286 3531 3326 selbst
3562 3286 3610 3319 die

2776 3324 2974 3357 Amerikaner
2988 3323 3038 3356 ins
3052 3324 3130 3363 Dorf
3143 3324 3245 3364 führte
3257 3327 3320 3359 und
3334 3326 3391 3358 mit
3403 3327 3469 3358 dem
3481 3327 3611 3364 Gewehr

2775 3363 2859 3396 eines
2889 3363 3055 3403 gefallenen
3086 3364 3337 3405 amerikanischen
3368 3366 3524 3398 Soldaten
3553 3366 3609 3398 den

2776 3403 2926 3441 deutschen
2944 3403 3284 3438 Ortskommandanten
3310 3404 3507 3445 nicderschoß.
3534 3405 3609 3438 Ver-

2777 3443 2974 3482 schiedentlich
3000 3443 3098 3481 trafen
3125 3443 3267 3484 englische
3291 3446 3356 3477 und
3382 3444 3610 3484 amerikanische

2775 3482 2929 3517 Soldaten
2959 3483 3013 3521 aus
3042 3482 3230 3523 französische
3259 3484 3425 3523 Familien,
3454 3484 3486 3517 in
3516 3487 3609 3517 denen

2775 3522 2904 3561 deutsche
2925 3522 3079 3555 Soldaten
3100 3525 3173 3556 oder
3193 3523 3336 3563 Offiziere
3356 3524 3522 3563 freundlich
3543 3524 3610 3563 auf-

2774 3571 2955 3602 genommen
2972 3564 3097 3595 worden
3114 3569 3220 3596 waren
3239 3565 3313 3596 oder
3329 3564 3420 3603 sogar
3437 3564 3502 3597 eine
3519 3564 3610 3601 Toch-

2775 3604 2818 3634 ter
2835 3601 2999 3641 geheiratet
3015 3602 3128 3640 hatten.
3146 3603 3209 3636 Der
3224 3603 3315 3636 Wille
3330 3605 3382 3636 des
3398 3603 3608 3643 französischen

2773 3642 2883 3675 Volkes
2904 3650 2958 3680 zur
2978 3640 3111 3680 Freiheit
3131 3641 3166 3682 ist
3187 3642 3265 3682 nicht
3285 3643 3528 3682 überschwemmt
3548 3649 3608 3675 von

2775 3680 2908 3713 blindem
2923 3674 3107 3721 Rassenhaß;
3122 3683 3174 3715 der
3188 3682 3319 3721 einzelne
3333 3683 3491 3723 Franzose,
3506 3683 3609 3722 soweit

2774 3728 2846 3755 man
2871 3720 2934 3759 ihm
2959 3720 2990 3753 in
3014 3720 3110 3759 diesen
3134 3721 3377 3762 Schilderungen
3400 3723 3552 3763 begegnet,
3575 3722 3609 3762 ist

2776 3759 2823 3792 ein
2850 3760 2987 3799 Patriot,
3013 3762 3091 3798 ohne
3118 3760 3166 3794 ein
3192 3762 3392 3800 Amokläufer
3417 3770 3451 3800 zu
3479 3764 3608 3794 werden.

2774 3798 2964 3839 Dazwischen
2991 3799 3086 3838 findet
3112 3809 3186 3833 man
3214 3801 3358 3840 manchen
3385 3801 3608 3841 Enttäuschten,

2775 3840 2917 3877 manchen
2949 3839 3228 3878 Zurückhaltenden
3259 3842 3323 3873 nnd
3355 3841 3505 3874 mitunter
3536 3838 3608 3881 auch

2775 3881 2918 3922 isianchen
2935 3878 3118 3919 fanatischen
3135 3880 3283 3921 Fascisten
3300 3882 3363 3913 und
3379 3880 3608 3914 Kollaboration

2773 3919 2878 3959 nisten.

2831 3958 2903 3998 Daß
2935 3957 2981 3990 die
3012 3966 3110 3992 neuen
3132 3959 3287 3999 Zustände
3318 3961 3380 3993 alte
3400 3960 3520 3999 Fehden
3541 3968 3608 3999 zum

2773 3997 2984 4037 Aufslammcn
3004 3997 3144 4039 bringen,
3163 3999 3223 4038 daß
3242 3999 3289 4032 die
3318 4000 3359 4035 .K
3373 4009 3391 4032 o
3402 4001 3413 4032 l
3425 4001 3436 4032 l
3449 4009 3467 4032 a
3479 4000 3497 4032 b
3509 4009 3528 4032 o
3539 4009 3556 4032 r
3567 4009 3585 4032 a
3597 4015 3608 4027 -

2775 4037 3002 4076 tionisten"
3039 4037 3091 4077 sich
3125 4040 3178 4072 der
3201 4039 3323 4077 ostenen
3347 4040 3510 4072 Volkswut
3535 4043 3609 4072 aus-

2773 4076 2869 4117 gesetzt
2892 4077 2986 4118 sehen,
3009 4078 3079 4117 geht
3103 4081 3163 4110 aus
3187 4078 3285 4111 vielen
3307 4079 3466 4119 Berichten
3489 4080 3608 4119 hervor.

1893 5361 2032 5392 Funkbild
2046 5373 2095 5392 aus
2108 5364 2235 5393 London:
2251 5365 2372 5394 General
2394 5364 2477 5394 Man
2490 5370 2552 5401 Igo
2563 5375 2614 5395 me
2624 5368 2671 5403 ry
2687 5368 2724 5396 im
2740 5366 2880 5404 Geipräch
2895 5366 2945 5396 mit
2956 5367 3162 5401 französischen
3177 5368 3306 5398 Fischern
3322 5370 3349 5398 in
3365 5370 3413 5398 der
3426 5369 3598 5399 Normandie
