2775 3484
350 121 614 165 Pränumeration.

284 189 506 224 IS-rlich.......
514 183 685 216 ......Sr.

284 221 633 259 chaldjährlich.*
644 220 686 249 8t-

2148 112 2512 155 JnfrrtivnS-Grbühreu.

2125 181 2176 208 Di«
2188 180 2252 209 3cil«
2268 181 2282 205 <
2300 179 2537 212 Zürcher-Krenier.

2126 215 2212 245 gtitfc
2229 215 2281 243 und
2300 215 2392 243 Selber
2413 215 2533 246 ftan«».

335 564 554 612 Mittwoch

1298 564 1424 613 Rro.
1468 564 1522 617 3*
1980 562 2053 601 den
2086 559 2123 607 s.
2152 559 2327 607 Januar
2358 560 2490 600 1828.

940 667 1045 706 (Druck
1063 667 1115 699 und
1134 669 1235 705 Verlag
1254 673 1305 698 von
1323 667 1439 703 Orell,
1460 666 1562 702 Füßli
1581 666 1636 698 und
1656 666 1888 705 Compagnie.)

2036 745 2063 764 x.

321 799 510 827 S«we«rerisa>e
525 798 749 825 Eidgenossenschaft
774 798 834 822 cr«d
857 798 898 821 des
920 797 1000 824 Herrn
1021 796 1169 821 Oberrl-bter
1182 796 1267 820 Ulrich.
1296 795 1502 822 Verhandlungen
1523 795 1566 817 der
1581 793 1670 821 großen
1685 793 1765 817 Rätbe
1780 795 1822 817 der
1836 794 1946 818 Kantone
1962 793 2033 819 Basel
2047 794 2096 816 und
2112 791 2201 819 Zürich.
2233 791 2415 818 Verschiedene«
2436 792 2481 815 au«
2495 792 2542 815 de»

346 830 475 853 Kanionen
495 825 576 853 Zürich
593 841 599 852 ,
623 827 709 853 Basel,
731 827 799 850 Bern
814 826 862 849 und
877 826 985 850 WaUi«>.
1024 826 1143 851 Portugal
1162 823 1343 850 <Bank,ussand.
1381 823 1506 846 Srddeben
1526 828 1551 848 zu
1568 823 1692 847 Lissabon).
1722 822 1839 847 Svanien
1859 822 1937 846 (Graf
1950 821 2091 848 »'«rspagne.
2121 822 2173 845 Der
2187 819 2287 848 König,,
2325 819 2541 844 «roßbrilannie»

350 857 427 882 (Ehre
444 857 494 878 dem
510 854 694 880 Ministerium).
723 855 861 881 Frankreich
876 853 1129 882 (Neujahrttvünsche).
1160 853 1314 877 Deutschland
1329 851 1442 879 (fran,ös.
1457 852 1566 877 Theater.
1595 849 1817 878 Schifferunglück).
1846 851 1938 875 Turkey
1953 849 2101 874 (Echreidcn
2115 851 2158 872 de»
2174 849 2269 874 Grasen
2284 848 2470 876 Lapodistria«).

519 963 797 1001 Schweizerische
827 961 1173 1000 Eidgenossenschaft.

350 1021 491 1058 Nochmal«
518 1022 563 1057 hat
591 1018 708 1057 Zürich
737 1021 784 1051 den
805 1020 912 1053 Verlust
931 1021 1001 1050 eine«
1020 1020 1073 1056 sehr
1092 1019 1161 1049 edeln
1182 1017 1234 1048 und
1252 1017 1396 1048 verdienten

296 1067 414 1098 Manne«
428 1073 459 1102 zu
472 1065 614 1095 betrauern.
635 1066 687 1095 Am
707 1068 734 1095 7.
750 1065 852 1099 Jenner
866 1065 995 1101 Morgen«
1014 1064 1134 1098 verstarb,
1155 1063 1214 1098 nach
1236 1063 1334 1099 langem
1345 1061 1397 1090 und

298 1110 488 1147 schmerzlichem
507 1108 717 1147 Krankenlager,
735 1111 770 1138 67
792 1109 874 1143 Jahre
893 1109 952 1143 alt,
972 1107 1014 1136 der
1033 1107 1194 1141 Oberlichter
1213 1108 1279 1143 Herr
1300 1108 1397 1142 Han«

296 1154 436 1187 Konrad
455 1154 575 1188 Ulrich.
612 1154 654 1188 In
673 1153 749 1186 seiner
768 1152 877 1189 Jugend
897 1152 939 1180 al«
959 1151 1257 1186 Taubstummenlehrer,
1277 1148 1397 1183 mährend

298 1205 428 1238 geraumer
448 1198 502 1233 Zeit
522 1197 549 1227 in
569 1196 609 1226 der
629 1197 896 1233 Staatsumwälzung
915 1193 957 1225 äl«
968 1195 1135 1231 Zürcherscher
1155 1193 1396 1230 RegierungSstatt-

297 1244 380 1280 halter
398 1241 524 1276 bekannt,
543 1241 630 1277 seither
651 1240 777 1278 Mitglied
798 1239 840 1269 de«
861 1241 1067 1276 Obergericht«,
1097 1239 1139 1267 de«
1161 1238 1399 1275 Erziehungsrath«

297 1286 351 1318 und
371 1286 423 1315 eine
441 1285 523 1321 Reihe
541 1291 591 1314 von
610 1285 712 1320 Jahren
731 1285 852 1321 hindurch
872 1284 1012 1319 Präsident
1031 1282 1075 1312 de«
1096 1282 1397 1319 Matrimonialgericht«.

299 1329 386 1366 Frühe
404 1330 530 1366 Neigung
550 1327 602 1357 und
620 1328 659 1357 die
679 1329 868 1366 Gelegenheit,
888 1328 978 1361 welche
997 1328 1037 1356 der
1056 1327 1189 1363 verewigte
1209 1326 1316 1361 Pfarrer
1333 1325 1398 1356 Kel¬

300 1376 337 1405 ler
354 1374 383 1404 in
403 1373 537 1408 Schlieren
557 1372 664 1408 darbot,
698 1375 784 1409 hatten
805 1373 850 1407 ihn
869 1372 949 1406 senem
970 1370 1307 1404 Taubstummenunterricht
1325 1375 1400 1405 zuge-

299 1418 388 1455 führt,
408 1417 462 1446 dem
480 1425 506 1446 er
525 1416 574 1451 sein
593 1417 674 1447 Leben
695 1424 726 1454 zu
745 1417 856 1446 widmen
875 1416 976 1451 dachte,
1010 1413 1052 1450 für
1079 1415 1125 1445 den
1152 1422 1178 1443 er
1205 1414 1249 1449 sich
1270 1414 1297 1443 in
1318 1413 1401 1447 Pari«

298 1461 442 1493 ouSbildete
465 1460 521 1491 und
548 1461 576 1492 in
601 1460 680 1496 dessen
699 1460 876 1497 Anwendung
900 1468 925 1489 er
944 1468 975 1497 zu
997 1459 1070 1493 Gens
1086 1460 1224 1496 gelungene
1244 1457 1349 1492 Proben
1371 1463 1400 1492 zu

301 1508 378 1545 Tage
403 1506 484 1543 legte,
491 1529 504 1536 ^
511 1505 551 1535 die
576 1505 627 1541 ihm
648 1506 796 1535 Vertrauen
817 1503 870 1534 und
889 1504 960 1538 Ehre
979 1504 1094 1538 brachten
1115 1502 1167 1532 und
1186 1509 1236 1532 von
1256 1501 1332 1530 denen
1353 1503 1401 1528 au«

301 1552 348 1589 sich
367 1551 430 1580 alle«
448 1543 536 1579 ändere
556 1547 637 1581 Glück
657 1549 736 1583 seine»
748 1549 846 1579 Leben«
866 1547 1000 1578 entwickelt
1020 1549 1074 1583 hat.
1113 1548 1187 1581 Nach
1201 1546 1289 1582 Zürich
1306 1543 1402 1581 zurück-

301 1596 417 1634 gekehrt,
444 1594 529 1623 wollte
549 1600 574 1621 er
593 1593 632 1621 ein
652 1592 767 1627 Institut
788 1592 829 1625 für
849 1592 898 1626 sein
919 1591 1033 1627 Lehrfach
1062 1590 1195 1627 gründen,
1228 1591 1268 1619 al«
1289 1589 1327 1618 die
1347 1588 1401 1618 Re¬

299 1639 418 1670 volution
437 1637 497 1670 diese
507 1637 592 1671 Plane
610 1636 758 1669 vernichtete
781 1634 834 1664 und
855 1635 897 1669 ihn
918 1635 961 1664 in«
980 1634 1120 1668 öffentliche
1138 1636 1218 1665 Leben
1232 1634 1288 1668 rief.
1311 1632 1405 1666 Mäßi¬

303 1690 396 1719 gung,
422 1679 609 1715 Gerechtigkeit
629 1678 681 1707 und
695 1677 925 1713 Unparteysamkrit
943 1684 1027 1706 waren
1047 1676 1086 1706 die
1105 1677 1263 1709 leuchtenden
1285 1676 1404 1709 Sterne,

303 1726 382 1756 denen
402 1732 427 1754 er
445 1724 534 1761 folgte.
572 1723 663 1752 Vieler
677 1722 760 1753 Tadel
781 1723 826 1757 hat
844 1721 888 1757 ihn
908 1720 1052 1758 getroffen,
1073 1726 1123 1749 von
1137 1719 1333 1753 Leidenschaften
1344 1722 1408 1747 aus¬

303 1768 420 1808 gehend,
449 1767 527 1797 denen
547 1766 638 1797 andere
658 1766 779 1798 Gestirne
802 1765 948 1798 leuchteten.
987 1764 1042 1795 Die
1061 1764 1138 1799 Ruhe
1158 1763 1199 1793 der
1220 1764 1331 1799 späteren
1351 1762 1408 1798 Zeit

304 1814 364 1845 aber
383 1815 427 1850 hat
446 1812 492 1842 den
511 1811 632 1846 redlichen
654 1809 705 1840 und
724 1812 805 1847 guten
818 1810 928 1846 Bürger
946 1808 1021 1843 besser
1039 1808 1203 1846 gewürdigt;
1223 1808 1266 1843 für
1284 1807 1324 1837 die
1338 1806 1407 1835 kom¬

305 1858 410 1889 menden
429 1856 598 1891 Geschlechter
617 1854 671 1889 sind
690 1854 732 1883 der
751 1853 881 1890 Zeugnisse
900 1853 964 1882 viel«
983 1852 1069 1889 übrig,
1094 1860 1136 1881 um
1155 1853 1236 1885 seinen
1258 1852 1406 1887 Nachruhm

309 1911 341 1940 zu
363 1902 467 1936 sichern.
514 1901 650 1934 Mehrere«
670 1897 723 1927 und
730 1899 846 1931 Bessere«
864 1903 915 1926 von
934 1897 987 1926 dem
1007 1894 1233 1933 liebenswürdigen
1254 1897 1356 1927 Manne
1377 1903 1424 1932 zu,

305 1946 414 1979 melden,
434 1944 513 1979 dessen
528 1943 610 1978 Leiche
629 1942 667 1972 die
680 1942 832 1978 Mitbürger
843 1941 1022 1978 Donnerstag«
1033 1948 1090 1978 zum
1098 1940 1187 1972 Grabe
1206 1941 1322 1978 geleiten,
1343 1939 1408 1969 wird

306 1991 343 2021 Im
362 1996 469 2026 engeren
487 1988 573 2022 Kreise
599 1986 641 2016 der
668 1985 819 2019 Vaterstadt
848 1985 927 2014 einem
947 1984 1092 2018 Vorstande
1118 1985 1159 2014 der
1178 1984 1408 2023 Hülftgesellschaft

305 2034 365 2066 oder
384 2033 425 2062 der
444 2031 676 2066 Blindenanstalt,
705 2031 740 2060 im
760 2030 876 2058 weiteren
895 2029 975 2058 einem
994 2029 1124 2064 Sprecher
1141 2030 1183 2059 der
1202 2029 1407 2065 schweizerischen

306 2075 517 2118 gemeinnützigen
538 2074 719 2110 Gesellschaft,
738 2074 812 2102 deren
832 2073 952 2108 Stiftern
971 2074 1053 2107 Ulrich
1073 2075 1217 2111 angehört.,
1245 2074 1370 2110 obliegen.

362 2120 420 2158 Für
438 2121 477 2151 die
490 2119 717 2155 Wiederbesetzung
736 2118 778 2147 der
791 2117 866 2152 durch
884 2117 1070 2154 vorgemeldten
1088 2117 1147 2148 Tod
1167 2117 1303 2155 erledigten
1319 2117 1409 2148 Stelle

305 2169 343 2200 im
360 2165 528 2203 Obergericht
548 2163 580 2198 ist
599 2163 640 2193 der
660 2162 735 2200 große
748 2162 822 2199 Rath
842 2161 886 2191 de«
900 2162 1023 2193 Kanton«
1036 2158 1125 2199 Zürich
1144 2162 1192 2198 auf
1210 2162 1259 2192 den
1279 2164 1327 2192 16.
1341 2162 1410 2197 Jen¬

307 2220 353 2243 ner
371 2209 585 2246 außerordentlich
605 2207 760 2241 einberufen.

363 2257 422 2287 Der
441 2254 516 2291 große
535 2253 608 2289 Rath
627 2251 672 2281 de«
690 2251 814 2283 Kanton«
832 2251 939 2285 Basel
959 2258 1013 2280 war
1032 2258 1073 2280 am
1091 2254 1138 2286 3.,
1166 2251 1194 2280 4.
1214 2250 1269 2281 und
1287 2252 1318 2281 5.
1337 2250 1409 2286 Dez.

306 2302 337 2333 in
355 2299 517 2334 ordentlicher
537 2298 650 2334 Sitzung
669 2295 834 2330 versammelt.
875 2296 943 2326 Vier
958 2303 1018 2325 neue
1031 2296 1136 2333 Bürger
1151 2296 1308 2333 empsiengen
1324 2296 1413 2325 Natu-

307 2343 565 2381 ralisationSdekrete,
590 2341 707 2377 nachdem
731 2340 791 2377 drey
818 2340 941 2375 derselben
967 2341 994 2370 in
1021 2339 1063 2370 der
1088 2339 1248 2377 Hauptstadt
1274 2339 1327 2369 und
1346 2340 1413 2369 einer

309 2395 360 2418 von
386 2389 453 2419 einer
472 2386 669 2424 Landgemeinde
694 2386 734 2416 die
753 2384 942 2421 erforderlichen
960 2383 1144 2422 Bürgerrechte
1163 2385 1313 2421 zugesichert
1332 2384 1412 2420 erhal¬

311 2433 354 2461 ten
371 2434 470 2468 hatten.
507 2432 564 2463 Die
582 2430 829 2467 Berichterstattung
845 2432 887 2460 der
903 2428 1098 2463 Gesandtschaft
1112 2436 1155 2464 zur
1169 2428 1328 2466 Lagsatzung
1341 2427 1414 2458 ward

311 2474 452 2512 angehört,
479 2475 534 2505 dem
552 2475 712 2510 Konklusum
736 2473 797 2505 über
819 2474 859 2504 die
877 2472 1109 2511 Heimathlosigkeit
1128 2472 1167 2502 die
1185 2473 1356 2508 Ratifikation
1376 2480 1413 2502 er-

312 2518 404 2556 theikt,
423 2519 501 2548 einem
521 2521 629 2556 Burger
648 2528 693 2556 zur
713 2518 901 2556 Vrrehlichung
922 2518 969 2548 mit
987 2517 1029 2547 der
1048 2517 1193 2551 Schwester
1212 2517 1288 2552 seiner
1307 2517 1413 2550 verstor¬

313 2564 391 2595 benen
417 2562 488 2597 Frau
513 2563 635 2598 Di«pen«
663 2564 805 2601 bewilligt,
831 2563 871 2593 rin
890 2563 1027 2599 Sträfling
1054 2561 1193 2599 begnadigt
1217 2561 1270 2591 und
1290 2569 1323 2598 zu
1343 2561 1413 2591 Ver¬

312 2609 446 2645 äußerung
466 2604 508 2635 der
526 2608 681 2642 vormaligen
701 2606 960 2645 BezirkSschreiberey
969 2619 978 2632 -
987 2607 1130 2643 Wohnung
1146 2613 1176 2643 zu
1191 2606 1362 2643 Wallenburg
1376 2604 1414 2635 die

313 2650 515 2688 Genehmigung
537 2650 647 2686 ertheilt.
686 2651 745 2682 Der
762 2651 866 2683 Doktor
884 2651 926 2681 der
947 2651 1052 2686 Rechte,
1073 2653 1124 2689 Hr.
1144 2650 1218 2681 Emil
1237 2650 1324 2687 Frey,
1344 2650 1413 2680 ward

313 2699 355 2729 al«
381 2694 602 2729 Kriminalrichter
629 2692 683 2723 und
707 2697 759 2732 Hr.
784 2696 916 2727 Emanuel
940 2696 1060 2733 Ryhiner
1085 2695 1126 2724 al«
1150 2695 1345 2731 Waisenrichter
1372 2703 1414 2734 ge¬

314 2742 406 2779 wählt.
452 2740 530 2777 Zwey
556 2738 665 2776 Anzüge
689 2737 748 2768 oder
772 2739 910 2771 Motionen
935 2740 1039 2771 wurden
1066 2739 1119 2769 dem
1146 2740 1242 2770 kleinen
1267 2740 1341 2776 Rath
1370 2748 1414 2777 zur

314 2785 517 2824 Begutachtung
538 2781 706 2818 überwiesen,
731 2781 804 2812 deren
823 2783 889 2814 einer
907 2783 947 2815 die
966 2785 1089 2821 Revision
1108 2784 1151 2814 de«
1169 2785 1415 2821 Strafgesetzbuches

315 2831 369 2863 und
395 2829 437 2860 der
463 2829 553 2859 andere
579 2826 723 2863 verschärfte
742 2827 1048 2865 Polizeyverordnungen
1074 2830 1223 2865 hinsichtlich
1243 2828 1286 2859 de«
1306 2830 1415 2867 Halten«

295 2875 301 2879 '
317 2876 361 2907 der
382 2873 478 2913 Hunde
494 2875 622 2911 verlangt.
661 2873 719 2904 Der
738 2871 935 2906 Gesetzentwurf
951 2871 1012 2901 über
1039 2872 1078 2904 die
1103 2873 1348 2911 Strafrechtspflege
1374 2873 1416 2903 der

317 2917 584 2956 Statthalterverhöre
598 2916 668 2948 ward
687 2917 831 2955 genehmigt
849 2914 900 2945 und
913 2915 966 2952 ihm
981 2916 1156 2952 Gesetzeskraft
1167 2919 1277 2955 ertheilt.
1296 2918 1416 2952 Derselbe

316 2965 417 3001 schließt
440 2963 487 2999 sich
513 2962 560 2993 den
586 2969 666 2992 neuen
690 2962 839 3000 gesetzlichen
859 2960 1061 2998 Einrichtungen
1082 2961 1124 2992 der
1142 2962 1340 2992 korrektionellen
1360 2964 1416 2994 Ge-

316 3008 489 3045 richt«barkeit
513 3014 546 3037 an
571 3006 623 3037 und
648 3006 782 3037 verordnrt
801 3005 938 3041 wesentlich
958 3004 1124 3042 Folgende«:
1161 3006 1205 3041 In
1224 3006 1302 3040 jedem
1321 3007 1417 3044 Bezirk

316 3053 363 3085 de«
381 3054 504 3086 Kanton«
522 3050 553 3085 ist
573 3051 612 3081 ein
631 3054 679 3081 au«
699 3051 754 3080 dem
773 3049 937 3085 Statthalter
955 3049 1007 3079 und
1025 3050 1079 3079 vier
1096 3050 1241 3086 Beysitzern
1261 3051 1417 3087 bestehende«

317 3093 586 3135 Statthalterverhör;
608 3093 649 3128 für
668 3094 716 3125 den
736 3095 830 3131 Bezirk
849 3095 929 3129 Basel
948 3094 1043 3124 werden
1063 3099 1132 3131 zwey
1152 3093 1195 3124 der
1214 3095 1341 3131 Brhsitzer
1358 3102 1416 3126 vom

319 3141 414 3173 kleinen
434 3143 507 3178 Rath
526 3140 579 3170 und
598 3139 637 3170 die
656 3145 727 3176 zwey
745 3139 842 3169 andern
855 3146 912 3170 rom
927 3140 1069 3173 Ctadtrath
1084 3138 1213 3177 gewählt,
1232 3140 1261 3169 in
1275 3139 1321 3169 den
1335 3140 1417 3172 Laud-

318 3186 429 3222 bezirken
448 3186 509 3216 aber
527 3185 639 3219 versehen
659 3184 698 3214 die
724 3178 881 3221 Zivilricßter
904 3178 975 3219 jede«
996 3183 1104 3220 Bezirk«
1123 3183 1254 3216 wechselnd
1274 3184 1326 3214 und
1345 3186 1416 3220 halb¬

316 3230 422 3268 jährlich
448 3230 488 3263 die
513 3228 716 3267 Leysitzerstrlle.
753 3229 818 3261 Da«
845 3229 1009 3261 Sekretariat
1034 3228 1099 3261 wird
1124 3229 1151 3260 in
1176 3227 1229 3260 dem
1248 3228 1417 3268 Stadtbezirk

1432 931 1507 965 durch
1527 932 1599 961 einen
1621 930 1759 964 Schreiber
1778 930 1819 961 der
1838 931 2069 966 Polizeydirektion
2090 929 2141 959 und
2162 930 2187 959 in
2208 929 2253 959 den
2267 929 2448 965 Landbezirken
2461 929 2538 964 durch

1432 975 1480 1005 den
1506 975 1736 1012 Dezirksschreiber
1763 975 1871 1011 besorgt.
1910 976 1969 1005 Der
1996 975 2186 1011 Beurtheilung
2214 974 2254 1003 der
2277 971 2542 1011 Statthalterverhör«

1434 1020 1588 1057 unterliegrn
1598 1028 1617 1048 r
1639 1020 1673 1046 A.
1690 1019 1741 1054 Im
1758 1018 1943 1056 Allgemeinen,
1966 1027 1990 1045 a.
2013 1018 2228 1054 Uebertretungen
2241 1017 2293 1047 und
2305 1019 2438 1047 verbotene
2450 1017 2542 1055 Hand¬

1434 1066 1547 1100 lungen,
1568 1063 1639 1092 deren
1659 1063 1818 1100 Bestrafung
1839 1062 1920 1091 weder
1939 1062 1988 1092 den
2008 1061 2226 1098 Gemeindräthen
2256 1063 2317 1097 noch
2337 1062 2391 1091 dem
2411 1061 2544 1091 korrektio-

1435 1108 1513 1137 nellen
1533 1108 1640 1141 Gericht
1659 1107 1800 1142 zukommt;
1829 1109 1902 1135 unter
1927 1105 1989 1140 diese
2015 1105 2123 1143 gehören
2149 1106 2312 1142 vorzüglich:
2346 1104 2545 1142 Schlaghändek

1434 1154 1498 1187 ohne
1517 1152 1671 1186 Blutrun«;
1698 1151 1837 1185 Injurien,
1857 1157 1933 1180 wenn
1953 1150 1995 1179 der
2014 1150 2132 1186 klagende
2152 1150 2231 1185 Theil
2249 1149 2297 1178 da«
2316 1149 2538 1184 Statthalterver¬

1435 1194 1480 1231 hör
1500 1194 1670 1230 de«Bezirk«,
1690 1201 1731 1224 wo
1752 1194 1790 1223 die
1810 1193 1985 1231 Beleidigung
2006 1195 2088 1225 Statt
2108 1196 2187 1230 hatte,
2206 1193 2311 1228 anruft;
2332 1192 2442 1228 einfache
2459 1192 2557 1224 Dieb-'

1436 1239 1514 1273 stähl«
1538 1238 1590 1268 und
1616 1238 1769 1276 betrüglichr
1788 1238 1976 1276 Handlungen,
1996 1245 2037 1268 wo
2057 1237 2100 1267 der
2119 1239 2212 1273 Werth
2232 1238 2300 1271 nicht
2318 1236 2378 1266 über
2397 1238 2416 1266 4
2434 1237 2483 1272 Fr.
2502 1236 2544 1265 be¬

1436 1282 1527 1320 trägt;
1547 1282 1665 1318 boShafre
1683 1282 1914 1319 Beschädigungen
1932 1288 1982 1312 von
2002 1282 2070 1316 nicht
2089 1282 2149 1311 über
2172 1286 2188 1310 2
2197 1282 2257 1316 .Fr.
2279 1282 2382 1318 Werth,
2421 1281 2451 1308 d.
2477 1281 2544 1311 Die¬

1435 1327 1538 1363 jenigen
1558 1327 1648 1361 Fälle,
1678 1327 1767 1361 welche
1787 1327 1861 1362 ihnen
1882 1326 1955 1360 durch
1975 1325 2105 1360 besondere
2125 1326 2223 1360 Gesetze
2243 1322 2392 1362 übertragen
2413 1324 2466 1359 sind
2487 1324 2545 1354 oder

1438 1369 1586 1406 übertragen
1607 1370 1718 1399 werden.
1758 1371 1790 1397 B.
1812 1371 1882 1400 Dem
1902 1368 2157 1405 Statthalterverhör
2177 1368 2220 1398 de«
2239 1369 2347 1405 Bezirk«
2364 1369 2443 1402 Basel
2460 1368 2547 1402 beson¬

1437 1413 1511 1443 der«:
1534 1414 1717 1450 Vagabunden
1737 1413 1791 1442 und
1810 1411 1930 1448 Bettler,
1953 1413 1992 1443 die
2011 1420 2068 1449 zum
2087 1413 2252 1449 zweytenmal
2271 1415 2334 1448 ohne
2346 1414 2427 1449 legale
2441 1412 2547 1447 Schrif¬

1438 1461 1480 1487 ten
1499 1458 1610 1487 belreten
1631 1458 1745 1492 werden;
1771 1465 1830 1494 zum
1850 1457 2017 1493 zweytenmal
2037 1457 2206 1494 eingebrachte
2221 1456 2428 1491 ausschweifende
2441 1456 2547 1486 Weibs¬

1438 1503 1572 1538 personen;
1593 1501 1759 1535 Verwiesene
1779 1501 1817 1530 die
1838 1501 1909 1535 ihren
1927 1502 2010 1532 Bann
2030 1501 2193 1536 übectraten,
2212 1501 2310 1535 wofern
2329 1501 2361 1535 sie
2379 1501 2447 1536 nicht
2462 1500 2546 1530 krimi¬

1440 1547 1515 1574 neller
1534 1546 1726 1582 Beurtheilung
1746 1546 1915 1582 unterliegen.
1954 1546 1987 1573 6.
2016 1546 2079 1576 Den
2099 1542 2383 1580 Statthalterverhören
2403 1544 2446 1573 der
2464 1544 2546 1576 Land-

1441 1589 1533 1625 bezirke
1559 1585 1706 1623 besonder«:
1741 1588 1928 1626 Zwistigkeiten
1954 1589 2073 1625 zwischen
2093 1589 2220 1624 Meistern
2246 1588 2300 1618 und
2320 1589 2390 1624 ihreo
2410 1589 2548 1624 Gesellen,

1442 1634 1588 1667 Knechten,
1617 1632 1786 1669 Taglöhnern
1814 1632 1867 1662 und
1893 1633 1996 1663 anderm
2016 1633 2142 1667 Gesinde.
2180 1648 2217 1655 —
2248 1634 2305 1664 Die
2328 1632 2548 1668 anzuwendrude»

1444 1675 1558 1709 Strafen
1579 1674 1634 1709 sind
1651 1676 1730 1705 neben
1750 1675 1903 1713 allfälligem
1917 1676 2079 1711 Schaden«-
2099 1675 2151 1706 und
2173 1676 2356 1710 Kostenersatz:
2393 1675 2553 1713 Gefängnjff

1445 1717 1487 1754 für
1507 1718 1544 1748 dir
1564 1719 1636 1749 einen
1656 1720 1728 1754 Fälle
1750 1720 1791 1749 bi«
1810 1720 1856 1754 auf
1875 1725 1891 1751 8
1912 1719 1970 1750 «der
1990 1722 2026 1749 14
2044 1720 2138 1758 Tage,
2157 1718 2198 1755 für
2216 1719 2308 1750 andere
2326 1720 2369 1749 bi«
2386 1720 2437 1754 auf
2451 1722 2468 1750 4
2481 1721 2549 1750 Wo¬

1444 1765 1500 1797 chen
1509 1772 1517 1798 ;
1545 1763 1591 1798 bey
1617 1763 1664 1793 den
1684 1765 1780 1798 letzter»
1798 1765 1846 1793 mit
1866 1764 2002 1801 Defugniß
2028 1765 2098 1793 einen
2124 1764 2254 1800 Drittheil
2278 1763 2320 1794 der
2346 1764 2480 1801 Strafzeit
2503 1764 2552 1800 auf

1444 1808 1542 1842 Wasser
1567 1807 1620 1837 und
1647 1807 1722 1838 Drod
1749 1815 1781 1843 zu
1806 1808 1945 1843 erkennen,
1973 1808 2128 1843 Geldbußen
2153 1808 2195 1838 bi«
2220 1807 2266 1843 auf
2290 1812 2327 1837 20
2346 1808 2393 1842 Fr.
2418 1815 2445 1837 u.
2468 1808 2489 1842 s.
2510 1816 2548 1838 w.

1444 1852 1499 1882 Dir
1520 1851 1681 1886 Geldstrafen
1707 1852 1784 1886 falle»
1810 1851 1865 1881 dem
1886 1853 1985 1883 Staate
2011 1860 2061 1888 zu,
2088 1852 2201 1889 dagegen
2225 1853 2321 1889 bezieht
2338 1857 2390 1881 von
2408 1852 2460 1888 ihm
2479 1852 2550 1886 jede»

1446 1895 1571 1932 Mitglied
1590 1895 1642 1931 che«
1668 1894 1936 1931 Statthalterverhör«
1964 1896 2017 1926 und
2042 1897 2085 1926 der
2111 1896 2251 1931 Schreiber
2273 1902 2325 1925 von
2349 1895 2419 1930 jeder
2437 1897 2549 1934 Sitzung

1447 1941 1481 1967 15
1501 1941 1611 1975 Batzen,
1638 1939 1707 1972 nebst
1732 1939 1781 1969 den
1792 1940 1923 1977 mäßigen
1941 1939 2032 1976 durch«
2052 1942 2136 1975 Gesetz
2155 1941 2226 1974 selbst
2245 1940 2397 1974 bestimmten
2418 1941 2551 1975 Sportel»

1446 1982 1488 2012 der
1507 1984 1628 2020 Urtheile.
1667 1984 1705 2019 Zu
1725 1983 1841 2021 Fällung
1863 1983 2055 2022 rechtsgültiger
2074 1985 2186 2020 Urtheil«
2204 1984 2259 2020 sind
2278 1986 2332 2015 vier
2350 1984 2473 2020 Richter,
2502 1984 2550 2013 den

1446 2028 1615 2064 Präsidenten
1635 2027 1818 2065 einbegriffen,
1842 2028 1996 2063 erfordrrlich
2018 2029 2070 2058 und
2090 2037 2130 2059 wo
2150 2034 2180 2059 es
2198 2029 2287 2067 nöthig
2306 2029 2354 2065 ist,
2381 2028 2480 2059 werdrn
2500 2029 2550 2065 hie-

1446 2073 1488 2108 für
1508 2073 1691 2108 Suppleanten
1713 2079 1868 2109 zugrzogen.
1908 2073 2015 2104 Binnen
2041 2078 2076 2103 10
2095 2073 2189 2111 Tagen
2214 2073 2280 2104 kann
2302 2074 2405 2104 Rekur«
2424 2078 2475 2103 an«
2490 2074 2551 2109 Ap¬

1447 2116 1679 2153 pellationsgericht
1697 2123 1844 2153 genommen
1864 2117 1981 2153 werden,
1999 2117 2076 2151 außer
2095 2117 2142 2147 den
2162 2118 2191 2147 in
2208 2119 2242 2145 B.
2261 2118 2313 2148 und
2331 2120 2363 2146 C.
2382 2118 2551 2154 bezeichnet«»

1447 2161 1536 2197 Fällen
1562 2160 1615 2189 und
1642 2160 1793 2197 denjenigen
1812 2160 1885 2190 deren
1906 2161 2049 2196 Geldstrafe
2068 2162 2135 2197 nicht
2154 2161 2214 2192 über
2232 2163 2251 2192 6
2269 2162 2321 2197 Fr.
2338 2162 2449 2200 beträgt.
2488 2163 2552 2194 Da«

1448 2204 1728 2241 Appellationsgericht
1746 2204 1878 2241 übergiebt
1898 2205 1962 2234 einer
1981 2206 2142 2243 Abtheilung
2161 2212 2211 2236 von
2232 2209 2249 2236 5
2263 2206 2388 2238 Gliedern
2406 2211 2456 2236 au«
2474 2208 2552 2241 seine«

1448 2249 1530 2280 Mitte
1548 2248 1589 2278 die
1596 2248 1786 2285 Untersuchung
1804 2249 1895 2284 solcher
1913 2249 2118 2287 Rekureklagen,
2139 2249 2178 2280 die
2190 2248 2337 2288 Anhörung
2352 2251 2394 2281 der
2406 2252 2551 2287 Parteyen,

1448 2295 1509 2328 ohne
1527 2292 1669 2330 Zulassung
1693 2299 1744 2322 von
1765 2293 1966 2329 Sachwaltern,
1986 2294 2039 2323 und
2058 2294 2097 2323 die
2117 2294 2328 2331 letztinstanzliche
2346 2296 2551 2332 Beurtheilung.

1448 2337 1501 2368 Die
1520 2336 1608 2371 Taxen
1628 2338 1688 2370 auch
1709 2336 1785 2370 dieser
1803 2340 1918 2374 zweytrn
1936 2337 2050 2374 Instanz
2069 2337 2124 2373 sind
2147 2339 2182 2368 im
2201 2339 2299 2375 Gesetze
2323 2339 2457 2373 bestimmt.
2496 2340 2552 2370 Ein

1449 2382 1558 2418 zweyte«
1576 2386 1636 2411 vom
1657 2381 1751 2419 großen
1770 2381 1845 2417 Rath
1864 2382 2039 2419 genehmigter
2057 2383 2141 2418 Gesetz
2161 2383 2245 2417 befaßt
2264 2382 2411 2421 Ordnung,
2432 2383 2486 2414 Eid
2499 2383 2553 2413 und

1449 2426 1569 2461 Wahlart
1588 2425 1631 2455 der
1651 2426 1781 2454 Amtleute
1799 2425 1853 2455 und
1871 2425 1972 2457 Diener
1991 2426 2035 2456 de«
2054 2427 2233 2464 Zivilgericht«
2255 2427 2298 2462 für
2318 2427 2362 2458 den
2382 2427 2475 2464 Bezirk
2493 2430 2552 2459 La¬

1449 2469 1492 2504 sel.
1530 2470 1586 2500 Die
1605 2469 1784 2507 Verhältnisse
1801 2469 1876 2504 dieser
1896 2471 2069 2508 gerichtlichen
2089 2472 2217 2501 Amtleute
2240 2472 2478 2508 (Rechttanwälde)
2498 2472 2553 2502 mö¬

1449 2521 1496 2549 gen
1516 2514 1561 2548 sich
1582 2514 1654 2550 wohl
1672 2521 1713 2543 am
1732 2513 1812 2547 besten
1831 2518 1882 2544 aus
1909 2515 1965 2544 dem
1984 2514 2039 2546 Eid
2068 2514 2192 2549 derselben
2216 2516 2351 2552 abnehmen
2377 2517 2463 2552 lassen.
2510 2518 2553 2549 Er

1450 2559 1529 2587 lautet
1546 2558 1614 2591 also:
1650 2576 1670 2593 „
1678 2558 1731 2589 Die
1750 2558 1881 2588 Amtleute
1899 2559 1992 2594 sollen,
2022 2560 2048 2594 so
2068 2559 2105 2594 oft
2125 2560 2232 2594 Gericht
2251 2561 2369 2598 gehalten
2389 2561 2475 2597 wird,
2505 2562 2553 2596 sich

1450 2600 1596 2639 genügende
1616 2603 1673 2638 Zeit
1690 2608 1736 2632 vor
1749 2602 1901 2640 Eröffnung
1921 2602 2040 2638 desselben
2058 2604 2094 2633 im
2108 2604 2288 2640 Gerichthaust
2311 2605 2453 2642 «infinden,
2474 2606 2555 2636 damit

1451 2647 1489 2676 die
1508 2647 1659 2683 Parteyen,
1687 2643 1728 2682 für
1747 2647 1835 2686 welche
1855 2648 1887 2682 sie
1906 2655 1949 2677 um
1968 2647 2008 2678 die
2021 2648 2167 2683 Erlaubniß
2188 2656 2217 2684 zu
2238 2648 2311 2678 reden
2328 2651 2449 2686 anhalten
2466 2649 2554 2686 solle»/

1451 2696 1479 2721 e«
1498 2692 1573 2727 ihnen
1593 2688 1700 2728 gehörig
1719 2691 1840 2728 anzeigen
1854 2689 1965 2728 können,
1984 2691 2037 2722 und
2050 2691 2131 2723 damit
2143 2693 2204 2727 auch
2217 2693 2292 2728 solche
2306 2694 2446 2730 Personen,
2466 2695 2555 2728 welch«

1451 2736 1494 2766 der
1512 2735 1650 2773 Ordnung
1668 2736 1711 2765 de«
1730 2736 1853 2771 Gerichts
1872 2735 2002 2773 unkundig
2023 2736 2097 2772 sind,
2124 2738 2157 2772 sie
2176 2735 2279 2767 darüber
2299 2738 2416 2777 befragen
2436 2738 2489 2770 und
2509 2740 2555 2770 nö-

1452 2780 1602 2817 thigenfall«
1636 2781 1669 2815 sie
1692 2781 1752 2815 noch
1781 2788 1822 2810 um
1848 2781 1919 2816 ihren
1937 2780 2072 2815 Beystand
2102 2789 2160 2819 zum
2181 2782 2300 2820 Vortrag
2321 2786 2432 2821 angehen
2451 2785 2554 2823 mögen.

1453 2825 1506 2858 Eie
1526 2825 1600 2859 sollen
1620 2825 1660 2855 die
1679 2824 1812 2864 Ordnung
1832 2824 1876 2854 de«
1896 2825 2020 2860 Gerichts
2039 2826 2145 2863 halten,
2175 2825 2229 2860 jede
2249 2827 2356 2863 Sache,
2387 2828 2461 2859 deren
2480 2829 2554 2860 Vor¬

1452 2872 1510 2906 trag
1530 2870 1569 2904 ihr
1589 2876 1640 2899 von
1660 2871 1728 2900 einer
1746 2871 1849 2905 Partey
1870 2870 2009 2907 übergeben
2029 2870 2119 2907 wird,
2151 2874 2289 2907 annehmen
2308 2871 2362 2902 und
2381 2872 2481 2908 dieselbe
2501 2877 2555 2910 ehr¬

1453 2914 1498 2944 bar
1516 2913 1568 2943 und
1588 2914 1724 2952 anständig
1752 2918 1816 2949 ohne
1838 2915 1986 2950 Umschweif
2011 2914 2064 2944 und
2095 2917 2158 2951 ohne
2188 2915 2318 2953 Gefährd«
2342 2920 2494 2955 vortragen;
2527 2920 2555 2949 in

1454 2960 1520 2989 einer
1542 2959 1631 2993 Sache
1651 2960 1717 2994 nicht
1735 2962 1804 2995 mehr
1822 2960 1864 2989 al«
1883 2960 2006 2996 zweymal
2026 2958 2111 2994 reden,
2133 2963 2161 2989 <S
2180 2959 2248 2990 iväre
2267 2960 2342 2996 denn,
2362 2961 2409 2997 daß
2429 2962 2472 2992 der
2484 2965 2555 2993 Ant¬

1454 3006 1544 3033 worter
1562 3003 1590 3033 in
1610 3004 1689 3038 seiner
1708 3003 1837 3036 Nachrede
1858 3006 1938 3033 etwa«
1957 3005 2047 3034 Neue«
2064 3003 2198 3042 vortrügt,
2217 3004 2265 3034 da«
2283 3005 2311 3035 in
2331 3005 2372 3036 der
2391 3007 2466 3038 ersten
2486 3009 2556 3039 Ant¬

1454 3052 1519 3079 wort
1538 3048 1606 3082 nicht
1628 3050 1698 3083 schon
1717 3048 1847 3084 enthalten
1867 3056 1922 3078 war
1931 3056 1939 3083 ;
1960 3048 1993 3083 sie
2010 3049 2086 3080 sollen
2104 3050 2166 3084 auch
2187 3048 2253 3079 keine
2265 3050 2388 3086 Partey,
2408 3051 2511 3084 welcher
2524 3054 2556 3086 sie

1454 3094 1568 3129 dienen,
1583 3099 1631 3123 vor
1650 3092 1826 3131 Beendigung
1846 3092 1892 3122 des
1911 3093 2096 3128 Rechtsstreit«
2114 3094 2253 3130 verlassen,
2271 3094 2326 3124 und
2343 3095 2412 3129 selbst
2430 3103 2504 3127 wenn
2524 3098 2557 3138 skr

1453 3145 1502 3168 von
1522 3137 1564 3167 der
1584 3138 1685 3174 Partey
1705 3138 1823 3171 entlassen
1843 3137 1962 3173 würden,
1988 3137 2096 3171 dennoch
2115 3138 2143 3168 in
2163 3138 2286 3172 derselben
2307 3140 2396 3172 Sache
2414 3140 2468 3170 dem
2482 3139 2557 3179 Geg¬

1455 3190 1497 3212 ner
1517 3182 1584 3216 nicht
1603 3181 1703 3211 dienen.
1752 3182 1815 3218 Bey
1842 3182 1891 3212 den
1920 3183 2093 3221 gerichtlichen
2112 3182 2165 3212 und
2185 3182 2355 3221 freywilligen
2375 3186 2483 3216 Ganten
2492 3188 2502 3221 ,
2533 3188 2558 3219 jo

1453 3227 1501 3258 wie
1520 3227 1566 3264 bey
1586 3226 1643 3258 den«
1662 3226 1770 3265 Einzug
1789 3227 1832 3259 der
1851 3227 2035 3266 Gantgelder,
2062 3228 2172 3265 insofern
2193 3227 2297 3264 derselbe
2315 3229 2390 3266 ihnen
2408 3227 2559 3268 übertragen
