3937 5551
392 109 572 161 Montag

296 178 368 220 18.
396 179 506 229 Juni
532 180 655 223 1934

391 248 514 290 Blatt
542 252 567 290 2

918 77 1354 290 Neue
1442 78 2094 335 Zürcher
2162 79 2846 352 Zeitung

3106 151 3468 199 Morgenausgabe

3185 231 3241 269 Jl?
3261 229 3383 271 1093

3749 151 3862 220 m

256 442 670 514 Freisinniger
706 448 1038 519 Parteitag
1078 449 1188 509 des
1228 449 1518 509 Kantons
1556 451 1766 520 Zürich

212 545 263 572 Hi.
291 545 352 573 Das
371 546 501 580 herrliche
520 548 880 584 SommcrsonntagSwetter
899 551 996 580 bildete

161 582 206 615 für
231 583 290 611 eine
310 585 436 619 stattliche
462 587 532 621 Zahl
557 592 611 616 von
639 589 820 623 Mitglieder»
847 592 893 618 der
919 591 995 627 Frei¬

162 621 283 657 sinnigen
300 625 395 658 Partei
413 625 505 655 keinen
521 628 630 660 Grund,
646 628 690 662 ihr
705 630 838 664 Interesse
854 631 899 665 für
916 632 996 664 unser

157 662 335 692 Staatslebc»
359 665 595 702 hintanzustellen;
619 669 685 696 über
709 673 759 696 .'00
781 670 873 698 Mann
896 671 995 705 fanden

163 701 207 733 sich
224 704 287 735 nach
303 723 316 729 -
335 704 391 734 Uhr
408 705 588 740 nack,miltags
605 706 644 734 im
662 710 749 736 «aale
764 709 810 736 des
827 709 922 741 Hotels
935 718 995 744 zum

160 743 247 775 Kreuz
269 741 299 770 in
323 743 343 777 II
356 743 373 777 st
386 751 398 771 e
409 752 423 771 r
446 745 499 773 ein.
530 747 591 774 Ten
623 747 709 781 ersten
733 749 812 782 Grus,
835 750 925 776 entbot
949 752 995 778 der

160 781 184 813 P
194 788 211 807 a
221 787 236 809 r
247 781 256 808 t
266 788 279 809 c
290 781 299 809 i
309 785 326 817 p
337 790 352 810 r
362 784 378 810 ü
389 783 399 819 s
409 783 418 811 i
430 785 446 811 d
456 792 469 812 e
479 792 497 813 n
508 785 537 817 t.
554 787 687 815 Redaktor
707 787 830 820 Theodor
851 790 876 817 G
888 797 904 816 u
915 790 924 816 t
942 793 995 818 ans

161 820 253 855 §täfa.
274 821 372 852 Damit
387 826 508 852 verband
529 834 558 853 er
580 826 707 862 herzliche
728 828 820 856 Worte
842 829 995 858 dankbaren

161 860 314 889 Gedenkens
334 871 370 890 an
402 865 451 892 den
472 866 585 901 kürzlich
612 867 800 901 verstorbenen
822 869 873 897 Tr.
894 870 995 898 Robert

163 900 271 934 «chmid
288 901 317 929 in
334 903 440 938 Zürich,
458 905 504 932 der
523 906 569 940 sich
585 908 631 934 als
649 908 723 935 einer
740 909 786 936 der
804 909 995 943 verdientesten

161 939 379 976 Parteigenossen
400 943 429 971 in
450 945 601 980 führenden
621 947 794 982 Stellungen,
813 951 858 976 als
877 950 996 978 Vorbild

164 983 206 1006 der
243 982 427 1021 Pflichttreue,
467 987 692 1021 unvergängliche
731 988 910 1016 Dankbarkeit
950 992 996 1018 der

162 1020 256 1051 Partei
272 1022 392 1055 gesichert
409 1026 463 1054 hat.
480 1025 533 1053 Tic
549 1027 763 1063 Versammlung
775 1029 911 1063 bestätigte
927 1030 995 1064 diese

161 1061 274 1096 Ehrung
296 1063 374 1097 durch
398 1064 521 1099 Erheben
543 1071 597 1094 von
621 1068 670 1095 den
694 1068 793 1101 Sitzen.
814 1069 885 1104 Auch
907 1069 995 1099 einem

160 1100 295 1129 Lebenden
333 1105 427 1132 wurde
465 1106 693 1139 ivohlverdicntcr
723 1108 801 1136 Tank
828 1109 994 1143 abgestattet:

161 1139 282 1174 unserem
309 1144 476 1179 ehemaligen
502 1147 679 1181 Präsidenten
706 1148 756 1176 Tr.
780 1148 924 1184 Weisflog,
950 1152 995 1178 der

163 1182 239 1215 durch
258 1182 300 1209 die
325 1184 539 1219 ausgezeichnete
564 1187 828 1223 Präsidialführung
852 1190 898 1217 des
922 1191 995 1219 Kan-

162 1221 302 1249 tonsratcs
325 1222 364 1251 im
388 1224 585 1261 abgelaufcnen
609 1228 769 1262 Amtdjahrc
794 1229 894 1263 grosien
918 1230 996 1259 Tank

162 1260 282 1289 verdient
303 1262 358 1297 hat.

215 1309 298 1339 Dann
324 1312 419 1347 fesselte
436 1314 580 1349 Präsident
597 1317 622 1345 G
632 1324 651 1345 u
661 1317 671 1344 t
696 1317 737 1345 die
760 1317 996 1354 Aufmcrksanikcit

165 1350 209 1376 der
226 1349 350 1384 Zuhörer
368 1352 417 1381 mit
437 1354 513 1383 einer
530 1356 712 1391 Beleuchtung
729 1358 774 1385 der

164 1418 340 1462 Stellung
363 1422 427 1456 der
443 1423 699 1468 Freisinnigen
716 1426 850 1468 Partei
868 1436 911 1469 zu
927 1428 995 1462 den

333 1471 542 1514 politischen
566 1472 833 1517 Tagcsfragen.

216 1533 371 1566 Einleitend
416 1538 555 1568 erinnerte
599 1548 628 1568 er
672 1549 708 1569 an
753 1541 802 1569 den
845 1541 998 1576 Zeitpunkt,

165 1568 208 1596 ieit
231 1571 289 1599 dem
310 1580 367 1600 nun
387 1574 455 1602 etwa
476 1575 521 1603 rin
541 1576 616 1609 Jahr
636 1577 777 1611 verflossen
799 1577 837 1612 ist,
858 1578 916 1611 jene
936 1579 996 1613 Zeit

164 1605 208 1630 der
226 1603 394 1641 stürmischen
411 1608 583 1645 Aufmärsche
599 1616 652 1639 von
670 1612 789 1645 Fronten
807 1614 862 1639 und
878 1613 995 1641 Bünde»

165 1640 218 1665 und
251 1641 298 1668 der
331 1641 458 1676 schweren
482 1645 610 1680 Angriffe
641 1646 689 1679 ans
713 1647 762 1673 den
786 1646 997 1676 Liberalismus,

166 1673 275 1707 «eithcr
302 1675 334 1704 ist
360 1677 404 1704 ein
431 1679 507 1712 Jahr
534 1682 579 1706 der
606 1680 734 1713 Klärung
759 1681 926 1715 verstrichen,
953 1682 996 1710 ein

161 1707 236 1739 Zahr
258 1710 375 1745 zugleich
396 1713 443 1740 der
463 1713 623 1749 Abnützung
643 1716 689 1749 für
710 1716 905 1750 Schlagworte.
935 1718 996 1744 Und

163 1744 238 1770 dabei
257 1745 359 1773 können
375 1746 428 1774 mir
446 1747 591 1782 feststcllcn,
608 1743 660 1782 das,
676 1749 718 1777 die
735 1750 892 1784 freisinnige
909 1751 995 1784 Front

161 1784 196 1803 an
231 1778 318 1807 keiner
350 1781 437 1809 Stelle
470 1783 660 1818 durchbrochen
694 1785 801 1812 werden
834 1785 937 1817 konnte,
969 1786 996 1820 so

162 1811 276 1847 wuchtig
296 1815 351 1842 und
371 1815 550 1852 rücksichtslos
572 1817 614 1845 die
634 1818 761 1853 Angriffe
780 1819 843 1852 auch
863 1824 917 1848 von
938 1824 996 1849 ver¬

162 1845 311 1879 schiedenen
335 1849 432 1878 Seiten
456 1851 564 1886 geführt
587 1854 698 1881 worden
723 1853 787 1888 sind.
830 1853 926 1887 Gewiss
952 1855 997 1887 hat

162 1880 256 1915 iinserc
276 1883 371 1921 Partei
390 1885 515 1918 Verluste
534 1886 654 1919 erlitten;
674 1888 740 1916 aber
759 1887 803 1921 ihr
822 1888 996 1923 Kampswillc

164 1915 193 1944 ist
212 1915 453 1954 unerschütterlich.
472 1915 524 1949 Die
542 1921 663 1955 Fronten
682 1924 748 1951 aber
765 1923 860 1956 haben,
880 1925 929 1951 das
950 1924 996 1958 soll

163 1953 310 1984 zugegeben
339 1956 455 1985 iverde»,
484 1956 638 1990 veranlaßt,
665 1957 717 1989 daß
746 1965 809 1985 man
839 1958 868 1985 in
896 1958 996 1994 unser»

163 1984 266 2018 Reihen
292 1989 395 2020 gelernt
421 1990 476 2022 hat,
500 1991 552 2024 daß
577 1998 642 2019 man
666 1992 712 2018 des
737 1991 847 2027 Wesens
871 1993 926 2021 und
951 1996 997 2021 der

164 2018 237 2050 Ziele
249 2020 295 2047 des
307 2021 509 2051 Liberalismus
522 2025 601 2058 besser
612 2025 718 2060 bewußt
730 2027 870 2060 geworden
883 2026 922 2059 ist.
942 2029 997 2055 und

163 2053 306 2087 besonders
328 2058 390 2092 auch
413 2058 460 2085 der
481 2058 623 2093 Pflichten,
645 2060 686 2088 die
707 2066 760 2088 aus
784 2061 841 2088 dem
864 2065 917 2089 von
941 2061 997 2092 ihm

163 2087 334 2123 verliehenen
356 2093 466 2126 Rechten
489 2094 680 2128 hervorgehen.
699 2095 790 2126 Heute,
813 2095 935 2135 nachdem
956 2096 998 2123 die

163 2121 281 2152 Kritiker
299 2125 359 2158 doch
378 2126 478 2154 bereits
498 2127 541 2155 ein
560 2128 636 2162 Jahr
654 2129 710 2157 und
729 2131 804 2164 mehr
824 2130 883 2163 Zeit
903 2130 997 2163 gehabt

163 2156 259 2190 haben,
276 2159 439 2195 wenigstens
457 2162 543 2190 etwas
560 2168 613 2190 von
634 2163 710 2198 ihren
730 2164 873 2198 großen
893 2165 926 2193 W
938 2173 953 2193 o
964 2173 977 2192 r
989 2179 997 2186 -

163 2195 223 2219 ten
245 2193 325 2228 wahr
345 2202 378 2230 zu
399 2196 515 2237 machen,
536 2197 634 2226 wollen
656 2198 709 2226 wir
731 2199 794 2232 auch
815 2198 919 2227 einmal
942 2200 998 2235 fest»

164 2225 262 2257 stellen,
288 2229 340 2263 daß
367 2229 409 2258 die
435 2232 530 2260 Worte
556 2233 728 2266 vorderhand
755 2233 848 2262 Worte
874 2234 929 2261 und
956 2234 997 2262 die

163 2260 398 2298 Versprechungen
424 2265 527 2299 Papier
552 2267 688 2300 geblieben
714 2267 779 2301 sind,
803 2268 932 2301 während
957 2268 999 2296 die

163 2297 362 2326 verleumdeten
385 2299 525 2333 Parteien,
546 2301 588 2329 die
609 2302 787 2335 Parlamente
809 2304 863 2329 und
885 2302 927 2331 die
947 2304 999 2331 Be¬

165 2331 265 2358 hörden
298 2333 466 2369 unterdessen
500 2335 646 2369 gearbeitet
670 2336 726 2364 und
751 2337 801 2363 das
825 2336 912 2370 Schiss
937 2338 999 2371 trotz

164 2363 265 2393 Sturm
284 2365 313 2394 in
330 2367 417 2395 einem
436 2369 584 2403 fahrbaren
600 2370 676 2398 Kurs
693 2371 816 2404 gehalten
834 2371 929 2411 haben.
946 2372 999 2407 Zu¬

164 2399 218 2431 letzt
241 2399 314 2428 wird
338 2405 368 2429 es
392 2402 541 2436 immerhin
564 2405 613 2439 auf
637 2404 705 2439 diese
728 2405 752 2433 A
762 2412 778 2433 r
787 2405 804 2432 b
813 2412 827 2433 r
837 2413 845 2432 i
857 2405 868 2433 t
890 2406 999 2435 ankoin-

164 2440 233 2461 ineii.
256 2435 294 2462 Es
316 2436 388 2464 wird
410 2438 487 2467 heute
510 2446 542 2472 zu
564 2438 618 2466 viel
642 2438 776 2471 kritisiert,
799 2440 844 2467 als
868 2439 920 2471 daß
943 2440 998 2475 jede

164 2467 251 2496 Kritik
275 2470 401 2500 tvcrtvoll
425 2471 480 2507 sein
506 2473 610 2505 könnte;
636 2477 664 2502 cs
689 2473 720 2508 ist
744 2481 776 2508 zu
801 2473 855 2501 viel
880 2482 931 2502 neu
958 2483 998 2509 ge¬

165 2503 279 2533 gründet
300 2505 420 2538 tvorden,
442 2508 487 2534 als
509 2507 561 2541 daß
583 2512 612 2535 es
634 2508 704 2541 ernst
726 2515 759 2541 zu
782 2510 894 2542 nehmen
916 2510 999 2538 wäre.

164 2536 218 2569 Aus
237 2537 279 2565 die
298 2540 386 2573 Länge
404 2540 476 2569 wird
494 2545 523 2569 es
542 2543 600 2570 dem
620 2542 687 2571 Volk
706 2543 773 2577 nicht
792 2544 929 2578 entgehen,
947 2548 999 2572 wo

164 2570 296 2612 wirkliche
319 2574 414 2604 Arbeit
440 2576 556 2610 geleistet
580 2576 659 2605 wird.
702 2577 739 2605 Es
765 2577 835 2605 wird
860 2578 998 2609 erkenne»,

166 2605 217 2636 daß
252 2606 293 2635 die
327 2613 380 2636 ans
406 2611 452 2637 der
477 2611 593 2645 Notlage
628 2614 729 2643 heraus
754 2611 907 2643 crtlärliche
932 2614 999 2641 Ver-

165 2641 311 2678 ärgernng,
335 2643 376 2670 die
400 2646 508 2680 manche
530 2645 698 2680 veranlaßte,
723 2648 771 2673 den
795 2645 925 2680 Parteien
950 2648 998 2675 den

167 2675 265 2703 Rückeil
293 2683 325 2710 zu
352 2678 455 2711 kehren,
491 2679 581 2708 keinen
608 2680 814 2714 Silberstreisen
850 2688 896 2708 am
922 2680 999 2709 wirt¬

168 2708 328 2747 schaftlichen
355 2712 476 2747 Himmel
503 2714 733 2751 heranszusührcn
760 2714 915 2755 vermochte,
942 2716 999 2750 son¬

166 2743 231 2772 dern
258 2746 311 2780 daß
337 2753 391 2775 nur
418 2747 568 2784 geduldige,
594 2751 667 2777 treue
694 2749 789 2777 Arbeit
815 2748 999 2786 weiterhelsen

165 2778 244 2807 tan».

216 2812 285 2848 Roch
303 2814 364 2850 sind
385 2816 438 2846 wir
459 2818 611 2853 allerdings
633 2818 701 2853 nicht
723 2819 749 2853 so
770 2817 842 2847 weit.
861 2819 999 2851 Während

163 2846 211 2874 der
232 2848 403 2883 Bluldcsrat,
425 2852 453 2880 in
475 2853 565 2886 Sorge
587 2860 633 2881 um
655 2853 748 2886 unsere
771 2854 851 2887 guten
873 2854 1000 2885 nachbar¬

165 2880 249 2916 lichen
277 2884 477 2921 Beziehungen.
503 2887 553 2915 mit
580 2887 670 2921 gutem
697 2887 774 2920 Recht
801 2889 856 2915 und
883 2887 1000 2922 einigem

163 2915 312 2948 Rachdruck
339 2920 387 2954 aus
415 2915 474 2954 jene
503 2922 626 2955 Grenzen
656 2922 701 2949 der
729 2921 912 2961 Preßfreiheit
940 2922 1000 2956 hin-

163 2949 249 2985 iveist.
276 2958 318 2981 ivv
346 2954 387 2982 die
414 2955 535 2990 Freiheit
563 2955 591 2983 in
619 2956 754 2991 Frechheit
782 2956 917 2987 übergeht,
945 2958 1000 2985 und

164 2982 297 3020 nstihrcnd
335 2988 418 3022 dieser
446 2989 606 3018 BnndcSrat
643 2997 695 3018 von
732 2990 820 3018 einem
850 2992 999 3025 führenden

161 3019 282 3053 Zürcher
304 3022 702 3057 Sozialdemokraten
725 3024 838 3055 deshalb
860 3032 908 3058 zur
930 3026 1001 3054 Rede

165 3053 267 3086 gestellt
282 3058 338 3084 lind
355 3059 449 3092 gerügt
465 3058 545 3090 wird,
561 3066 642 3093 gegen
658 3058 788 3093 dieselben
805 3059 935 3093 Genossen
952 3059 1000 3092 hin

165 3088 223 3116 und
241 3090 324 3123 heben
344 3093 394 3119 das
414 3093 491 3127 blecht
511 3094 556 3121 der
575 3094 600 3121 B
612 3101 624 3121 e
634 3101 648 3121 r
659 3094 668 3125 s
679 3101 694 3121 a
706 3101 732 3122 in
744 3096 770 3121 in
782 3094 1000 3128 lungdfrei-

164 3122 247 3153 heit
269 3126 434 3161 kurzerhand
455 3128 514 3160 aus!
554 3127 632 3161 Diese
653 3127 876 3163 Gleichzeitigkeit
899 3127 930 3161 ist

165 3157 280 3191 geheuer
303 3161 508 3195 kennzeichnend
531 3162 576 3196 für
600 3162 641 3190 die
663 3162 739 3195 Tiefe
762 3163 808 3190 des
831 3162 941 3195 Tobels,
964 3171 1000 3192 an

167 3191 253 3227 dessen
281 3195 361 3222 Rand
389 3196 430 3224 die
457 3196 610 3231 Marxisten
638 3197 822 3235 marschiere».
866 3198 927 3226 Nur
955 3199 1001 3226 der

166 3227 325 3262 Grundsatz:
352 3230 447 3264 „Recht
474 3230 514 3265 ist.
539 3234 599 3259 >vas
625 3231 671 3259 der
696 3225 791 3266 Partei
818 3231 917 3263 dient',
943 3233 1001 3266 läßt

166 3260 209 3288 die
247 3264 467 3304 rechtsnnglciche
495 3265 678 3300 Behandlung
715 3265 907 3300 verschiedener
934 3268 1001 3295 Ver¬

167 3295 357 3332 sammlungen
378 3307 405 3326 in
424 3299 521 3334 Zürich
539 3300 670 3333 erklären,
689 3308 742 3328 nur
760 3299 792 3335 sie
811 3300 852 3328 die
871 3300 900 3328 in
918 3301 1002 3335 dieser

166 3330 267 3365 krassen
293 3333 425 3368 Nacktheit
460 3335 523 3375 noch
558 3336 634 3363 kaum
669 3335 692 3367 je
718 3334 884 3369 dagewescnc
910 3337 1002 3364 Knnd-

166 3363 273 3398 gebnna
295 3367 369 3395 einer
392 3367 592 3402 sozialistische»
614 3368 926 3405 Parteiversaminliing,
947 3375 1002 3398 wo-

168 3400 232 3434 nach
260 3401 302 3429 die
329 3402 423 3436 Partei
453 3403 618 3439 maßgebend
646 3403 689 3437 sei.
718 3402 787 3437 nicht
813 3402 1002 3440 Pslichtcnhest

166 3434 224 3461 und
242 3435 436 3470 Amtsgclübde
454 3438 500 3465 der
518 3437 694 3467 Mandatare.
730 3438 791 3466 DaS
810 3438 882 3472 sollte
901 3439 1002 3468 Blinde

168 3468 262 3500 sehend
287 3471 404 3499 niachcn!
445 3472 506 3500 Das
531 3471 562 3505 ist
587 3472 654 3507 nicht
679 3473 754 3503 mehr
778 3472 821 3501 ein
845 3473 1003 3507 Shniptoin,

168 3503 284 3532 sondern
304 3505 333 3538 ist
351 3505 397 3534 der
415 3505 524 3535 Beweis
542 3507 631 3540 dafür,
649 3507 701 3540 daß
718 3506 777 3535 eine
796 3507 873 3540 solcl>e
892 3508 1002 3542 Sozial¬

167 3537 331 3568 demokratie
349 3541 394 3568 als
413 3540 507 3575 Partei
529 3540 677 3576 uinvürdig
696 3543 751 3569 und
770 3541 886 3576 unfähig
905 3541 934 3575 ist
955 3550 1003 3577 zur

167 3572 327 3610 Regierung
350 3576 404 3603 und
427 3576 663 3610 Verantwortung
687 3576 731 3610 sür
755 3577 804 3604 das
827 3577 1003 3611 Voltsganze,

167 3606 220 3634 >vic
246 3607 301 3636 wir
327 3615 356 3636 es
382 3610 526 3644 verstehen:
553 3609 663 3638 Beiveis
689 3612 752 3643 auch
779 3610 869 3643 dasür,
895 3612 946 3643 daß
974 3604 1002 3640 In

169 3648 219 3673 gar
236 3642 324 3671 keiner
340 3643 425 3676 Weise
441 3643 492 3672 mit
511 3644 553 3676 ihr
572 3644 683 3678 paktiert
701 3645 807 3673 iverden
825 3648 901 3673 tau».
920 3638 1002 3675 lieber

167 3675 254 3709 dieses
264 3676 348 3706 Tobel
367 3678 441 3712 führt
458 3677 529 3707 keine
539 3679 645 3708 Brücke.
662 3679 722 3708 Wie
733 3679 783 3708 Tr.
795 3679 1004 3715 Wiesendanger

168 3709 250 3744 sagte,
268 3712 319 3744 daß
338 3712 382 3745 sür
401 3711 447 3743 ihn
467 3714 521 3741 und
540 3713 646 3742 Walter
664 3712 732 3746 nicht
751 3712 913 3748 gleichzeitig
931 3716 1004 3755 Platz

170 3740 204 3775 sei
225 3744 254 3774 in
274 3747 320 3774 der
338 3747 442 3781 Partei,
462 3747 488 3781 so
506 3748 584 3782 sagen
604 3748 667 3775 mir:
688 3756 716 3776 es
736 3747 765 3782 ist
787 3747 824 3777 im
844 3749 1003 3782 Schweizer-

171 3780 237 3807 land
274 3780 342 3811 nicht
379 3781 541 3816 gleichzeitig
568 3783 641 3819 Platz
670 3782 714 3815 für
742 3782 800 3811 eine
828 3782 1004 3817 marxistische

167 3813 281 3846 Politik,
303 3815 355 3843 ivie
379 3816 411 3857 sie
436 3816 463 3844 in
488 3815 586 3857 Zürich
608 3817 732 3849 offenbar
755 3817 857 3849 wurde,
879 3820 934 3846 »nd
959 3819 1002 3850 für

168 3847 228 3876 eine
251 3848 460 3885 vaterländische
481 3850 669 3884 Bolkspolitik.
702 3851 763 3880 Das
785 3851 843 3880 eine
867 3853 929 3881 oder
953 3854 1003 3881 das

169 3882 279 3915 andere,
305 3891 333 3912 es
361 3885 460 3919 drängt
486 3892 535 3919 zur
563 3885 763 3920 Entscheidung,
791 3888 845 3914 und
873 3886 906 3920 sie
932 3886 1003 3916 wird

169 3916 290 3946 koinmen
316 3919 425 3952 müssen.

224 3951 276 3995 Im
303 3952 435 3987 Interesse
463 3953 509 3981 des
538 3953 675 3988 Ansehens
705 3953 816 3989 unserer
844 3955 1005 3989 Hauptstadt

172 3985 234 4020 darf
258 3993 322 4014 man
347 3987 491 4021 begrüßen,
515 3988 567 4021 daß
593 3989 643 4015 daS
667 3988 768 4016 Verbot
791 3987 891 4016 wieder
915 3989 1002 4023 ansge-

171 4019 258 4049 hvbcn
283 4021 393 4048 tvorden
419 4021 458 4054 ist.
490 4022 534 4049 An
560 4023 608 4049 den
634 4022 855 4062 grnndsäsilichen
881 4023 1002 4055 Betrach¬

173 4055 275 4087 tungen
298 4054 394 4083 ändert
417 4055 483 4089 diese
504 4055 628 4090 Tatsache
649 4056 714 4084 aber
737 4056 829 4087 nichts.
862 4056 915 4084 Ein
938 4057 1002 4086 Ber-

172 4086 439 4123 sannnlnngSverbot
467 4090 542 4118 tväre
571 4089 639 4122 nicht
672 4089 827 4125 nottvendlg
855 4091 1006 4125 geworden,

173 4125 253 4150 ivenn
277 4123 323 4149 der
344 4122 493 4155 städtischen
515 4122 619 4158 Polizei
644 4123 711 4154 nickft
733 4123 804 4158 schon
828 4125 905 4158 lauge
927 4126 1005 4158 durch

174 4154 233 4185 ihre
262 4156 386 4188 Behörde
415 4157 472 4185 eine*
503 4157 582 4187 Hand
611 4158 748 4190 gebunden
779 4158 893 4192 gewesen
923 4160 1004 4187 wäre,

174 4189 213 4216 ES
237 4189 266 4224 ist
292 4191 359 4221 nicht
383 4191 418 4223 so,
444 4191 496 4223 daß
520 4191 561 4219 die
583 4191 731 4220 Nationale
754 4191 843 4226 Front
866 4192 916 4219 da»
939 4193 1004 4221 Ber-

173 4222 440 4259 snnnnllingsvcrbvt
461 4224 618 4260 nvttvendig
638 4226 751 4264 genlackit
772 4226 852 4259 hätte.
883 4225 940 4254 Der
960 4226 1004 4254 tie¬

175 4262 229 4285 fere
260 4258 358 4286 Grund
389 4258 453 4291 liegt
486 4258 513 4286 in
546 4260 591 4286 der
623 4253 669 4292 seit
699 4258 806 4294 Jahren
837 4258 1006 4289 betriebenen

173 4284 182 4323 s
194 4298 209 4318 v
220 4297 234 4325 z
245 4291 252 4320 I
264 4299 280 4320 a
291 4292 301 4319 I
312 4290 321 4320 i
334 4285 353 4325 st
364 4291 372 4320 >
384 4292 394 4327 s
404 4293 428 4325 ch
439 4299 451 4320 c
462 4299 480 4320 n
515 4293 536 4320 E
547 4298 563 4320 v
574 4300 586 4320 e
597 4299 614 4319 n
626 4294 633 4320 t
647 4300 664 4320 »
674 4300 689 4319 a
702 4294 709 4320 I
723 4299 738 4325 p
750 4300 765 4320 v
776 4294 784 4320 l
797 4293 804 4320 i
817 4293 824 4320 t
838 4293 845 4320 i
859 4294 887 4320 f:
924 4294 1007 4323 Heute

175 4318 221 4358 für
250 4326 291 4353 die
315 4326 495 4357 Demokratie,
520 4334 630 4360 morgen
656 4334 735 4360 gegen
761 4326 802 4354 dir
828 4326 1007 4358 Demokratie.

175 4358 245 4389 „Die
261 4360 445 4401 demolratisch
462 4362 517 4388 und
535 4360 692 4394 freiheitlicki
710 4361 846 4394 gesinnten
864 4362 959 4396 Krästc
979 4363 1006 4390 in

174 4391 299 4428 niisrrei»
318 4395 391 4422 Land
409 4394 464 4428 sind
481 4394 581 4429 derzeit
599 4394 660 4430 noch
679 4394 704 4428 so
725 4395 799 4429 stark,
816 4394 867 4426 daß
884 4394 938 4424 mir
956 4396 1008 4424 mit

175 4426 256 4457 ihnen
273 4429 319 4455 des
336 4427 607 4464 FrontenfascismnS
622 4426 772 4464 unbedingt
787 4429 857 4459 Herr
874 4430 1006 4458 iverden.'

176 4460 219 4488 Sv
239 4461 335 4496 schrieb
354 4462 437 4496 dieser
457 4462 531 4496 Tage
551 4463 600 4490 da»
623 4463 806 4494 „Boltsrecht'
828 4464 882 4490 und
902 4465 1008 4493 warnte

175 4494 218 4522 die
246 4495 378 4529 Genossen
405 4501 456 4523 vor
483 4495 773 4530 Ilnbedachtsamkriten
802 4497 858 4524 »nd
890 4497 1008 4526 Rrvoln-

175 4528 402 4564 tionSmethvden.
430 4531 531 4562 Welche
550 4530 683 4563 Wirkung
701 4530 758 4557 tvill
780 4537 845 4558 inail
863 4530 938 4559 einer
958 4532 1007 4566 svt-

175 4564 235 4592 ckieu
254 4563 402 4598 Warining
419 4563 565 4598 zubilligen
585 4570 621 4591 an
643 4564 729 4593 Leute,
749 4563 790 4591 die
812 4571 875 4591 man
895 4565 943 4598 auf
963 4564 1007 4594 ein

174 4596 344 4630 Programm
365 4598 410 4625 des
429 4596 656 4633 Klassenkampses
676 4598 730 4625 und
750 4598 795 4625 der
814 4597 943 4627 Diktatur
963 4599 1007 4633 sich

174 4630 350 4665 verpflichten
377 4631 434 4663 läßt
462 4631 516 4659 und
543 4631 767 4666 jahrzehntelang
792 4631 839 4666 ans
866 4631 926 4666 Haß
952 4634 1008 4661 und

175 4664 284 4692 Geivalt
303 4664 456 4698 eingedrillt
478 4665 541 4695 hat?

228 4699 300 4727 Man
321 4698 386 4732 muß
405 4704 455 4726 vor
475 4700 556 4727 allein
577 4698 671 4741 unsere
689 4699 843 4741 Jugend
864 4699 1009 4733 verstehen,

174 4735 255 4760 wen»
287 4732 319 4767 sic
346 4735 399 4760 ans
426 4732 521 4766 diesem
551 4733 668 4761 latenten
697 4733 879 4767 Bürgerkrieg
908 4735 1008 4765 heraus

175 4765 244 4797 tvill,
267 4771 346 4794 ivenn
370 4766 414 4799 ihr
436 4766 503 4796 diese
527 4765 758 4800 Unfruchtbarkeit
782 4767 837 4794 uiid
863 4767 1009 4803 Zerrissen¬

177 4798 231 4831 heit
254 4800 314 4828 Ekel
338 4800 434 4834 erregt.
467 4801 525 4829 Und
548 4802 600 4828 alle
624 4800 689 4835 muß
714 4807 777 4829 man
800 4800 944 4835 verstehen,
968 4802 1009 4830 die

177 4834 224 4862 der
253 4833 392 4869 Meinung
423 4834 487 4868 sind,
517 4841 581 4862 man
611 4834 666 4869 sehe
698 4834 757 4862 dem
786 4834 903 4863 Treiben
935 4835 1009 4868 jenes

180 4866 418 4903 ..Kampfbundes'
449 4875 481 4902 z»
512 4869 591 4902 lange
619 4875 661 4900 zu,
691 4869 745 4896 uiid
777 4876 840 4896 man
872 4869 936 4898 habe
968 4870 1010 4898 die

177 4901 312 4934 Langmut
338 4903 487 4936 gegenüber
511 4902 570 4930 de»i
594 4901 756 4936 „Kämpfer'
781 4904 836 4930 und
859 4902 905 4930 der
929 4904 1009 4932 Kvm-

177 4935 362 4969 mnnistischen
385 4935 478 4969 Partei
501 4942 534 4969 zu
551 4935 614 4963 tveit
634 4935 776 4968 getrieben.
805 4936 855 4965 Wo
875 4937 923 4965 daS
942 4937 1009 4966 Ver¬

177 4969 285 5004 brechen
305 4969 332 4997 in
351 4970 399 4997 den
416 4969 540 5002 Straßen
557 4970 606 4996 den
623 4969 693 5003 Kops
712 4970 893 5002 unverschämt
911 4972 1010 5002 erliebt,

179 5002 231 5031 wie
254 5005 283 5031 es
308 5002 336 5031 in
360 5003 456 5038 Zürich
482 5003 528 5031 der
553 5002 614 5035 Fall
639 5007 708 5035 war,
733 5004 765 5030 da
792 5003 872 5038 lassen
897 5004 1010 5033 Staats-

180 5036 272 5071 raisvn
296 5038 352 5064 »nd
379 5036 584 5070 Selbstachtinig
609 5043 662 5064 nur
686 5037 747 5069 »och
772 5036 820 5065 den
845 5036 921 5066 einen
945 5039 1011 5073 Weg

179 5077 222 5101 zu:
242 5071 292 5098 daS
313 5070 470 5104 Eingreifen
490 5070 541 5098 mit
560 5070 610 5098 den
632 5065 781 5103 staatlichen
802 5071 1010 5103 Machtmitteln.

179 5104 229 5137 Ich
252 5105 351 5137 möchte
375 5105 473 5132 darum
498 5103 557 5134 hier
580 5103 622 5131 die
646 5104 756 5138 positive
780 5104 1012 5139 Forderung

179 5137 304 5171 erheben:
323 5138 381 5166 Ter
400 5137 422 5166 K
432 5145 447 5165 a
459 5145 486 5165 m
498 5141 514 5170 p
525 5137 534 5168 f
544 5137 560 5165 b
571 5144 588 5164 n
600 5144 616 5165 n
628 5137 644 5171 d
665 5144 751 5171 gege
761 5145 779 5165 n
800 5140 822 5166 K
834 5145 848 5165 r
859 5137 867 5166 i
879 5146 891 5166 e
901 5146 917 5172 g
938 5147 955 5167 n
967 5147 984 5168 n
996 5141 1011 5167 d

180 5171 229 5204 Fa
241 5171 292 5205 sei
304 5173 409 5200 SmnS
432 5170 472 5204 ist.
491 5172 535 5199 alS
555 5170 614 5199 eine
634 5165 734 5204 schlecht
754 5172 875 5206 getarnte
894 5172 1011 5202 Terror-

180 5210 294 5240 gruppe,
313 5209 366 5234 von
385 5205 432 5233 der
450 5205 611 5233 kantonalen
632 5204 788 5239 Regierung
806 5213 838 5239 zu
858 5209 874 5233 v
884 5213 897 5234 e
908 5214 921 5235 r
931 5207 948 5235 b
959 5207 967 5235 i
979 5214 1011 5235 e»

181 5240 189 5266 t
202 5246 251 5267 e».
285 5239 342 5267 Mit
366 5239 551 5273 Genugtuung
576 5238 688 5269 nehme»
712 5238 765 5266 mir
790 5239 936 5272 Kenntnis,
959 5241 1011 5273 daß

180 5272 228 5301 ans
251 5273 350 5300 Grund
374 5272 483 5302 unserer
506 5270 730 5300 Dolksinitlative
753 5280 814 5306 zum
838 5273 941 5307 Schutze
965 5276 1011 5303 der

182 5306 352 5341 össentlichcn
385 5306 523 5340 Ordnung
552 5306 688 5341 nächstens
716 5305 760 5335 ein
791 5306 1011 5344 rcgicrnngsrüt-

1039 552 1117 586 licher
1144 552 1288 587 Vorschlag
1316 553 1538 593 heranSkommcn
1568 554 1623 587 soll.
1661 554 1743 588 Leicht
1772 555 1867 581 könnte

1037 593 1065 612 cs
1082 586 1147 613 aber
1165 587 1277 621 möglich
1294 586 1359 621 fei»,
1376 587 1429 620 daß
1446 588 1496 614 das
1514 587 1738 626 Friedenstcmpo
1756 588 1867 627 unserer

1037 620 1226 655 Gesetzgebung
1249 623 1327 652 durch
1351 624 1399 648 de»
1422 623 1524 655 Ablauf
1548 624 1595 648 der
1618 622 1765 655 Ereignisse
1789 622 1867 648 über¬

1038 655 1093 685 holt
1123 655 1178 681 Uiid
1204 654 1349 688 Plötzliches
1373 655 1498 684 Handeln
1524 655 1602 687 »ölig
1625 656 1705 683 wird.
1738 655 1790 683 Die
1817 656 1867 684 Ge¬

1037 687 1137 725 schichte
1154 688 1268 722 beweist,
1285 689 1337 721 daß
1355 691 1383 716 es
1400 689 1430 716 in
1449 688 1549 722 solchen
1566 688 1658 722 Zeiten
1677 689 1724 723 aus
1742 689 1784 716 die
1809 692 1867 717 /»t-

1036 721 1193 756 fchlnßkrast
1211 724 1257 749 der
1275 722 1479 756 Persönlichkeit
1496 723 1642 751 nnkommt.
1659 722 1769 751 Darum
1786 722 1867 750 rnse»

1036 755 1091 782 ivir
1107 755 1229 789 unserem
1247 756 1592 790 Regierungspräsidenten
1609 764 1652 791 zu:
1671 756 1796 790 Handeln
1817 755 1868 784 Sie

1037 788 1099 820 nach
1124 789 1200 823 Recht
1224 790 1280 816 und
1305 790 1502 829 Gerechtigkeit,
1526 791 1582 817 und
1608 791 1659 819 Sie
1683 791 1790 817 iverden
1817 790 1867 817 das

1036 824 1103 851 Voll
1124 822 1174 850 mit
1195 823 1387 857 Begeisterung
1407 824 1498 854 hinter
1520 823 1565 862 sich
1586 823 1683 855 haben!

1088 857 1139 885 Wo
1179 857 1241 890 steht
1279 857 1321 889 die
1356 857 1616 890 Freisinnige
1653 857 1792 891 Partei
1830 857 1868 885 im

1037 890 1154 923 Kamps?
1194 890 1276 924 Wohl
1307 891 1391 924 stehen
1422 891 1475 918 wir
1505 891 1629 925 zwischen
1660 892 1783 924 Fronten
1813 893 1868 919 und

1036 924 1199 958 Marxisten,
1215 925 1281 952 aber
1300 924 1368 958 nicht
1387 925 1434 958 ans
1453 924 1543 953 einem
1560 923 1639 959 durch
1658 925 1725 960 diese
1745 925 1868 958 Extreme

1036 957 1202 992 bestimmten
1226 959 1369 986 neutralen
1393 958 1664 992 Halbiernngspiuilt
1687 960 1733 987 der
1757 959 1869 989 Strecke,

1035 992 1149 1024 sondern
1166 992 1215 1025 auf
1230 993 1288 1019 dem
1302 997 1355 1019 von
1372 995 1426 1019 uns
1442 992 1526 1025 selber
1543 993 1703 1027 geioählteu.
1718 995 1773 1020 uns
1789 993 1869 1026 durch

1036 1025 1116 1059 unser
1140 1025 1310 1054 Bekenntnis
1335 1027 1392 1053 und
1417 1025 1568 1060 politisches
1595 1026 1868 1061 Aufbauprogrann»

1034 1058 1236 1094 angewiesenen
1265 1060 1346 1093 Platz.
1384 1059 1441 1088 Der
1468 1059 1714 1088 Nationale»
1745 1061 1868 1095 Front

1037 1095 1121 1123 haben
1155 1093 1210 1120 tvir
1243 1093 1285 1120 die
1318 1093 1559 1121 Vaterlandsliebe
1591 1093 1636 1121 »ir
1669 1094 1869 1128 abgefprochrn,

1036 1127 1220 1161 ebensowenig
1248 1127 1326 1158 ihren
1353 1127 1463 1158 Wille»,
1490 1128 1539 1154 den
1567 1128 1764 1163 Klassenkamps
1790 1128 1868 1155 über¬

1035 1160 1145 1189 winden
1168 1169 1200 1193 zu
1221 1164 1327 1189 ivvllen.
1354 1154 1397 1195 I»
1417 1161 1500 1191 dieser
1520 1161 1681 1197 Zielsetzung
1702 1163 1794 1190 trennt
1814 1165 1868 1189 uns

1037 1194 1131 1229 nichts.
1164 1193 1224 1223 Das
1248 1195 1402 1223 Vaterland
1427 1194 1526 1222 liebten
1550 1194 1605 1222 wir
1628 1195 1780 1230 allerdings
1805 1196 1868 1230 auch

1038 1229 1110 1262 schon
1129 1233 1180 1256 vor
1200 1230 1277 1260 1933,
1295 1230 1350 1256 und
1370 1231 1430 1256 was
1449 1228 1492 1256 die
1512 1228 1647 1262 Politische
1665 1229 1802 1263 Methodik
1822 1230 1869 1257 der

1036 1262 1204 1290 'Nationalen
1226 1263 1313 1298 Front
1334 1263 1492 1296 anbelangt,
1510 1261 1537 1302 so
1558 1264 1654 1297 lehnen
1678 1263 1732 1290 wir
1754 1264 1786 1296 sic
1806 1263 1869 1296 nach

1036 1296 1088 1324 ivie
1108 1301 1158 1324 vor
1177 1295 1315 1324 mit'aller
1335 1296 1533 1328 Bestimmtheit
1553 1296 1595 1324 ab.
1623 1297 1660 1325 Es
1682 1296 1739 1331 gibt
1757 1298 1869 1331 bürger¬

1039 1330 1100 1363 liche
1123 1331 1213 1361 Kreise
1241 1330 1269 1358 in
1293 1330 1399 1369 Zürich,
1422 1331 1477 1357 »nd
1499 1336 1574 1364 zwar
1598 1330 1669 1358 keine
1692 1330 1805 1362 kleinen,
1828 1330 1870 1358 die

1037 1365 1136 1397 derzeit
1152 1366 1198 1391 des
1216 1364 1385 1399 lebhafteste»
1402 1363 1454 1392 mit
1472 1365 1518 1391 der
1534 1363 1624 1399 Front
1640 1364 1870 1399 snmpathisirren.

1036 1398 1135 1432 Diesen
1156 1399 1254 1427 Leute»
1276 1398 1308 1431 ist
1329 1398 1359 1426 in
1381 1398 1561 1431 Erinnerung
1581 1405 1613 1432 zu
1635 1399 1726 1433 rufen,
1749 1399 1801 1431 daß
1824 1400 1870 1426 der

1037 1432 1249 1467 Frontenkamps
1268 1439 1322 1460 nur
1341 1433 1436 1466 gerade
1455 1432 1509 1465 jetzt
1527 1432 1576 1465 fast
1595 1427 1792 1466 ausschließlich
1811 1434 1870 1459 dem

1037 1465 1216 1499 Marxismus
1236 1467 1298 1499 gilt;
1319 1474 1348 1493 es
1367 1466 1438 1493 wird
1458 1466 1549 1493 leinen
1568 1466 1670 1494 Monat
1690 1468 1804 1497 dauern,
1827 1466 1870 1494 bis

1038 1500 1079 1528 die
1099 1500 1296 1534 hasicrsülltcste
1315 1500 1435 1534 Polemik
1455 1507 1536 1534 gegen
1555 1500 1605 1527 den
1624 1499 1750 1534 Freisinn
1771 1500 1809 1528 im
1829 1501 1870 1527 bc-

1038 1534 1153 1566 sondern
1175 1534 1276 1562 wieder
1298 1534 1407 1568 einsctzt.
1437 1533 1489 1562 Die
1512 1533 1601 1567 Front
1622 1535 1667 1567 hat
1692 1534 1789 1568 gesagt,
1810 1536 1871 1561 waS

1039 1569 1071 1599 sie
1095 1567 1164 1596 will:
1188 1569 1230 1596 die
1253 1568 1500 1601 Zertrümmerung
1524 1568 1570 1595 dcS
1593 1567 1773 1600 Marxismus
1797 1570 1870 1595 und

1038 1603 1083 1629 des
1116 1594 1309 1636 freiheitlichen
1342 1601 1539 1636 BürgertnmS,
1570 1601 1616 1628 des
1651 1602 1770 1634 letzteren
1801 1600 1870 1634 nicht

1038 1635 1158 1668 weniger
1173 1637 1219 1663 als
1236 1637 1282 1663 des
1299 1635 1424 1670 erstercn.
1447 1636 1507 1663 lind
1523 1634 1565 1663 die
1580 1635 1625 1668 ihr
1641 1636 1695 1669 jetzt
1713 1637 1761 1663 den
1780 1636 1872 1664 Saum

1039 1671 1085 1697 der
1111 1670 1322 1704 Frontrn-Toga
1351 1669 1467 1703 glanben
1493 1669 1577 1701 küsse»
1605 1676 1638 1701 zu
1666 1670 1777 1702 müssen,
1803 1674 1872 1696 iver-

1037 1706 1087 1731 den
1118 1704 1288 1737 gelegentlich
1318 1704 1360 1731 die
1389 1704 1547 1737 genagelten
1577 1701 1677 1738 Stiefel
1707 1703 1808 1731 wieder
1838 1711 1872 1737 zu

1038 1737 1112 1772 scheu
1130 1739 1290 1765 bekommen.

1090 1772 1151 1800 Wir
1170 1773 1277 1799 werde»
1296 1771 1449 1806 fortfahren
1469 1771 1569 1804 müssen
1590 1771 1617 1798 in
1638 1771 1760 1802 unserem
1781 1771 1789 1804 s
1800 1779 1813 1798 e
1824 1773 1831 1798 l
1842 1772 1871 1798 b-

1039 1805 1238 1839 ftändigcn
1272 1805 1372 1838 Kamps
1407 1812 1487 1839 gegen
1522 1806 1574 1832 alle
1608 1804 1872 1839 Klasjenlämpserci,

1038 1839 1125 1867 einem
1143 1839 1252 1873 Kampf,
1269 1840 1318 1867 den
1337 1839 1390 1867 mir
1410 1838 1542 1873 übrigens
1563 1838 1786 1872 jahrzehntelang
1803 1839 1871 1871 ohne

1038 1873 1080 1901 die
1094 1873 1217 1908 Fronten
1232 1881 1265 1913 zu
1281 1872 1378 1907 führen
1396 1873 1487 1903 hatten
1504 1872 1559 1900 und
1574 1866 1638 1904 auch
1654 1873 1760 1907 geführt
1777 1873 1871 1906 haben,

1039 1908 1120 1935 bevor
1142 1907 1211 1935 viele
1234 1914 1308 1941 >ener
1330 1906 1431 1939 jungen
1455 1907 1532 1935 Leute
1553 1907 1602 1934 den
1624 1908 1690 1940 Weg
1714 1911 1776 1935 vom
1799 1906 1871 1941 Fuß¬

1039 1942 1160 1975 ballplatz
1191 1941 1218 1969 in
1248 1941 1289 1969 die
1316 1939 1418 1976 Politik
1445 1941 1577 1974 gesunden
1607 1940 1708 1972 hatten.
1744 1940 1804 1969 Und
1833 1940 1871 1968 im

1038 1975 1138 2007 Kampf
1163 1982 1243 2009 gegen
1267 1976 1315 2004 den
1340 1974 1589 2008 Marxismus
1613 1976 1720 2002 werden
1745 1974 1799 2002 wir
1827 1973 1872 2001 nie

1038 2010 1170 2042 vergessen
1186 2009 1293 2040 wollen,
1308 2008 1360 2040 daß
1376 2007 1467 2042 hinter
1485 2008 1568 2041 dieser
1584 2008 1775 2042 Fehlsührnng
1791 2008 1871 2037 Men¬

1040 2043 1109 2074 schen
1135 2044 1229 2076 stehen.
1252 2043 1402 2076 Schweizer
1426 2042 1553 2070 Arbeiter
1577 2043 1633 2070 und
1657 2043 1778 2073 achtbare
1803 2042 1872 2070 Mit-

1039 2078 1148 2110 bürger,
1164 2084 1197 2110 zu
1215 2078 1298 2104 denen
1315 2076 1369 2104 tvir
1386 2078 1434 2104 den
1452 2077 1517 2109 Weg
1533 2083 1566 2110 zu
1583 2075 1672 2110 suchen
1691 2076 1776 2110 haben
1793 2076 1872 2110 durch

1039 2112 1221 2145 Wegräumen
1252 2114 1304 2138 von
1335 2110 1536 2144 Hindernissen,
1565 2117 1602 2137 an
1634 2112 1713 2138 deren
1744 2110 1871 2143 Bestehe»

1038 2147 1102 2176 auch
1125 2145 1180 2173 wir
1203 2143 1371 2178 mitschuldig
1394 2144 1460 2172 sind.
1493 2144 1536 2172 Ta
1561 2144 1650 2177 nütze»
1677 2143 1747 2171 keine
1770 2143 1871 2177 grosien

1039 2179 1143 2209 Worte,
1164 2178 1278 2207 sondern
1300 2185 1355 2206 nur
1376 2179 1473 2208 Taten,
1498 2178 1540 2205 die
1562 2180 1615 2204 ans
1637 2178 1712 2206 einer
1734 2178 1872 2211 anständi¬

1040 2220 1088 2245 gen
1109 2213 1278 2247 Gesinnung,
1296 2212 1358 2243 auch
1380 2212 1408 2240 in
1429 2213 1474 2239 der
1495 2211 1658 2245 Wirtschaft.
1677 2211 1785 2246 stießen.
1815 2212 1873 2240 Ter

1040 2244 1167 2280 Freisinn
1187 2247 1239 2274 lebt
1257 2253 1310 2274 von
1329 2248 1375 2274 der
1393 2245 1602 2278 Respektierung
1620 2246 1667 2274 der
1686 2245 1806 2277 Freiheit
1826 2247 1872 2272 des

1039 2281 1164 2313 Nächsten
1182 2282 1237 2308 und
1256 2280 1338 2315 sozial
1356 2280 1540 2311 Schwächer».
1565 2279 1625 2308 Tas
1641 2279 1707 2313 muß
1725 2281 1771 2307 der
1787 2282 1872 2308 Kern-

1041 2316 1121 2348 pnult
1140 2315 1251 2348 unserer
1269 2314 1424 2350 Konfession
1443 2313 1508 2346 sein.

1092 2348 1155 2377 Wir
1172 2349 1279 2376 iverden
1299 2350 1361 2382 nach
1379 2348 1430 2376 wie
1447 2353 1498 2375 vor
1517 2347 1591 2380 jeden
1609 2347 1715 2376 Terror
1732 2348 1873 2383 ablehnen,

1041 2383 1141 2411 konnne
1165 2390 1203 2412 er.
1226 2384 1318 2414 woher
1341 2389 1370 2410 er
1394 2381 1481 2410 wolle.
1518 2381 1601 2411 Unser
1626 2382 1698 2410 Wall
1724 2381 1755 2415 ist
1777 2380 1873 2416 unsere

1038 2416 1211 2451 Verfassung,
1229 2416 1324 2450 unsere
1341 2416 1430 2450 Masse
1447 2416 1498 2443 daS
1515 2415 1607 2449 Gesetz,
1624 2415 1720 2448 nnsere
1738 2415 1874 2449 Führung

1040 2451 1081 2479 die
1104 2455 1167 2479 vom
1189 2451 1257 2478 Volk
1280 2450 1412 2485 bestellten
1435 2449 1589 2479 Behörden,
1612 2450 1693 2483 unser
1715 2449 1805 2484 Schutz
1830 2449 1872 2477 die

1040 2485 1145 2513 Armee.
1183 2484 1244 2513 Das
1277 2484 1308 2518 ist
1338 2484 1416 2518 guter
1442 2482 1669 2517 vaterländischer
1697 2484 1791 2512 Boden
1821 2483 1872 2511 mit

1041 2519 1135 2554 sauber
1158 2526 1304 2553 gezogene»
1327 2517 1461 2552 Grenzen.

1089 2553 1151 2582 Von
1176 2555 1244 2584 >>ier.
1266 2557 1319 2580 von
1343 2551 1417 2585 Ilster
1440 2553 1493 2579 an?
1517 2551 1582 2585 ging
1606 2550 1643 2579 im
1669 2552 1755 2584 letzten
1780 2552 1872 2586 Herbst

1038 2590 1083 2616 der
1098 2589 1220 2615 Gedanke
1234 2588 1280 2615 der
1295 2587 1316 2615 K
1329 2595 1344 2615 o
1355 2594 1373 2614 n
1383 2594 1397 2620 z
1406 2594 1419 2614 r
1429 2593 1446 2615 n
1458 2586 1469 2614 t
1479 2593 1494 2614 r
1503 2594 1520 2614 a
1532 2587 1541 2614 t
1553 2585 1561 2614 i
1572 2594 1588 2614 o
1598 2593 1616 2614 »
1630 2588 1647 2614 d
1657 2594 1670 2615 e
1680 2594 1695 2615 r
1709 2587 1725 2615 b
1736 2588 1752 2614 ü
1765 2594 1779 2614 r
1789 2593 1805 2620 g
1815 2593 1827 2614 c
1838 2593 1853 2613 r
1863 2599 1873 2609 -

1039 2625 1044 2650 l
1059 2623 1066 2650 i
1078 2624 1103 2658 ch
1114 2630 1127 2650 e
1138 2631 1154 2650 n
1170 2623 1194 2656 P
1204 2630 1219 2650 a
1233 2630 1246 2650 r
1258 2623 1267 2649 t
1278 2630 1289 2650 e
1302 2622 1308 2649 i
1321 2630 1360 2649 e»
1375 2625 1437 2652 aus,
1451 2621 1480 2649 in
1497 2621 1583 2650 seiner
1598 2622 1686 2654 letzten
1702 2622 1874 2655 Kvnsegnenz

1037 2660 1082 2686 als
1102 2657 1272 2692 Möglichkeit
1291 2657 1366 2685 einer
1385 2656 1576 2691 zürcherischen
1595 2656 1769 2690 Bvllspartci
1789 2662 1873 2684 crivo-

1039 2700 1096 2726 gen.
1122 2693 1163 2727 Zu
1188 2692 1301 2724 Unrecht
1326 2693 1410 2722 habe»
1437 2693 1543 2725 manche
1569 2692 1694 2724 gemeint,
1721 2691 1873 2724 derartiges

1040 2728 1100 2760 lasse
1115 2728 1159 2763 sich
1175 2728 1340 2760 kurzerhand
1354 2726 1510 2761 beschließe»
1526 2727 1581 2754 und
1596 2727 1785 2762 durchführe»,
1798 2728 1873 2754 eben-

1041 2763 1104 2796 falls
1126 2771 1158 2797 zu
1180 2763 1290 2796 Unrecht
1311 2763 1438 2796 glaubten
1461 2763 1570 2792 andere,
1590 2764 1630 2795 cs.
1641 2762 1739 2796 handle
1761 2762 1806 2796 sich
1827 2769 1875 2789 um

1039 2798 1082 2826 ein
1109 2798 1295 2831 totgeborenes
1320 2792 1400 2825 Kind.
1427 2792 1464 2825 Es
1491 2797 1520 2829 ist
1547 2804 1594 2825 »in
1620 2797 1686 2831 diese
1711 2797 1778 2831 Idee
1805 2796 1875 2831 nicht

1039 2835 1114 2863 mehr
1137 2833 1187 2865 still
1208 2832 1350 2867 getvorden
1372 2833 1426 2859 und
1447 2831 1518 2860 wird
1540 2832 1616 2859 kaum
1637 2834 1712 2863 mehr
1734 2831 1785 2867 still
1806 2837 1873 2859 tver-

1039 2870 1096 2895 de».
1117 2868 1170 2896 Ter
1187 2869 1308 2895 Gedanke
1325 2868 1386 2898 lebt,
1402 2867 1464 2895 weil
1481 2874 1509 2894 er
1526 2868 1613 2895 ivcdcr
1629 2867 1687 2895 eine
1704 2866 1873 2900 mechanische

1038 2902 1155 2936 Theorie
1176 2902 1238 2936 noch
1260 2902 1303 2930 ein
1326 2902 1420 2937 bloßcS
1441 2901 1729 2935 AdditionS-Sxempcl
1752 2901 1794 2935 ist,
1814 2901 1861 2936 so»

1039 2939 1104 2965 der»
1124 2943 1176 2965 von
1197 2939 1243 2965 der
1262 2937 1361 2971 Pflicht
1379 2944 1428 2971 zur
1447 2936 1645 2978 Verteidigung
1663 2937 1738 2965 eines
1758 2936 1873 2970 gemein¬

1039 2972 1128 3002 samen
1161 2972 1329 3007 Ideengutes
1360 2972 1483 3005 nusgeht.
1516 2972 1577 3000 Bon
1611 2965 1695 3005 dieser
1727 2972 1795 3006 Idee
1827 2972 1874 2999 deS

1039 3007 1221 3041 bürgerlichen
1263 3006 1545 3040 Zusammenschlusses
1585 3006 1671 3047 haben
1711 3006 1875 3042 Abneigung

1039 3044 1094 3070 und
1114 3042 1330 3075 Unverständnis
1349 3041 1508 3076 Zerrbilder
1528 3040 1680 3076 gezeichnet.
1700 3042 1762 3071 Wir
1782 3041 1874 3076 wisse»

1040 3084 1108 3111 ganz
1125 3085 1221 3111 genau,
1238 3077 1290 3110 daß
1309 3078 1354 3105 der
1372 3074 1549 3111 gemeinsame
1566 3077 1672 3105 Glaube
1690 3076 1732 3105 die
1749 3077 1874 3105 Voraus¬

1039 3112 1139 3146 setzung
1157 3119 1207 3146 zur
1226 3111 1422 3147 gemeinsamen
1443 3112 1601 3144 kraftvollen
1621 3113 1676 3141 Tat
1695 3112 1727 3143 ist
1746 3113 1803 3139 und
1821 3112 1874 3142 daß

1040 3147 1136 3175 immer
1159 3147 1221 3179 noch
1245 3147 1392 3182 historische
1414 3145 1681 3182 Mißverständnisse,
1703 3146 1874 3181 Hindernisse

1040 3185 1094 3210 und
1114 3182 1275 3211 Vorurteile
1294 3183 1503 3217 tvegzuräiunen
1534 3183 1600 3215 sind.
1629 3182 1681 3211 Die
1711 3184 1873 3210 kantonalen

1038 3217 1216 3252 Präsidenten
1230 3218 1276 3245 der
1288 3217 1411 3248 Bauern.
1424 3216 1602 3246 Demokraten
1615 3217 1670 3245 und
1683 3217 1873 3251 Freisinnigen

1039 3252 1124 3283 haben
1157 3252 1199 3279 die
1229 3252 1401 3287 Aussassnng,
1432 3252 1484 3285 daß
1516 3252 1699 3285 schrittweises
1731 3254 1873 3286 Vorgehen

1039 3287 1203 3320 angemessen
1221 3286 1261 3319 ist.
1277 3287 1474 3321 Ansgegangen
1491 3289 1599 3314 iverden
1616 3287 1662 3320 soll
1680 3291 1732 3316 von
1751 3289 1799 3315 de»
1816 3286 1873 3315 drei

1039 3321 1170 3357 Parteien
1185 3323 1231 3350 des
1246 3322 1405 3355 Ilstertages.
1420 3321 1511 3350 Darin
1528 3321 1590 3355 liegt
1607 3322 1677 3351 leine
1691 3322 1779 3356 Spitze
1794 3330 1873 3356 gegen

1040 3357 1135 3390 unsere
1150 3356 1395 3392 christlichsozialen
1413 3356 1582 3389 Mitbürger,
1600 3358 1678 3385 deren
1696 3358 1875 3386 Staatstreue

1041 3393 1096 3420 und
1119 3392 1305 3423 nusbauender
1328 3392 1424 3421 Arbeit
1448 3392 1502 3420 wir
1527 3391 1588 3426 stets
1612 3392 1794 3434 Hochachtung
1819 3394 1869 3420 r»t-

1041 3427 1248 3461 gegenbringen.
1273 3428 1402 3455 Sondern
1428 3430 1457 3455 es
1482 3427 1592 3460 handelt
1617 3427 1662 3462 sick>
1687 3436 1733 3456 um
1759 3428 1800 3455 die
1825 3429 1869 3455 Re¬

1042 3462 1207 3496 spektierung
1234 3461 1492 3498 weltanschaulicher
1517 3462 1788 3498 Trennungsstriche.
1814 3463 1875 3491 Tas

1043 3497 1145 3531 schließt
1170 3497 1331 3532 keineswegs
1354 3503 1416 3528 aus,
1439 3497 1488 3525 mit
1512 3497 1593 3528 allen,
1617 3497 1658 3525 die
1683 3498 1795 3531 gleiche»
1820 3499 1874 3525 und

1041 3532 1122 3566 guten
1143 3532 1261 3561 Willens
1282 3532 1347 3566 sind,
1367 3537 1420 3561 von
1441 3532 1500 3564 Fall
1521 3539 1554 3565 zu
1576 3532 1635 3566 Fall
1657 3533 1698 3561 die
1718 3532 1875 3565 Verständi¬

1042 3574 1115 3600 gung
1139 3574 1171 3601 zu
1197 3567 1284 3600 suchen
1321 3568 1375 3595 nnd
1410 3567 1451 3595 die
1475 3560 1728 3602 Zusammenarbeit
1754 3569 1871 3602 sicherzu-

1043 3602 1138 3634 stellen.
1159 3602 1208 3630 Tie
1228 3601 1450 3636 Selbständigkeit
1468 3601 1515 3630 der
1533 3602 1732 3636 Organisation
1751 3606 1806 3631 nnd
1823 3604 1871 3631 Ar¬

1043 3637 1093 3665 beit
1112 3637 1177 3671 muß
1194 3638 1257 3671 auch
1275 3639 1323 3665 de»
1343 3636 1606 3672 llslcrtag-Partcicn
1624 3638 1746 3673 geivahrt
1764 3637 1876 3667 bleiben.

1043 3672 1080 3700 Es
1095 3673 1204 3705 handelt
1219 3673 1264 3705 sich
1277 3672 1334 3701 also
1348 3679 1394 3701 um
1409 3674 1458 3700 das
1471 3671 1609 3706 Abtvägen
1624 3675 1670 3700 der
1685 3673 1753 3705 nicht
1768 3673 1875 3707 leichten

1043 3706 1140 3741 Frage,
1152 3707 1204 3735 ivie
1216 3708 1278 3735 tveit
1293 3707 1334 3736 die
1347 3706 1545 3743 Verteidigung
1558 3707 1670 3742 höchster
1684 3707 1876 3742 gemeinsamer

1044 3741 1195 3775 Interessen
1212 3743 1266 3770 und
1282 3742 1329 3770 der
1344 3741 1520 3776 gemeinsame
1536 3741 1662 3779 vssensivc
1676 3742 1811 3777 Zirlwille
1827 3744 1875 3771 den

1043 3776 1163 3811 Verzicht
1186 3777 1234 3810 ans
1258 3776 1361 3811 gewisse
1385 3778 1475 3808 Rechte
1500 3779 1609 3810 geraten
1634 3778 1781 3810 erscheinen
1807 3778 1877 3812 lasse,

1044 3813 1099 3839 nnd
1122 3812 1171 3845 ans
1201 3814 1296 3843 welche
1317 3812 1378 3843 Art,
1403 3812 1455 3845 daß
1487 3812 1529 3840 die
1562 3811 1797 3847 MillrnSbildnng
1829 3814 1877 3841 der

1042 3846 1237 3880 gemeinsamen
1261 3848 1375 3881 Gruppe
1397 3849 1442 3875 der
1466 3847 1521 3874 drei
1546 3847 1676 3882 Parteien
1699 3856 1731 3881 zu
1754 3848 1874 3883 erfolgen

1043 3883 1116 3914 habe.
1135 3882 1195 3910 Das
1213 3881 1243 3916 ist
1262 3882 1447 3916 gegenwärtig
1465 3882 1548 3915 Sache
1566 3882 1612 3910 des
1631 3883 1791 3911 Studiums.

1094 3917 1204 3950 Immer
1235 3917 1334 3944 wieder
1366 3917 1500 3951 seststellen
1533 3917 1633 3951 müssen
1656 3918 1720 3949 tvir,
1751 3918 1803 3952 daß
1834 3918 1876 3946 die

1042 3951 1373 3986 Zersplittern»g
1398 3954 1444 3979 des
1469 3952 1657 3986 Bürgertums
1683 3953 1742 3981 eine
1768 3953 1876 3986 wesent¬

1044 3986 1105 4017 liche
1140 3986 1247 4020 Ursache
1282 3988 1327 4014 des
1361 3988 1565 4020 Hvchlommens
1600 3988 1646 4015 der
1680 3988 1875 4024 marxistischen

1043 4022 1156 4055 Gruppe
1173 4021 1212 4055 ist.
1227 4022 1352 4056 Solange
1367 4022 1434 4055 diese
1449 4021 1667 4057 Zersplitterung
1683 4023 1712 4051 in
1729 4025 1774 4051 der
1791 4023 1876 4056 heuti¬

1044 4063 1091 4089 gen
1117 4056 1203 4089 Form
1225 4057 1369 4087 andauert,
1394 4057 1501 4091 solange
1525 4058 1632 4086 werden
1657 4058 1699 4086 die
1723 4057 1875 4093 Marxisten

1043 4091 1201 4125 Nutznießer
1216 4092 1262 4119 der
1278 4092 1345 4126 Lage
1360 4091 1423 4126 sein.

1095 4126 1165 4159 Zum
1184 4126 1302 4160 Schlüsse
1320 4126 1407 4161 seiner
1426 4127 1507 4161 scharf
1526 4128 1681 4162 geprägten,
1700 4129 1876 4162 überzeugen¬

1044 4162 1092 4188 den
1114 4160 1330 4196 Betrachtungen
1353 4162 1478 4196 berührte
1500 4161 1735 4196 Parteipräsident
1757 4164 1813 4192 Gut
1835 4163 1876 4191 die

1044 4195 1132 4230 Frage
1164 4196 1210 4225 der
1243 4196 1431 4231 Revision
1465 4197 1528 4224 der
1559 4198 1584 4225 B
1596 4205 1613 4225 »
1625 4200 1641 4226 n
1653 4200 1715 4226 des
1726 4203 1741 4225 v
1752 4206 1765 4227 e
1776 4199 1790 4229 r
1802 4199 1835 4229 fa
1848 4198 1856 4232 s
1867 4211 1877 4221 -

1045 4224 1052 4262 s
1065 4237 1081 4258 u
1094 4238 1110 4258 n
1122 4238 1145 4263 g.
1162 4230 1224 4259 Wir
1242 4231 1306 4265 sind,
1322 4231 1348 4264 so
1364 4231 1434 4265 sagte
1450 4239 1488 4261 er.
1504 4231 1542 4259 im
1559 4232 1697 4267 Gegensatz
1713 4240 1746 4267 zu
1763 4233 1876 4267 unseren

1044 4265 1261 4300 demokratischen
1279 4266 1422 4300 Freunden
1439 4265 1468 4295 in
1485 4268 1531 4294 der
1548 4267 1764 4303 scl»veizcrischen
1781 4268 1875 4303 Partei

1046 4301 1126 4333 dasür
1149 4299 1323 4335 eingetretrn,
1345 4301 1396 4332 daß
1420 4301 1466 4329 der
1489 4309 1571 4335 ganze
1593 4295 1735 4338 getvaltige
1758 4303 1877 4337 Fragen-

1046 4335 1162 4367 kompler
1190 4335 1240 4370 erst
1268 4335 1408 4369 gründlich
1434 4337 1571 4369 abgeklärt
1599 4340 1695 4368 werde,
1722 4340 1803 4367 bevor
1831 4340 1877 4366 der

1045 4369 1086 4398 die
1102 4369 1228 4405 Revision
1244 4370 1433 4404 beschließende
1449 4371 1583 4405 Entscheid
1601 4371 1681 4405 fallen
1699 4373 1784 4407 dürfe.
1800 4373 1878 4407 Diese

1045 4404 1203 4439 Abklärung
1220 4405 1250 4440 ist
1268 4413 1324 4433 nun
1343 4405 1380 4433 in,
1397 4406 1486 4440 Gang,
1504 4408 1558 4434 und
1576 4409 1604 4434 es
1621 4407 1714 4440 besteht
1732 4408 1794 4439 auch
1811 4409 1877 4437 über

1046 4439 1153 4474 Fragen
1171 4445 1223 4468 von
1242 4440 1423 4475 allergrößter
1440 4440 1596 4475 Tragweite
1614 4443 1675 4473 noch
1695 4443 1765 4471 keine
1783 4443 1877 4477 Einig¬

1046 4474 1101 4502 keit.
1126 4474 1177 4503 Tie
1201 4472 1357 4510 bisherigen
1380 4475 1547 4505 materiellen
1572 4476 1731 4512 Vorschläge
1754 4486 1803 4511 zur
1828 4480 1877 4507 Re¬

1045 4508 1131 4543 vision
1151 4509 1284 4538 erinnern
1303 4518 1339 4537 an
1360 4511 1409 4537 das
1429 4510 1505 4541 Bild,
1525 4511 1576 4538 das
1596 4513 1650 4540 tvir
1668 4515 1714 4540 als
1735 4513 1877 4547 staunende

1045 4544 1159 4575 Schüler
1176 4544 1213 4572 im
1230 4544 1402 4580 Kaleidoskop
1420 4545 1508 4579 sahen:
1526 4545 1585 4573 eine
1601 4547 1682 4575 bunte
1698 4548 1877 4581 Musterlartc

1045 4582 1097 4607 von
1115 4578 1211 4613 Idee»,
1228 4579 1269 4607 die
1287 4580 1331 4614 sich
1348 4587 1409 4614 zum
1426 4580 1486 4608 Teil
1505 4581 1644 4616 gründlich
1660 4582 1877 4623 widersprechen.

1045 4614 1115 4643 Man
1135 4614 1199 4647 muß
1216 4619 1268 4642 von
1288 4614 1373 4643 einem
1393 4617 1563 4651 ungeheuren
1581 4616 1771 4650 Optimismus
1790 4615 1876 4653 getra¬

1046 4655 1094 4681 gen
1118 4648 1182 4680 sein,
1203 4656 1250 4677 um
1281 4648 1330 4677 de»
1354 4650 1479 4678 Glauben
1510 4658 1546 4678 an
1571 4651 1621 4679 das
1644 4651 1777 4687 Gelingen
1801 4652 1877 4681 einer

1046 4678 1172 4726 Revision
1192 4683 1229 4711 im
1246 4684 1329 4717 ersten
1348 4684 1452 4719 Anlauf
1470 4686 1550 4718 hegen
1568 4692 1602 4719 zil
1619 4687 1729 4716 können.
1746 4688 1818 4715 Aber
1836 4687 1877 4715 die

1046 4717 1336 4753 Revisivnsbewegung
1358 4718 1429 4748 wird
1452 4719 1519 4754 nicht
1542 4722 1617 4754 mehr
1639 4728 1688 4753 zur
1710 4722 1787 4757 Ruhe
1810 4723 1876 4751 kom-

1046 4759 1116 4785 me»;
1134 4753 1215 4786 dafür
1229 4753 1301 4782 tvird
1316 4753 1357 4781 die
1373 4753 1491 4788 Jugend,
1506 4755 1569 4788 anch
1584 4755 1626 4784 die
1641 4756 1750 4790 Jugend
1767 4757 1877 4793 nnscrer

1046 4786 1154 4821 eigenen
1173 4787 1284 4822 Reihen,
1301 4788 1403 4822 sorgen.
1419 4789 1507 4818 Wenn
1523 4790 1569 4817 der
1585 4790 1665 4820 Wille
1682 4791 1727 4827 sich
1743 4792 1819 4831 zeigt,
1836 4792 1877 4821 die

1045 4822 1232 4853 ansbanende»
1248 4822 1343 4860 Kräfte
1355 4823 1455 4852 wieder
1469 4823 1570 4852 einmal
1584 4832 1621 4854 an
1635 4825 1709 4854 einer
1725 4826 1876 4860 politischen

1048 4856 1135 4890 Frage
1155 4864 1187 4891 zu
1207 4857 1311 4891 messen,
1330 4862 1409 4887 wen»
1431 4860 1476 4887 der
1496 4859 1622 4894 mächtige
1642 4861 1753 4896 Wunsch
1774 4862 1877 4896 besteht,

1048 4891 1112 4919 über
1129 4893 1177 4919 den
1196 4892 1324 4926 täglichen
1341 4893 1440 4927 Kamps
1457 4893 1507 4922 mit
1523 4895 1705 4929 vornehmlich
1720 4895 1877 4931 wirtschaft¬

1048 4925 1128 4959 lichen
1150 4927 1352 4962 Gegenständen
1382 4928 1481 4956 tvicder
1512 4928 1613 4957 einmal
1635 4931 1877 4966 Weltanschauung

1049 4960 1077 4988 in
1097 4960 1138 4988 die
1157 4961 1259 4995 Politik
1277 4969 1309 4996 zu
1330 4963 1423 4996 tragen
1444 4977 1462 4980 -
1497 4963 1543 4991 soll
1562 4970 1626 4992 man
1647 4965 1679 4993 da
1700 4966 1785 4993 davor
1804 4965 1876 5000 sein?

1046 4994 1101 5027 Aus
1116 4995 1206 5025 keinen
1221 4992 1283 5029 Fall
1296 4998 1371 5026 tväre
1385 4997 1428 5025 ein
1443 4992 1539 5031 solche«
1554 4999 1692 5031 Bemühen
1707 5001 1751 5028 als
1767 5000 1877 5034 nutzlose

1047 5029 1142 5058 Arbeit
1159 5038 1191 5064 zu
1207 5031 1349 5063 bewerten,
1366 5032 1439 5066 selbst
1457 5032 1502 5065 sür
1518 5034 1566 5060 den
1584 5033 1644 5067 Fall
1662 5034 1739 5066 nicht,
1756 5035 1807 5068 daß
1823 5035 1877 5063 tvir

1046 5065 1098 5092 alle
1115 5064 1173 5092 eine
1189 5065 1390 5100 Totalreviston
1409 5067 1476 5101 nicht
1493 5069 1568 5100 mehr
1585 5069 1690 5097 erleben
1708 5069 1809 5104 sollten.

1099 5099 1248 5134 Bestreiten
1270 5101 1338 5130 kann
1361 5101 1496 5133 niemand,
1518 5102 1569 5142 daß
1591 5103 1700 5137 Europa
1722 5105 1770 5138 ans
1791 5111 1877 5133 neuen

1047 5133 1145 5168 Wege»
1162 5134 1190 5162 in
1205 5134 1246 5163 die
1260 5135 1377 5169 Zukunft
1392 5136 1459 5170 geht,
1473 5136 1524 5170 daß
1539 5130 1597 5165 eine
1612 5137 1709 5173 Epoche
1722 5139 1877 5174 abgeschlvs-

1049 5168 1090 5199 sen
1115 5168 1146 5202 ist
1169 5169 1224 5197 und
1247 5170 1299 5203 daß
1321 5170 1602 5204 Nenorientiernngen
1627 5172 1744 5202 konnnen
1769 5174 1876 5207 müssen.

1046 5203 1099 5231 Als
1118 5204 1293 5237 persönliches
1312 5205 1478 5234 Bekenntnis
1495 5206 1611 5234 erklärte
1628 5209 1674 5235 der
1692 5209 1807 5239 Redner,
1825 5209 1877 5240 daß

1048 5245 1085 5269 er,
1109 5238 1196 5271 sofern
1221 5239 1262 5267 die
1285 5239 1422 5273 wichtigen
1448 5240 1582 5272 formalen
1607 5241 1714 5276 Fragen
1739 5245 1877 5278 genügend

1049 5273 1103 5300 und
1128 5273 1308 5308 befriedigend
1332 5275 1466 5308 abgeklärt
1492 5276 1597 5303 iverden
1624 5278 1734 5309 können,
1759 5278 1800 5306 die
1824 5279 1877 5312 Zu¬

1050 5305 1195 5343 stimmung
1215 5315 1265 5343 zur
1286 5309 1412 5345 Revision
1433 5310 1478 5338 alS
1500 5310 1612 5345 gegeben
1634 5312 1753 5349 erachten
1775 5314 1877 5344 tvürde.

1905 398 2073 432 Unterdessen
2097 399 2183 430 haben
2206 398 2260 426 wir
2283 398 2325 427 die
2348 399 2455 433 Pflicht,
2478 399 2517 427 im
2541 398 2663 432 Nahmen
2687 400 2734 426 der

1904 432 2071 467 bestehenden
2091 433 2229 466 Ordnung
2255 434 2447 468 unverdrossen
2474 433 2734 467 weiterzuarbeitc».

1904 466 2042 502 Professor
2060 468 2164 498 Böhler
2183 468 2229 501 hat
2247 467 2333 500 seiner
2352 468 2441 503 jüngst
2460 468 2639 502 erschienenen
2659 468 2733 503 geist¬

1905 500 2005 535 reichen
2027 502 2130 536 Schrift
2151 503 2218 530 über
2246 502 2289 530 die
2310 503 2479 536 korporative
2500 503 2654 537 Wi.uchast
2684 505 2734 530 da-s

1904 536 2042 570 berühmte
2062 538 2140 565 Wort
2160 537 2297 570 Heraklits
2317 538 2515 572 vorangestellt:
2538 538 2605 568 „Tie
2625 537 2734 572 unsicht¬

1905 574 1968 598 bare
1980 571 2130 603 Harmonie
2143 571 2173 605 ist
2187 571 2284 603 stärker
2295 574 2341 599 als
2354 572 2395 600 die
2408 573 2557 607 sichtbare'.
2569 573 2628 607 Für
2640 573 2734 605 unsere

1905 605 2095 640 Verhältnisse,
2111 613 2153 633 ivv
2168 608 2237 634 alles
2254 606 2291 634 im
2308 607 2418 641 Fließen
2436 607 2476 641 ist,
2491 608 2548 635 tvill
2565 610 2615 634 das
2632 607 2735 640 heiße»,

1905 641 1957 671 daß
1977 642 2023 668 der
2043 641 2084 668 die
2104 641 2205 675 Politik
2226 642 2452 676 durchdringende
2473 642 2545 675 Geist
2566 641 2664 670 immer
2685 644 2733 669 den

1905 675 2028 703 Vortritt
2051 676 2097 708 hat
2120 681 2170 703 vor
2194 677 2240 703 der
2263 676 2357 709 Form.
2383 677 2450 707 „Ein
2475 677 2611 711 Freisinn,
2634 679 2680 704 der
2704 677 2734 704 in

1904 712 1975 737 allen
1988 710 2095 744 Fragen
2109 711 2172 745 anch
2185 710 2239 745 sein
2252 711 2322 746 Herz
2334 713 2389 739 und
2403 712 2456 746 sein
2469 711 2602 745 Gewissen
2615 711 2734 746 sprechen

1907 744 1973 777 läßt,
1993 744 2036 772 ein
2059 744 2193 777 Freisinn,
2215 748 2260 772 der
2281 745 2394 774 arbeitet
2415 748 2470 774 nnd
2491 755 2527 773 an
2550 746 2618 779 seine
2639 746 2734 774 Arbeit

1907 780 1966 810 stets
1982 781 2030 807 den
2046 779 2173 812 Maßstab
2188 779 2262 807 eines
2278 780 2402 813 sittlichen
2419 782 2560 815 Handelns
2578 782 2638 815 legt,
2648 781 2734 809 einem

1906 814 2004 848 solchen
2027 814 2151 847 Freisinn
2174 814 2247 843 wird
2269 815 2367 843 wieder
2391 816 2432 843 die
2454 815 2570 850 Zukunst
2594 817 2733 850 gehören.'

1956 849 2142 881 Anhaltender
2161 850 2262 884 Beifall
2282 851 2382 879 betvies
2401 853 2458 879 dem
2478 852 2664 885 Präsidenten,
2683 852 2735 879 >vie

1905 882 1963 914 sehr
1982 883 2023 911 die
2041 884 2253 919 Versammlung
2271 885 2321 913 mit
2340 886 2425 917 seiner
2443 878 2642 926 vortresslichen
2662 886 2733 914 Dar¬

1906 917 2017 952 stellung
2039 919 2085 946 der
2109 918 2261 952 politischen
2284 919 2466 955 Verhältnisse
2490 912 2564 955 einig
2587 920 2660 955 ging.

1985 988 2055 1023 Die
2079 988 2264 1031 Tätigkeit
2288 990 2353 1024 des
2377 990 2655 1025 Kantonsrates

1905 1053 1964 1074 >var
1982 1048 2150 1080 Gegenstand
2168 1049 2214 1075 des
2232 1048 2372 1080 Referates
2391 1049 2440 1077 Tr.
2457 1050 2488 1079 H.
2505 1049 2539 1077 W
2549 1057 2562 1076 e
2573 1049 2581 1077 i
2593 1052 2608 1076 s
2619 1050 2627 1084 f
2639 1051 2647 1076 I
2659 1057 2674 1077 o
2685 1058 2700 1083 g
2710 1053 2734 1079 s.

1906 1083 1950 1108 des
1967 1081 2143 1115 Präsidenten
2162 1083 2207 1110 der
2225 1082 2400 1116 freisinnigen
2418 1084 2733 1117 Kantonsratssraktion.

1906 1116 2002 1144 Damit
2035 1117 2154 1143 verband
2189 1124 2217 1144 er
2243 1117 2301 1144 eine
2325 1110 2508 1153 Beleuchtung
2532 1120 2577 1145 der
2603 1119 2735 1145 kanto¬

1907 1152 2021 1177 nalen
2052 1150 2316 1185 Finanzlage,
2346 1156 2406 1179 >vas
2438 1152 2483 1187 sich
2513 1153 2626 1184 dadurch
2656 1153 2734 1182 reckst-

1907 1183 2007 1218 fertigt,
2027 1185 2078 1217 daß
2098 1185 2144 1218 sich
2164 1187 2209 1212 der
2228 1185 2401 1214 Kantonsrat
2420 1186 2457 1214 im
2477 1193 2663 1221 vergangenen
2684 1188 2734 1214 Ge-

1908 1218 2065 1253 schästsjahr
2080 1220 2314 1251 ausnahmsweise
2329 1221 2474 1254 eingehend
2490 1221 2541 1248 mit
2557 1223 2602 1248 der
2617 1221 2735 1254 Finanz-

1908 1255 1966 1286 läge
1993 1255 2039 1280 des
2065 1255 2192 1281 Kantons
2227 1247 2315 1288 befaßt
2350 1256 2404 1289 hat.
2448 1255 2500 1283 Die
2528 1255 2653 1288 Revision
2689 1256 2735 1282 des

1907 1288 1932 1315 G
1943 1295 1955 1314 c
1965 1287 1974 1321 s
1985 1289 2010 1318 ch
2020 1289 2037 1314 ä
2047 1288 2057 1318 f
2068 1288 2076 1315 t
2088 1292 2102 1314 S
2113 1296 2127 1315 r
2138 1295 2150 1315 c
2161 1296 2177 1322 g
2188 1288 2197 1315 l
2207 1295 2220 1315 r
2232 1296 2257 1315 m
2268 1296 2280 1316 e
2291 1296 2308 1315 n
2320 1290 2328 1316 t
2341 1297 2354 1316 s
2390 1289 2435 1319 hat
2468 1289 2623 1324 mehrfache,
2657 1295 2735 1316 wenn

1906 1323 1968 1354 anch
1989 1321 2056 1355 nicht
2076 1322 2261 1356 ticsgreisende
2280 1323 2507 1357 Verbesserungen
2528 1316 2655 1357 gebracht.
2684 1323 2736 1351 Die

1907 1356 2122 1390 Einschränkung
2153 1358 2198 1384 der
2229 1356 2417 1390 Diskussionen
2450 1359 2495 1388 hat
2527 1357 2572 1392 sich
2602 1361 2648 1385 als
2678 1358 2736 1391 sehr

1908 1390 2014 1424 nützlich
2039 1391 2176 1424 erwiesen;
2202 1391 2246 1419 ein
2271 1391 2395 1420 weiterer
2419 1393 2515 1421 Abbau
2540 1394 2614 1420 tväre
2638 1400 2670 1427 zu
2696 1394 2736 1419 be¬

1908 1425 2021 1458 grüße».
2055 1425 2243 1459 insbesondere
2278 1425 2307 1453 in
2343 1428 2388 1454 der
2415 1427 2547 1460 Richtung
2572 1426 2646 1454 einer
2672 1427 2736 1455 Ent¬

1909 1459 2015 1493 lastung
2052 1460 2098 1486 des
2134 1459 2408 1491 MotionenmarltcS.
2446 1462 2488 1494 In
2526 1463 2572 1495 der
2611 1461 2737 1495 gesetz¬

1909 1493 2147 1528 geberischen
2173 1493 2374 1526 Tätigkeit
2410 1496 2471 1523 übte
2505 1496 2551 1523 der
2577 1495 2631 1523 Rat
2657 1496 2737 1530 große

1907 1528 2132 1563 Zurückhaltung.
2151 1528 2208 1556 Ter
2226 1526 2371 1562 verspätete
2391 1530 2521 1562 Maifrost
2541 1534 2602 1557 vom
2621 1531 2663 1557 2ft.
2674 1529 2737 1557 Mai

1910 1564 1984 1592 1933,
2010 1563 2068 1590 dein
2094 1563 2144 1590 das
2171 1563 2254 1596 Gesetz
2279 1563 2344 1591 über
2370 1565 2419 1591 das
2446 1564 2594 1597 öffentliche
2619 1564 2738 1596 Gesnnd-

1908 1596 2075 1630 hcitSwesen.
2100 1597 2151 1624 das
2177 1597 2260 1630 Gesetz
2286 1597 2351 1626 über
2378 1599 2419 1626 die
2444 1599 2738 1631 Verwaltungsrechts¬

1910 1631 1995 1665 pflege
2013 1631 2092 1662 sowie
2110 1632 2160 1658 das
2178 1632 2246 1666 dazu
2264 1632 2388 1665 gehörige
2405 1633 2659 1666 Verfassungsgesetz
2678 1639 2738 1665 zum

1910 1665 1995 1699 Opser
2013 1665 2103 1699 sielen,
2121 1666 2279 1699 veranlaßte
2298 1664 2354 1698 ihn.
2374 1675 2426 1694 nur
2445 1668 2486 1694 die
2502 1667 2738 1701 allernvtwendig-

1908 1699 1962 1732 sten
1984 1700 2124 1734 Vorlagen
2150 1700 2178 1728 in
2200 1700 2344 1735 Beratung
2366 1709 2398 1735 zu
2420 1701 2520 1735 ziehen.
2561 1701 2613 1729 Tie
2636 1701 2739 1735 einzige

1908 1733 2161 1769 abstimmungsreif
2190 1737 2345 1768 gewordene
2371 1736 2491 1769 Vorlage
2519 1750 2530 1753 -
2541 1750 2551 1753 -
2578 1736 2628 1763 das
2655 1735 2738 1768 Gesetz

1908 1768 1973 1796 über
2006 1767 2049 1796 die
2073 1769 2383 1803 Gebäudeversicherung
2432 1784 2439 1787 -
2461 1770 2554 1798 tvurde
2587 1775 2649 1797 vom
2671 1770 2738 1797 Volk

1907 1809 2114 1837 angenommen.
2152 1803 2204 1831 Tie
2242 1802 2357 1838 übrigen
2395 1804 2650 1838 Gesetzcsvvrlagc»,
2687 1803 2739 1832 mit

1909 1837 1992 1864 denen
2016 1837 2061 1869 sich
2085 1837 2130 1865 der
2154 1838 2208 1865 Rat
2231 1837 2404 1872 beschäftigte,
2427 1840 2538 1866 tvurde»
2563 1839 2641 1871 durch
2663 1838 2737 1866 drin¬

1909 1872 1990 1902 gende
2013 1865 2111 1904 äußere
2135 1871 2277 1904 Umstände
2300 1873 2453 1907 veranlaßt,
2478 1873 2503 1906 so
2527 1872 2569 1900 die
2592 1874 2667 1904 heute
2690 1879 2738 1907 zur

1908 1905 2091 1939 Behandlung
2111 1907 2274 1939 gelangende
2293 1906 2412 1940 Vorlage
2431 1906 2497 1935 über
2516 1907 2558 1934 die
2576 1908 2739 1940 Aendernng

1910 1941 1955 1966 des
1972 1940 2084 1973 Gesetzes
2101 1940 2248 1974 betresfend
2264 1940 2306 1968 die
2322 1942 2567 1976 Erbschaftssteuer,
2582 1941 2624 1969 die
2639 1942 2738 1970 Herab-

1910 1973 2008 2006 setzung
2029 1975 2075 2001 der
2096 1974 2285 2008 Besoldungen
2308 1975 2353 2003 der
2376 1976 2473 2006 Lehrer
2495 1977 2550 2003 und
2573 1975 2739 2008 Geistlichen,

1909 2009 1960 2035 das
1978 2008 2233 2048 Verfassungsgesetz
2251 2008 2317 2037 über
2336 2010 2378 2038 die
2396 2011 2586 2046 Herabsetzung
2606 2011 2652 2038 der
2670 2011 2739 2044 Zahl

1910 2044 1955 2069 der
1974 2041 2135 2077 Mitglieder
2155 2044 2201 2071 dcS
2220 2044 2423 2073 KantvnSrates
2442 2046 2497 2072 nnd
2517 2044 2558 2072 die
2577 2046 2740 2078 Aendernng

1909 2077 1955 2103 des
1977 2076 2307 2112 Lrganisationsgeseties.
2347 2079 2414 2108 Eine
2434 2079 2518 2113 Reihe
2539 2086 2591 2106 von
2615 2079 2739 2113 Gesetzes-

1909 2111 2039 2145 vorlagc»
2061 2110 2091 2145 ist
2110 2111 2179 2146 nicht
2198 2112 2460 2148 abstimmungsrcif,
2478 2121 2538 2149 zum
2558 2113 2619 2142 Teil
2638 2113 2738 2148 zurück-

1910 2144 2007 2179 gestellt

1964 2179 2021 2207 'JJiit
2045 2179 2208 2214 zahlreichen
2232 2181 2380 2215 Vorlagen,
2405 2182 2446 2209 die
2470 2182 2518 2218 fast
2541 2181 2741 2215 ausnahmslos

1913 2213 1962 2240 mit
1984 2214 2031 2240 der
2053 2213 2240 2249 Bekämpfung
2260 2213 2306 2244 der
2327 2214 2681 2251 Arbeitslosigkeit
2704 2215 2741 2243 im

1912 2247 2148 2281 Zusammenhang
2177 2249 2293 2283 standen,
2318 2251 2431 2278 wurde»
2459 2249 2567 2278 Kredite
2595 2249 2624 2277 in
2652 2249 2742 2282 erheb¬

1914 2281 1995 2311 lichen
2025 2282 2162 2316 Beträgen
2187 2282 2322 2315 verlangt.
2357 2284 2409 2312 Tie
2434 2283 2670 2317 Staatsrechnung
2696 2284 2742 2316 für

1914 2317 1980 2342 1932
2000 2316 2084 2350 schloß
2105 2317 2144 2343 bei
2166 2318 2238 2344 rund
2262 2319 2308 2343 l>2
2329 2318 2404 2346 Mill.
2424 2318 2471 2352 Fr.
2493 2318 2663 2351 Einnahmen
2686 2320 2741 2344 und

1914 2351 1985 2377 rund
2014 2352 2086 2380 111,3
2111 2350 2186 2378 Mill.
2213 2350 2259 2385 Fr.
2283 2351 2430 2386 Ausgaben
2454 2352 2504 2380 mit
2529 2352 2617 2379 einem
2640 2351 2742 2386 Defizit

1913 2388 1966 2410 von
1991 2384 2063 2411 rund
2087 2386 2129 2414 2,:t
2153 2384 2228 2413 Milt.
2256 2384 2313 2419 Fr.,
2339 2387 2461 2416 nachdem
2485 2386 2527 2414 die
2552 2388 2615 2419 zehn
2642 2391 2742 2412 voran¬

1913 2424 2084 2451 gegangenen
2107 2418 2197 2452 Jahre
2218 2418 2325 2451 jctveil«
2348 2419 2399 2447 mit
2421 2420 2523 2447 kleinen
2547 2419 2741 2454 Ileberschüsjen

1911 2451 2096 2485 abgeschlossen
2130 2453 2229 2484 hatte».
2269 2453 2325 2481 Ter
2356 2454 2538 2488 Voranschlag
2570 2455 2616 2481 des
2649 2454 2741 2487 Regie-

1914 2486 2078 2519 rungsrates
2097 2486 2144 2518 für
2165 2487 2229 2513 1934
2249 2486 2294 2519 sah
2313 2487 2357 2515 rin
2376 2487 2537 2523 Anwachsen
2559 2488 2605 2515 des
2623 2487 2742 2521 Defizits

1914 2519 1959 2551 für
1978 2519 2061 2553 dieses
2078 2520 2153 2553 Jahr
2171 2520 2218 2548 ans
2237 2522 2308 2548 rund
2330 2523 2386 2552 16.6
2404 2521 2479 2550 Will.
2500 2522 2546 2554 Fr.
2564 2527 2624 2549 vor.
2653 2522 2741 2555 Schon

1913 2555 1960 2581 der
1989 2552 2172 2590 Voranschlag
2202 2554 2247 2588 für
2280 2556 2346 2583 1933
2376 2556 2448 2587 halte
2481 2556 2524 2583 ein
2556 2555 2658 2590 Tesizit
2688 2560 2741 2583 von

1914 2589 1927 2615 7
1939 2589 1988 2614 334
1999 2589 2050 2614 900
2074 2588 2121 2621 Fr.
2147 2588 2313 2622 vorgesehen.
2347 2590 2403 2618 Ter
2429 2591 2602 2618 KantonSrat
2628 2589 2742 2623 beschloß

1913 2622 2025 2654 deshalb
2052 2622 2099 2656 auf
2126 2622 2235 2656 Antrag
2264 2624 2309 2650 der
2337 2623 2742 2662 EtaatSrechnungsprüfungü-

1913 2655 2089 2690 lonunissiv»,
2105 2657 2154 2684 den
2171 2657 2389 2692 Regicrungsrat
2407 2656 2576 2689 einzuladen,
2592 2666 2625 2692 zu
2643 2650 2741 2692 prüj'en

1914 2690 1968 2717 und
1990 2688 2097 2723 Bericht
2116 2688 2322 2725 einzubringe»,
2341 2697 2384 2719 >vo
2403 2692 2473 2726 rasch
2492 2691 2631 2726 wirksame
2651 2691 2736 2719 Ein¬

1913 2724 2136 2757 sparungen
2155 2724 2247 2758 erzielt
2264 2728 2371 2754 iverden
2390 2727 2512 2756 könnten,
2528 2727 2584 2754 und
2602 2725 2643 2754 die
2661 2726 2736 2758 Maß¬

1914 2758 2029 2788 nahmen
2058 2757 2272 2789 vorzubereiten,
2301 2766 2346 2788 um
2377 2761 2425 2788 den
2455 2760 2637 2795 Voranschlag
2668 2761 2743 2791 1934,

1912 2792 2092 2826 angemessene
2113 2791 2347 2828 Amortisationen
2373 2793 2545 2829 inbegriffen,
2570 2794 2616 2821 ins
2641 2793 2742 2824 Glrich-

1913 2825 2019 2859 geivicht
2037 2832 2070 2860 zu
2090 2825 2214 2866 bringen.
2242 2826 2337 2856 Damit
2361 2830 2405 2858 >>at
2426 2830 2472 2855 der
2490 2828 2664 2856 Kantonsrat
2684 2830 2742 2855 dem

1913 2859 2130 2895 Regiernngsrat
2150 2867 2208 2888 eine
2225 2860 2309 2895 völlig
2329 2861 2478 2889 unlösbare
2496 2862 2618 2897 Ausgabe
2637 2862 2742 2895 gestellt.

1913 2894 1970 2921 Ter
1986 2893 2169 2934 Voranschlag
2186 2894 2232 2922 des
2250 2894 2499 2930 RegiernngSrates
2517 2895 2563 2930 für
2582 2898 2647 2923 1934
2666 2895 2738 2930 zeigt,

1914 2927 1966 2960 daß
1988 2930 2017 2955 es
2041 2928 2193 2961 unmöglich
2216 2932 2285 2958 war.
2310 2929 2350 2957 bei
2380 2931 2425 2957 der
2449 2929 2666 2965 gegenwärtigen
2692 2931 2738 2957 Be¬

1912 2960 2100 3001 anspruchung
2125 2963 2172 2990 der
2198 2962 2348 2996 staatlichen
2375 2963 2469 2992 Mittel
2499 2963 2526 2991 in
2555 2965 2601 2991 der
2628 2963 2742 2998 gleichen

1913 2994 1972 3027 Zeit
2007 2995 2033 3029 so
2067 2996 2120 3023 viel
2156 2995 2327 3027 Einnahmen
2362 2997 2580 3031 hrreinznholen,
2614 2998 2666 3030 daß
2701 3000 2743 3025 die

1913 3029 2150 3064 Staatsrechnimg
2171 3029 2239 3061 ohne
2260 3030 2361 3065 Tesizit
2386 3024 2547 3066 abschließen
2569 3033 2671 3059 tvürde.

1960 3064 2013 3092 Als
2030 3066 2084 3092 von
2102 3062 2267 3099 vornherein
2286 3058 2492 3101 ausgeschlossen
2519 3064 2679 3102 bezeichnet«!
2696 3067 2741 3093 der

1909 3097 2129 3132 Regiernngsrat
2164 3098 2193 3126 in
2221 3099 2320 3132 seinem
2346 3100 2578 3136 Svnderberichtr,
2613 3102 2661 3128 der
2682 3101 2742 3129 eine

1909 3135 2001 3164 tvahrc
2030 3134 2194 3167 Fundgrube
2227 3134 2272 3167 für
2292 3135 2422 3169 Angaben
2455 3136 2520 3163 über
2550 3136 2592 3163 die
2623 3136 2741 3170 Finanz¬

1909 3168 2048 3201 gebarung
2077 3169 2123 3196 des
2143 3168 2270 3197 Kantons
2290 3169 2387 3205 Zürich
2415 3170 2443 3197 in
2472 3171 2521 3198 den
2553 3171 2641 3203 letzten
2661 3170 2741 3204 ztvöls

1908 3197 2017 3235 Jahre»
2041 3203 2168 3236 darstellt.
2191 3205 2239 3231 de»
2263 3204 2413 3235 Gedanken,
2435 3207 2485 3232 das
2504 3205 2618 3239 gesamte
2640 3205 2738 3239 Defizit

1909 3238 1988 3268 durcki
2009 3238 2252 3271 Stenererhöhnng
2272 3246 2303 3273 zu
2324 3240 2418 3268 decken.
2456 3239 2508 3268 Die
2525 3238 2735 3271 Steuereinnah¬

1908 3279 1971 3300 men
1986 3273 2032 3305 sür
2046 3274 2095 3300 da«
2112 3273 2187 3307 Jahr
2202 3275 2275 3305 1934,
2290 3274 2329 3302 bei
2347 3274 2435 3303 einem
2450 3275 2740 3309 hundertprozentige»

1909 3301 2147 3342 Staatsstruerfnst
2163 3307 2211 3337 ans
2229 3310 2261 3334 33
2280 3307 2354 3337 Will.
2373 3309 2419 3342 Fr.
2438 3309 2635 3349 angeschlagen,
2651 3310 2742 3339 hätten

1910 3349 1959 3375 zur
1978 3342 2099 3377 Deckung
2119 3344 2165 3370 de»
2186 3342 2304 3377 Defizits
2325 3348 2377 3373 von
2401 3346 2428 3371 13
2450 3344 2524 3373 Mill.
2546 3345 2592 3377 Fr.
2613 3343 2672 3371 eine
2693 3344 2739 3372 Er-

1910 3377 2021 3410 Höhung
2039 3377 2084 3404 des
2105 3378 2286 3408 Stenersnßes
2304 3379 2352 3408 ans
2370 3381 2418 3405 140
2438 3379 2481 3407 bis
2503 3381 2549 3406 160
2567 3379 2686 3412 Prozent
2702 3386 2739 3406 er¬

1912 3411 2021 3439 fordert.
2061 3412 2124 3445 Daß
2146 3411 2204 3440 dies
2228 3412 2294 3444 nicht
2317 3413 2429 3447 möglich
2451 3419 2519 3443 war.
2551 3414 2657 3448 leuchtet
2690 3414 2739 3442 ein.

1911 3446 1967 3474 Ter
1992 3446 2210 3488 Regiernngsrat
2244 3447 2309 3478 liielt
2342 3450 2390 3476 den
2416 3447 2510 3477 Kredit
2545 3449 2591 3476 des
2616 3448 2739 3477 Kantons

1910 3481 1989 3515 durch
2021 3482 2062 3509 die
2090 3486 2331 3516 Vvrangegangene
2363 3483 2519 3517 sorgfältige
2540 3483 2743 3518 Finanzpolitik

1910 3516 2040 3549 während
2058 3517 2105 3544 der
2119 3517 2205 3548 letzten
2223 3517 2312 3550 Jahre
2331 3518 2375 3552 sür
2392 3519 2484 3546 derart
2503 3518 2629 3551 gefestigt,
2648 3518 2698 3552 daß
2714 3525 2743 3545 er

1912 3551 2029 3584 glaubte,
2049 3550 2089 3578 bei
2110 3552 2156 3579 der
2175 3552 2263 3584 Frage
2284 3553 2329 3580 der
2349 3553 2468 3586 Deckung
2489 3554 2534 3580 des
2554 3551 2673 3587 Defizits
2690 3557 2743 3580 von

1912 3586 1987 3614 einer
2006 3586 2155 3620 Erhöhung
2174 3588 2219 3614 der
2235 3586 2422 3622 Staatssteuer
2441 3589 2565 3622 Ilmgang
2579 3589 2692 3620 nehme»
2711 3594 2743 3621 zu

1912 3620 2019 3654 dürfen.
2034 3621 2092 3655 Zur
2111 3620 2230 3655 Deckung
2248 3622 2294 3649 des
2311 3621 2428 3656 Defizits
2448 3622 2491 3656 sah
2509 3630 2537 3650 er
2552 3623 2666 3655 dagegen
2685 3627 2743 3649 ver¬

1912 3654 2041 3688 schiedene
2056 3655 2245 3692 Maßnahmen
2264 3661 2322 3687 vor.
2341 3657 2369 3685 in
2388 3657 2468 3688 erster
2486 3656 2563 3685 Linie
2580 3657 2657 3684 einen
2676 3657 2743 3685 Be¬

1914 3690 1995 3721 sold
2006 3698 2024 3718 u
2035 3698 2051 3718 n
2063 3698 2079 3724 g
2089 3699 2103 3717 s
2114 3698 2129 3718 a
2142 3691 2156 3718 b
2167 3691 2183 3718 b
2192 3698 2208 3718 a
2219 3698 2246 3719 ».
2281 3691 2368 3720 Dabei
2387 3692 2453 3726 ging
2467 3700 2496 3720 er
2513 3698 2566 3720 von
2582 3691 2669 3720 einem
2688 3692 2744 3719 ein¬

1911 3725 2017 3755 heitlich
2048 3725 2109 3759 fünf
2128 3726 2247 3759 Prozent
2269 3726 2447 3760 betragenden
2467 3726 2562 3755 Abbau
2593 3727 2640 3757 ans
2672 3726 2743 3754 allen

1912 3759 2145 3794 Gchallsbezügen
2164 3766 2225 3790 aus.
2246 3760 2337 3792 soweit
2358 3761 2425 3795 diese
2443 3761 2548 3795 Bezüge
2569 3761 2608 3789 bei
2630 3761 2742 3794 Ledigen

1912 3796 1980 3826 ohne
2001 3795 2312 3829 Ilnterstütznngspsticht
2335 3798 2403 3822 3000
2424 3796 2472 3828 Fr.
2494 3798 2550 3823 und
2569 3795 2609 3823 bei
2632 3795 2743 3829 Verhei¬

1912 3830 2014 3857 rateten
2034 3829 2113 3862 svivic
2133 3830 2246 3864 Ledigen
2274 3829 2322 3859 mit
2345 3830 2662 3865 IlnterstützungSpslicht.
2692 3829 2743 3858 mit

1911 3863 2053 3897 Einschluß
2076 3864 2150 3892 eines
2172 3865 2322 3899 anfällige»
2342 3865 2532 3894 Einkommens
2556 3866 2602 3893 der
2624 3865 2742 3898 Ehefrau

1912 3899 1975 3926 oder
1995 3900 2040 3926 der
2060 3899 2259 3934 Unterstützten,
2277 3902 2344 3926 4«>00
2365 3900 2411 3931 Fr.
2431 3899 2581 3934 übersteigt.
2619 3900 2656 3928 Er
2677 3900 2743 3930 rech¬

1912 3933 1970 3961 nete
1987 3936 2050 3965 aus,
2072 3934 2123 3968 daß
2145 3934 2231 3961 damit
2253 3933 2312 3962 eine
2333 3935 2483 3970 Ersparnis
2512 3940 2565 3963 von
2596 3935 2666 3962 rund
2686 3935 2742 3965 1,06

1911 3967 1987 3997 Mill.
2006 3968 2053 4003 Fr.
2069 3976 2101 4003 zu
2120 3968 2235 4003 erzielen
2256 3968 2299 4002 sei.

1960 4002 2050 4034 Durch
2083 4002 2141 4031 eine
2166 4004 2329 4038 Aendernng
2362 4005 2407 4032 deS
2441 4003 2600 4032 kantonalen
2626 4004 2647 4031 A
2660 4003 2744 4031 uto-

1908 4044 1935 4064 in
1946 4044 1962 4065 v
1972 4038 1988 4065 b
1999 4036 2008 4065 i
2020 4037 2029 4065 l
2040 4044 2056 4072 g
2065 4044 2078 4066 c
2089 4037 2099 4065 l
2109 4044 2121 4066 e
2131 4037 2149 4072 tz
2159 4044 2171 4066 c
2182 4040 2196 4066 S
2216 4037 2266 4066 mit
2284 4038 2376 4074 Bezug
2393 4038 2440 4073 a»f
2459 4038 2500 4066 die
2517 4037 2681 4073 Verteilung
2698 4038 2744 4065 der

1908 4071 2053 4105 Gebühren
2089 4071 2133 4106 für
2160 4072 2400 4108 Motorfahrzeuge
2434 4074 2488 4101 nnd
2514 4073 2668 4106 Fahrräder
2703 4079 2744 4106 ge¬

1909 4106 1995 4140 dachte
2021 4107 2067 4134 der
2093 4106 2311 4141 Regiernngsrat
2346 4108 2404 4136 eine
2430 4108 2657 4141 Mehreinnahine
2690 4111 2743 4135 von

1908 4141 1977 4169 etiva
1999 4141 2074 4169 einer
2096 4135 2212 4170 Million
2234 4142 2356 4175 Franke»
2379 4150 2411 4176 zn
2432 4143 2562 4176 erhalten.
2603 4142 2670 4170 Eine
2691 4142 2744 4169 Ab¬

1908 4176 2051 4210 änderung
2067 4176 2114 4204 des
2132 4177 2153 4204 E
2165 4184 2179 4204 r
2190 4177 2204 4203 b
2217 4175 2225 4208 s
2236 4177 2260 4208 ch
2270 4184 2287 4205 a
2299 4176 2307 4209 f
2319 4178 2327 4205 t
2339 4184 2353 4204 o
2365 4178 2381 4204 it
2394 4185 2406 4204 e
2418 4184 2434 4204 n
2445 4185 2457 4205 e
2467 4184 2482 4205 r
2493 4185 2508 4211 g
2518 4184 2531 4205 r
2541 4177 2550 4211 s
2561 4183 2573 4204 e
2584 4177 2601 4208 tz
2611 4184 2623 4203 e
2635 4183 2648 4204 s
2666 4176 2744 4206 durch

1908 4210 2120 4245 Verdoppelung
2145 4210 2263 4244 gewisser
2288 4211 2445 4246 Positionen
2471 4212 2543 4245 sollte
2567 4212 2626 4239 eine
2650 4211 2745 4244 Mehr-

1908 4244 2054 4279 einnahine
2071 4250 2124 4274 von
2145 4247 2195 4272 600
2205 4247 2256 4273 000
2274 4246 2320 4277 Fr.
2340 4247 2395 4274 nnd
2414 4247 2456 4275 die
2474 4246 2651 4280 Einführung
2669 4245 2745 4274 einer

1907 4279 1933 4307 B
1944 4278 1953 4307 i
1966 4280 1975 4307 l
1986 4281 1995 4306 l
2006 4287 2019 4307 r
2030 4280 2039 4307 t
2050 4280 2060 4308 t
2071 4280 2113 4311 ste
2124 4287 2164 4309 ne
2175 4288 2189 4309 r
2211 4282 2372 4311 annähernd
2403 4281 2462 4310 eine
2483 4279 2598 4309 Million
2621 4280 2744 4314 Franken

1908 4314 2029 4347 ergeben.
2067 4307 2109 4348 In
2130 4315 2226 4348 diesen»
2247 4315 2338 4344 Sinne
2360 4317 2426 4349 legte
2448 4316 2489 4343 die
2510 4315 2665 4349 Regierung
2687 4316 2744 4343 dem

1908 4348 2082 4378 Kantonsrat
2103 4349 2162 4383 fünf
2180 4349 2303 4385 Anträge
2323 4351 2367 4385 sür
2386 4350 2529 4384 Besck,lüsse
2549 4350 2628 4384 beztv.
2648 4350 2745 4383 Gesetze

1908 4387 1966 4410 vor.
2008 4384 2115 4412 Soweit
2139 4384 2217 4417 durch
2241 4383 2282 4412 die
2314 4386 2471 4416 erivähnic»
2496 4384 2745 4418 Mehreinnahmen

1909 4418 1965 4445 nnd
1982 4417 2237 4452 Minderansgaben
2255 4421 2304 4446 das
2321 4419 2422 4454 Defizit
2441 4419 2506 4450 nicht
2526 4420 2620 4452 gedeckt
2637 4420 2744 4447 iverden

1909 4451 2013 4483 könnte,
2035 4452 2120 4487 sckilng
2143 4454 2189 4481 der
2212 4453 2428 4494 Regiernngsrat
2453 4454 2494 4482 die
2517 4453 2668 4488 Schaffung
2699 4455 2745 4480 des

1909 4486 2010 4515 bereits
2031 4488 2188 4518 erwähnte»
2208 4486 2520 4520 AmvrtisativnSkontv»
2540 4489 2586 4522 sür
2608 4488 2648 4516 die
2671 4487 2744 4517 Defi¬

1908 4521 1959 4554 zite
1977 4522 2022 4549 der
2042 4520 2217 4556 Kriscnjahre
2235 4528 2292 4550 vor.
2311 4523 2404 4558 Dieser
2422 4523 2567 4557 Vorschlag
2586 4524 2631 4550 des
2650 4522 2744 4556 Regie¬

1908 4557 2073 4588 rnngSrates
2094 4557 2192 4584 ertvies
2214 4557 2259 4592 sich
2280 4556 2365 4592 jedoch
2384 4560 2429 4585 als
2450 4557 2519 4590 nicht
2539 4557 2744 4591 durchführbar,

1908 4588 1976 4620 nicht
2000 4590 2100 4627 sotvvhl
2121 4593 2175 4620 auS
2198 4590 2448 4626 sinanzteckinischen
2470 4593 2515 4620 als
2537 4592 2669 4623 vielmehr
2691 4594 2743 4619 ans

1908 4624 2062 4659 politischen
2090 4626 2231 4655 Gründen.
2275 4627 2347 4655 Bald
2374 4627 2455 4661 zeigte
2483 4627 2528 4661 sich
2556 4626 2670 4660 nämlich
2706 4626 2744 4654 im

1909 4659 1986 4691 Rate,
2012 4660 2063 4693 daß
2089 4660 2134 4695 für
2159 4660 2237 4689 einen
2264 4660 2525 4695 Besvldnngsabban
2559 4662 2627 4693 ohne
2652 4660 2743 4695 gleich¬

1908 4693 2002 4729 zeitige
2022 4695 2378 4729 Stenererhöhnng
2397 4696 2468 4725 keine
2486 4695 2625 4728 Mehrheit
2643 4703 2676 4730 zu
2704 4703 2744 4722 er¬

1909 4728 2001 4758 halten
2018 4734 2086 4757 tvar.
2103 4730 2156 4758 Die
2172 4729 2258 4762 Linke,
2275 4729 2318 4759 ein
2335 4731 2395 4759 Teil
2414 4732 2459 4758 der
2476 4729 2743 4765 Christlichsozialen,

1908 4762 2087 4792 Demokraten
2114 4765 2169 4792 nnd
2194 4763 2308 4794 Bauer»
2334 4766 2450 4793 bildeten
2486 4765 2544 4793 eine
2580 4764 2744 4798 geschlossene

1908 4797 2046 4829 Mehrheit
2069 4806 2150 4832 gegen
2173 4798 2231 4827 eine
2264 4799 2400 4834 derartige
2423 4792 2633 4833 Finanzpolitik.
2672 4800 2744 4827 Aber

1909 4833 1971 4864 anch
1989 4833 2037 4867 auf
2057 4833 2229 4867 freisinniger
2248 4833 2323 4862 Seite
2343 4834 2498 4868 befriedigte
2518 4834 2549 4869 sie
2568 4834 2635 4865 nickst
2654 4834 2731 4864 durch
2738 4846 2743 4855 -

1908 4870 1973 4899 tvcg.
1996 4867 2068 4896 Man
2090 4868 2253 4902 befürchtete,
2276 4869 2353 4904 durch
2375 4869 2543 4904 Anhäusnng
2564 4868 2647 4903 dieser
2669 4867 2743 4900 Desi-

1909 4899 1960 4933 zite
1985 4900 2015 4929 in
2040 4901 2099 4930 eine
2123 4902 2406 4943 Schnldeinvirtschnst
2429 4902 2677 4938 hincinzilgeraten,
2703 4902 2744 4930 die

1909 4936 1967 4963 dem
1984 4936 2077 4964 Kredit
2096 4937 2141 4965 des
2152 4938 2278 4965 Kantons
2295 4932 2440 4972 gesälirlich
2457 4939 2562 4967 iverden
2582 4938 2682 4966 könnte.
2702 4937 2744 4965 Sv

1910 4969 1990 5003 stellte
2016 4970 2060 5005 sich
2084 4971 2152 4999 denn
2179 4971 2220 4999 die
2246 4966 2403 5007 freisinnige
2427 4972 2556 5006 Fraktion
2581 4972 2632 5000 mit
2656 4972 2743 5000 einem

1909 5006 1962 5031 n»S
1987 5005 2163 5039 Heldenhafte
2190 5008 2354 5041 grenzenden
2382 5007 2461 5036 Mute
2487 5005 2629 5041 schließlich
2656 5008 2739 5038 mrhr-

1909 5038 2014 5071 heitlicli
2046 5040 2176 5074 ebenfalls
2207 5041 2255 5075 ans
2287 5040 2328 5070 die
2358 5041 2501 5076 Annahme
2532 5041 2606 5069 einer
2630 5041 2739 5069 Stener¬

1909 5073 2049 5109 erhöhnng
2073 5082 2128 5106 nm.
2152 5067 2301 5108 immerhin
2325 5077 2404 5104 nnter
2428 5077 2473 5104 der
2496 5075 2668 5110 Bedingung,
2692 5076 2743 5106 daß

1910 5107 2073 5143 gleichzeitig
2090 5110 2136 5137 der
2153 5110 2316 5142 Lohnabbau
2337 5119 2372 5139 »n
2390 5110 2482 5139 Sinne
2498 5112 2544 5138 der
2560 5111 2680 5144 Vorlage
2698 5111 2744 5138 des

1910 5141 2159 5177 Regierungsratcs
2177 5144 2363 5179 durchgesührt
2379 5146 2474 5173 iverde.
2492 5144 2544 5173 Die
2560 5148 2612 5173 ans
2632 5146 2678 5173 der
2695 5146 2744 5173 Er-

1909 5176 2019 5211 Höhung
2038 5179 2084 5205 des
2103 5171 2284 5212 Sieuersußes
2304 5186 2349 5208 »in
2374 5182 2402 5206 l"
2421 5180 2539 5214 Prozent
2558 5179 2744 5214 entspringen-

1909 5211 1957 5239 den
1979 5212 2225 5246 Mehreinnahmen
2247 5214 2352 5242 werden
2373 5219 2435 5242 vom
2456 5213 2676 5249 Regiernngsrat
2695 5215 2744 5249 ans

1908 5247 1949 5277 3,6
1969 5246 2044 5274 Will.
2064 5247 2109 5282 Fr.
2129 5247 2325 5283 angeschlagen.

1965 5280 2008 5308 Da
2033 5282 2079 5308 der
2103 5282 2275 5310 Kantvnsrat
2302 5282 2497 5317 rechtskräftige
2521 5283 2664 5317 Beschlüsse
2690 5290 2742 5311 nur

1915 5314 2037 5350 insotveik
2057 5316 2137 5351 fassen
2155 5317 2257 5348 konnte,
2274 5318 2320 5345 als
2338 5324 2367 5346 er
2384 5325 2434 5353 zur
2452 5318 2611 5355 Festsetzung
2628 5320 2675 5346 der
2693 5319 2743 5348 Be-

2770 399 2916 433 soldnngen
2932 399 3071 433 zuständig
3084 398 3126 431 ist,
3138 398 3204 429 muß
3218 398 3265 425 der
3278 395 3540 430 Besoldungsabbau
3553 393 3601 426 für

2771 434 2813 461 die
2831 435 2971 466 Lehrer
2989 434 3034 461 der
3052 431 3218 468 Volksschule
3236 434 3292 459 und
3311 434 3356 458 der
3375 431 3400 458 G
3410 438 3423 457 e
3433 430 3442 457 i
3454 430 3473 460 st
3485 431 3492 455 l
3504 430 3512 456 i
3523 429 3549 461 ch
3559 435 3572 455 c
3581 435 3601 455 n

2771 473 2822 495 vor
2841 469 2891 495 das
2910 468 2977 496 Volk
2996 469 3116 502 gebracht
3135 469 3253 497 werden,
3272 469 3304 493 da
3325 465 3392 497 diese
3411 465 3600 497 Besoldungen

2772 503 2850 533 durch
2869 502 2913 530 ein
2934 503 3051 537 Gesetz
3070 504 3185 537 geregelt
3207 502 3272 535 sind.
3291 502 3351 528 Aus
3371 499 3467 533 diesem
3487 499 3601 526 Grunde

2773 539 2818 569 hat
2837 537 2882 571 sich
2901 539 2950 564 das
2969 537 3036 565 Volk
3054 538 3083 565 in
3104 539 3149 564 der
3168 535 3436 571 Juli-Abstimmung
3454 541 3487 567 zu
3506 533 3601 565 diesem

2770 572 2831 601 Teil
2846 573 2891 599 des
2906 572 3197 605 Besoldnngsabbanes
3210 569 3428 605 auszusprcchen.
3441 569 3521 596 Wird
3535 568 3602 595 diese

2772 608 2892 639 Vorlage
2910 612 2972 634 vom
2989 607 3070 635 Volke
3087 613 3294 639 angenommen,
3311 605 3338 639 so
3355 604 3427 631 wird
3444 605 3491 631 der
3508 603 3602 643 bezüg¬

2773 641 2835 675 liche
2849 641 3111 676 Besoldungsabbau
3127 641 3156 669 in
3172 641 3353 674 Verbindung
3367 638 3418 667 mit
3434 637 3601 671 demjenigen

2772 678 2818 703 der
2834 675 2948 710 übrigen
2966 676 3116 711 staatlichen
3133 675 3318 711 Funktionäre
3335 675 3397 706 »ach
3413 673 3534 706 neueste»
3551 669 3603 700 Be¬

2773 710 2938 745 rechnungen
2958 712 3003 738 des
3023 711 3272 744 RegiernngSrates
3291 710 3350 737 eine
3368 707 3604 742 Minderausgabe

2773 751 2826 773 von
2845 745 2957 785 jährlich
2977 747 3030 776 1,71
3052 746 3127 775 Mill.
3147 746 3193 777 Fr.
3212 744 3332 779 ergeben.

2822 779 2874 808 Die
2895 779 3169 815 regicrungsrätliche
3189 781 3309 813 Vorlage
3330 778 3397 806 über
3419 778 3460 805 die
3481 777 3603 805 Abändc-

2771 823 2844 849 rnng
2859 816 2906 843 des
2921 815 3084 845 kantonalen
3099 818 3121 844 A
3135 814 3494 848 »tomobilgesrtzeS
3510 813 3603 840 wurde

2772 851 2810 878 im
2829 851 3002 879 Kantonsrat
3019 851 3151 885 ebenfalls
3172 851 3238 884 nicht
3256 850 3441 878 unverändert
3457 854 3603 883 angenom¬

2770 893 2841 915 men.
2862 886 2918 914 Ter
2939 886 3111 921 Widerstand
3135 889 3180 914 der
3202 885 3241 914 im
3263 885 3367 918 ictzigen
3390 884 3488 916 Gesetze
3510 882 3604 918 schein¬

2772 924 2821 949 bar
2847 921 3053 956 Privilegierten
3080 922 3178 950 Städte
3213 920 3309 961 Zürich
3342 921 3397 947 und
3431 917 3604 951 Winterthur

2773 956 2874 991 nötigte
2898 965 2930 991 zu
2952 956 3039 985 einem
3063 956 3252 992 Kompromiß,
3277 956 3323 983 der
3345 958 3403 982 dem
3428 954 3524 982 Staate
3543 954 3605 987 statt

2772 994 2818 1020 der
2843 993 2974 1026 erhofften
2999 992 3115 1021 Million
3149 1000 3203 1019 nur
3228 993 3278 1018 760
3287 992 3339 1018 000
3362 990 3410 1024 Fr.
3442 988 3603 1023 cinbringe»

2770 1027 2850 1055 tvird.
2880 1028 2933 1055 Die
2964 1028 3128 1061 Aendernng
3158 1029 3205 1054 des
3234 1027 3256 1054 E
3266 1034 3282 1053 r
3291 1026 3308 1053 b
3318 1025 3327 1059 j
3337 1026 3363 1059 ch
3372 1033 3388 1052 a
3400 1025 3409 1059 j
3419 1025 3429 1052 k
3439 1030 3455 1051 s
3466 1025 3485 1057 st
3495 1032 3508 1051 e
3518 1033 3536 1052 u
3546 1032 3558 1051 c
3569 1032 3584 1051 r
3596 1037 3604 1043 -

2772 1063 2927 1096 gesetzes
2944 1063 2991 1095 soll
3006 1064 3127 1091 alsdann
3145 1063 3203 1090 eine
3219 1060 3448 1095 Ntehreinnahme
3464 1066 3516 1087 von
3528 1059 3602 1087 einer

2772 1100 2870 1131 halben
2889 1097 3005 1126 Million
3023 1099 3146 1131 Franken
3165 1099 3284 1130 ergeben.

2823 1133 2876 1162 Die
2898 1130 3459 1167 Staatsrechnnngsprüsungskommission
3483 1130 3548 1164 ging
3571 1130 3608 1162 je¬

2773 1170 2832 1203 doch
2857 1170 2918 1202 noch
2940 1168 3042 1197 weiter.
3065 1169 3116 1196 Sie
3139 1169 3221 1202 suchte
3243 1166 3412 1200 Ersparnisse
3437 1167 3550 1198 dadurch
3573 1172 3607 1199 zu

2772 1204 2914 1239 erreichen,
2947 1204 3000 1237 daß
3029 1203 3071 1232 die
3105 1204 3173 1237 Zahl
3204 1203 3251 1231 der
3287 1201 3525 1234 Mitglieder
3559 1203 3607 1228 des

2773 1240 3070 1268 KantonsratcS
3100 1239 3148 1270 auf
3179 1242 3187 1265 1
3194 1241 3226 1264 SO
3257 1238 3346 1270 (heute
3374 1238 3438 1269 220)
3471 1238 3526 1264 und
3556 1239 3607 1263 das

2773 1276 2893 1309 Taggeld
2910 1279 2964 1302 von
2986 1276 3017 1301 10
3034 1275 3082 1309 aus
3101 1277 3117 1300 3
3134 1275 3182 1307 Fr.
3200 1273 3368 1306 herabgesetzt
3388 1273 3495 1299 werde»
3516 1272 3607 1305 sollen.

2773 1311 2825 1339 Tie
2841 1310 3096 1345 Minderausgabcn
3116 1315 3169 1337 aus
3190 1310 3275 1342 diesen
3295 1308 3478 1336 Reduktionen
3499 1309 3605 1334 werden

2774 1346 2842 1379 nicht
2866 1345 2995 1379 erheblich
3021 1345 3085 1381 sein.
3110 1346 3163 1373 Die
3186 1344 3352 1379 bezüglichen
3374 1343 3497 1376 Anträge
3522 1342 3607 1372 habe»

2773 1384 2842 1409 denn
2859 1381 2922 1412 auch
2937 1381 3013 1411 mehr
3030 1381 3186 1414 moralische
3200 1380 3369 1413 Bedeutnng.
3386 1379 3414 1406 in
3431 1380 3488 1406 dem
3507 1378 3608 1408 Sinne,

2777 1416 2828 1451 daß
2847 1417 2894 1444 der
2914 1417 2968 1445 Rat
2986 1417 3044 1444 dem
3064 1416 3145 1445 Volke
3161 1416 3251 1449 zeigen
3273 1414 3341 1443 tvill.
3360 1414 3412 1446 daß
3431 1421 3460 1441 er
3478 1414 3541 1446 anch
3561 1413 3608 1447 sei¬

2776 1452 2889 1485 nerseits
2913 1460 2944 1486 zu
2970 1452 3075 1484 Opfern
3102 1452 3186 1479 bereit
3210 1451 3248 1484 ist.

2826 1487 2903 1522 Diese
2923 1487 3171 1521 Mehreinnahmen
3194 1488 3250 1514 und
3274 1485 3527 1519 MindcranSgaben
3550 1490 3609 1512 ver-

2775 1524 2870 1558 mögen
2888 1521 2991 1557 freilich
3010 1524 3059 1551 das
3080 1522 3183 1557 Defizit
3199 1522 3261 1553 noch
3281 1523 3360 1555 lange
3375 1520 3444 1555 nicht
3463 1527 3496 1555 zu
3514 1521 3610 1548 decken-

2774 1559 2826 1587 Die
2858 1556 3420 1594 Staatsrechniuigsprüsungskommission
3452 1556 3518 1590 stellt
3550 1558 3609 1583 des-

2775 1595 2838 1625 I,alb
2855 1594 2904 1621 den
2923 1594 3039 1629 Antrag,
3058 1595 3107 1622 den
3126 1592 3346 1628 Regiernngsrat
3363 1591 3533 1626 cinzuladen,
3551 1594 3608 1618 dem

2776 1629 2948 1658 KantonSrat
2980 1629 3023 1663 ein
3054 1630 3282 1663 Programm
3322 1629 3388 1655 über
3420 1626 3609 1661 Maßnahmen

2775 1665 2824 1699 zur
2860 1664 3153 1700 Verbesserung
3192 1667 3238 1692 der
3276 1663 3521 1705 Finanzlage
3563 1664 3610 1689 deS

2777 1700 2892 1729 Staates
2915 1699 3119 1735 einzubringen.
3144 1699 3196 1729 Die
3222 1699 3378 1734 Regierung
3406 1698 3435 1730 ist
3459 1700 3518 1726 dem
3543 1698 3609 1727 Auf¬

2776 1738 2838 1769 trag
2856 1737 2933 1769 durch
2950 1736 3071 1769 Vorlage
3090 1736 3165 1764 eines
3186 1741 3248 1763 vom
3263 1738 3289 1763 4.
3300 1734 3371 1768 Juin
3394 1736 3457 1760 1934
3476 1734 3607 1761 datierten

2775 1772 2911 1805 Berichtes
2938 1771 3162 1805 »achgckonuncn.
3189 1771 3283 1805 Dieser
3307 1770 3412 1803 Bericht
3441 1770 3535 1803 beruht
3560 1768 3609 1802 aus

2776 1807 2850 1835 cincr
2869 1807 2927 1839 sehr
2946 1806 3123 1842 sorgfältigen
3141 1807 3271 1840 Prüfung
3289 1804 3365 1834 einer
3386 1805 3459 1839 jeden
3479 1804 3610 1839 Möglich-

2777 1843 2834 1873 lcit,
2857 1842 2899 1870 die
2921 1842 3093 1873 Einnahmen
3118 1850 3151 1876 zu
3172 1842 3289 1872 erhöhe»
3318 1843 3373 1868 und
3398 1841 3440 1867 die
3463 1841 3611 1874 Ausgaben

2776 1877 2978 1912 herabzusctzen.
3003 1878 3058 1909 (Da
3082 1878 3124 1906 die
3150 1878 3198 1910 „N.
3208 1878 3238 1911 Z.
3248 1877 3303 1912 Z.'
3327 1878 3376 1904 den
3401 1876 3502 1909 Inhalt
3526 1875 3610 1905 dieser

2776 1913 2909 1947 Botschaft
2927 1913 3027 1941 bereits
3049 1913 3195 1946 eingehend
3215 1912 3369 1947 besprochen
3389 1911 3444 1944 hat.
3464 1911 3609 1945 verzickiteu

2777 1949 2831 1976 wir
2857 1948 2916 1982 hier
2935 1949 2983 1981 auf
3006 1949 3048 1977 die
3069 1949 3242 1981 Wiedergabe
3266 1950 3312 1975 der
3335 1947 3515 1981 bctressenden
3538 1947 3610 1974 Aus¬

2777 1985 2931 2019 führungen
2956 1985 3007 2012 Dr.
3018 1984 3190 2019 Weisslogs.)

2830 2020 2887 2048 Der
2904 2019 3028 2050 Referent
3048 2020 3131 2054 schloß
3148 2020 3197 2047 mit
3215 2021 3273 2047 dem
3290 2018 3416 2054 Hinweis
3433 2018 3542 2051 darauf,
3558 2017 3610 2048 daß

2779 2054 2997 2088 Regierungsrat
3014 2057 3070 2082 nnd
3086 2055 3260 2083 Kantonsrat
3277 2053 3442 2088 entschlossen
3460 2053 3526 2087 sind,
3541 2053 3610 2079 alles

2779 2097 2811 2122 zu
2836 2089 2895 2120 tun.
2920 2097 2966 2116 um
2993 2090 3071 2120 durcki
3096 2089 3155 2117 eine
3180 2088 3337 2123 sorgfältige
3364 2088 3610 2121 Finanzgebarung

2781 2127 2829 2151 den
2847 2124 2927 2158 guten
2945 2123 3001 2156 Ruf
3019 2127 3064 2152 des
3082 2124 3208 2152 Kantons
3225 2123 3322 2158 Zürich
3338 2123 3455 2152 aufrecht
3473 2130 3504 2155 zn
3522 2122 3610 2151 erhat-

2781 2161 2832 2187 ten.
2854 2160 2893 2192 In
2916 2160 2962 2186 der
2981 2159 3034 2187 Tat
3056 2160 3124 2186 kann
3146 2159 3227 2187 unter
3249 2161 3294 2186 der
3315 2157 3537 2192 Voraussetzung,
3559 2157 3610 2188 daß

2781 2196 2830 2221 das
2849 2193 2916 2222 Volk
2934 2193 2982 2221 mit
3004 2194 3177 2222 Kantonsrat
3196 2194 3251 2221 und
3271 2193 3427 2227 Regierung
3447 2192 3609 2225 ziisannnrn-

2779 2227 2893 2257 arbeitet
2921 2230 2975 2256 und
3003 2229 3044 2256 die
3072 2229 3128 2263 ihm
3156 2228 3367 2256 unterbreiteten
3396 2227 3535 2260 Vorlagen
3562 2234 3610 2254 an-

2781 2264 2889 2293 ninnnt.
2909 2263 2996 2297 gesagt
3015 2266 3132 2294 iverden,
3152 2263 3204 2296 daß
3224 2263 3265 2290 die
3284 2262 3453 2296 Finanzlage
3473 2264 3519 2289 des
3539 2261 3610 2289 Kan¬

2781 2301 2843 2326 tons
2859 2297 2954 2332 Zürich
2968 2298 3026 2326 eine
3040 2300 3172 2330 durchaus
3186 2298 3327 2332 geordnete
3343 2297 3381 2330 ist.
3396 2297 3454 2324 lind
3468 2302 3546 2324 ivenn
3561 2299 3611 2323 das

2782 2334 2896 2367 Zürcher
2914 2334 2979 2361 Volk
3000 2334 3048 2361 den
3067 2333 3210 2368 Anträge»
3228 2333 3275 2365 für
3294 2332 3336 2360 die
3354 2331 3518 2366 Sanierung
3536 2331 3611 2363 unse¬

2782 2376 2826 2396 rer
2848 2360 2987 2402 Finanzen
3008 2368 3153 2403 znstimmt,
3173 2371 3234 2395 tvas
3256 2367 3446 2401 zuversichtlich
3467 2374 3499 2398 zu
3522 2366 3609 2400 hoffen

2781 2403 2821 2433 ist.
2835 2404 2908 2430 dann
2922 2402 2990 2437 zeigt
3005 2406 3034 2431 es
3049 2404 3094 2437 sich
3110 2403 3139 2430 in
3152 2402 3394 2438 ansgcsprochener
3408 2401 3494 2434 Stteise
3507 2403 3552 2428 als
3567 2401 3610 2428 ein

2780 2439 2856 2468 Volk,
2872 2439 2922 2465 das
2939 2437 3018 2471 weiß,
3033 2441 3094 2466 tvas
3111 2442 3139 2465 es
3157 2437 3254 2471 seinem
3272 2438 3372 2465 Staate
3389 2436 3503 2471 schuldig
3520 2436 3560 2470 ist.

2832 2473 2930 2501 Lauter
2949 2473 3104 2507 Beifall
3127 2473 3217 2502 lohnte
3236 2474 3285 2499 den
3305 2471 3422 2501 Redner,
3441 2473 3487 2499 der
3504 2478 3533 2498 cs
3553 2476 3610 2498 ver¬

2782 2508 2889 2540 standen
2911 2509 2991 2540 hatte,
3012 2507 3081 2542 seine
3100 2507 3327 2541 Ausführungen,
3347 2506 3389 2533 die
3409 2506 3546 2541 eigentlich
3567 2506 3610 2533 ein

2782 2543 2911 2570 trockenes
2930 2543 3032 2573 Thema
3053 2543 3237 2573 behandelte»,
3257 2542 3335 2574 durch
3356 2541 3481 2574 reizvolle
3501 2541 3610 2569 Bemer-

2781 2579 2881 2612 kunge»
2902 2577 3033 2611 kritischer
3051 2578 3103 2606 Art
3123 2578 3178 2605 und
3198 2577 3276 2608 durch
3297 2576 3385 2606 seine»
3406 2577 3609 2608 temperament¬

2780 2613 2867 2640 volle»
2882 2612 3005 2646 Vortrag
3021 2612 3174 2645 interessant
3192 2613 3246 2639 nnd
3262 2611 3367 2645 scsselnd
3382 2618 3415 2644 zu
3429 2611 3563 2644 gestalte».

2833 2648 2901 2676 Dem
2929 2647 3006 2676 Dank
3033 2656 3069 2675 an
3099 2649 3148 2675 de»
3177 2647 3337 2681 Referenten
3368 2646 3439 2679 fügte
3467 2646 3609 2679 Präsident

2780 2683 2805 2711 G
2816 2690 2834 2710 u
2845 2683 2854 2710 t
2869 2683 2962 2711 Worte
2976 2683 3022 2710 der
3035 2682 3235 2716 Anerkennung
3250 2682 3399 2715 gegenüber
3414 2683 3459 2708 der
3474 2675 3611 2716 freisinni¬

2781 2717 2829 2752 gen
2858 2716 3048 2751 Fraktion
3076 2719 3122 2745 des
3141 2716 3345 2746 KantvusratcS
3373 2715 3423 2746 bei.
3442 2717 3521 2743 deren
3542 2715 3611 2744 !lllit-

2782 2752 2882 2786 glieder
2903 2752 2948 2786 sick>
2967 2751 3007 2779 bei
3029 2754 3074 2780 der
3093 2752 3237 2786 Beratung
3256 2753 3301 2778 der
3320 2750 3459 2785 ivichligen
3479 2750 3611 2785 Geschäfte

2781 2794 2833 2815 von
2856 2788 2902 2814 der
2922 2787 3012 2819 Sorge
3033 2788 3078 2821 sür
3099 2788 3147 2814 den
3168 2785 3403 2820 Staatshaushalt
3424 2786 3507 2815 haben
3530 2785 3610 2812 leiten

2783 2822 2862 2855 lassen
2881 2822 2937 2849 und
2954 2822 3017 2853 auch
3035 2827 3085 2849 vor
3103 2822 3208 2855 Opfern
3228 2821 3265 2849 im
3284 2820 3416 2854 Interesse
3434 2822 3479 2847 des
3498 2820 3609 2848 Staats-

2781 2858 2851 2889 wohl
2871 2856 2938 2891 nicht
2957 2856 3192 2892 znrückschrrckte».

2814 2941 2870 2968 Ter
2888 2940 3032 2975 Parteitag
3049 2941 3188 2974 empfiehlt
3208 2942 3256 2967 den
3270 2938 3552 2973 Stiminbercchtigten
3569 2940 3611 2965 die

2775 2977 2797 3003 2l
2811 2984 2826 3002 n
2840 2984 2855 3003 n
2867 2983 2882 3003 a
2894 2978 2909 3006 h
2921 2983 2946 3002 i»
2958 2983 2970 3002 c
2986 2977 3031 3004 der
3046 2976 3105 3011 fünf
3117 2977 3138 3003 A
3151 2976 3166 3003 b
3178 2975 3196 3007 st
3208 2975 3215 3002 i
3227 2982 3254 3003 m
3265 2982 3292 3003 m
3303 2982 3320 3003 u
3331 2982 3347 3002 n
3360 2983 3376 3008 g
3387 2979 3400 3001 s
3411 2979 3426 3000 v
3438 2982 3452 3001 o
3465 2981 3478 3000 r
3490 2975 3497 3000 l
3509 2982 3524 3001 a
3536 2982 3551 3007 g
3562 2980 3574 3000 e
3585 2982 3610 3001 n.

2780 3011 2838 3039 Den
2861 3010 2967 3041 Bericht
2989 3011 3053 3039 über
3075 3011 3116 3039 die
3136 3010 3301 3045 Aussprache
3320 3009 3538 3042 verössentlichen
3558 3009 3611 3036 mir

2781 3047 2809 3075 in
2831 3047 2905 3074 einer
2928 3047 2972 3074 der
2994 3047 3111 3082 nächste»
3134 3047 3294 3075 Nummern.
3316 3045 3367 3074 Die
3388 3046 3452 3073 Red.

2904 3155 3061 3204 Unsere
3089 3154 3485 3203 Turnweltmeister

3043 3213 3091 3253 in
3120 3213 3193 3253 der
3220 3212 3344 3261 Züga

2821 3281 2866 3306 HO.
2888 3279 2945 3306 Und
2962 3278 3027 3313 aufs
3045 3286 3111 3307 neue
3130 3279 3172 3307 ein
3193 3278 3262 3312 Sieg
3280 3278 3328 3312 auf
3346 3278 3392 3305 der
3413 3284 3516 3312 ganzen
3534 3276 3611 3306 Linie

2783 3320 2837 3346 und
2857 3320 2991 3351 nochmals
3009 3318 3053 3346 ein
3074 3318 3319 3352 durchschlagender
3338 3316 3434 3350 Erfolg
3452 3316 3498 3350 für
3517 3315 3611 3350 unsere

2783 3356 2979 3392 schiveizerische
3002 3356 3139 3386 Tnrnerei
3163 3357 3218 3384 und
3242 3355 3335 3389 nnsere
3358 3356 3487 3382 wackeren
3512 3354 3610 3388 Sieger

2785 3395 2822 3423 im
2848 3394 3115 3430 Weltineistertämpf
3146 3395 3174 3423 i»
3202 3395 3345 3428 Budapest,
3370 3400 3412 3421 ivv
3439 3393 3531 3427 unsere
3556 3392 3612 3427 acht

2783 3434 2877 3468 Besten
2903 3433 2931 3461 in
2957 3433 3082 3468 hartem,,
3097 3433 3199 3469 heißem
3224 3432 3371 3467 Wettstreit
3396 3431 3437 3459 die
3463 3431 3534 3459 Elite
3557 3436 3611 3458 von

2783 3472 2864 3508 zivöls
2889 3471 3026 3500 ?!ationen
3053 3470 3233 3507 einwandfrei
3261 3472 3388 3506 schlugen.
3424 3472 3438 3497 7
3449 3471 3464 3497 0
3474 3472 3517 3497 00
3541 3470 3612 3503 Zu-

2784 3511 2790 3546 s
2803 3511 2827 3544 ch
2838 3519 2854 3539 a
2865 3518 2883 3538 u
2893 3518 2905 3538 e
2917 3518 2931 3538 r
2964 3510 3134 3546 nmsännitcn
3166 3518 3211 3539 am
3244 3515 3431 3544 vergangenen
3465 3509 3612 3542 Samstag¬

2784 3550 2868 3577 abend
2891 3549 2932 3577 die
2952 3549 3090 3584 sastgrüne
3113 3548 3277 3584 Zügawiese,
3297 3550 3366 3576 7000
3387 3547 3523 3582 Personen
3545 3548 3613 3582 folg¬

2785 3589 2827 3616 ten
2851 3588 2901 3616 mit
2924 3588 3066 3624 atemloser
3089 3588 3251 3623 Spannnng
3273 3590 3328 3615 und
3351 3586 3496 3620 steigender
3518 3585 3613 3619 Begei-

2785 3626 2892 3661 sterung
2925 3628 2973 3654 den
3007 3627 3169 3659 annähernd
3203 3626 3259 3654 drei
3295 3625 3422 3654 Stunde»
3456 3625 3613 3653 dauernde»

2784 3665 3000 3699 Darbietungen,
3025 3666 3083 3693 eine
3110 3665 3222 3699 schöner,
3248 3664 3372 3698 schwerer
3397 3664 3452 3690 nnd
3482 3663 3614 3697 imponie¬

2786 3704 2882 3732 render
2903 3705 2948 3731 als
2973 3703 3014 3732 die
3037 3705 3145 3734 andere,
3169 3703 3224 3737 jede
3247 3704 3317 3735 exakt
3343 3701 3534 3737 diszipliniert,
3558 3701 3615 3735 jede

2784 3742 2835 3771 mit
2865 3742 3053 3776 spielerischem
3082 3742 3228 3778 Schwung,
3257 3741 3308 3770 mit
3337 3740 3529 3775 Meisterschaft
3559 3743 3614 3768 und

2784 3780 2885 3816 Grazie
2915 3781 3077 3815 dargeboten
3134 3795 3141 3798 -
3177 3782 3244 3808 7000
3274 3778 3431 3815 Zuschauer,
3462 3779 3614 3814 andächtig-

2785 3820 2837 3855 still
2861 3819 2991 3850 während
3017 3821 3062 3847 der
3088 3818 3314 3854 Vorführungen,
3341 3818 3478 3852 begeistert
3503 3819 3559 3845 »nd
3584 3825 3613 3845 in

2785 3858 2871 3891 ihrem
2890 3858 2973 3891 Jubel
2992 3857 3214 3893 übcrschäuincnd
3235 3859 3296 3890 nach
3314 3856 3443 3891 Abschluß
3461 3858 3508 3884 der
3525 3856 3614 3890 jrivci-

2784 3897 2856 3931 ligen
2875 3896 3032 3931 Leistungen
3050 3910 3093 3928 —,
3113 3898 3168 3924 nnd
3189 3896 3217 3925 in
3236 3896 3371 3930 Budapest
3391 3900 3441 3923 vor
3461 3896 3537 3923 kaum
3555 3895 3612 3922 drei

2784 3935 2895 3969 Jtzoche»
2917 3934 3005 3970 saßen,
3027 3936 3073 3970 gut
3097 3935 3239 3969 gerechnet,
3259 3942 3295 3962 an
3318 3934 3410 3961 beiden
3433 3933 3614 3968 Kampftagen

2784 3973 2916 4008 höchstens
2947 3975 3015 4002 3000
3044 3974 3192 4009 Zuschauer
3220 3974 3268 4007 ans
3299 3975 3349 4000 den
3379 3972 3531 4003 Tribünen,
3560 3977 3624 4004 von.

2784 4013 2868 4041 denen
2891 4012 2936 4046 sich
2958 4011 2999 4040 die
3024 4012 3131 4045 meisten
3153 4019 3207 4040 nur
3232 4012 3276 4045 für
3298 4010 3340 4039 die
3360 4010 3515 4046 Leistlingen
3538 4010 3614 4041 ihrer

2784 4051 2894 4084 eigenen
2926 4051 3089 4079 Landsleute
3122 4049 3318 4086 Interessierte»
3353 4063 3357 4067 -
3418 4056 3481 4077 man
3513 4048 3615 4083 vergaß

2784 4089 2851 4124 diese
2869 4088 3083 4124 unerfreulichen
3102 4088 3315 4124 Erinnerungen
3335 4087 3414 4121 rasch,
3435 4088 3467 4115 da
3486 4094 3551 4116 man
3569 4095 3615 4115 am

2784 4127 3006 4162 Samstagabend
3026 4127 3121 4156 mitten
3142 4127 3179 4155 im
3200 4127 3350 4155 dankbaren
3372 4127 3452 4155 Volke
3471 4126 3524 4160 saß.

2836 4165 2923 4199 Schon
2954 4167 3003 4194 das
3034 4166 3281 4202 Gesamtbild
3310 4170 3370 4193 war
3401 4165 3541 4198 erhebend:
3573 4165 3615 4192 die

2784 4203 2955 4238 ehrwürdige
2998 4204 3081 4239 Zeder
3123 4204 3175 4233 mit
3218 4203 3296 4238 ihren
3339 4202 3615 4238 weitausgreisenden

2783 4242 2877 4278 Aesten
2901 4242 2939 4271 im
2962 4243 3121 4278 nächtlichen
3143 4242 3271 4277 Himmel,
3298 4242 3340 4270 die
3361 4242 3422 4276 leise
3445 4248 3508 4270 vom
3531 4242 3614 4270 Wind

2785 4282 2898 4315 beivegte
2923 4280 3079 4317 Blntbnche,
3107 4282 3240 4309 darunter
3268 4281 3310 4309 die
3338 4281 3450 4309 Turner
3477 4280 3506 4308 in
3535 4280 3613 4315 ihren

2783 4319 2886 4354 tveiße»
2904 4319 3032 4348 Kleidern
3050 4320 3137 4354 saßen,
3154 4321 3200 4348 der
3219 4321 3289 4347 klare
3305 4318 3541 4351 Sternenhimmel
3559 4320 3614 4346 nnd

2784 4359 2830 4387 der
2863 4363 2914 4386 von
2950 4358 3214 4392 Kastanienbäumen
3247 4357 3376 4392 gebildete
3412 4357 3535 4392 Nahmen
3567 4358 3614 4385 des

2784 4396 2929 4431 mächtigen
2952 4396 3064 4430 Platzes,
3085 4396 3167 4425 darin
3190 4404 3222 4430 zu
3244 4397 3388 4430 tausenden
3411 4396 3453 4423 die
3474 4395 3612 4430 Menschen

2785 4435 2863 4468 saßen
2884 4436 2947 4463 oder
2967 4434 3085 4469 standen,
3104 4443 3137 4469 zu
3157 4437 3240 4463 denen
3263 4436 3361 4463 immer
3382 4442 3456 4464 neue,
3474 4434 3614 4469 irgendwo

2784 4474 2856 4506 Platz
2879 4472 2996 4508 suchend,
3019 4474 3125 4509 stieße»,
3153 4475 3208 4502 und
3232 4473 3259 4501 in
3286 4475 3332 4501 der
3355 4473 3438 4502 Mitte
3463 4473 3504 4501 die
3529 4474 3614 4507 grüne

2783 4511 2868 4546 Wiese
2885 4512 2935 4540 mit
2955 4513 3003 4539 den
3025 4512 3172 4547 mächtigen
3191 4511 3349 4546 Lichtkegeln
3368 4512 3436 4540 über
3454 4512 3512 4539 dem
3532 4512 3614 4545 Platz,

2784 4549 2812 4580 in
2835 4551 2914 4578 deren
2938 4550 3035 4581 Schein
3057 4551 3115 4579 eine
3137 4550 3411 4585 Mustermannschast
3435 4550 3492 4580 ihre
3516 4549 3614 4582 Künste

2782 4588 2874 4624 zeigte.
2899 4588 2936 4617 ES
2954 4594 3013 4617 tvar
3031 4589 3157 4624 sürtvahr
3175 4589 3218 4617 rin
3236 4589 3349 4624 schöner,
3367 4579 3540 4623 stlnnnungS-
3559 4590 3613 4616 »nd

2783 4627 3004 4661 ereignisreicher
3030 4628 3132 4659 Abend,
3159 4629 3205 4655 der
3231 4629 3301 4656 allen
3330 4627 3522 4660 Teilnehmern
3552 4626 3613 4661 noch

2784 4667 2862 4700 lange
2885 4665 2922 4694 im
2946 4666 3108 4700 Gedächtnis
3133 4666 3236 4694 bleiben
3260 4666 3340 4697 tvird,
3362 4665 3428 4698 nicht
3452 4665 3540 4700 zuletzt
3563 4666 3612 4694 den

2782 4704 2912 4732 Turnern
2937 4703 3019 4736 selbst,
3041 4705 3124 4734 denen
3147 4705 3205 4736 hier
3230 4704 3330 4737 endlich
3352 4703 3393 4732 die
3415 4703 3614 4738 Anerkennung

2784 4742 2838 4770 nnd
2862 4742 2903 4770 die
2926 4742 3106 4772 Dankbarkeit
3129 4743 3376 4777 entgegenströmle.
3399 4742 3442 4770 die
3465 4741 3545 4777 ihnen
3568 4750 3613 4770 nm

2784 4781 2851 4809 Orte
2875 4781 2921 4808 der
2946 4771 3237 4816 Weltmeisterschnsten
3262 4782 3345 4809 leider
3370 4781 3474 4814 versagt
3500 4780 3613 4809 blieben,

2783 4819 2842 4847 lind
2865 4819 2907 4847 die
2929 4819 3119 4854 mustergültig
3143 4819 3340 4854 disziplinierte
3362 4818 3541 4853 Mnsterriege
3568 4819 3613 4850 hat

2783 4857 2868 4892 diesen
2886 4857 2963 4886 Dank
2980 4860 3035 4886 nnd
3052 4858 3138 4891 diesen
3156 4847 3257 4889 Beifall
3273 4857 3346 4892 wohl
3363 4859 3418 4886 und
3435 4857 3538 4891 vollauf
3555 4862 3613 4886 ver¬

2783 4896 2865 4926 dient,
2884 4896 2939 4924 »nd
2960 4896 2992 4927 sie
3011 4897 3055 4929 hat
3074 4897 3124 4925 mit
3144 4897 3218 4928 ihrer
3237 4895 3478 4929 Bereitwilligkeit,
3499 4895 3549 4925 mit
3567 4897 3613 4924 der

2784 4934 2816 4967 sie
2834 4934 2892 4962 dem
2909 4934 2965 4968 Ruf
2982 4942 3014 4968 zn
3032 4935 3118 4963 einem
3136 4934 3328 4970 Schantnrne»
3346 4934 3428 4968 Folge
3446 4934 3550 4966 leistete,
3567 4937 3613 4962 der

2783 4962 2791 5007 s
2803 4973 2827 5004 ch
2837 4978 2862 5001 tv
2874 4980 2886 5000 e
2898 4972 2905 5000 i
2917 4980 2930 5006 z
2940 4980 2952 5001 e
2964 4980 2978 5001 r
2990 4973 2996 5001 i
3011 4973 3018 5006 s
3029 4974 3054 5006 ch
3065 4981 3077 5002 e
3088 4981 3104 5002 n
3147 4974 3171 5003 T
3183 4981 3200 5002 u
3211 4981 3226 5001 r
3236 4980 3253 5002 n
3265 4973 3274 5008 s
3284 4981 3300 5002 a
3311 4973 3336 5005 ch
3347 4981 3358 5001 e
3400 4974 3495 5000 erneut
3535 4974 3612 5001 einen

2784 5011 2884 5045 großen
2908 5012 2962 5040 und
2989 5011 3144 5041 bleibenden
3168 5012 3261 5045 Dienst
3284 5010 3421 5046 crtviesen,
3443 5010 3487 5045 sür
3511 5012 3559 5040 de»
3583 5014 3612 5040 es

2784 5049 2854 5078 leine
2876 5049 3014 5084 klingende
3035 5050 3249 5085 Entschädigung
3269 5050 3334 5083 gibt,
3355 5049 3469 5084 sondern
3490 5050 3535 5077 als
3556 5051 3613 5078 ein¬

2783 5088 2855 5123 ziges
2881 5088 2990 5122 Entgelt
3014 5089 3056 5117 die
3083 5089 3177 5117 innere
3201 5088 3406 5122 Besriedignng,
3431 5087 3506 5116 einer
3531 5090 3612 5122 guten

2783 5127 2839 5155 und
2856 5126 2994 5160 wahrhaft
3010 5127 3229 5160 volkstümlichen
3246 5126 3329 5159 Cache
3346 5125 3451 5161 gedient
3468 5133 3500 5159 zu
3519 5126 3612 5159 haben.

2784 5165 2862 5194 Dank
2883 5165 3026 5194 verdienen
3052 5166 3134 5194 neben
3161 5165 3240 5199 ihnen
3265 5165 3329 5193 aber
3351 5164 3415 5198 auch
3440 5164 3505 5197 jene,
3528 5165 3612 5194 denen

2783 5206 2812 5231 eS
2831 5204 2936 5238 gelang,
2954 5204 3003 5231 den
3020 5204 3114 5233 Abend
3133 5211 3183 5238 znr
3198 5203 3253 5232 Tat
3270 5203 3378 5231 iverden
3398 5210 3431 5237 zn
3451 5203 3543 5237 lassen;
3561 5204 3613 5231 da«

2784 5242 2840 5275 sind
2881 5242 2922 5270 die
2963 5242 2986 5271 T
2998 5241 3185 5271 ur»verei
3198 5249 3214 5269 »
3227 5241 3234 5270 i
3246 5249 3317 5275 gn»
3329 5249 3345 5275 g
3387 5241 3451 5268 der
3492 5242 3612 5270 Stadt

2783 5280 2931 5314 Zürich,
2951 5280 2993 5309 die
3013 5281 3071 5309 eine
3092 5279 3295 5316 Hundertschaft
3317 5280 3413 5313 junger
3434 5280 3545 5308 Turner
3566 5281 3612 5308 kür

2783 5320 2832 5348 den
2856 5319 3095 5356 Ordnungsdienst
3118 5319 3277 5355 anfgebvten
3305 5319 3387 5353 hatte,
3411 5319 3466 5346 und
3489 5318 3532 5347 die
3555 5320 3612 5349 Lel-

3859 370 3878 420 L

3858 424 3878 482 1

3777 680 3785 714 "
3800 668 3881 716 ml

3793 2427 3801 2457 !
3814 2429 3888 2478 M

3813 2494 3900 2572 I

3779 2619 3783 2625 •
3787 2601 3801 2636 3
3816 2590 3902 2637 »

3798 2645 3801 2648 -

3774 2711 3802 2747 „1
