3871 5551
180 141 275 201 M
306 142 425 206 236
476 162 502 200 s

1544 0 2009 50 r^r^wm+UFSMf
2023 0 2227 37 -:
2277 0 2638 56 -.

1538 154 1966 230 Nt»»«>skch,i-fttt
2002 160 2242 233 JuhkMz.
2746 167 3048 244 Samstag,
3084 171 3182 235 84.
3218 171 3453 247 August
3486 175 3530 240 t

1405 274 1541 362 ft
1840 273 1949 378 >»/
2481 281 2671 381 r\
2871 299 2925 380 t

332 795 845 830 Abonnementspreise.

779 835 792 855 3
801 834 898 856 Monate.
922 836 935 856 6
944 835 1039 859 TOonat,.

132 850 162 901 f
166 852 236 877 ürift
249 856 319 879 (i«i>n
334 856 368 878 kie
383 856 477 885 Zeitun,
491 857 587 885 «bgkholt
601 859 664 882 wird»
701 874 707 881 .
735 874 742 881 .
769 859 804 887 Fr.
820 862 840 882 4.
859 863 885 883 50
912 861 951 888 Fr.
977 864 998 884 8.
1012 864 1040 885 50

165 879 255 908 chwtij
271 883 398 910 (StütUuno
415 884 468 905 beim
483 884 843 912 Poilburrau».8.
859 900 884 905 —
926 904 937 914 ,
968 891 1037 911 li¬

192 908 221 930 tt
275 910 321 931 (mit
334 911 405 939 Beiuz
420 915 483 934 unirr
494 912 658 939 Prwaiadresic»
698 930 705 937 .
734 931 740 941 .
782 917 791 941 .
822 917 835 937 7
835 917 842 939 .
856 917 884 937 50
924 931 935 942 ,
965 918 997 938 14.
1013 927 1036 933 —

141 934 320 962 Drutschland
345 939 474 966 (Brftrllun,
495 941 550 963 »cim
564 942 667 966 Postamt»
700 958 705 964 .
735 959 740 964 .
763 942 807 966 Mk.
822 945 842 967 S.
857 947 882 966 iS

138 960 175 983 Oe
181 963 258 987 sterrr
264 965 428 993 ich-Ungarn
448 968 510 992 (Best.
525 969 546 991 d.
562 968 666 994 Postamt»
700 968 722 995 fl.
737 969 756 991 ö.
772 969 804 992 W.
820 973 840 992 4.
855 972 883 993 83

134 988 228 1018 Uedrige
238 992 330 1015 Staaten
346 993 383 1014 de»
398 993 643 1018 Weltdoflverein»
658 1012 663 1017 .
692 1012 697 1018 .
725 1011 732 1017 .
760 996 797 1023 Fr.
809 998 840 1019 II.
856 999 882 1019 50
909 998 946 1024 Fr.
961 1001 994 1021 iS.
1011 1011 1032 1015 -

2983 831 3185 867 Inserate
3208 835 3275 865 und
3301 835 3525 869 Reklame«

2810 868 2890 890 werden
2903 874 3050 898 angenommen
3064 876 3106 893 von
3121 872 3256 898 ILmmtlichen
3271 874 3369 902 Bureau;
3382 878 3417 898 der
3430 877 3695 909 «Itiengesellschast

2830 896 2941 930 Schwei?.
2953 898 3202 929 Annonrenbureaur
3216 908 3266 930 von
3278 903 3347 931 Grell
3360 905 3434 938 Kühli
3447 905 3467 933 4
3481 906 3527 934 L».
3541 907 3568 935 in
3579 907 3671 943 Zürich,

2808 929 2876 956 Basel,
2900 932 2964 956 Bern.
2986 934 3050 961 Chur.
3075 936 3181 967 Freiburg.
3201 938 3264 965 Kens.
3283 939 3408 968 Heidelberg.
3433 940 3561 966 Jnterlalen.
3583 943 3694 972 Konstant,

2807 956 2920 986 Lausanne,
2941 961 3031 988 London.
3053 964 3137 992 Luzern.
3164 965 3273 990 Mailand.
3299 965 3433 995 Miilhausen,
3457 968 3493 992 St.
3515 969 3597 996 Pallen,
3623 969 3693 996 Blot»,

3152 992 3188 1015 Wi
3189 994 3285 1020 nterthur
3303 1000 3329 1019 ,c.
3347 1001 3372 1017 ic.

2781 1027 3263 1068 _Nedaktiansöurea«:
3282 1032 3433 1068 Brunngaffe
3452 1036 3498 1063 Nr.
3518 1036 3543 1063 2.

158 1097 219 1148 Zit
239 1099 426 1152 bürgerliche
446 1100 555 1153 Schule
575 1102 616 1145 im
637 1102 764 1152 Kunton
784 1104 838 1148 St.
859 1105 984 1149 Saüen.

368 1168 405 1202 (8
425 1167 503 1198 Korr,
521 1177 582 1199 vom
600 1170 645 1200 2V.
663 1170 787 1207 August.)

213 1216 264 1256 Ist
304 1217 348 1251 die
383 1218 556 1260 bürgerliche
594 1220 700 1261 Schule
739 1222 784 1255 ein
820 1222 921 1263 Objekt
956 1224 1005 1257 des

145 1260 379 1304 Kompromisses
401 1264 451 1304 für
475 1264 517 1297 die
540 1264 659 1298 liberale
681 1266 784 1307 Partei
807 1268 838 1300 in
862 1269 912 1301 den
925 1269 1004 1309 künf¬

146 1306 225 1346 tigen
250 1308 772 1353 Verfaffungsraths-Berathungen?
807 1312 889 1352 Diese
912 1314 1005 1355 Frage

143 1351 243 1391 dürste
266 1353 344 1394 wohl
369 1354 428 1386 eine
451 1356 498 1387 der
521 1355 690 1396 wichtigsten
712 1357 780 1394 sein,
796 1358 879 1390 deren
894 1358 1005 1399 Lösung

144 1396 190 1427 die
213 1398 342 1438 nächsten
365 1398 487 1439 Wochen
509 1399 630 1441 bringen
654 1401 769 1442 müssen.
796 1403 866 1435 Das
886 1403 1005 1436 liberale

143 1441 323 1482 Programm
349 1444 459 1484 enthält
482 1454 520 1478 an
544 1446 592 1478 der
614 1446 707 1487 Spitze
731 1449 779 1479 der
801 1447 948 1487 Postulate
964 1449 1003 1481 im

144 1486 268 1525 Kapitel
291 1489 452 1531 Erziehung
475 1490 506 1522 in
528 1491 626 1531 kurzen
661 1492 785 1530 knappen
808 1492 930 1526 Worten
953 1494 1004 1526 den

143 1531 173 1568 so
196 1533 351 1573 ungemein
381 1534 527 1575 wichtigen
549 1535 834 1576 Programmpunkt:
883 1539 932 1576 „B
944 1540 964 1571 ü
975 1549 1004 1571 r-

145 1578 337 1617 gerliche
384 1579 676 1620 Volksschule.
744 1581 1004 1637 Jede^poli-

143 1621 271 1660 tischr
310 1623 541 1658 Gemeinde
583 1626 655 1665 hat
701 1626 793 1660 eine
833 1628 1004 1669 bürger¬

141 1666 232 1705 liche
255 1668 284 1708 P
296 1670 334 1701 ri
346 1679 375 1701 m
388 1670 496 1709 arsch
508 1671 756 1711 ulgemeinde
777 1682 819 1712 zu
842 1673 1000 1706 bilden."

211 1712 271 1750 Im
317 1713 481 1755 bisherigen
527 1715 775 1756 Revisionskampf
815 1719 911 1751 wurde
956 1719 1004 1751 als

143 1756 262 1796 schönste
298 1759 462 1792 Standarte
496 1760 538 1792 die
577 1760 766 1801 „bürgerliche
788 1762 911 1801 Schule"
939 1769 1004 1796 vor¬

143 1805 318 1844 angetragen
333 1815 342 1844 ;
366 1814 435 1836 man
459 1805 523 1844 darf
545 1805 624 1845 wohl
639 1806 731 1846 sagen,
756 1807 813 1847 daß
835 1817 896 1848 znm
918 1811 1003 1849 guten

142 1846 246 1885 Theile
269 1849 322 1888 auf
344 1849 445 1888 diesem
467 1850 570 1883 Boden
592 1851 641 1883 der
663 1851 772 1891 Kamps
806 1853 934 1892 zwischen
956 1855 1003 1886 der

143 1891 286 1926 liberalen
310 1894 369 1926 und
386 1896 434 1926 der
446 1895 887 1935 ultramontan-demokratischen
902 1899 1003 1939 Partei

141 1938 342 1978 ausgefochten
366 1941 472 1972 wurde.
517 1940 575 1973 Die
604 1940 723 1973 liberale
747 1941 849 1983 Partei
872 1943 904 1984 ist
929 1943 1002 1983 nicht

140 1981 254 2023 besiegt,
278 1986 339 2016 und
362 1985 397 2024 sie
420 1985 455 2025 ist
478 1985 509 2016 in
531 1985 617 2024 dieser
639 1986 734 2027 Frage
755 1996 805 2019 um
830 1988 858 2027 so
880 1989 1003 2030 weniger

141 2026 255 2068 besiegt,
284 2030 332 2061 als
355 2030 456 2070 gerade
477 2029 521 2062 bei
545 2031 593 2063 der
619 2030 810 2072 bürgerlichen
834 2033 940 2067 Schule
962 2034 1002 2066 im

142 2072 368 2111 entscheidenden
400 2074 582 2115 Augenblicke
616 2075 662 2107 ein
695 2076 781 2115 Theil
803 2077 1002 2115 Demokraten,

140 2117 282 2157 vielleicht
304 2119 428 2161 weniger
462 2120 502 2152 im
535 2120 805 2162 Verfasiungsrath,
841 2124 888 2155 als
910 2125 1003 2163 später

142 2162 180 2194 im
206 2163 297 2196 Volke
331 2166 384 2197 den
418 2164 649 2205 tonangebenden
671 2166 805 2204 Führern
839 2168 882 2200 die
915 2169 1002 2208 Heer-

139 2207 216 2248 folge
240 2210 373 2250 versagen
400 2210 482 2242 wird.

211 2254 277 2286 Und
301 2255 366 2292 doch
390 2254 502 2294 machen
526 2254 577 2294 sich
600 2259 656 2287 aus
679 2256 727 2288 der
760 2256 852 2289 Mitte
885 2259 934 2290 der
957 2259 1002 2291 Li¬

137 2296 259 2331 beralen
294 2300 394 2340 gerade
427 2299 484 2341 jetzt
520 2299 623 2332 wieder
653 2300 802 2333 Stimmen
836 2303 909 2338 laut,
933 2312 1002 2336 man

140 2343 231 2383 müsse
254 2344 286 2376 in
309 2346 358 2377 der
391 2345 486 2385 Frage
519 2345 568 2376 der
601 2345 792 2385 bürgerlichen
823 2346 929 2386 Schule
951 2349 1001 2388 sich

139 2388 309 2430 nachgiebig
329 2389 433 2431 zeigen,
459 2390 515 2421 und
541 2393 571 2422 es
594 2390 695 2430 rathen
726 2395 784 2424 uns
807 2392 903 2430 unsere
927 2394 1000 2431 poli-

137 2432 241 2472 tischeu
280 2435 413 2473 Freunde
451 2435 609 2474 außerhalb
649 2439 696 2467 des
734 2435 880 2473 Kantons,
915 2438 1001 2477 dieses

137 2477 278 2517 Postulat
310 2489 376 2520 zum
412 2479 603 2520 Gegenstände
638 2481 685 2512 des
720 2481 945 2523 Kompromisies
966 2494 1001 2524 zu

138 2524 255 2562 machen
279 2526 339 2557 und
363 2527 447 2557 unter
469 2525 641 2563 Umständen
665 2534 735 2565 ganz
758 2535 791 2566 zu
816 2527 925 2566 opfern.

210 2569 269 2602 Die
294 2570 426 2611 Letzteren
449 2570 600 2608 vertrösten
625 2574 683 2602 uns
706 2571 821 2609 darauf,
845 2573 891 2605 der
910 2573 1000 2605 Bund

138 2614 233 2645 werde
267 2616 304 2646 da
338 2614 418 2653 schon
451 2614 559 2647 einmal
591 2615 738 2656 Ordnung
769 2616 891 2656 schassen.
939 2618 1000 2651 Der

139 2658 227 2698 Trost
252 2660 285 2697 ist
310 2659 355 2692 ein
378 2659 542 2699 schwacher;
578 2660 627 2698 seit
660 2660 793 2701 fünfzehn
816 2661 931 2702 Jahren
955 2664 994 2695 be-

137 2703 232 2743 stehen
280 2705 310 2736 in
350 2705 462 2744 unferm
504 2704 622 2737 Kanton
665 2705 993 2747 bundesverfas.

137 2748 477 2790 sungswidrige
499 2748 661 2788 Zustände;
694 2751 751 2782 wir
772 2752 833 2790 sind
855 2752 903 2791 seit
926 2754 999 2792 weiß

139 2792 215 2825 Gott
238 2796 293 2827 wie
315 2795 373 2827 viel
395 2794 512 2834 Jahren
536 2796 594 2826 und
618 2795 670 2827 wie
700 2795 758 2827 viel
779 2796 852 2828 Mal
888 2798 998 2839 „einge¬

137 2839 259 2875 laden".
285 2839 389 2878 endlich
414 2839 496 2876 unser
512 2838 692 2878 Schulwesen
717 2840 770 2872 mit
793 2841 841 2874 der
864 2841 997 2875 Bundes-

134 2884 299 2924 verfaflung
335 2885 366 2917 in
401 2884 541 2924 Einklang
576 2894 610 2924 zu
641 2884 768 2925 bringen.
815 2885 882 2919 Wir
906 2887 996 2927 haben

136 2928 237 2969 bisher
261 2929 304 2961 die
328 2929 496 2968 Einladung
518 2929 642 2961 dankend
664 2929 789 2969 ignorirt
824 2932 881 2963 und
916 2933 997 2965 dabei

136 2973 169 3009 ist
194 2978 225 3006 es
250 2974 403 3016 geblieben.
451 2973 527 3011 Nach
551 2974 731 3013 unendlichen
749 2974 903 3015 Kämpfen,
927 2978 993 3017 nach

138 3018 333 3060 Erschöpfung
368 3019 441 3051 aller
478 3019 647 3051 kantonalen
682 3020 741 3051 und
774 3021 994 3062 eidgenössischen

138 3062 308 3104 Instanzen,
332 3063 402 3103 nach
426 3064 555 3101 endlosen
577 3064 741 3096 Trölereien
764 3066 812 3097 der
835 3066 996 3100 ultramon-

140 3110 225 3144 tanen
239 3109 353 3150 Gegner
378 3109 413 3147 ist
437 3113 466 3140 es
490 3107 632 3148 einzelnen
645 3108 816 3141 Gemeinden
846 3111 994 3153 gelungen,

139 3153 187 3192 sich
212 3154 256 3187 die
280 3153 454 3194 bürgerliche
477 3153 585 3191 Schule
607 3162 642 3193 zu
666 3155 823 3194 erkämpfen
848 3158 905 3188 und
918 3157 994 3196 schon

132 3198 226 3237 haben
250 3200 304 3232 wir
324 3200 368 3231 die
391 3198 536 3238 Drohung
569 3205 626 3230 von
661 3200 891 3233 ultramontaner
913 3201 995 3234 Seite

133 3243 245 3284 gehört,
270 3254 339 3277 man
363 3245 454 3276 werde
477 3242 521 3275 bei
543 3243 591 3275 der
605 3244 731 3283 nächsten
743 3244 994 3285 Schulverschmel¬

133 3297 207 3329 zung
231 3289 263 3322 in
287 3289 403 3330 gleicher
425 3287 516 3326 Weise
551 3288 697 3328 Vorgehen.
745 3289 811 3322 Wie
845 3291 914 3323 viele
939 3292 993 3324 Ge-

133 3333 262 3366 meinden
286 3335 361 3367 wird
384 3337 414 3365 es
439 3333 482 3366 bei
500 3333 660 3373 derartigen
672 3334 836 3374 Aussichten
860 3337 992 3376 gelüsten,

132 3378 231 3417 Hader
255 3380 314 3411 und
338 3378 436 3411 Streit
467 3378 519 3417 auf
541 3377 637 3418 Jahre
674 3379 733 3410 und
766 3379 862 3420 Jahre
895 3381 928 3413 in
950 3382 993 3414 die

132 3423 336 3464 Bürgerschaft
360 3433 394 3463 zu
419 3423 559 3463 bringen?
606 3423 673 3455 Das
697 3424 730 3462 ist
764 3424 792 3464 ja
829 3427 926 3465 gerade
950 3427 991 3459 die

130 3468 341 3506 Spekulation:
377 3475 434 3501 von
468 3467 518 3507 sich
554 3471 609 3500 aus
634 3469 743 3500 werden
777 3473 808 3500 es
842 3470 912 3502 viele
936 3470 977 3504 Ge

130 3513 261 3546 meinden
285 3513 361 3553 nicht
384 3512 518 3552 probiren
541 3513 601 3544 und
625 3513 714 3551 diesen
728 3514 855 3555 wenigen
877 3516 990 3555 machen

130 3558 187 3590 wir
210 3560 265 3591 daS
289 3559 379 3592 Leben
402 3559 504 3598 sauer;
538 3558 584 3589 der
618 3557 707 3590 Bund
744 3558 810 3590 aber
845 3560 916 3592 wird
939 3561 989 3600 sich

130 3603 200 3642 nach
231 3605 284 3637 wie
320 3611 373 3636 vor
412 3603 466 3635 mit
504 3602 702 3641 akademischen
737 3603 910 3645 Maßregeln
945 3606 983 3638 be-

130 3650 245 3689 gnügen
270 3649 378 3689 müffen
402 3648 463 3680 und
485 3647 540 3679 das
564 3647 653 3688 einzig
674 3647 841 3687 Wirksame,
864 3650 909 3682 ein
934 3651 982 3683 eid¬

127 3690 307 3732 genössisches
330 3692 510 3733 Schulgesetz,
540 3691 608 3732 liegt
619 3693 764 3734 vorläufig
787 3693 819 3726 in
834 3695 982 3735 unerreich¬

126 3738 212 3771 barer
235 3739 337 3778 Ferne.

195 3783 293 3822 Dieser
329 3782 521 3822 Spekulation
561 3781 613 3820 auf
648 3783 786 3815 dauernde
823 3783 987 3826 Erhaltung

124 3828 204 3860 eines
228 3826 660 3868 bundesvcrfaflungswidrigen
675 3827 838 3866 Zustandes
852 3830 923 3868 muß
939 3830 986 3862 der

123 3872 156 3911 st.
182 3873 311 3913 gallische
335 3872 548 3905 Liberalismus
579 3872 820 3913 entgegentreten;
857 3883 886 3906 er
909 3876 985 3907 wäre

124 3918 173 3949 der
210 3917 410 3959 Sympathien
445 3918 492 3948 der
527 3916 708 3957 freisinnigen
739 3917 984 3960 Miteidgenoffen,

125 3962 168 3994 die
193 3963 254 4003 ihm
279 3963 345 3996 eben
381 3961 450 4002 noch
483 3961 516 3993 in
544 3961 592 3993 der
615 3960 931 4004 Lichtensteiger-Frage
953 3965 984 3997 in

1051 1091 1079 1130 so
1111 1092 1227 1131 reichem
1248 1093 1344 1134 Maße
1377 1096 1638 1138 entgegengebracht
1669 1101 1795 1138 wurden,
1826 1102 1901 1143 nicht

1051 1137 1172 1178 würdig,
1209 1138 1303 1171 wollte
1340 1149 1369 1172 er
1402 1142 1454 1173 den
1475 1142 1735 1183 Bundesbehörden
1759 1146 1803 1179 ein
1827 1148 1899 1181 Ver-

1051 1181 1252 1223 faffungswerk
1275 1193 1325 1224 zur
1350 1185 1595 1228 Gewährleistung
1620 1189 1818 1228 unterbreiten,
1845 1193 1899 1225 das

1050 1227 1142 1267 streng
1179 1237 1347 1268 genommen
1383 1230 1416 1263 in
1453 1231 1538 1269 dieser
1575 1233 1710 1275 Faffung.
1748 1236 1820 1275 ohne
1856 1238 1899 1270 die

1052 1271 1221 1313 bürgerliche
1244 1273 1362 1313 Schule,
1394 1284 1449 1317 gar
1470 1277 1544 1316 nicht
1567 1278 1767 1320 gewährleistet
1789 1283 1899 1315 werden

1050 1317 1119 1349 kann

1115 1361 1172 1395 Die
1185 1362 1507 1405 Kompromißstimmen
1524 1371 1581 1400 aus
1603 1368 1663 1401 dem
1687 1369 1797 1411 eigenen
1812 1372 1898 1413 Lager

1050 1407 1148 1446 weisen
1162 1412 1222 1441 uns
1237 1409 1289 1448 aus
1310 1409 1356 1442 die
1377 1410 1531 1453 schwierige
1544 1412 1684 1455 Stellung
1699 1415 1747 1447 der
1762 1415 1899 1450 liberalen

1050 1451 1150 1490 Partei
1172 1452 1213 1484 im
1231 1453 1504 1496 Verfaffungsrathe
1527 1457 1579 1497 hin
1601 1459 1658 1490 und
1680 1460 1732 1498 auf
1753 1461 1796 1493 die
1813 1463 1899 1503 große

1049 1496 1207 1538 Mehrheit,
1241 1498 1295 1531 mit
1325 1501 1440 1540 welcher
1460 1501 1504 1534 die
1527 1502 1695 1544 bürgerliche
1719 1504 1823 1545 Schule
1846 1517 1897 1539 an-

1050 1541 1153 1582 läßlich
1186 1543 1234 1575 der
1257 1543 1571 1587 Verfaffungsrevision
1592 1553 1658 1580 vom
1678 1549 1775 1590 Jahre
1800 1553 1897 1587 1875,

1049 1595 1099 1625 zur
1133 1587 1200 1626 Zeit
1234 1588 1283 1620 des
1316 1589 1488 1631 Hochfluges
1530 1591 1666 1626 liberalen
1699 1594 1897 1633 Idealismus.

1052 1631 1129 1671 Bach
1152 1632 1188 1664 ab
1212 1633 1331 1674 geschickt
1354 1637 1458 1668 wurde.
1483 1637 1544 1669 Der
1561 1638 1748 1679 erstgenannte
1761 1641 1897 1681 Umstand

1050 1676 1113 1715 darf
1136 1676 1179 1709 die
1202 1678 1320 1711 liberale
1343 1680 1445 1720 Partei
1465 1681 1540 1721 nicht
1571 1682 1711 1724 schrecken;
1751 1686 1809 1718 eine
1830 1687 1897 1726 frei¬

1050 1722 1157 1761 sinnige
1178 1722 1328 1764 Mehrheit
1351 1725 1383 1764 »st
1407 1725 1532 1765 gesichert
1554 1729 1613 1760 und
1625 1729 1715 1761 damit
1727 1730 1776 1769 für
1791 1731 1898 1764 eimnal

1050 1767 1101 1798 das
1126 1766 1330 1809 Nothwendige
1354 1770 1474 1810 erreicht,
1500 1772 1552 1804 das
1575 1773 1707 1814 Paktiren
1730 1776 1788 1808 und
1808 1776 1897 1809 Kom-

1050 1811 1212 1852 promiffeln
1228 1822 1294 1854 mag
1318 1814 1369 1854 sich
1391 1815 1445 1855 auf
1465 1817 1567 1849 andere
1581 1818 1687 1859 Punkte
1705 1821 1850 1859 erstrecken.

1115 1856 1386 1899 Schwerwiegender
1411 1860 1444 1900 ist
1465 1862 1514 1893 der
1535 1865 1637 1895 andere
1658 1865 1800 1906 Einwurf.
1828 1866 1897 1900 Wir

1049 1901 1155 1941 müssen
1177 1902 1232 1935 mit
1256 1904 1316 1935 dem
1341 1905 1528 1938 Volkswillen
1563 1909 1684 1947 rechnen,
1719 1910 1773 1943 wir
1796 1911 1897 1951 dürfen

1049 1945 1120 1978 keine
1150 1947 1499 1992 Verfaffungsgrundsätze
1532 1953 1686 1992 ausstellen,
1721 1961 1777 1988 von
1810 1957 1896 1989 denen

1049 1990 1103 2023 wir
1125 1992 1179 2024 mit
1203 1992 1276 2026 aller
1297 1993 1457 2035 Sicherheit
1479 1997 1585 2039 wissen,
1608 1999 1663 2039 daß
1681 2000 1721 2039 sie
1742 2010 1806 2040 zum
1822 2001 1896 2035 Ver¬

1050 2036 1153 2075 werfen
1176 2037 1225 2069 des
1248 2047 1355 2078 ganzen
1376 2040 1667 2083 Verfaffungswerkes
1690 2045 1802 2085 führen.
1824 2046 1896 2079 Nun

1049 2081 1080 2119 ist
1103 2081 1170 2114 aber
1193 2083 1236 2115 die
1260 2083 1363 2125 Frage,
1395 2086 1432 2117 ob
1459 2086 1500 2118 im
1523 2087 1554 2128 st.
1580 2089 1723 2129 gallischen
1746 2090 1819 2123 Volk
1837 2092 1896 2123 eine

1048 2125 1198 2167 Mehrheit
1230 2128 1279 2166 für
1312 2129 1357 2161 die
1388 2129 1560 2172 bürgerliche
1583 2132 1687 2173 Schule
1721 2135 1771 2175 sich
1803 2136 1896 2176 finden

1047 2170 1124 2211 laffe,
1147 2173 1288 2211 durchaus
1310 2174 1383 2207 keine
1407 2177 1521 2216 gelöste.
1569 2178 1679 2220 Trotz
1702 2180 1750 2212 der
1771 2181 1896 2220 Abstim¬

1049 2225 1136 2257 mung
1166 2222 1223 2250 von
1251 2220 1347 2255 1875,
1382 2222 1468 2263 trotz
1503 2221 1578 2254 allen
1612 2224 1771 2265 seitherigen
1795 2226 1895 2258 Kund¬

1048 2259 1203 2302 gebungen.
1227 2263 1290 2303 darf
1305 2264 1456 2305 behauptet
1472 2268 1591 2304 werden,
1615 2269 1668 2308 daß
1685 2269 1732 2302 der
1748 2269 1895 2303 Grund-

1048 2307 1118 2347 satz
1155 2308 1226 2340 der
1263 2307 1700 2351 interkonfessionellen
1744 2315 1896 2355 Schule

1048 2351 1202 2392 mächtigen
1225 2353 1326 2386 Boden
1350 2355 1389 2387 im
1415 2356 1501 2389 Volke
1523 2358 1619 2398 gefaßt
1639 2358 1690 2399 hat
1712 2360 1770 2392 und
1793 2361 1895 2401 täglich

1047 2396 1127 2436 mehr
1149 2397 1220 2436 faßt.
1261 2398 1302 2431 Es
1327 2399 1429 2433 kommt
1450 2410 1508 2434 nur
1530 2403 1635 2443 darauf
1656 2414 1704 2441 an,
1728 2405 1759 2437 in
1783 2406 1895 2446 welcher

1047 2440 1135 2478 Form
1159 2452 1188 2474 er
1210 2443 1271 2476 dem
1294 2444 1382 2477 Volke
1407 2446 1561 2486 präsentirt
1582 2448 1662 2481 wird.

1112 2487 1178 2519 Und
1200 2487 1263 2528 hier
1284 2489 1409 2529 glauben
1441 2492 1497 2523 wir
1529 2502 1602 2529 nun.
1636 2494 1692 2534 daß
1714 2503 1784 2527 man
1808 2498 1893 2528 1875

1046 2531 1151 2570 gefehlt
1166 2532 1227 2571 hat,
1253 2534 1299 2565 als
1324 2543 1391 2567 man
1416 2539 1471 2568 aus
1487 2537 1560 2577 jeder
1572 2538 1730 2579 politischen
1743 2539 1894 2573 Gemeinde

1046 2575 1126 2608 einen
1150 2577 1274 2618 einzigen
1286 2579 1449 2619 Schulkreis
1472 2581 1577 2621 machte
1600 2583 1656 2616 und
1672 2584 1728 2625 daß
1744 2594 1812 2618 man
1825 2586 1893 2626 auch

1045 2620 1101 2662 jetzt
1124 2621 1217 2661 fehlen
1239 2625 1345 2660 würde,
1376 2626 1473 2658 wollte
1496 2636 1566 2659 man
1587 2628 1640 2660 den
1660 2629 1729 2670 Sah
1752 2630 1802 2662 des
1824 2630 1887 2663 libe¬

1045 2666 1126 2697 ralen
1138 2665 1333 2708 Programms
1357 2670 1386 2702 in
1410 2671 1497 2710 seiner
1519 2672 1692 2714 dermaligen
1708 2674 1817 2714 Gestalt
1832 2677 1894 2708 dem

1045 2710 1373 2754 Verfaffungsentwurfe
1399 2716 1591 2750 einverleiben.
1616 2718 1694 2751 Man
1717 2720 1768 2759 hat
1780 2721 1893 2758 unseres

1044 2755 1200 2795 Erachtens
1233 2759 1299 2798 zwei
1324 2759 1476 2797 Elemente,
1510 2762 1608 2802 welche
1629 2764 1659 2796 in
1682 2764 1766 2804 dieser
1789 2765 1886 2806 Schul-

1044 2800 1126 2841 frage
1139 2810 1191 2842 eng
1213 2803 1268 2835 mit
1290 2804 1425 2837 einander
1445 2807 1616 2846 verwachsen
1631 2809 1699 2847 sind,
1722 2809 1796 2849 nicht
1805 2811 1893 2850 scharf

1044 2854 1134 2885 genug
1157 2847 1496 2890 auseinandergehalten:
1521 2852 1574 2884 das
1597 2853 1892 2893 konfessionelle

1043 2889 1181 2927 Element,
1218 2893 1273 2925 das
1294 2893 1417 2934 Prinzip
1439 2896 1487 2928 der
1510 2896 1699 2938 bürgerlichen
1722 2899 1828 2939 Schule
1851 2901 1891 2933 im

1042 2934 1220 2975 eigentlichen
1236 2937 1344 2975 Sinne,
1367 2941 1428 2972 und
1448 2940 1505 2972 das
1526 2942 1590 2975 rein
1612 2944 1892 2978 territoriale

1043 2979 1178 3012 Element.
1204 2983 1291 3021 Unser
1304 2982 1484 3024 Schulwesen
1497 2987 1588 3019 krankt
1605 2997 1642 3020 an
1657 2989 1732 3021 einer
1749 2990 1891 3031 unseligen

1041 3024 1269 3068 Zersplitterung
1304 3030 1362 3060 und
1399 3031 1444 3062 der
1467 3030 1661 3073 Hauptgrund
1698 3034 1767 3075 liegt
1790 3035 1819 3067 in
1844 3038 1890 3068 der

1041 3068 1159 3110 bislang
1170 3071 1439 3114 unüberfteigbaren
1449 3075 1592 3114 Schranke
1608 3078 1654 3110 der
1670 3079 1890 3120 konfessionellen

1042 3114 1208 3156 Trennung.
1244 3117 1299 3149 Um
1324 3127 1358 3158 zu
1381 3120 1456 3152 einer
1480 3121 1637 3156 territorial
1659 3124 1889 3165 vernünftigeren

1040 3159 1248 3199 Organisation
1271 3172 1305 3201 zu
1331 3164 1462 3201 kommen,
1498 3167 1568 3204 muß
1591 3167 1676 3207 daher
1699 3171 1823 3209 zunächst
1847 3171 1888 3203 die

1041 3204 1241 3244 konfessionelle
1263 3206 1405 3247 Schranke
1439 3212 1554 3250 entzwei
1583 3212 1737 3254 geschlagen
1769 3216 1886 3248 werden.

1039 3248 1094 3281 Die
1127 3248 1296 3291 bürgerliche
1329 3253 1435 3292 Schule
1468 3255 1503 3295 ist
1535 3257 1586 3297 sich
1621 3258 1679 3297 also
1713 3259 1786 3297 nicht
1820 3259 1888 3300 bloß

1039 3293 1224 3335 Selbstzweck,
1255 3303 1321 3329 vom
1344 3298 1545 3339 Standpunkte
1579 3302 1653 3335 einer
1687 3303 1784 3342 freien,
1818 3305 1887 3337 über

1039 3340 1237 3381 konfessionelle
1280 3342 1489 3384 Engherzigkeit
1534 3347 1688 3387 erhabenen
1728 3349 1879 3382 Lebensan¬

1038 3383 1178 3425 schauung
1201 3389 1258 3418 aus
1280 3386 1438 3428 betrachtet,
1475 3391 1592 3428 sondern
1626 3392 1660 3434 sie
1684 3393 1717 3432 ist
1739 3394 1879 3433 nothwen-

1039 3428 1117 3469 diges
1130 3429 1317 3472 Erforderniß
1330 3433 1405 3465 einer
1420 3434 1481 3467 rein
1495 3437 1669 3476 praktischen,
1687 3440 1885 3481 vernünftigen

1037 3474 1254 3517 Umgestaltung
1277 3477 1390 3517 unseres
1414 3479 1618 3519 Schulwesens.

1102 3519 1267 3559 Anderseits
1290 3523 1360 3563 niuß
1383 3526 1535 3566 zugegeben
1550 3527 1667 3563 werden,
1692 3527 1749 3567 daß
1771 3529 1801 3560 in
1825 3529 1882 3561 ein¬

1035 3563 1130 3601 zelnen
1142 3565 1257 3603 Fällen,
1280 3567 1349 3607 auch
1368 3569 1517 3610 abgesehen
1531 3577 1588 3603 von
1604 3572 1649 3603 der
1665 3572 1884 3612 konfessionellen

1035 3607 1208 3650 Scheidung,
1244 3611 1303 3644 eine
1337 3614 1507 3647 territoriale
1531 3616 1732 3658 Verbefferung
1756 3618 1877 3659 durchge¬

1035 3652 1117 3694 führt
1139 3656 1249 3687 werden
1272 3658 1352 3698 muß.
1401 3658 1476 3692 Aber
1499 3663 1528 3692 es
1553 3661 1629 3701 heißt
1650 3662 1716 3695 weit
1738 3662 1807 3695 über
1831 3665 1883 3696 das

1034 3697 1101 3736 Ziel
1133 3699 1402 3743 hinausgeschoffen.
1434 3711 1517 3738 wenn
1551 3715 1620 3738 man
1640 3715 1702 3739 nun
1724 3709 1779 3740 das
1801 3709 1876 3741 terri¬

1034 3743 1136 3776 toriale
1159 3745 1288 3778 Element
1313 3747 1341 3786 so
1363 3749 1429 3781 weit
1452 3750 1483 3782 in
1507 3751 1558 3782 den
1574 3751 1777 3792 Vordergrund
1800 3753 1882 3792 stellt,

1034 3788 1088 3827 daß
1113 3798 1181 3821 inan
1204 3790 1247 3822 die
1271 3791 1419 3833 Großzahl
1441 3795 1490 3827 der
1512 3795 1685 3837 bestehenden
1708 3797 1876 3839 Schulorga¬

1033 3832 1146 3866 nismen
1169 3836 1258 3867 tödtet
1279 3838 1341 3869 und
1362 3837 1590 3879 schablonenhaft
1624 3846 1680 3874 aus
1713 3842 1787 3882 jeder
1808 3844 1875 3882 poli¬

1035 3877 1133 3917 tischen
1169 3879 1322 3913 Gemeinde
1359 3883 1420 3916 eine
1456 3884 1690 3926 Schulgemeinde
1723 3888 1881 3922 konstruirt.

1031 3922 1113 3961 Diese
1136 3923 1298 3962 Schablone
1334 3927 1384 3967 hat
1419 3933 1476 3961 uns
1509 3931 1592 3962 1875
1628 3932 1707 3965 einen
1731 3932 1882 3974 Großthcil

1030 3966 1165 4000 liberaler
1187 3969 1336 4004 Stimmen
1359 3972 1499 4014 geraubt;
1535 3976 1603 4014 diese
1633 3985 1704 4017 ganz
1727 3978 1881 4019 unnöthige

1946 1103 2119 1138 territoriale
2156 1106 2402 1150 Einschachtelung
2433 1110 2484 1151 hat
2518 1113 2568 1146 der
2604 1114 2794 1158 bürgerlichen

1947 1149 2123 1189 Volksschule
2145 1150 2193 1192 ihr
2216 1151 2296 1185 Grab
2319 1154 2457 1196 gegraben
2491 1158 2550 1190 und
2582 1160 2617 1199 sie
2638 1163 2734 1194 würde
2762 1167 2794 1196 es

1945 1193 1992 1234 ihr
2016 1197 2081 1233 auch
2105 1195 2145 1228 im
2168 1195 2263 1237 Jahre
2289 1200 2372 1231 1889
2398 1200 2511 1241 graben.

2011 1239 2104 1271 Stelle
2119 1250 2188 1274 man
2203 1242 2261 1281 also
2277 1242 2308 1276 in
2324 1245 2371 1277 der
2388 1245 2560 1289 Verfassung
2575 1250 2627 1283 den
2644 1250 2792 1285 Grund¬

1944 1283 2016 1323 satz
2038 1284 2107 1318 der
2139 1285 2442 1329 bürgerlichen
2464 1291 2617 1331 Schule
2649 1297 2709 1335 auf,
2744 1299 2793 1330 als

1946 1328 2118 1368 leuchtendes
2139 1330 2310 1371 Palladium
2343 1335 2393 1367 des
2419 1335 2656 1377 fortschritllichen
2679 1341 2791 1375 Libera¬

1944 1372 2053 1406 lismus
2076 1377 2135 1407 und
2158 1375 2282 1418 begnüge
2306 1388 2374 1412 man
2398 1379 2446 1420 sich
2469 1381 2511 1414 im
2534 1383 2671 1426 Uebrigen
2693 1386 2793 1428 bezüg-

1944 1416 1998 1457 lich
2021 1419 2067 1451 der
2089 1420 2290 1455 territorialen.
2306 1424 2516 1466 Organisation
2549 1429 2604 1461 mit
2625 1432 2677 1462 den
2698 1431 2792 1471 Maß¬

1945 1463 2078 1501 nahmen.
2102 1465 2199 1504 welche
2222 1468 2398 1509 erforderlich
2419 1470 2490 1511 sind,
2516 1482 2566 1506 um
2591 1475 2652 1507 dort
2673 1485 2708 1516 zu
2730 1483 2793 1510 ver-

1944 1507 2048 1548 beffern
2070 1511 2128 1542 und
2151 1520 2186 1550 zu
2209 1511 2312 1553 helfen,
2346 1521 2391 1547 wo
2422 1517 2579 1556 ungesunde
2601 1519 2792 1563 Verhältniffe

1946 1552 2079 1593 bestehen,
2103 1554 2162 1594 jene
2177 1556 2454 1599 Schulorganismen
2477 1561 2599 1604 dagegen
2613 1575 2647 1605 zu
2661 1565 2791 1607 belassen,

1944 1598 2025 1630 deren
2058 1599 2185 1638 gesunde,
2219 1602 2451 1646 leistnngssähige
2484 1607 2545 1639 und
2573 1614 2630 1642 von
2651 1611 2792 1653 konfessio¬

1944 1642 2035 1675 nellen
2051 1643 2212 1684 Schranken
2235 1646 2347 1687 befreite
2363 1650 2548 1692 Fortexistenz
2571 1656 2732 1696 ermöglicht
2748 1657 2791 1695 ist.

2011 1688 2056 1720 So
2080 1694 2136 1722 von
2160 1691 2245 1724 allem
2260 1694 2443 1736 Unnöthigen
2458 1695 2556 1736 befreit
2572 1701 2629 1731 und
2645 1701 2791 1743 gereinigt,

1942 1731 2016 1764 wird
2038 1733 2081 1765 die
2103 1734 2274 1777 bürgerliche
2296 1738 2404 1778 Schule
2425 1741 2483 1773 eine
2505 1742 2665 1786 freisinnige
2686 1746 2792 1787 Mehr¬

1944 1776 2002 1816 heit
2027 1778 2093 1818 auch
2117 1779 2158 1811 im
2174 1781 2260 1814 Volke
2282 1793 2332 1816 um
2355 1785 2406 1825 sich
2429 1785 2556 1825 schaaren
2579 1788 2656 1830 sehen
2681 1792 2739 1824 und
2762 1792 2791 1831 so

1943 1822 1993 1861 hat
2017 1823 2050 1862 sie
2074 1828 2105 1857 es
2127 1824 2202 1864 nicht
2235 1828 2344 1870 nöthig,
2381 1829 2423 1863 ein
2446 1831 2547 1872 Objekt
2578 1834 2626 1866 des
2649 1835 2792 1875 Kompro-

1942 1866 2047 1908 miffes,
2071 1869 2117 1901 ein
2140 1869 2315 1912 Gegenstand
2349 1875 2399 1907 des
2420 1876 2728 1920 Fraktionenschachers
2757 1891 2793 1921 zu

1942 1913 2060 1945 werden.

1988 2008 2361 2054 Zchwrittnsch-ttsormirtrs
2386 2015 2559 2061 JlrrMßwftft
2585 2020 2614 2056 in
2636 2020 2739 2064 Zürich.

2168 2070 2234 2105 (19.,
2250 2071 2295 2102 20.
2313 2073 2369 2103 und
2385 2074 2429 2105 21.
2446 2075 2570 2112 August.)

2297 2122 2434 2159 (Schluß.)

1996 2160 2061 2191 War
2091 2162 2139 2192 das
2157 2163 2409 2200 Haupttraktandum
2435 2169 2480 2199 des
2507 2172 2586 2206 ersten
2612 2174 2696 2208 Tages
2725 2176 2794 2210 mehr

1941 2200 2074 2236 abstrakter
2104 2203 2202 2238 Natur,
2232 2206 2257 2240 so
2288 2208 2351 2242 griff
2379 2209 2426 2239 das
2453 2210 2498 2241 des
2524 2213 2626 2247 zweiten
2643 2214 2731 2251 Tages
2748 2217 2794 2246 ins

1942 2242 2008 2271 volle
2030 2241 2110 2273 Leben
2140 2245 2236 2277 hinein.
2271 2246 2342 2283 Nach
2369 2249 2425 2279 dem
2452 2251 2712 2291 Eröffnungsgesang
2739 2257 2794 2286 und

1941 2281 2023 2311 einem
2040 2291 2092 2313 von
2110 2284 2170 2319 Pfr.
2189 2286 2241 2316 Dr.
2259 2286 2358 2322 Furrer
2377 2290 2550 2326 gesprochenen
2569 2293 2662 2324 Gebete
2680 2297 2794 2330 referirte

1941 2321 2001 2356 Pfr.
2019 2322 2063 2353 Al
2074 2324 2189 2360 brecht
2206 2334 2257 2357 von
2276 2327 2411 2364 Rorschach
2434 2332 2462 2361 in
2481 2333 2568 2367 freiem
2587 2334 2713 2372 Vortrage
2733 2337 2794 2368 über

1941 2362 1990 2393 das
2008 2363 2121 2398 Thema:
2152 2366 2222 2402 „Die
2238 2368 2356 2405 Aufgabe
2384 2371 2427 2402 der
2453 2375 2636 2409 evangelischen
2659 2376 2746 2409 Kirche
2764 2379 2794 2408 in

1941 2402 2026 2439 Bezug
2054 2405 2101 2439 auf
2128 2406 2177 2436 das
2206 2407 2344 2443 öffentliche
2362 2410 2490 2446 Gewiffen
2518 2415 2573 2444 und
2598 2415 2635 2446 die
2653 2417 2794 2453 öffentliche

1940 2443 2098 2480 Meinung."
2134 2446 2193 2477 Der
2209 2448 2311 2480 Redner
2327 2451 2396 2484 freut
2422 2453 2475 2488 sich,
2506 2454 2558 2489 daß
2585 2455 2633 2486 das
2650 2457 2747 2493 Thema
2767 2460 2793 2490 so

1940 2484 2024 2519 gefaßt
2041 2487 2128 2516 wurde
2146 2488 2201 2518 und
2218 2490 2283 2524 nicht
2300 2499 2351 2521 von
2370 2493 2451 2523 einem
2469 2494 2592 2532 Einfluß,
2609 2498 2717 2530 sondern
2729 2500 2790 2530 eben

1940 2533 1992 2554 von
2009 2526 2077 2556 einer
2095 2526 2213 2564 Aufgabe
2239 2530 2281 2560 der
2299 2533 2481 2568 evangelischen
2498 2535 2587 2571 Kirche
2607 2539 2645 2568 die
2662 2538 2732 2569 Rede
2750 2541 2793 2576 sei,

1939 2565 2007 2595 denn
2023 2567 2052 2596 in
2069 2567 2153 2602 jenem
2164 2568 2237 2604 Falle
2254 2571 2343 2606 müßte
2354 2573 2404 2603 das
2414 2574 2535 2609 Resultat
2547 2577 2592 2608 der
2603 2579 2793 2617 Untersuchung

1940 2605 1983 2640 für
2012 2611 2063 2637 uns
2091 2612 2172 2639 etwas
2200 2610 2355 2645 beschämend
2379 2616 2517 2649 ausfallen.
2554 2618 2625 2654 Sehe
2642 2628 2714 2656 man,
2746 2623 2792 2652 wie

1939 2646 2055 2679 planvoll
2083 2649 2119 2678 im
2138 2649 2272 2687 Gegensatz
2303 2661 2332 2688 zu
2359 2658 2414 2685 uns
2431 2655 2470 2685 die
2488 2657 2628 2694 katholische
2644 2659 2733 2696 Kirche
2751 2671 2791 2692 ar¬

1939 2685 2020 2716 beitet.
2049 2688 2102 2718 Die
2118 2689 2256 2724 Probleme
2274 2692 2319 2722 des
2331 2694 2516 2730 Sozialismus
2533 2699 2590 2728 und
2605 2700 2649 2730 der
2662 2700 2792 2732 Sklaven¬

1939 2725 2007 2761 frage
2035 2728 2130 2758 nimmt
2158 2729 2191 2764 sie
2208 2739 2242 2760 an
2260 2731 2300 2762 die
2318 2733 2396 2768 Hand
2419 2735 2474 2765 und
2492 2738 2574 2771 macht
2591 2739 2671 2770 damit
2689 2741 2792 2777 Propa¬

1938 2767 2021 2802 ganda
2050 2768 2095 2800 für
2120 2769 2172 2803 ihre
2198 2771 2280 2808 eigene
2307 2773 2398 2808 Sache.
2433 2776 2486 2807 Die
2516 2780 2676 2815 evangelische
2706 2781 2792 2816 Kirche

1938 2808 2040 2838 arbetet
2069 2810 2140 2843 mehr
2167 2811 2301 2846 innerhalb
2330 2815 2375 2844 der
2403 2815 2631 2852 Parteischranken.
2674 2822 2791 2856 Welchen

1938 2846 2050 2882 Einfluß
2068 2849 2110 2882 hat
2129 2850 2274 2888 heutzutage
2291 2854 2426 2889 hinwieder
2438 2857 2477 2887 die
2490 2858 2586 2894 Presse,
2605 2861 2688 2896 welche
2701 2863 2790 2896 Macht

1937 2888 1967 2921 ist
1998 2889 2079 2918 einem
2097 2890 2279 2925 Schriftsteller
2306 2903 2358 2925 von
2375 2896 2433 2931 Ruf
2455 2899 2580 2934 gegeben!
2615 2901 2687 2932 Man
2716 2903 2788 2933 denke

1937 2936 1989 2958 nur
2015 2937 2049 2959 an
2067 2930 2136 2965 Max
2154 2931 2288 2963 Rordau's
2305 2935 2474 2970 zerstörendes
2493 2939 2564 2972 Buch
2594 2941 2664 2976 „Die
2683 2943 2789 2973 konven¬

1936 2969 2054 2999 tionellen
2073 2970 2158 3006 Lügen
2177 2972 2218 3001 der
2235 2973 2416 3010 Gegenwart".

1990 3014 2044 3044 Die
2054 3014 2146 3051 Frage,
2165 3017 2197 3046 ob
2214 3017 2262 3048 das
2280 3018 2419 3056 öffentliche
2430 3023 2560 3058 Gewissen
2579 3027 2633 3056 und
2644 3026 2683 3057 die
2695 3027 2787 3063 öffent¬

1936 3053 1992 3088 liche
2020 3054 2153 3092 Meinung
2183 3058 2229 3087 das
2256 3059 2356 3094 Gleiche
2384 3062 2511 3099 bedeuten,
2540 3068 2653 3096 verneint
2680 3077 2707 3098 er
2734 3070 2788 3099 und

1935 3094 2021 3128 findet,
2048 3096 2098 3131 daß
2124 3097 2169 3132 sich
2197 3098 2233 3128 die
2252 3100 2339 3130 beiden
2358 3102 2471 3139 Begriffe
2490 3105 2554 3139 nicht
2573 3107 2661 3137 decken.
2698 3108 2782 3143 Jenes

1935 3134 1964 3167 ist
1983 3142 2013 3170 zu
2031 3137 2149 3171 letzterem
2167 3139 2236 3174 mehr
2252 3141 2296 3170 der
2314 3141 2442 3176 konstante
2462 3144 2636 3182 Untergrund,
2664 3149 2786 3181 während

1934 3174 1971 3204 die
1990 3175 2126 3211 öffentliche
2144 3178 2277 3216 Meinung
2295 3182 2349 3216 eher
2369 3183 2410 3213 ein
2428 3184 2623 3222 schwankendes,
2653 3190 2787 3220 veränder¬

1933 3214 2008 3249 liches
2024 3215 2176 3254 Zeitgebildc
2204 3220 2241 3254 ist.
2279 3221 2341 3251 Das
2361 3223 2449 3259 Wesen
2468 3224 2512 3257 der
2540 3227 2785 3266 öffentlichen

1933 3255 2119 3294 Meinung
2138 3258 2169 3294 ist
2186 3259 2273 3294 schwer
2291 3270 2322 3297 zu
2343 3262 2499 3300 bestimmen,
2529 3267 2638 3303 indessen
2666 3270 2728 3304 steht
2745 3271 2785 3300 die

1932 3295 2062 3331 Thatsache
2081 3297 2133 3333 fest,
2147 3299 2196 3334 daß
2213 3304 2241 3330 es
2253 3301 2307 3332 eine
2319 3303 2393 3338 solche
2410 3305 2471 3340 gibt-
2489 3306 2533 3341 In
2551 3308 2701 3342 Anbetracht
2720 3311 2786 3345 ihrer

1932 3336 2064 3370 vielfachen
2084 3337 2263 3376 Verirrungen
2290 3343 2400 3378 glauben
2418 3348 2520 3381 manche
2538 3347 2713 3385 Sorgenvolle
2731 3352 2786 3380 und

1931 3375 2102 3412 Verstimmte,
2122 3379 2172 3414 daß
2190 3389 2251 3411 man
2270 3382 2303 3417 sie
2321 3383 2385 3418 nicht
2403 3393 2434 3420 zu
2453 3386 2565 3421 beachten
2584 3390 2694 3423 brauche.
2723 3390 2785 3421 Das

1931 3416 1961 3448 ist
1979 3418 2102 3453 unrichtig
2132 3421 2187 3450 und
2214 3422 2302 3457 gerade
2331 3425 2370 3454 die
2396 3427 2592 3463 protestantische
2610 3429 2695 3465 Kirche
2719 3433 2783 3466 muß

1930 3456 2059 3494 Stellung
2076 3460 2186 3494 nehmen
2203 3470 2233 3498 zu
2251 3463 2300 3496 ihr.
2336 3464 2389 3495 Sie
2405 3466 2448 3501 hat
2466 3468 2495 3497 in
2512 3467 2589 3501 dieser
2606 3470 2719 3506 Hinsicht
2731 3473 2786 3502 eine

1930 3496 2052 3532 Aufgabe.
2090 3499 2157 3535 Ihre
2176 3501 2284 3539 Organe
2302 3504 2401 3540 müssen
2419 3506 2467 3536 den
2486 3508 2571 3544 Muth
2595 3509 2683 3546 haben,
2717 3513 2785 3542 einer

1930 3537 2033 3572 falschen
2061 3539 2217 3576 öffentlichen
2235 3544 2370 3581 Meinung
2397 3548 2534 3583 gegenüber
2563 3550 2615 3580 eine
2632 3550 2784 3588 Gegenströ¬

1929 3585 2012 3614 mung
2028 3581 2202 3615 anzubahnen.

1983 3623 2044 3653 Das
2063 3624 2246 3663 Losungswort
2264 3628 2307 3660 der
2320 3629 2475 3666 Gegenwart
2489 3634 2586 3664 lautet:
2604 3636 2783 3674 Erweiterung

1929 3663 1971 3692 der
1991 3663 2157 3698 Volksrechte.
2193 3668 2288 3703 Pflicht
2315 3670 2358 3701 der
2376 3671 2461 3705 Kirche
2489 3674 2520 3708 ist
2537 3678 2575 3708 es,
2605 3676 2682 3707 liebe»
2702 3678 2782 3712 diesen

1928 3703 2036 3738 Rechten
2061 3707 2122 3741 auch
2140 3707 2179 3737 die
2197 3708 2323 3744 Pflichten
2350 3712 2395 3741 des
2412 3712 2507 3744 Volkes
2526 3723 2557 3750 zu
2576 3715 2690 3747 betonen.
2727 3719 2781 3749 Sie

1929 3744 1975 3777 soll
1994 3746 2047 3775 und
2065 3747 2130 3781 muß
2149 3747 2277 3786 Stellung
2304 3751 2410 3787 nehmen
2438 3762 2483 3790 zur
2502 3755 2606 3792 sozialen
2628 3758 2708 3794 .frage
2727 3761 2782 3789 und

1928 3787 1956 3813 es
1974 3785 2067 3822 genügt
2086 3787 2161 3823 nicht,
2180 3790 2230 3825 daß
2247 3791 2280 3825 sie
2299 3792 2361 3828 bloß
2379 3794 2428 3825 ihre
2441 3795 2599 3832 Geneigtheit
2612 3806 2641 3834 zu
2654 3798 2779 3832 derselben

1929 3825 1995 3855 kund
2006 3827 2066 3861 gibt.
2098 3828 2151 3859 Die
2164 3829 2245 3865 Sache
2259 3831 2291 3867 ist
2302 3833 2372 3863 einer
2383 3834 2457 3869 tiefen
2469 3837 2524 3865 und
2536 3838 2633 3870 ernsten
2645 3838 2780 3876 Prüfung,

1928 3865 1952 3900 ja
1972 3867 2031 3901 noch
2048 3869 2120 3902 mehr
2139 3870 2208 3900 eines
2225 3872 2322 3908 großen
2341 3874 2441 3909 Opfers
2459 3877 2545 3912 werth.
2582 3878 2704 3915 Dagegen
2732 3882 2779 3915 soll

1927 3909 1955 3936 cs
1978 3907 2025 3937 den
2043 3908 2298 3945 Sozialdemokraten
2324 3915 2407 3950 gesagt
2433 3917 2540 3953 werden,
2571 3918 2621 3954 daß
2646 3927 2699 3950 nur
2725 3923 2778 3951 eine

1927 3947 2013 3977 innere
2031 3949 2235 3988 Umgestaltung,
2254 3953 2328 3988 durch
2345 3963 2409 3986 neue
2420 3957 2556 3991 Menschen
2575 3959 2612 3989 die
2621 3960 2709 3996 soziale
2724 3962 2778 3992 und

1928 3987 2021 4023 speziell
2039 3989 2077 4018 die
2096 3990 2272 4028 Bcsitzcsfrage
2291 3994 2373 4030 gelöst
2391 3996 2488 4026 werden
2513 3997 2599 4029 könne.

2890 1118 2936 1153 In
2952 1119 3052 1155 Betreff
3077 1121 3123 1153 des
3149 1122 3394 1161 öffentlichen
3412 1127 3629 1164 Gewissens
3651 1132 3699 1162 be*

2838 1157 2895 1192 darf
2913 1159 2991 1193 dieses
3007 1161 3062 1196 sehr
3079 1162 3117 1197 oft
3134 1162 3178 1193 der
3203 1163 3336 1202 Weckung.
3371 1166 3455 1198 Eines
3477 1170 3688 1207 ungebührlichen

2837 1198 2982 1234 Einflusses
3000 1202 3043 1236 hat
3061 1202 3131 1237 schon
3149 1204 3230 1238 öfters
3248 1205 3286 1236 die
3305 1206 3380 1238 Alles
3398 1208 3545 1242 besudelnde
3554 1211 3692 1244 Revolver-

2836 1239 2913 1274 preffe
2931 1240 2977 1275 sich
2994 1242 3087 1277 erfreut
3103 1245 3159 1274 und
3176 1244 3225 1275 das
3242 1245 3311 1277 Volk
3327 1248 3395 1283 hatte
3411 1249 3478 1284 seine
3488 1250 3588 1287 Freud«
3597 1253 3690 1284 daran.

2837 1278 2883 1310 Da
2909 1280 2968 1312 darf
2994 1290 3045 1313 von
3063 1283 3138 1315 Seite
3163 1284 3204 1316 der
3222 1288 3405 1324 evangelischen
3424 1290 3562 1326 kirchlichen
3580 1293 3690 1331 Organe

2836 1319 2901 1354 nicht
2919 1322 3077 1359 geschwiegen
3095 1325 3203 1356 werden.
3225 1326 3278 1358 Sie
3296 1329 3395 1364 müffen
3413 1331 3459 1364 auf
3477 1331 3525 1362 den
3544 1332 3616 1368 Plan
3634 1335 3691 1365 und

2836 1359 2920 1395 reden,
2930 1366 2987 1393 was
3003 1363 3079 1398 Recht
3095 1366 3151 1396 und
3168 1366 3264 1402 Pflicht
3279 1368 3399 1404 gebieten.
3429 1371 3488 1402 Wie
3507 1374 3576 1408 leicht
3592 1376 3692 1406 nimmt

2837 1404 2865 1430 es
2883 1401 3068 1437 beispielsweise
3085 1405 3134 1437 das
3153 1406 3291 1443 öffentliche
3309 1408 3437 1446 Gewissen
3462 1413 3510 1443 mit
3529 1416 3584 1445 dem
3602 1415 3692 1453 Krieg,

2837 1441 2883 1471 wie
2901 1442 2928 1475 so
2946 1443 3011 1478 nicht
3028 1445 3104 1479 selten
3131 1447 3179 1477 irrt
3197 1451 3226 1478 es
3245 1449 3306 1484 auch
3324 1450 3469 1488 hinsichtlich
3485 1454 3531 1484 des
3542 1456 3691 1491 praktischen

2836 1481 3052 1518 Christenthums.
3087 1485 3147 1517 Gar
3176 1496 3207 1524 zu
3234 1497 3310 1526 gerne
3336 1491 3367 1526 ist
3393 1495 3422 1522 es
3442 1494 3485 1523 ein
3502 1494 3689 1531 Schlafpulver

2837 1530 2913 1558 gegen
2943 1523 2981 1553 die
3007 1525 3086 1561 ernste
3104 1526 3243 1563 Wahrheit.
3277 1530 3337 1561 Mit
3363 1531 3476 1566 äußeren
3493 1534 3597 1570 Opfem
3623 1538 3690 1568 wird

2837 1563 2887 1593 daS
2903 1563 3032 1600 Gewiffen
3058 1567 3118 1600 noch
3143 1568 3208 1604 nicht
3236 1570 3328 1604 saloirt
3361 1572 3427 1603 Eine
3446 1575 3616 1610 erschreckende
3633 1578 3688 1608 Ab¬

2837 1603 2988 1641 stumpfung
3013 1606 3090 1642 dieses
3117 1608 3274 1644 öffentlichen
3291 1611 3436 1649 Gewissens
3459 1615 3517 1646 tritt
3535 1619 3686 1654 namentlich

2837 1644 2865 1673 in
2882 1643 2969 1681 Bezug
2995 1647 3041 1680 auf
3069 1648 3251 1685 geschlechtliche
3268 1651 3447 1690 Verirrungen
3464 1664 3495 1692 zu
3514 1657 3591 1694 Tage.
3626 1658 3685 1690 Wie

2836 1683 2905 1714 wäre
2923 1688 2952 1715 es
2970 1686 3037 1721 sonst
3053 1688 3168 1724 möglich,
3186 1691 3238 1725 daß
3249 1691 3325 1723 Leute
3341 1701 3395 1724 von
3406 1695 3461 1730 sehr
3472 1697 3585 1733 lasziven
3593 1699 3688 1730 Sitten

2836 1732 2866 1760 zu
2885 1725 2950 1756 Amt
2968 1727 3021 1757 und
3039 1727 3155 1759 Würden
3181 1732 3305 1767 gelangen
3333 1734 3387 1765 und
3410 1736 3439 1765 in
3458 1737 3586 1772 denselben
3605 1748 3691 1770 unan¬

2837 1766 2960 1801 gefochten
2977 1768 3117 1799 verbleiben
3135 1770 3270 1802 könntm?
3291 1773 3388 1805 Damit
3406 1777 3443 1806 im
3460 1777 3688 1818 Zusammenhang

2836 1805 2897 1841 steht
2915 1806 2976 1841 auch
2993 1808 3031 1838 die
3048 1808 3076 1843 so
3092 1809 3181 1847 häufig
3198 1812 3391 1845 vorkommende
3407 1816 3550 1852 Frivolität
3565 1821 3609 1851 der
3624 1821 3691 1856 Ehe¬

2837 1846 3017 1884 schließungen.
3053 1848 3097 1885 In
3124 1851 3168 1881 der
3184 1852 3261 1888 That,
3288 1854 3327 1884 die
3353 1859 3517 1893 evangelische
3534 1859 3619 1895 Kirche
3641 1862 3685 1897 hat

2837 1887 2897 1922 noch
2914 1888 2968 1918 eine
2986 1890 3062 1925 große
3074 1891 3191 1928 Aufgabe
3208 1901 3257 1924 vor
3268 1895 3314 1930 sich
3325 1897 3379 1927 und
3391 1897 3449 1933 darf
3460 1898 3546 1930 keinen
3559 1900 3691 1938 Anspruch

2836 1928 2939 1963 erheben
2965 1930 3012 1964 auf
3037 1931 3111 1961 einen
3136 1932 3399 1974 Normalarbeitstag.
3435 1939 3558 1975 Etwelche
3582 1942 3692 1980 Erfolge

2837 1968 2880 2003 hat
2897 1969 2931 2003 sie
2948 1969 2999 2005 jetzt
3016 1970 3086 2005 schon
3098 1980 3128 2008 zu
3143 1974 3314 2012 verzeichnen;
3332 1977 3376 2008 als
3388 1979 3482 2014 solchen
3494 1985 3576 2013 nennt
3587 1982 3690 2014 Redner

2837 2017 2855 2045 z.
2874 2009 2911 2040 B.
2929 2010 2977 2040 den
2994 2010 3217 2050 Sonntagsschutz.

2890 2058 2945 2088 Die
2960 2058 3047 2094 Kirche
3063 2061 3107 2096 hat
3123 2063 3182 2093 aber
3199 2065 3260 2099 auch
3276 2067 3325 2101 auf
3341 2066 3382 2097 die
3399 2068 3539 2106 öffentliche
3556 2071 3692 2111 Meinung

2838 2098 2893 2129 und
2911 2099 2960 2129 das
2978 2099 3115 2137 öffentliche
3132 2103 3261 2140 Gewissen
3290 2114 3322 2142 zu
3339 2109 3422 2143 achten
3453 2112 3508 2140 und
3535 2112 3567 2146 sie
3590 2121 3621 2149 zu
3651 2116 3693 2144 be¬

2838 2139 2936 2175 fragen.
2954 2140 3005 2170 Sic
3023 2142 3089 2172 wird
3105 2144 3219 2175 alsdann
3238 2147 3363 2183 erfahren,
3383 2149 3433 2185 daß
3450 2151 3500 2182 das
3518 2152 3584 2183 Volk
3601 2162 3635 2185 an
3645 2155 3691 2187 der

2838 2179 3023 2214 zerstreuenden
3050 2183 3104 2212 und
3128 2184 3287 2220 zersetzenden
3305 2187 3445 2225 Thätigkeit
3472 2191 3516 2222 der
3534 2192 3619 2229 Kirche
3636 2195 3693 2226 kein

2838 2218 3025 2256 Wohlgefallen
3043 2222 3094 2257 hat.
3130 2224 3172 2254 Es
3198 2226 3230 2261 ist
3247 2227 3307 2261 auch
3324 2229 3389 2264 nicht
3406 2230 3495 2261 erbaut
3512 2241 3548 2263 an
3565 2235 3621 2264 dem
3638 2236 3689 2265 all¬

2838 2259 2914 2296 fällig
2931 2261 3142 2294 vorkommenden
3158 2265 3272 2303 Mangel
3295 2268 3341 2299 des
3357 2270 3563 2308 Vcrständniffes
3580 2276 3627 2311 auf
3644 2277 3689 2307 der

2838 2299 2933 2336 Kanzel
2951 2303 3089 2338 gegenüber
3115 2304 3179 2341 dem,
3207 2311 3265 2337 was
3293 2309 3330 2339 im
3347 2310 3488 2342 Weltleben
3512 2314 3560 2348 echt
3576 2315 3691 2351 Wahres

2838 2341 2893 2371 und
2911 2341 2998 2373 Gutes
3016 2344 3084 2380 liegt.
3119 2345 3172 2376 Die
3198 2350 3361 2385 evangelische
3388 2352 3474 2388 Kirche
3499 2356 3563 2391 muß
3590 2356 3635 2392 sich
3651 2358 3693 2388 im

2838 2381 2967 2417 Ferneren
2984 2391 3036 2413 von
3053 2386 3155 2422 dorther
3172 2387 3247 2424 sagen
3264 2390 3352 2426 laffen,
3369 2391 3408 2422 im
3419 2393 3531 2430 Kampfe
3548 2405 3625 2433 gegen
3641 2398 3692 2429 den

2838 2422 3113 2456 Ultramontanismus
3130 2427 3232 2463 brauche
3259 2433 3288 2460 es
3306 2434 3386 2462 etwas
3413 2435 3484 2470 mehr
3509 2436 3618 2473 Energie
3635 2439 3692 2469 und

2837 2462 2938 2497 sicheres
2956 2464 3099 2500 Auftreten.

2889 2503 2998 2539 Spricht
3013 2514 3077 2536 man
3095 2515 3148 2538 von
3170 2510 3239 2540 einer
3255 2511 3381 2550 Aufgabe,
3408 2515 3436 2549 so
3463 2517 3529 2552 muß
3545 2526 3608 2548 man
3625 2520 3687 2555 auch

2837 2543 2876 2573 die
2894 2544 2986 2575 Mittel
3003 2554 3034 2582 zu
3051 2547 3117 2582 ihrer
3135 2549 3235 2587 Lösung
3253 2552 3355 2584 kennen.
3379 2555 3449 2586 Dem
3467 2557 3643 2593 Sprechenden
3652 2560 3686 2593 ist

2837 2584 2933 2615 einmal
2951 2586 3033 2623 gesagt
3051 2588 3162 2624 worden,
3180 2591 3212 2621 da
3231 2592 3294 2628 helfe
3313 2602 3364 2625 nur
3388 2596 3426 2626 die
3445 2597 3611 2635 Orthodoxie.
3646 2601 3689 2631 Er

2836 2624 2868 2661 ist
2884 2626 2991 2657 anderer
3007 2628 3116 2664 Ansicht.
3151 2630 3267 2667 Obwohl
3294 2635 3354 2669 auch
3380 2645 3407 2666 er
3424 2639 3474 2668 das
3491 2639 3605 2675 religiöse
3621 2640 3689 2671 Mo¬

2836 2667 2907 2695 ment
2925 2667 2989 2700 nicht
3006 2668 3061 2698 will
3091 2669 3119 2700 in
3148 2670 3193 2702 den
3211 2672 3389 2710 Hintergrund
3416 2677 3513 2714 stellen,
3535 2680 3561 2714 so
3579 2681 3644 2717 weiß
3661 2690 3690 2712 er

2835 2705 2901 2740 doch,
2920 2706 2971 2741 daß
2987 2711 3016 2738 es
3034 2709 3167 2744 Tausende
3182 2721 3237 2742 von
3254 2715 3376 2749 ehrbaren
3394 2718 3535 2749 Männern
3552 2720 3590 2750 im
3603 2720 3689 2753 Lande

2836 2745 2898 2781 gibt,
2927 2748 2967 2777 die
2995 2749 3058 2784 ohne
3084 2751 3125 2781 ein
3153 2753 3377 2791 ausgesprochenes
3393 2758 3686 2797 Glaubensbekenntniß

2836 2786 2963 2821 durchaus
2992 2789 3088 2826 sittlich,
3115 2793 3285 2830 gewiffenhaft
3312 2797 3367 2828 und
3391 2798 3489 2834 human
3508 2801 3606 2837 gesinnt
3623 2803 3691 2837 sind.

2836 2826 2911 2861 Nicht
2927 2829 2978 2859 alle
2994 2830 3092 2861 können
3109 2832 3158 2862 den
3174 2833 3239 2870 Rigi
3248 2836 3261 2865 k
3268 2844 3289 2865 u
3298 2836 3310 2866 l
3318 2846 3345 2867 m
3372 2839 3416 2868 des
3435 2840 3574 2872 Glaubens
3591 2843 3690 2873 erklim¬

2835 2875 2894 2897 men
2904 2876 2912 2902 ;
2930 2869 2994 2903 seien
3012 2871 3062 2901 wir
3080 2872 3152 2902 dann
3169 2873 3235 2910 froh,
3253 2885 3329 2906 wenn
3347 2878 3379 2911 sie
3398 2881 3550 2916 wenigstens
3567 2883 3613 2917 auf
3625 2883 3683 2913 dem

2833 2908 3036 2945 Rigistaffel
3054 2912 3096 2942 der
3105 2913 3199 2944 Moral
3217 2916 3322 2947 bleiben.
3341 2918 3393 2949 Die
3403 2922 3568 2957 evangelische
3578 2923 3687 2960 Predigt

2833 2948 2877 2982 hat
2893 2950 2950 2979 und
2967 2950 3051 2985 behält
3067 2953 3122 2983 eine
3139 2956 3215 2990 große
3232 2955 3395 2995 Bedeutung.
3424 2960 3478 2991 Sei
3500 2962 3535 2997 sie
3550 2971 3604 2993 nur
3621 2964 3689 2999 nicht

2833 2988 2901 3025 allzu
2918 2989 3035 3027 freigebig
3053 2993 3101 3022 mit
3119 2994 3174 3024 dem
3192 2996 3422 3033 Weltgerichtston.
3455 3002 3541 3033 Einen
3558 3004 3683 3040 größeren

2833 3029 2947 3065 Einfluß
2973 3032 3039 3067 suche
3065 3033 3104 3063 die
3121 3034 3206 3072 Kirche
3236 3039 3284 3073 auf
3313 3040 3351 3069 die
3369 3041 3457 3077 Presse
3483 3051 3515 3079 zu
3542 3045 3689 3081 gewinnen.

2833 3069 2891 3100 Mit
2909 3072 2977 3101 einer
2995 3074 3104 3110 einzigen
3121 3075 3274 3112 Ausnahme
3302 3080 3379 3117 besitzt
3408 3082 3441 3116 sie
3467 3083 3520 3119 jetzt
3546 3085 3606 3120 noch
3630 3086 3686 3117 kein

2832 3110 2971 3144 politisches
2989 3112 3093 3150 Organ,
3112 3116 3232 3151 während
3250 3119 3343 3155 freilich
3361 3122 3414 3151 eine
3433 3122 3517 3158 schöne
3527 3124 3625 3161 Anzahl
3643 3127 3686 3161 ihr

2832 3151 2984 3186 wenigstens
3009 3153 3075 3189 nicht
3091 3155 3205 3192 feindlich
3223 3161 3424 3197 entgegenstehen
3452 3165 3508 3194 und
3525 3166 3683 3202 gelegentlich

2833 3189 2899 3226 chrer
2917 3191 2999 3228 Sache
3016 3194 3061 3229 sich
3078 3196 3229 3232 annehmen.

2884 3231 2979 3263 Treten
2996 3235 3044 3264 wir
3053 3236 3146 3271 endlich
3164 3237 3206 3268 der
3215 3238 3299 3276 Frage
3311 3242 3371 3277 noch
3389 3243 3478 3280 näher,
3497 3254 3598 3276 warum
3607 3248 3686 3284 unser

2831 3272 3007 3306 geschriebenes
3032 3276 3088 3305 und
3113 3278 3285 3314 gesprochenes
3303 3282 3379 3313 Wort
3409 3284 3448 3315 bei
3475 3285 3529 3316 den
3553 3287 3682 3319 Arbcitcr-

2832 3312 2922 3346 kreisen
2941 3314 2966 3347 so
2984 3316 3065 3351 wenig
3083 3317 3227 3349 Vertrauen
3258 3321 3346 3355 findet.
3383 3324 3436 3356 Die
3455 3326 3603 3364 Erklärung
3621 3329 3683 3365 liegt

2831 3353 2900 3387 wohl
2917 3354 3001 3391 darin,
3019 3356 3069 3391 daß
3087 3359 3135 3388 wir
3153 3358 3284 3396 Geistliche
3302 3371 3332 3397 zu
3350 3365 3433 3402 wenig
3446 3366 3605 3404 Berührung
3622 3370 3680 3399 und

2829 3392 2956 3429 Fühlung
2972 3396 3020 3425 mit
3045 3398 3121 3431 ihnen
3147 3399 3237 3434 haben.
3271 3402 3358 3433 Wenn
3385 3405 3429 3436 der
3446 3406 3520 3444 Berg
3535 3407 3596 3439 eben
3613 3410 3681 3445 nicht

2829 3441 2860 3468 zu
2887 3434 3029 3470 Mohamed
3054 3438 3118 3473 geht,
3146 3440 3171 3473 so
3198 3442 3253 3476 geht
3272 3443 3413 3479 Mohamed
3441 3455 3501 3483 zum
3519 3448 3597 3485 Berg.
3633 3450 3680 3486 Zu

2829 3474 2945 3509 unserem
2964 3476 3050 3507 Worte
3069 3480 3134 3514 muß
3150 3480 3188 3511 die
3206 3481 3308 3519 thätigc,
3326 3486 3492 3521 aufopfernde
3504 3488 3575 3519 Liebe
3593 3490 3681 3527 hinzu¬

2830 3516 2918 3546 treten.
2937 3516 2995 3547 Wir
3012 3518 3102 3554 stehen,
3118 3520 3216 3556 schließt
3234 3523 3277 3553 der
3294 3523 3405 3562 Redner,
3422 3527 3537 3563 zwischen
3547 3529 3619 3561 Rom
3627 3532 3685 3563 und

2829 3554 2885 3585 dem
2904 3557 3000 3587 nackten
3018 3559 3177 3595 Unglauben.
3213 3563 3254 3594 Es
3284 3564 3316 3599 ist
3345 3565 3411 3597 keine
3440 3568 3524 3603 schöne
3541 3569 3681 3609 Stellung.

2828 3595 2936 3631 Behalte
2952 3597 3010 3628 aber
3038 3599 3077 3630 die
3103 3603 3265 3639 evangelische
3283 3604 3368 3640 Kirche
3397 3616 3451 3639 nur
3478 3609 3604 3648 Fühlung
3630 3614 3682 3644 mit

2828 3636 2876 3666 den
2904 3637 3028 3672 innersten
3055 3639 3235 3677 Bedürfnissen
3262 3644 3307 3675 des
3329 3646 3578 3685 Menschenhrrzens,
3604 3651 3677 3683 dann

2828 3676 2871 3711 hat
2889 3677 2921 3710 sie
2935 3677 2993 3714 noch
3011 3679 3102 3710 immer
3118 3682 3170 3713 eine
3188 3683 3313 3715 dankbare
3331 3687 3386 3717 nnd
3403 3688 3467 3724 hohe
3487 3691 3610 3726 Mission.

2879 3720 3006 3757 Zwischen
3022 3724 3103 3759 diesen
3120 3726 3237 3765 Vorttag
3252 3729 3310 3760 und
3326 3731 3376 3762 das
3397 3733 3515 3770 folgende
3533 3735 3681 3773 Korreferat

2828 3761 2893 3791 wird
2911 3761 2949 3792 die
2966 3763 3043 3799 Wahl
3061 3766 3104 3795 des
3122 3767 3236 3803 nächsten
3244 3770 3373 3806 Festortes
3391 3775 3446 3805 und
3455 3775 3675 3812 Festpräsidentrn

2826 3802 2928 3836 gestellt.
2963 3803 3006 3839 Zu
3033 3806 3147 3840 ersterem
3164 3809 3230 3840 wird
3248 3811 3375 3843 Aarau
3402 3815 3530 3849 bestimmt
3556 3819 3611 3848 und
3628 3819 3679 3851 das

2825 3841 3024 3878 Fcstpräsidium
3040 3854 3076 3875 an
3098 3846 3165 3883 Hrn.
3184 3849 3389 3890 Welti-Kettiger
3414 3855 3445 3885 in
3466 3856 3592 3895 Aarburg
3608 3859 3682 3890 über-

2825 3884 2924 3918 ttagen.

2876 3923 2935 3953 Mit
2953 3924 3044 3958 seinem
3053 3926 3198 3960 Vorredner
3217 3931 3246 3966 ist
3262 3932 3306 3963 der
3317 3933 3480 3970 Korreferent
3489 3937 3549 3973 Pst.
3560 3939 3677 3975 Probst

2823 3970 2875 3993 von
2891 3963 2995 4000 Horgen
3012 3966 3042 3997 in
3059 3967 3108 3998 den
3125 3971 3230 4004 meisten
3237 3972 3360 4006 Punkten
3377 3976 3577 4013 einverstanden.
3606 3980 3677 4016 Nach

2824 4003 2878 4038 ihm
2897 4004 2962 4034 kann
2980 4005 3018 4036 die
3046 4007 3184 4046 öffentliche
3202 4011 3338 4051 Meinung
3368 4016 3437 4052 wohl
3456 4018 3535 4053 irren,
3561 4020 3593 4055 ist
3621 4022 3682 4052 aber

395 4067 714 4135 Fkllitletou^I889.
964 4089 983 4117 2

176 4164 256 4192 Aus
277 4165 340 4191 den
360 4161 650 4195 Verhandlungen
676 4162 734 4189 des
754 4162 929 4198 Schwei,er

439 4202 662 4236 «lpenttub».

134 4251 478 4287 Eröffnungsrede
516 4251 578 4280 des
609 4249 683 4286 Fest
696 4250 963 4287 präsidenten,

161 4292 284 4327 Herrn
303 4291 689 4328 Regierungsrathes
714 4290 746 4326 I.
764 4292 798 4322 E.
817 4292 931 4323 Grob.

484 4340 624 4375 (Schluß.)

174 4385 234 4415 Wir
254 4386 357 4419 dürsten
375 4385 465 4417 unsere
482 4384 621 4419 Rückschau
639 4385 684 4418 auf
703 4386 751 4415 daS
769 4385 829 4419 erste
848 4385 918 4420 Jahr
937 4387 980 4417 dcS

117 4424 257 4460 BestebenS
275 4426 379 4460 unserer
398 4425 568 4461 Verbindung
595 4426 658 4456 nickt
676 4425 804 4460 schließen,
833 4428 894 4459 ohne
921 4429 980 4461 noch

115 4466 186 4495 einer
203 4466 359 4502 Schöpfung
376 4466 474 4502 gedacht
490 4474 523 4501 zu
541 4465 630 4500 haben,
657 4466 696 4495 die
724 4474 754 4501 zu
782 4467 830 4497 den
856 4467 980 4503 schönsten

116 4505 161 4535 des
181 4505 210 4535 8.
221 4509 243 4535 A
264 4507 293 4535 C.
312 4507 390 4543 zählt,
418 4507 451 4540 ich
469 4506 551 4536 meine
577 4506 617 4535 die
636 4514 695 4535 vom
714 4506 793 4540 ersten
814 4507 882 4536 6.6.
906 4509 979 4545 bezw.

116 4554 168 4575 von
196 4548 279 4577 einem
307 4547 382 4580 durch
409 4547 487 4579 dieses
517 4546 642 4579 bestellten
672 4546 978 4585 Redaktionsausschusse,

114 4587 244 4621 bestehend
270 4591 323 4618 aus
341 4588 390 4617 den
408 4587 508 4623 Herren
527 4586 582 4617 Dr.
599 4586 679 4621 Roth,
698 4587 750 4617 Dr.
768 4587 904 4619 Simmler
924 4590 979 4619 und

114 4627 151 4656 R.
171 4627 257 4662 Lindt,
285 4629 397 4664 besorgte
425 4628 484 4662 erste
512 4627 680 4661 Publikation
711 4627 755 4657 des
782 4627 904 4662 Vereins,
930 4630 978 4660 das

111 4667 174 4699 erste
193 4667 326 4703 Jahrbuch
353 4668 399 4699 des
418 4667 444 4698 8.
455 4669 487 4695 A.
497 4668 528 4696 C.
564 4668 616 4698 Um
640 4667 721 4702 dessen
750 4669 977 4705 unvergänglichen

113 4708 206 4743 Werth
223 4717 254 4745 zu
272 4709 481 4743 charakterisiren,
499 4716 561 4744 mag
578 4708 623 4738 der
639 4708 759 4743 Hinweis
776 4710 902 4745 genügen,
929 4711 978 4745 daß

113 4748 195 4782 außer
214 4750 261 4779 den
280 4749 413 4785 Berichten
431 4750 493 4779 über
511 4749 626 4784 Fahrten
646 4750 681 4778 im
701 4748 857 4784 Klubgebiet,
878 4750 976 4786 verfaßt

113 4796 167 4817 von
195 4789 248 4819 Dr.
267 4790 411 4823 Simmler.
436 4789 631 4825 Frey-Gcßner,
658 4789 767 4825 Eugi-ne
784 4789 920 4825 Rambert,
947 4791 966 4822 L

112 4828 250 4865 Fininger,
281 4829 314 4860 C.
341 4829 451 4867 Hauser.
481 4830 516 4860 A.
543 4829 622 4864 Roth,
653 4830 690 4859 die
718 4830 857 4863 Abschnitte
886 4831 976 4866 „Freie

113 4868 245 4904 Fahrten"
275 4870 331 4899 und
351 4870 498 4906 „Aufsätze"
528 4873 582 4900 uns
611 4871 663 4900 eine
693 4870 776 4906 wahre
805 4871 975 4905 Mustcrkarte

114 4910 254 4943 erlauchter
272 4910 377 4941 Ramm
395 4911 440 4941 als
456 4910 588 4945 Verfasser
606 4919 653 4940 vor
669 4910 762 4946 Augen
781 4911 892 4945 führen:
922 4912 974 4943 Ed¬

112 4950 197 4979 mund
214 4958 240 4979 v.
259 4950 426 4987 Fcllenberg:
454 4951 517 4981 DaS
536 4951 699 4984 Aletschhorn
729 4951 783 4981 und
802 4952 850 4981 das
869 4952 973 4983 Silber¬

111 4989 197 5024 horn;
215 4989 253 5026 F.
270 4991 384 5026 Thioly:
414 4991 450 5019 Le
470 5000 592 5028 paatage
609 4991 648 5020 du
666 4992 712 5020 col
732 4992 766 5020 de
787 4991 971 5028 1’Alphubel;

109 5028 149 5058 G.
168 5029 289 5060 Studer:
317 5031 381 5062 Das
398 5031 611 5067 Mattwaldhorn
639 5033 694 5062 und
721 5033 772 5066 sein
800 5032 972 5068 Panorama;

111 5069 240 5103 Melchior
258 5072 358 5104 Ulrich:
387 5072 444 5102 Der
469 5071 518 5108 Pi,
542 5072 731 5107 Morteratsch;
758 5073 791 5108 I.
810 5073 842 5109 I.
860 5073 972 5104 Weilen¬

110 5118 194 5139 mann
205 5119 212 5139 :
225 5110 282 5141 Der
294 5111 343 5147 Piz
356 5111 529 5148 Tremoggia;
549 5113 576 5143 L.
590 5113 737 5144 Enderlin:
750 5114 807 5144 Der
819 5114 866 5150 Pi,
878 5114 971 5150 Zupü;

109 5149 146 5178 R.
164 5149 258 5180 Lindt:
276 5151 341 5181 DaS
358 5152 594 5189 Finsteraarhom;
616 5154 645 5184 L.
660 5153 832 5190 Rütimeyer:
849 5154 902 5186 Die
920 5155 971 5186 Be¬

109 5190 248 5226 völkerung
266 5193 309 5221 der
327 5192 431 5227 Alpen;
458 5194 492 5228 H.
521 5193 652 5229 Denzler:
679 5195 759 5225 Ueber
787 5195 825 5225 die
852 5195 970 5230 Wechsel¬

109 5231 275 5266 beziehungen
291 5231 408 5267 zwischen
425 5236 473 5262 den
491 5234 741 5270 Bergbesteigungen
758 5237 816 5266 und
831 5237 880 5266 den
899 5239 970 5271 topo¬

109 5271 266 5305 graphischen
291 5271 492 5308 Vermeffungen
521 5275 550 5304 in
576 5275 620 5305 der
648 5275 780 5311 Schweiz;
807 5276 839 5306 E.
867 5277 968 5310 Drsor:

109 5311 220 5345 Apercu
244 5312 422 5347 phlnombne
440 5314 587 5350 erratique
617 5316 665 5343 de»
687 5316 791 5352 Alpes;
821 5317 873 5347 Dr.
892 5317 925 5352 F.
943 5326 968 5348 v.

105 5350 229 5385 Tschudi:
246 5352 510 5389 Alpwirthschastliche
522 5354 712 5391 Streiflichter;
728 5355 760 5392 I.
773 5357 860 5393 Coaz:
879 5357 967 5393 Freier

1028 4063 1224 4101 Gedankenflug
1243 4066 1304 4097 über
1323 4068 1359 4098 die
1379 4068 1543 4107 Waldungen
1561 4072 1604 4102 der
1623 4072 1762 4109 Schweizer
1780 4075 1884 4110 Alpen;

1028 4104 1061 4139 H.
1092 4105 1297 4143 Sczadrowsky:
1328 4109 1483 4141 Nationaler
1512 4112 1616 4149 Gesang
1645 4114 1683 4143 bei
1714 4117 1761 4144 den
1788 4116 1884 4150 Alpen¬

1027 4145 1179 4179 bewohnern
1189 4155 1198 4182 ;
1226 4148 1304 4183 Hans
1323 4149 1462 4181 Wieland:
1489 4152 1624 4187 Aufgaben
1641 4154 1687 4187 für
1704 4155 1743 4184 die
1761 4155 1884 4186 kleineren

1028 4184 1101 4215 Leute
1129 4189 1206 4217 unter
1224 4188 1269 4218 den
1289 4189 1504 4225 Alpcnklubisten.
1542 4193 1586 4223 Da
1616 4194 1694 4227 haben
1722 4197 1771 4226 wir
1798 4197 1830 4231 sic
1857 4197 1883 4231 ja

1028 4225 1189 4261 beisammen,
1216 4228 1264 4264 fast
1291 4230 1341 4259 alle
1369 4230 1409 4261 die
1425 4231 1578 4268 Koryphäen
1598 4233 1639 4265 der
1657 4235 1802 4271 Alpinistik,
1829 4237 1885 4267 und

1028 4271 1084 4296 was
1103 4268 1135 4300 sie
1153 4272 1209 4298 uns
1236 4269 1264 4299 in
1282 4270 1355 4305 ihren
1373 4271 1468 4303 Gaben
1493 4274 1598 4308 geboten
1625 4275 1704 4310 haben
1726 4292 1755 4296 —
1777 4277 1810 4309 ich
1828 4278 1884 4314 sage

1027 4306 1073 4337 das
1093 4309 1245 4342 namentlich
1269 4310 1318 4340 den
1337 4311 1445 4348 jüngern
1465 4314 1634 4350 Mitgliedern
1654 4316 1699 4346 des
1718 4316 1745 4344 8.
1759 4318 1779 4345 A
1801 4317 1829 4346 C.
1848 4333 1882 4339 —

1026 4351 1054 4377 es
1072 4348 1104 4383 ist
1122 4349 1209 4384 werth,
1237 4350 1331 4381 immer
1354 4353 1447 4384 wieder
1475 4355 1677 4392 hervorgezogen,
1705 4358 1798 4394 gelesen
1830 4359 1884 4389 und

1027 4388 1144 4425 beherzigt
1172 4398 1203 4425 zu
1223 4392 1331 4422 werden.
1366 4392 1441 4423 Wem
1467 4395 1525 4426 aber
1552 4396 1625 4431 solche
1642 4398 1746 4431 Pathen
1773 4407 1802 4435 zu
1830 4399 1883 4430 Ge¬

1026 4431 1108 4458 vatter
1126 4429 1216 4465 stehen,
1236 4431 1283 4461 das
1303 4433 1366 4466 muß
1387 4434 1455 4468 wohl
1473 4436 1514 4466 ein
1534 4436 1623 4471 rechter
1640 4437 1732 4475 Junge
1751 4439 1812 4474 sein,
1831 4449 1881 4469 von

1025 4469 1080 4499 dem
1098 4478 1128 4504 zu
1146 4474 1272 4502 erwarten
1290 4473 1370 4508 stand,
1398 4475 1448 4510 daß
1466 4484 1493 4506 er
1520 4477 1565 4511 sich
1592 4478 1694 4514 gehörig
1720 4480 1882 4515 auswachsen

1025 4510 1113 4540 werde.

1078 4550 1199 4587 Verehrte
1219 4553 1317 4588 Herren
1345 4556 1400 4585 und
1425 4556 1630 4594 Klubgenoffen!
1668 4559 1748 4595 Zwar
1776 4562 1820 4591 bin
1847 4562 1881 4596 ich

1024 4590 1076 4621 kein
1094 4591 1312 4628 Gedankenleser;
1330 4596 1390 4626 aber
1408 4596 1479 4630 sollte
1494 4597 1530 4631 ich
1541 4599 1605 4633 mich
1617 4599 1730 4634 täuschen
1744 4601 1773 4631 in
1785 4603 1881 4632 meiner

1025 4630 1215 4669 Vermuthung,
1233 4634 1283 4669 daß
1302 4637 1363 4666 viele
1382 4640 1457 4667 unter
1475 4638 1565 4673 Ihnen
1593 4648 1636 4676 zur
1653 4640 1712 4676 Zeit
1741 4645 1805 4672 etwa
1832 4644 1881 4676 fol¬

1023 4673 1118 4706 genden
1137 4674 1271 4712 Monolog
1290 4676 1395 4708 halten:
1419 4679 1487 4713 „Um
1505 4678 1591 4710 Gott!
1611 4685 1667 4711 was
1686 4682 1732 4714 soll
1752 4683 1799 4713 das
1818 4692 1880 4714 wer¬

1022 4712 1078 4748 den,
1097 4722 1174 4744 wenn
1191 4715 1268 4747 unser
1286 4716 1473 4752 Fcstpräsident
1499 4721 1549 4750 mit
1571 4722 1615 4751 der
1640 4722 1782 4756 nämlichen
1808 4724 1879 4755 Aus¬

1023 4752 1175 4788 führlichkeit
1193 4756 1249 4785 und
1266 4757 1456 4794 Gründlichkeit
1475 4761 1521 4791 wie
1540 4761 1595 4792 dies
1613 4763 1673 4797 erste
1684 4764 1734 4793 alle
1745 4764 1878 4800 folgenden

1021 4793 1057 4822 24
1073 4793 1159 4830 Jahre
1185 4804 1216 4832 zu
1243 4796 1382 4831 behandeln
1411 4800 1456 4834 sich
1483 4809 1685 4837 vorgenommen
1714 4804 1794 4835 bat!"
1830 4805 1878 4840 Jo,

1022 4833 1093 4863 dann
1110 4834 1194 4869 dürfte
1213 4837 1354 4874 allerdings
1373 4841 1461 4874 unsere
1480 4842 1674 4878 Mittagssuppe
1700 4845 1751 4874 kalt
1770 4845 1878 4881 werden,

1021 4874 1088 4909 oder,
1107 4879 1165 4906 was
1183 4878 1405 4915 wahrscheinlicher
1430 4881 1472 4916 ist,
1490 4882 1534 4912 der
1552 4883 1653 4914 Redner
1673 4884 1806 4919 schließlich
1835 4887 1877 4917 der

1019 4914 1124 4951 Einzige
1141 4917 1172 4946 in
1188 4918 1279 4951 diesem
1298 4919 1386 4951 Saal«
1409 4921 1513 4953 bleiben.
1551 4924 1645 4959 Allein,
1674 4925 1739 4958 seien
1757 4926 1809 4956 Sie
1828 4936 1878 4957 un¬

1020 4959 1116 4991 verzagt
1127 4957 1134 4985 !
1172 4957 1231 4988 Mit
1258 4960 1322 4995 solch
1339 4969 1502 4997 verwegenen
1522 4964 1626 4998 Plänen
1654 4968 1724 5002 ttage
1753 4966 1786 5000 ich
1815 4969 1877 5002 mich

1018 4996 1091 5030 nicht.
1127 4997 1177 5032 Ich
1195 4999 1306 5034 gedachte
1324 5002 1466 5039 allerdings
1484 5004 1658 5041 ursprünglich
1688 5009 1740 5036 aus
1759 5008 1801 5037 der
1819 5010 1876 5038 wei¬

1017 5038 1073 5066 tern
1091 5036 1227 5072 Geschichte
1252 5041 1300 5070 de«
1317 5042 1343 5070 8.
1354 5044 1388 5070 A.
1399 5042 1426 5071 C.
1456 5044 1495 5074 die
1523 5045 1716 5080 bedeutsamsten
1738 5047 1876 5079 Momente

1018 5077 1230 5114 bcrauszuhcbcn,
1247 5081 1303 5110 und
1322 5083 1388 5117 hatte
1406 5084 1468 5117 mich
1486 5085 1577 5115 bereits
1596 5086 1677 5116 daran
1695 5089 1812 5123 gemacht,
1839 5098 1874 5119 an

1016 5116 1096 5151 Hand
1112 5117 1156 5148 der
1174 5118 1320 5153 Chroniken
1338 5123 1384 5153 des
1397 5123 1556 5160 Jahrbuche«
1575 5127 1613 5156 die
1625 5128 1775 5163 wichtigsten
1785 5129 1874 5159 Daten

1015 5165 1045 5192 zu
1062 5158 1177 5193 eruiren,
1202 5161 1248 5189 als
1271 5162 1315 5191 ein
1331 5163 1396 5198 mich
1411 5166 1521 5200 plötzlich
1539 5166 1739 5202 durchzuckender
1756 5168 1874 5200 Gedanke

1016 5197 1076 5231 mich
1095 5198 1242 5233 innrhaltcn
1260 5202 1313 5236 ließ
1330 5203 1386 5233 und
1397 5204 1444 5234 den
1457 5206 1592 5242 Fortgang
1605 5208 1645 5238 der
1655 5208 1743 5238 Arbeit
1757 5210 1872 5244 hemmte.

1015 5237 1096 5268 Wie?
1114 5238 1181 5275 sagte
1198 5241 1234 5274 ich
1250 5243 1305 5271 mir
1323 5243 1404 5278 selbst,
1421 5253 1499 5275 wenn
1518 5247 1567 5277 Du
1588 5256 1642 5277 nun
1657 5249 1696 5278 bei
1706 5250 1750 5278 der
1764 5251 1871 5285 ohnehin

1015 5279 1096 5312 knapp
1111 5281 1297 5315 zugcmcffenen
1308 5282 1395 5317 Muße
1411 5286 1453 5315 ein
1466 5286 1529 5319 nicht
1543 5288 1685 5322 mühelose«
1695 5289 1769 5319 Werk
1786 5294 1872 5320 unter¬

1013 5319 1127 5355 nimmst,
1146 5323 1195 5351 daS
1214 5323 1254 5350 rin
1272 5322 1389 5353 Anderer
1408 5326 1498 5355 bereit-
1528 5327 1603 5361 bester
1629 5330 1685 5357 und
1712 5330 1871 5364 gründlicher

1013 5360 1108 5396 besorgt
1126 5361 1194 5397 hat?
1229 5362 1290 5393 Und
1316 5363 1391 5400 flugS
1416 5365 1482 5401 setzte
1499 5366 1535 5401 ich
1552 5368 1615 5402 mich
1631 5369 1678 5404 hin
1703 5370 1759 5400 und
1782 5370 1871 5405 schrieb

1929 4082 1963 4106 an
1982 4076 2087 4112 Freund
2104 4079 2170 4115 Buß
2197 4081 2224 4112 in
2242 4082 2348 4114 Glarus
2376 4085 2412 4114 die
2440 4086 2573 4117 indiskrete
2601 4089 2693 4125 Frage,
2720 4094 2780 4121 was

1929 4117 2055 4153 eigentlich
2075 4119 2118 4149 der
2136 4119 2234 4156 Inhalt
2252 4123 2331 4157 seiner
2342 4124 2581 4162 Jubilaumsschrift
2591 4129 2630 4163 sei.
2649 4130 2708 4160 Und
2721 4131 2782 4167 siehe

1928 4157 1980 4187 da!
2008 4159 2073 4190 seine
2090 4162 2244 4197 umgehende
2271 4164 2393 4195 Antwort
2419 4167 2545 4203 bestätigte
2573 4169 2611 4199 die
2636 4170 2781 4207 Richtigkeit

1929 4199 2022 4230 meiner
2040 4200 2231 4239 Vermuthung,
2259 4204 2309 4239 daß
2335 4207 2383 4236 wir
2400 4208 2448 4237 mit
2466 4208 2606 4243 doppeltem
2623 4210 2712 4246 Faden
2741 4221 2781 4248 ge¬

1928 4238 1990 4273 näht
2017 4240 2096 4275 haben
2128 4243 2241 4275 würden.
2286 4246 2345 4277 Und
2375 4248 2399 4281 so
2430 4248 2487 4283 darf
2518 4249 2551 4283 ich
2581 4250 2639 4285 Sie,
2670 4253 2780 4288 verehrte

1928 4279 2025 4313 Herren
2043 4283 2099 4312 und
2126 4282 2252 4320 Freunde,
2280 4287 2424 4322 hinsichtlich
2451 4289 2495 4319 der
2521 4290 2780 4330 Weiterentwicklung

1928 4322 1972 4349 des
1991 4320 2018 4349 8.
2029 4323 2060 4350 A.
2072 4320 2100 4350 C.
2120 4332 2171 4353 von
2190 4325 2272 4359 seinen
2291 4327 2427 4363 Anfängen
2456 4329 2496 4359 bis
2514 4331 2561 4365 auf
2587 4331 2633 4362 den
2663 4334 2778 4370 heutigen

1928 4361 1985 4396 Tag
2002 4364 2136 4396 verweisen
2154 4365 2201 4398 auf
2217 4366 2255 4395 die
2274 4367 2419 4404 Festschrift,
2447 4369 2484 4400 die
2508 4371 2535 4401 in
2555 4371 2638 4402 Bälde
2656 4377 2708 4403 aus
2736 4376 2778 4405 der

1926 4404 2074 4436 gewandten
2090 4403 2173 4439 Feder
2198 4406 2243 4436 des
2261 4407 2328 4443 Hrn.
2347 4409 2565 4445 Vizepräsidenten
2582 4413 2673 4446 unsers
2699 4413 2727 4444 6.
2749 4415 2778 4444 0.

1927 4441 2061 4476 erscheinen
2081 4445 2155 4480 wird,
2183 4447 2236 4476 und
2264 4447 2291 4479 in
2316 4450 2414 4484 welcher
2431 4459 2457 4480 er
2475 4455 2538 4487 uns,
2566 4452 2599 4487 ich
2625 4454 2668 4484 bin
2697 4455 2778 4490 besten

1926 4483 2016 4517 gewiß,
2035 4485 2077 4514 ein
2095 4485 2244 4522 lebendiges,
2264 4488 2443 4524 farbenreiches
2456 4491 2521 4522 Bild
2532 4493 2633 4527 unserer
2642 4494 2777 4531 Geschichte

1927 4530 1973 4552 vor
1991 4524 2082 4559 Augen
2099 4526 2191 4562 führen
2210 4528 2284 4559 wird.

1979 4563 2069 4599 Dafür
2096 4567 2166 4602 aber,
2195 4568 2245 4604 daß
2275 4571 2308 4604 ich
2338 4572 2424 4607 gerade
2455 4573 2503 4603 das
2533 4574 2593 4608 erste
2623 4575 2776 4613 Lebensjahr

1925 4604 2028 4635 unserer
2047 4605 2218 4645 Verbindung
2242 4610 2272 4640 in
2288 4613 2370 4642 etwas
2386 4613 2488 4648 epischer
2505 4614 2593 4645 Breite
2609 4615 2702 4650 Ihnen
2719 4620 2775 4648 dar¬

1925 4644 2017 4679 gestellt
2035 4646 2104 4682 babe,
2123 4648 2199 4681 dafür
2216 4651 2306 4686 glaube
2323 4652 2358 4686 ich
2375 4652 2440 4687 Ihre
2453 4653 2577 4690 Nachsicht
2595 4657 2668 4686 kaum
2689 4658 2776 4692 beson¬

1925 4687 1983 4714 ders
1995 4686 2022 4716 in
2033 4686 2165 4723 Anspruch
2177 4691 2282 4725 nehmen
2299 4700 2328 4729 zu
2342 4693 2446 4728 müssen.
2465 4695 2507 4725 Es
2519 4695 2550 4728 ist
2563 4696 2589 4730 ja
2601 4697 2657 4731 doch
2671 4699 2774 4734 immer,

1924 4726 1984 4759 auch
2000 4726 2044 4760 für
2062 4728 2110 4758 den
2129 4730 2294 4766 erwachsenen
2313 4732 2412 4769 Mann,
2438 4734 2481 4764 ein
2499 4735 2642 4771 besonderer
2659 4738 2774 4775 Zauber,

1924 4765 1966 4796 der
1984 4766 2022 4796 die
2040 4767 2133 4798 Stätte
2151 4772 2270 4808 umweht,
2289 4781 2329 4802 wo
2348 4774 2447 4808 unserer
2460 4774 2581 4811 Kindheit
2594 4777 2679 4814 Wiege
2693 4780 2774 4815 stand,

1923 4806 1979 4836 und
2008 4811 2066 4837 waS
2092 4812 2149 4840 uns
2178 4813 2261 4842 tteuer
2291 4813 2383 4844 Eltern
2412 4815 2505 4845 Mund
2535 4826 2586 4846 von
2616 4819 2663 4848 den
2694 4821 2773 4855 ersten

1922 4847 2053 4881 Schritten
2071 4850 2174 4885 erzählt,
2199 4852 2238 4882 die
2255 4854 2305 4883 wir
2322 4854 2376 4884 in's
2393 4854 2473 4886 Leben
2491 4857 2588 4891 hinaus
2604 4859 2706 4894 gethan,
2724 4861 2774 4891 das

1922 4886 2021 4923 pflegen
2039 4890 2089 4920 wir
2107 4891 2135 4920 in
2154 4891 2224 4925 steter
2235 4893 2398 4927 freundlicher
2406 4896 2576 4933 Erinnerung
2587 4908 2617 4935 zu
2631 4900 2772 4936 bewahren.

1922 4927 2038 4959 Sodann
2056 4930 2117 4960 aber
2134 4932 2209 4966 schien
2228 4936 2258 4963 eö
2274 4935 2328 4964 mir
2346 4936 2416 4966 einen
2434 4937 2537 4972 eigenen
2555 4939 2615 4974 Reiz
2633 4948 2663 4975 zu
2683 4941 2772 4976 bieten,

1921 4969 1970 4998 daS
1987 4969 2061 5004 Bild,
2079 4971 2127 5001 das
2145 4972 2184 5009 die
2208 4974 2404 5009 gesammte
2430 4977 2569 5014 25jährige
2594 4980 2772 5018 Entwicklung

1921 5009 1965 5038 des
1983 5009 2010 5037 8.
2021 5012 2053 5038 A.
2063 5011 2094 5039 C.
2126 5013 2246 5049 gewährt,
2277 5015 2305 5045 in
2336 5016 2417 5050 seinen
2448 5017 2497 5047 Ur-
2515 5019 2569 5048 und
2586 5020 2771 5058 Grundzügen,

1919 5050 2047 5084 gleichsam
2066 5052 2103 5082 im
2120 5052 2323 5090 Mikrokosmos,
2349 5057 2376 5085 in
2400 5057 2490 5091 diesem
2507 5060 2586 5094 ersten
2604 5060 2771 5097 Lebensjahre

1919 5089 1965 5120 deS
1982 5090 2093 5122 Vereins
2111 5095 2287 5130 vorgezcichnet
2306 5104 2336 5132 zu
2355 5096 2448 5131 finden.

1972 5131 2031 5161 Und
2049 5141 2107 5162 nun
2125 5135 2237 5171 erübrigt
2255 5137 2307 5166 mir
2325 5138 2393 5171 noch,
2411 5139 2524 5173 zwischen
2545 5140 2616 5175 jenen
2629 5142 2770 5180 Anfängen

1917 5172 1973 5200 und
1990 5171 2047 5202 dem
2064 5172 2131 5209 Jetzt
2148 5175 2202 5204 eine
2219 5176 2289 5213 kurze
2305 5177 2434 5212 Parallele
2451 5187 2483 5215 zu
2500 5180 2582 5215 ziehen
2608 5183 2663 5212 und
2691 5184 2770 5221 einige

1918 5210 2210 5251 Schlußbetrachtungcn
2229 5217 2311 5247 daran
2340 5226 2369 5254 zu
2397 5220 2513 5255 knüpfen.
2551 5222 2608 5252 Und
2635 5224 2768 5259 fürwahr!

1916 5251 1959 5281 ES
1975 5252 2007 5287 ist
2023 5253 2065 5283 ein
2084 5254 2134 5289 fast
2151 5256 2238 5292 stolze«
2257 5256 2364 5293 Gefühl,
2381 5259 2428 5289 das
2443 5263 2497 5290 uns
2510 5262 2549 5291 die
2561 5262 2641 5298 Brust
2654 5265 2769 5301 schwellt,

1916 5300 1991 5322 wenn
2008 5294 2059 5324 wir
2076 5295 2152 5329 solche
2169 5295 2383 5335 Vergleichungen
2399 5301 2531 5335 anstellen.

1970 5332 2030 5363 AuS
2048 5334 2095 5364 den
2115 5336 2274 5370 dreihundert
2293 5339 2349 5370 sind
2367 5340 2432 5371 ihrer
2449 5342 2606 5376 dreitausend
2624 5347 2768 5381 geworden,

1914 5374 2001 5405 welche
2017 5375 2057 5404 die
2074 5374 2163 5411 Fahne
2180 5379 2225 5407 des
2242 5377 2270 5408 8.
2282 5379 2316 5407 A.
2327 5378 2357 5408 C.
2377 5381 2518 5416 Hochhalten
2537 5384 2565 5413 in
2583 5385 2624 5415 der
2644 5384 2767 5423 Schweiz,

2825 4092 2864 4123 die
2881 4093 2954 4129 Jahr
2970 4104 3018 4126 um
3035 4096 3106 4133 Jahr
3123 4099 3285 4138 ftohgemuth
3303 4104 3482 4143 hinaus,iehm
3500 4109 3530 4138 in
3546 4109 3585 4139 die
3603 4110 3678 4142 blaue

2825 4132 2909 4169 Feme
2928 4136 2982 4166 und
3000 4137 3170 4176 hinansteigen
3190 4143 3245 4173 und
3263 4144 3465 4178 hinanklimmen
3490 4157 3519 4185 zu
3538 4150 3584 4180 den
3602 4151 3681 4185 leuch¬

2825 4174 2916 4205 tenden
2934 4175 3039 4211 Zinnen
3056 4178 3099 4209 der
3117 4181 3262 4219 Hochwacht
3281 4185 3416 4223 Europas,
3445 4191 3500 4220 und
3519 4191 3590 4225 welch
3607 4196 3679 4228 reges

2825 4214 2906 4245 Leben
2925 4220 3075 4253 namentlich
3092 4228 3138 4257 zur
3154 4222 3320 4261 Winterszeit
3346 4228 3384 4258 im
3411 4228 3529 4265 Schooße
3557 4231 3599 4261 der
3624 4233 3680 4262 ein¬

2825 4257 2911 4290 zelnen
2930 4257 3090 4296 Sektionen;
3108 4263 3154 4292 wie
3172 4264 3323 4302 anhänglich
3335 4268 3389 4302 sind
3402 4269 3442 4299 die
3455 4270 3604 4306 Mitglieder
3622 4272 3679 4303 dem

2824 4295 2960 4328 Verbände
2977 4301 3033 4330 und
3056 4305 3086 4331 es
3103 4303 3205 4338 dürften
3221 4307 3291 4340 wohl
3306 4308 3372 4342 ihrer
3382 4309 3487 4346 Wenige
3498 4312 3557 4347 sein,
3567 4312 3604 4342 die
3613 4314 3678 4347 nicht

2826 4336 2926 4375 freudig
2944 4340 3103 4375 einstimmen
3122 4344 3150 4373 in
3168 4346 3217 4375 das
3234 4347 3404 4384 Bekenntniß,
3431 4351 3482 4386 daß
3508 4352 3546 4382 die
3572 4353 3601 4382 in
3628 4354 3678 4385 den

2825 4377 3020 4416 Klubsitzungcn
3039 4383 3194 4419 verbrachten
3213 4386 3315 4418 Abende
3332 4397 3363 4425 zu
3381 4391 3428 4420 den
3447 4392 3569 4426 schönsten
3587 4393 3679 4425 Stun¬

2823 4418 2872 4448 den
2891 4420 2960 4454 ihres
2977 4422 3074 4453 Lebens
3090 4425 3186 4460 zählen.
3223 4427 3283 4458 Und
3299 4429 3328 4459 in
3354 4431 3423 4461 allen
3453 4432 3568 4467 Thälem
3594 4434 3676 4470 stehen

2823 4458 2856 4491 sie
2875 4459 2959 4494 bereit,
2978 4463 3011 4497 ich
3029 4462 3086 4498 darf
3104 4466 3171 4501 wohl
3190 4467 3274 4504 sagen,
3299 4469 3337 4506 die
3354 4470 3501 4506 Führer
3522 4478 3592 4504 aus
3610 4484 3680 4505 un¬

2822 4498 2925 4533 serer
2943 4502 3046 4538 Schule,
3075 4508 3128 4535 uns
3146 4507 3377 4544 hinauszugcleiten
3405 4512 3467 4542 über
3497 4514 3594 4548 Schnee
3620 4516 3677 4547 und

2821 4539 2884 4574 Eis,
2902 4541 2965 4572 über
2982 4543 3046 4578 FelS
3063 4546 3119 4575 und
3135 4547 3228 4578 Geröll
3244 4550 3293 4583 auf
3310 4550 3349 4580 die
3367 4552 3477 4587 höchsten
3495 4554 3604 4585 Warten
3620 4557 3678 4587 und

2824 4584 2879 4611 uns
2897 4582 2968 4616 sicher
2986 4583 3075 4614 wieder
3092 4585 3346 4625 herunter,ulootsen.
3381 4591 3431 4629 Ja,
3462 4596 3523 4628 auch
3550 4596 3615 4631 ihrer
3642 4598 3676 4631 sei

2821 4621 2919 4657 gedacht
2945 4631 2979 4653 an
2997 4624 3086 4659 diesem
3113 4626 3266 4665 Jubiläum,
3294 4632 3337 4661 der
3366 4635 3453 4664 tteuen
3482 4635 3609 4671 Männer,
3636 4638 3676 4668 die

2822 4662 2898 4692 lieber
2916 4663 2963 4693 das
2987 4665 3071 4700 eigene
3094 4665 3174 4698 Leben
3203 4670 3248 4700 als
3276 4671 3347 4707 ihren
3376 4673 3496 4710 „Herm"
3524 4677 3561 4706 im
3587 4676 3676 4711 Stiche

2820 4702 2909 4737 lassen.
2946 4703 2996 4735 Sie
3014 4705 3132 4740 dürfen's
3149 4710 3210 4744 auch
3228 4713 3320 4747 getrost
3333 4722 3431 4750 wagen,
3449 4715 3516 4746 denn
3529 4717 3593 4751 nicht
3604 4719 3674 4751 mehr

2818 4750 2873 4772 nur
2890 4743 2944 4773 eine
2961 4745 3020 4775 oder
3036 4748 3104 4782 zwei,
3122 4749 3230 4782 sondem
3242 4752 3297 4783 eine
3310 4753 3426 4790 stattliche
3437 4755 3517 4792 Reihe
3527 4765 3578 4787 von
3590 4757 3672 4788 Klub-

2819 4782 2907 4817 hütten
2927 4785 2963 4814 im
2979 4794 3074 4822 ganzen
3085 4788 3232 4827 H^chgebiet
3247 4794 3339 4828 hemm
3349 4795 3477 4831 zerstrmt,
3495 4797 3575 4833 stehm
3587 4798 3673 4834 bereit,

2819 4824 2874 4853 dem
2893 4823 2998 4860 Freund
3022 4827 3066 4858 der
3083 4829 3166 4866 Berge
3192 4832 3243 4868 ein,
3271 4835 3303 4864 ob
3329 4836 3389 4869 auch
3419 4837 3588 4872 bescheidene«,
3614 4838 3672 4874 doch

2818 4864 2966 4899 schützmdes
2983 4867 3087 4904 Obdach
3111 4879 3142 4906 zu
3158 4872 3300 4909 gewähren.
3335 4875 3432 4911 Jmcm
3460 4878 3539 4912 ersten
3565 4879 3670 4913 muster¬

2817 4904 2933 4940 gültigen
2951 4906 3082 4944 Jahrbuch
3099 4911 3144 4941 des
3169 4912 3196 4940 8.
3207 4914 3238 4942 A.
3250 4914 3279 4942 C.
3297 4916 3352 4950 sind
3379 4917 3415 4947 im
3439 4917 3517 4951 Laufe
3543 4919 3586 4948 der
3610 4918 3671 4954 Zeit

2816 4944 2853 4973 23
2870 4947 2967 4976 weitere
2984 4948 3144 4985 Geschwister
3160 4961 3205 4989 zur
3218 4953 3293 4986 Seite
3309 4958 3428 4992 getreten.
3449 4957 3539 4988 Meine
3551 4958 3669 4994 Herren!

2816 4984 2885 5015 WaS
2903 4986 2934 5021 ist
2951 4989 3001 5018 das
3018 4989 3063 5023 für
3079 4991 3134 5022 eine
3150 4994 3339 5030 unerschöpflich
3357 4997 3430 5031 reiche
3447 4997 3606 5034 Fundgmb«
3622 5000 3671 5032 für

2816 5025 2855 5055 die
2872 5025 3020 5063 Kenntnisse
3047 5031 3151 5066 unseres
3178 5035 3281 5069 theuren
3299 5036 3513 5072 Heimatlandes;
3540 5042 3597 5069 was
3623 5041 3670 5074 für

2815 5065 2870 5096 eine
2888 5066 2964 5103 Fülle
2981 5070 3042 5105 auch
3059 5080 3111 5103 von
3129 5074 3238 5110 urchiger
3257 5075 3475 5112 Bergstöhlichkeit
3501 5079 3554 5109 und
3580 5080 3669 5114 echtem

2816 5106 3003 5142 Alpenhumor.
3037 5111 3088 5146 Ja,
3104 5121 3167 5144 man
3185 5115 3243 5150 darf
3261 5116 3346 5152 sagen,
3372 5117 3422 5148 daS
3440 5118 3524 5154 Beste,
3540 5123 3598 5150 waS
3615 5125 3670 5152 au»

2815 5149 2858 5177 der
2877 5148 2957 5183 Feder
2974 5152 3016 5181 der
3034 5152 3126 5187 Besten
3152 5158 3228 5185 unter
3245 5160 3300 5186 un«
3327 5158 3447 5194 geflossen
3477 5160 3509 5194 ist
3527 5175 3559 5181 —
3578 5164 3607 5192 r«
3624 5162 3669 5197 hat

2814 5187 2868 5221 hier
2886 5189 2952 5222 seine
2969 5191 3060 5222 Stätte
3076 5194 3210 5229 gefunden.
3246 5196 3320 5232 Nicht
3347 5206 3377 5233 zu
3394 5200 3519 5235 vergrffm
3549 5202 3593 5232 der
3610 5211 3669 5234 vor-

2815 5228 2949 5263 ttefflichm
2966 5231 3136 5268 Jttncrarien,
3153 5235 3227 5269 dieser
3235 5237 3376 5274 prächtigen
3387 5239 3587 5272 V-demccums
3598 5243 3670 5279 jedes

2813 5268 2919 5304 eifrigen
2945 5271 3085 5308 Klubistm,
3112 5275 3187 5310 dieser
3199 5276 3317 5312 vielleicht
3335 5280 3394 5313 noch
3413 5289 3443 5316 zu
3469 5283 3551 5319 wenig
3569 5285 3669 5318 gewür¬

2812 5308 2899 5344 digten
2925 5310 3045 5348 Bcittägr
3070 5322 3116 5348 zur
3141 5314 3276 5352 Kcnntniß
3303 5327 3356 5350 von
3382 5320 3457 5351 Land
3483 5323 3539 5354 und
3566 5324 3669 5357 Leuten.

2813 5348 2878 5379 DaS
2890 5352 3037 5386 verlorenste
3050 5353 3127 5389 Thal,
3144 5355 3188 5386 der
3199 5358 3357 5394 vcrgeffenste
3370 5361 3552 5394 Erdenwinkel
3563 5366 3669 5401 unsere«

2813 5389 2914 5425 schönen
2933 5391 3103 5425 Vaterlandes
3118 5410 3148 5415 —
3162 5397 3215 5432 hier
3233 5400 3332 5430 werdm
3351 5401 3383 5437 sie
3395 5406 3451 5433 un«
3464 5404 3526 5440 nahe
3536 5405 3672 5442 gebracht.
