3787 5551
448 725 946 760 NbonnementSpreise.

874 769 886 789 3
898 766 994 789 Monat».
1008 767 1021 786 6
1035 765 1129 787 M»«alr.
1152 766 1161 786 1
1177 764 1241 786 Sollt.

138 805 227 834 Slltl*
240 807 307 830 («xim
319 806 353 828 M«
366 805 458 833 8*i»ung
471 805 563 833 a»»«$oU
576 800 906 830 »Irt».Ir-
933 802 954 822 5.
967 810 992 816 -
1006 798 1045 826 Fr.
1059 800 1083 820 10
1085 814 1091 820 .
1106 808 1128 814 -
1139 796 1174 824 Fr.
1183 800 1217 818 au.
1232 807 1255 812 -

139 839 246 866 6d)W»i|
260 839 383 867 IBrflrllun,
396 840 451 861 Krim
464 838 589 866 Postburrau
602 838 638 859 dt»
650 836 782 864 Wohnort«»)
802 842 809 858 .
834 842 844 860 r
879 850 888 860 ,
931 835 952 856 6.
966 844 991 849 —
1003 850 1006 853 .
1021 848 1030 857 .
1060 835 1090 853 13.
1106 844 1127 848 —
1158 845 1167 855 .
1182 831 1217 852 24.
1231 841 1256 846 —

193 890 201 899 .
265 873 344 896 «dir»«»
353 872 471 900 »rstrllung
483 872 526 894 Lad
536 871 606 899 Brpiz
619 873 681 894 »ntrr
692 869 852 896 Privatadnsl»)
879 884 888 895 .
928 869 949 890 «.
962 867 990 889 7S
1018 881 1028 891 .
1057 866 1089 888 IS.
1102 864 1132 886 so
1158 879 1167 889 .
1181 864 1218 885 27.
1232 874 1257 879 —

141 906 421 934 Frai>1r«ich,J1aN«n
435 906 516 928 »nddt«
526 905 610 932 übri,«n
620 904 752 927 Staat««br»
762 903 818 926 Sri
826 904 848 924 t-

234 940 392 967 postvrrrin»
404 940 531 968 (»rstrllun,
545 939 575 961 Ixt
587 939 623 961 d«t
636 938 765 966 «xyrditian)
800 952 807 960 .
834 951 841 958 .
878 951 888 962 ,
917 936 990 957 10.—
1019 948 1029 959 ,
1057 933 1128 954 20.—
1157 947 1166 955 .
1181 933 1257 952 40.—

141 974 294 999 D«u«Ichl»
301 975 335 996 nd
351 974 499 998 iAdonuemrnt
512 973 544 995 b«i
558 973 594 994 d«n
607 973 700 999 d»rt>g«n
713 971 863 998 Postbur,au;)
914 969 948 994 fUr
963 969 976 990 3
989 967 1079 989 Monat«
1122 964 1182 987 Marl
1197 965 1217 985 C.
1232 965 1257 985 83

142 1007 312 1034 vrstrrrri»
327 1007 452 1035 («rstrllung
465 1007 494 1029 hi
506 1008 546 1029 txn
558 1007 652 1033 dorti^n
665 1004 810 1032 PostbUrraui)
836 1018 844 1025 .
911 1002 946 1028 stlr
960 1004 972 1024 S
984 1001 1073 1023 Monal«
1095 999 1117 1024 kl.
1127 999 1145 1020 8.
1154 998 1187 1019 W.
1196 1000 1210 1019 4
1232 998 1258 1019 5«

237 1041 283 1068 Für
295 1042 368 1063 andrr«
381 1041 460 1063 Andrr
472 1041 513 1067 sind
527 1040 668 1067 «rstrllungrn
681 1043 708 1059 an
721 1038 752 1059 di«
765 1036 884 1062 8r»rbi«ion
897 1036 921 1057 in
935 1034 1008 1061 Zürich
1025 1033 1162 1059 rinjusrnbrn.

1480 782 1962 855 Achtiin-siinsiigfler
1998 780 2270 851 Jahrgang.

1607 928 2129 1020 ErftesBlatt.

2820 707 3278 745 JnserlionSgebühr.

2492 763 2535 789 TVilt
2552 764 2583 785 dir
2602 762 2687 788 Echwti,
2700 762 2726 782 20
2740 761 2787 787 R-.,
2808 760 2841 786 für
2859 763 2897 782 da»
2915 761 3013 783 Ausland
3031 761 3058 782 25
3070 760 3117 783 Ctl.
3136 760 3181 782 «drr
3197 760 3224 781 20
3236 758 3337 785 Psrnnige
3349 761 3384 784 pcr
3398 758 3533 786 sechtspaltiz«
3546 758 3608 785 Zkil«.

2492 824 2586 850 Jnirrat«
2600 825 2643 846 lind
2657 824 2786 850 «injuirndrn
2803 828 2831 846 an
2849 823 3016 851 tzaal«nst«tn
3034 823 3054 845 »
3070 823 3165 850 voglrr
3182 823 3207 845 t,
3222 821 3305 850 Zürich,
3320 821 3392 848 Bas«l,
3407 820 3471 848 Sink,
3494 821 3610 848 Stuttgart,

2845 857 2966 884 Franksurt,
2980 857 3061 882 Brrlin,
3073 858 3181 885 Hamburg
3193 862 3220 879 ic.
3232 863 3258 879 I«.

2802 920 2886 944 Burrou
2899 921 2932 944 drr
2946 920 3068 944 Hrdattta«:
3085 920 3216 948 Bruuugag«
3228 921 3266 944 Ar.
3278 921 3311 943 2.1

2495 986 2576 1013 rSgli»
2589 983 2711 1012 ,««inialigr
2726 983 2822 1011 Aulgadr
2834 984 2868 1006 drr
2881 984 2982 1012 Zriluug.
2996 995 3022 1000 —
3035 984 3096 1009 Prrt»
3109 985 3145 1006 drr
3161 984 3261 1011 rtn,rlnrn
3277 983 3402 1006 »iumiurr».
3420 982 3506 1009 «insach«
3524 982 3550 1004 10
3563 980 3611 1007 «d,

2837 1020 2873 1041 mit
2886 1020 2973 1046 Briiag«
2987 1020 3012 1040 15
3024 1019 3071 1044 Np..
3086 1020 3176 1042 dovp'll,
3189 1020 3216 1040 20
3227 1019 3267 1042 «1«.

126 1121 441 1194 Zürich,

1434 1106 1830 1179 Donnerstag,
1864 1106 1922 1167 9.
1960 1103 2100 1166 Mai
2134 1104 2294 1166 1878.

3406 1106 3494 1161 M
3528 1095 3634 1158 A4

283 1295 828 1360 Tagesbericht

442 1400 506 1427 vom
531 1395 562 1425 8.
584 1392 665 1426 Mai.

202 1472 269 1507 Das
299 1470 500 1512 englische
534 1468 702 1509 Parlament
723 1466 758 1506 ist
780 1474 827 1499 am
850 1465 976 1505 Montag

128 1517 228 1550 wieder
240 1516 514 1556 zusamniengetreten
526 1513 584 1545 und
596 1513 684 1552 findet
694 1512 721 1550 so
733 1509 853 1551 ziemlich
865 1509 974 1548 dieselbe

132 1561 268 1601 politische
276 1560 428 1594 Situation
441 1564 500 1597 vor,
523 1557 618 1597 welche
631 1557 683 1589 das
695 1556 770 1589 Land
783 1554 973 1595 beunruhigte,

133 1606 180 1638 als
203 1609 232 1638 es
254 1605 298 1637 die
308 1604 479 1644 Osterferien
489 1604 594 1636 antrat.
619 1600 738 1641 Freilich
748 1600 797 1640 hat
821 1604 851 1632 cs
874 1608 975 1639 augen¬

132 1649 246 1688 blicklich
269 1649 370 1681 wieder
391 1649 444 1680 den
466 1647 607 1687 Anschein,
644 1646 690 1679 als
711 1645 790 1684 sollte
813 1644 872 1677 eine
893 1644 975 1683 fried¬

133 1695 199 1735 liche
221 1695 385 1734 Strömung
407 1693 453 1725 die
474 1691 627 1732 Oberhand
651 1690 803 1732 gewinnen,
839 1688 925 1721 allein
948 1693 976 1720 es

134 1740 203 1780 fehlt
235 1738 301 1779 noch
333 1747 370 1772 an
402 1738 538 1778 positiven
561 1735 804 1776 Anhaltspunkten
837 1734 885 1774 für
919 1733 977 1765 eine

136 1784 259 1825 günstige
266 1783 447 1825 Auffassung.
464 1783 527 1815 Alle
535 1780 842 1821 Friedenshoffnungen
854 1778 977 1819 gründen

135 1829 184 1870 sich
207 1829 350 1869 vorläufig
383 1827 450 1867 noch
476 1827 526 1868 auf
559 1826 642 1865 bloße
665 1825 844 1864 Symptome.
889 1823 978 1861 Für's

138 1875 201 1914 erste
223 1873 369 1913 betrachtet
390 1882 460 1905 man
482 1876 510 1904 es
534 1872 580 1903 als
594 1871 639 1903 ein
651 1869 767 1910 Zeichen
781 1866 978 1908 versöhnlicher

136 1919 318 1958 Stimmung,
351 1917 406 1956 daß
428 1917 472 1949 die
491 1915 622 1956 Königin
644 1914 774 1948 Biktoria
796 1914 859 1945 dem
880 1912 978 1951 Kaiser

138 1971 194 1997 von
217 1962 354 2002 Rußland
384 1971 418 2001 zu
441 1962 526 2002 deffen
551 1960 724 1999 Geburtstag
747 1967 794 1991 am
818 1959 870 1990 29.
893 1955 978 1996 April

139 2010 169 2041 in
192 2007 251 2048 sehr
284 2006 426 2048 herzlicher
449 2007 538 2046 Weise
561 2005 645 2038 Glück
677 2003 810 2043 wünschte
843 2002 900 2034 und
923 2000 978 2041 daß

138 2055 185 2086 der
195 2053 256 2093 Zar
279 2052 380 2091 darauf
402 2051 538 2091 ebenfalls
560 2050 618 2090 sehr
641 2048 790 2090 freundlich
806 2048 978 2080 antwortete.

139 2098 235 2138 Schon
258 2098 338 2137 TagS
361 2095 461 2136 vorher
482 2096 557 2136 hatte
578 2094 638 2135 sich,
673 2093 724 2126 wie
746 2092 877 2133 gemeldet
898 2091 978 2129 wird,

140 2144 239 2183 Kaiser
273 2141 428 2180 Alexander
466 2140 503 2173 ini
539 2139 654 2179 Großen
687 2136 885 2176 Ministerrath
924 2137 981 2168 ent-

140 2187 274 2228 schloffen,
298 2186 347 2227 sich
370 2195 402 2225 zu
427 2185 559 2226 größeren
570 2182 814 2224 Zugeständniffen
831 2181 877 2213 als
889 2180 981 2221 bisher

141 2232 225 2265 bereit
259 2241 294 2271 zu
329 2231 451 2263 erklären
481 2229 541 2262 und
574 2229 654 2260 einen
685 2228 776 2267 letzten
798 2225 916 2265 Versuch
949 2233 983 2265 zu

141 2276 262 2317 machen,
287 2277 338 2308 den
360 2275 448 2316 Krieg
470 2275 522 2307 mit
548 2273 678 2314 England
700 2270 892 2311 abzuwenden.
916 2270 982 2303 Das

142 2320 292 2362 bezügliche
321 2319 444 2360 russische
466 2317 641 2359 Schriftstück
673 2316 724 2357 soll
746 2316 777 2348 in
800 2315 913 2349 London
937 2323 983 2346 am

145 2370 175 2399 1.
209 2366 279 2399 Mai
310 2365 372 2398 und
403 2364 436 2397 in
469 2364 555 2397 Wien
576 2364 635 2395 iam
671 2364 700 2394 2.
731 2361 800 2393 Mai
833 2359 984 2400 übergeben

144 2411 255 2444 worden
278 2410 343 2449 sein.
378 2410 418 2442 Es
442 2409 516 2449 fragt
539 2407 586 2448 sich
610 2407 686 2444 aber,
711 2405 744 2438 ob
768 2404 904 2445 Rußland
929 2409 984 2436 von

144 2459 195 2489 den
217 2455 359 2494 maßlosen
382 2454 589 2493 Forderungen,
620 2452 665 2484 die
687 2455 715 2483 cs
737 2450 807 2490 ohne
829 2449 984 2489 Vorwiffen

145 2502 203 2534 und
237 2500 439 2539 Zustimmung
462 2499 590 2536 Europas
624 2497 657 2529 in
690 2495 749 2527 dem
772 2495 895 2534 Vertrag
929 2498 984 2526 von

146 2547 215 2579 San
229 2545 353 2584 Stefano
375 2548 433 2575 von
455 2543 501 2575 der
525 2540 732 2582 ohnmächtigen
742 2539 845 2571 Türkei
867 2538 983 2578 erpreßt,

148 2598 237 2631 genug
271 2588 422 2629 Nachlaßen
456 2587 525 2625 will,
560 2586 614 2626 daß
638 2586 762 2623 Europa,
797 2583 985 2623 insbesondere

148 2634 287 2676 England,
322 2632 371 2673 sich
400 2632 490 2664 damit
512 2631 652 2672 zufrieden
683 2628 765 2670 geben
797 2629 878 2661 kann.
921 2627 986 2660 Wie

147 2680 294 2716 verlautet,
316 2678 368 2718 hat
384 2677 514 2717 England
537 2676 588 2716 auf
608 2675 678 2714 diese
699 2674 823 2713 neuesten
845 2672 985 2712 russischen

149 2724 341 2765 Eröffnungen
375 2722 441 2762 noch
464 2721 535 2761 nicht
569 2720 756 2760 geantwortet.
802 2717 859 2751 Ein
880 2716 987 2756 zweites

148 2769 307 2809 Symptom
346 2767 418 2800 einer
457 2765 641 2806 friedlicheren
664 2764 834 2802 Strömung,
880 2761 989 2801 worauf

148 2812 353 2854 augenblicklich
390 2820 461 2851 ganz
495 2809 640 2848 besonders
677 2816 745 2839 neue
782 2805 988 2845 Friedenshoff,

150 2866 264 2898 nungen
297 2856 383 2897 gesetzt
404 2855 521 2892 werden,
555 2853 590 2893 ist
623 2853 667 2884 die
686 2852 766 2889 Reise
787 2850 990 2890 Schnwaloff's

150 2902 216 2942 nach
240 2901 291 2933 St.
315 2898 495 2940 Petersburg.
538 2896 675 2937 Möglich,
699 2896 753 2934 daß
775 2895 817 2927 die
839 2894 988 2934 Berufung

151 2948 198 2979 des
220 2945 361 2984 russischen
383 2942 570 2983 Botschafters
598 2941 631 2974 in
653 2940 767 2974 London
788 2938 856 2978 nach
878 2939 989 2978 Peters¬

153 2991 224 3031 burg
247 2990 321 3022 einer
344 2986 649 3028 entgegenkommenden
671 2985 842 3024 Stimmung
864 2983 910 3015 der
931 2983 991 3021 rus¬

151 3035 246 3076 sischen
258 3034 416 3074 Regierung
439 3032 495 3064 und
510 3030 615 3071 speziell
630 3030 677 3063 des
688 3030 782 3069 Zaren
793 3027 991 3068 zuzuschreiben

153 3081 187 3119 ist
209 3079 267 3112 und
290 3078 344 3117 daß
367 3076 550 3117 Schuwaloff,
574 3075 661 3115 deffen
683 3074 836 3115 gemäßigte
858 3072 991 3111 politische

154 3124 282 3163 Tendenz
302 3123 427 3159 bekannt,
452 3131 500 3153 um
523 3118 709 3152 derentwillen
733 3128 761 3150 er
783 3116 849 3157 auch
872 3117 901 3149 in
917 3117 991 3157 Eng.

154 3169 222 3202 land
256 3168 331 3208 wohl
364 3166 509 3207 angesehen
531 3165 574 3204 ist,
607 3165 658 3204 für
687 3164 737 3195 den
770 3162 874 3202 rechten
895 3162 993 3193 Mann

155 3214 283 3255 gehalten
303 3212 384 3249 wird,
407 3217 488 3243 wenn
510 3208 669 3249 überhaupt
689 3207 754 3247 noch
777 3206 902 3247 möglich,
936 3206 993 3238 eine

156 3258 381 3299 Verständigung
403 3254 594 3295 anzubahnen.

221 3302 366 3342 Vielleicht
396 3300 432 3340 ist
464 3298 530 3340 auch
563 3299 605 3331 die
638 3296 781 3336 Nachricht
813 3295 861 3328 der
886 3295 994 3336 „Daily

156 3350 260 3381 News"
297 3347 354 3379 und
388 3345 436 3377 des
470 3342 668 3382 „Standard",
702 3341 756 3381 daß
789 3341 835 3373 der
870 3340 995 3380 englische

156 3392 288 3426 Admiral
317 3389 437 3430 Hornby
472 3390 521 3429 auf
555 3386 731 3426 Donnerstag
763 3386 794 3418 in
824 3385 896 3426 Port
919 3384 995 3417 Said

157 3438 285 3470 erwartet
304 3435 376 3467 wird
395 3434 457 3466 und
478 3432 533 3473 daß
556 3432 598 3464 die
620 3431 751 3470 indischen
774 3431 910 3468 Truppen
934 3429 996 3461 dort

157 3483 214 3515 und
238 3481 269 3513 in
291 3481 368 3520 Suez
390 3478 562 3519 ausgeschifft
583 3477 691 3509 werden
713 3474 808 3514 sollen,
832 3474 885 3506 mit
906 3482 994 3506 neuen

157 3525 317 3566 Aussichten
351 3524 400 3561 auf
436 3523 492 3555 eine
513 3521 739 3562 Verständigung
769 3518 892 3559 zwischen
914 3517 996 3558 Ruß.

157 3571 224 3604 land
248 3571 306 3603 und
319 3568 451 3610 England
472 3568 511 3600 im
524 3564 779 3606 Zusammenhang.
804 3563 897 3603 (Diese
908 3562 996 3603 Nach¬

160 3616 227 3657 richt
249 3615 296 3647 der
323 3614 479 3655 genannten
495 3610 644 3651 englischen
658 3610 772 3643 Blätter
792 3608 844 3648 hat
864 3607 998 3647 übrigens

157 3661 222 3701 noch
260 3660 331 3692 keine
368 3657 475 3691 weitere
496 3655 681 3696 Bestättgung
717 3653 877 3694 gefunden.)
933 3650 996 3684 Me

159 3706 331 3746 Symptome
362 3702 435 3735 einer
457 3700 642 3741 ftiedlicheren
664 3699 844 3738 Stimmung,
875 3696 998 3736 insoweit

158 3752 194 3790 sie
214 3748 332 3788 wirklich
354 3746 514 3787 vorhanden
535 3745 603 3785 find,
627 3744 738 3784 dürsten
761 3743 812 3782 auf
826 3742 869 3775 die
883 3740 998 3781 endliche

160 3793 330 3832 Erkenntniß
360 3792 405 3824 der
427 3789 568 3830 russischen
589 3789 750 3829 Regierung
772 3786 998 3827 zurückzuführen

159 3840 224 3878 sein,
260 3837 314 3877 daß
336 3838 372 3878 sie
394 3836 481 3875 außer
502 3834 614 3868 Stande
649 3833 690 3873 ist,
724 3833 776 3864 den
797 3833 920 3871 Vertrag
943 3836 999 3863 von

162 3885 229 3918 San
252 3883 375 3923 Stefano
398 3881 512 3919 Europa
544 3877 694 3919 gegenüber
716 3876 917 3917 nöthigenfalls
947 3874 1000 3908 mit

160 3928 374 3970 Waffengewalt
407 3925 512 3966 geltend
547 3932 579 3963 zu
612 3921 733 3962 machm.
785 3921 842 3954 Die
875 3919 1000 3960 mißliche

161 3972 339 4012 ökonomische
360 3970 418 4004 und
442 3967 614 4007 militärische
638 3967 717 4006 Lage,
749 3966 782 3998 in
811 3964 921 4005 welcher
951 3963 999 4004 sich

160 4017 297 4058 Rußland
319 4015 466 4056 unstreitig
487 4011 672 4054 gegenwärttg
693 4010 819 4050 befindet,
851 4009 884 4049 ist
912 4008 1000 4049 jeden¬

1018 1239 1087 1280 falls
1112 1238 1168 1272 eine
1190 1238 1287 1279 bessere
1310 1236 1450 1271 Garantie
1473 1237 1521 1275 für
1542 1236 1612 1276 seine
1634 1234 1858 1276 Nachgiebigkeit,

1019 1285 1066 1317 als
1097 1284 1166 1324 seine
1195 1282 1398 1322 Friedensliebe
1433 1282 1490 1315 und
1513 1280 1750 1321 Versöhnlichkeit.
1796 1277 1860 1312 Mit

1020 1329 1103 1369 Recht
1136 1328 1245 1368 schließt
1276 1327 1319 1360 die
1358 1327 1464 1364 „Köln.
1497 1327 1583 1368 Ztg."
1621 1324 1701 1365 ihren
1733 1324 1860 1366 heuttgen

1021 1373 1206 1416 Spitzearttkel
1251 1372 1324 1410 „Die
1357 1371 1548 1412 Aussichten",
1582 1370 1709 1409 nachdem
1742 1370 1776 1410 sie
1810 1370 1860 1402 den

1021 1418 1209 1459 geschwächten
1232 1416 1357 1457 Zustand
1381 1417 1428 1449 der
1451 1416 1589 1456 russischen
1612 1415 1712 1447 Armee
1742 1415 1793 1453 auf
1816 1414 1861 1446 der

1020 1462 1269 1504 Balkanhalbinsel
1279 1461 1486 1502 nachgewiesen,
1505 1461 1559 1493 mit
1570 1460 1726 1501 folgendem
1736 1459 1860 1500 Passus:

1026 1510 1131 1546 „Unter
1164 1508 1252 1547 diesen
1285 1506 1455 1546 Umständen
1491 1506 1606 1538 würden
1645 1504 1686 1536 die
1722 1504 1862 1544 russischen

1024 1553 1203 1592 Streitkräfte
1229 1552 1277 1592 auf
1299 1551 1345 1583 der
1356 1549 1604 1591 Balkanhalbinsel
1616 1549 1697 1589 durch
1720 1550 1770 1580 den
1783 1549 1862 1589 plötz¬

1021 1598 1108 1638 lichen
1132 1596 1278 1636 Ausbruch
1302 1596 1375 1628 eines
1399 1596 1516 1636 Krieges
1551 1595 1580 1627 in
1616 1593 1660 1625 ein
1692 1593 1779 1634 höchst
1809 1603 1862 1625 un¬

1024 1643 1163 1684 günstiges
1185 1641 1357 1682 Verhältniß
1390 1650 1425 1680 zu
1459 1640 1537 1680 ihren
1569 1639 1697 1679 Gegnern
1733 1638 1864 1679 gedrängt

1023 1688 1139 1725 werden,
1173 1686 1217 1718 die
1250 1684 1463 1726 wahrscheinlich
1498 1688 1554 1716 aus
1581 1682 1692 1724 frischen
1717 1682 1873 1723 englischen.

1023 1733 1159 1772 Truppen
1181 1731 1240 1763 und
1264 1730 1337 1764 einer
1359 1729 1573 1771 rcorganisirten
1596 1728 1742 1768 türkischen
1765 1728 1864 1759 Armee

1023 1777 1144 1817 bestehen
1164 1777 1288 1809 würden.
1334 1774 1523 1813 Andererseits
1545 1773 1610 1806 aber
1636 1775 1711 1805 wäre
1743 1772 1787 1804 die
1821 1780 1864 1812 ge-

1024 1822 1138 1862 sammte
1170 1820 1345 1859 militärische
1367 1818 1475 1860 Macht,
1511 1818 1579 1851 über
1612 1817 1707 1858 welche
1729 1816 1865 1856 Rußland

1025 1865 1147 1907 nördlich
1169 1871 1227 1898 von
1250 1866 1294 1897 der
1318 1865 1426 1898 Donau
1450 1863 1581 1903 verfügen
1604 1863 1683 1898 kann,
1719 1861 1864 1901 schwerlich

1025 1911 1067 1943 im
1088 1910 1210 1947 Stande,
1233 1908 1397 1951 Oesterreich
1420 1907 1611 1948 nachhaltigen
1633 1906 1811 1946 Widerstand
1832 1915 1866 1945 zu

1026 1956 1129 1995 leisten.
1174 1956 1269 1988 Wenn
1303 1963 1364 1986 nun
1399 1953 1466 1992 auch
1498 1951 1664 1993 Oesterreich
1701 1952 1771 1984 keine
1810 1952 1866 1983 ent¬

1026 2001 1154 2041 schiedene
1175 2000 1267 2038 Front
1290 2007 1372 2039 gegen
1395 1997 1532 2037 Rußland
1556 2005 1716 2038 genomnien
1746 1995 1804 2035 hat,
1840 1996 1866 2034 so

1027 2046 1089 2085 darf
1111 2044 1249 2084 Rußland
1272 2043 1334 2082 doch
1356 2043 1398 2075 die
1422 2042 1599 2083 Möglichkeit
1629 2041 1703 2073 eines
1732 2040 1866 2080 schärfern

1027 2091 1271 2131 Entgegcntretens
1294 2087 1366 2128 nicht
1388 2086 1476 2127 außer
1496 2087 1648 2127 Rechnung
1680 2086 1775 2126 lassen,
1811 2085 1868 2116 und

1028 2137 1097 2167 kann
1109 2134 1166 2174 sich,
1179 2134 1216 2166 da
1229 2132 1357 2174 England
1369 2132 1428 2164 und
1443 2130 1606 2171 Oesterreich
1618 2131 1723 2163 vereint
1735 2130 1803 2170 stark
1826 2138 1868 2169 ge¬

1028 2189 1086 2220 nug
1097 2179 1164 2220 find,
1177 2178 1237 2219 ihre
1248 2177 1381 2219 gerechten
1393 2176 1590 2217 Forderungen
1602 2175 1804 2215 durchzusehen,
1822 2174 1866 2206 der

1028 2224 1242 2264 Ueberzeugung
1263 2224 1343 2255 kaum
1365 2220 1552 2261 verschließen,
1576 2220 1632 2258 daß
1654 2219 1712 2259 ihm
1724 2219 1795 2251 keine
1806 2223 1867 2250 ver¬

1029 2269 1156 2310 nünftige
1166 2268 1257 2308 Wahl
1277 2266 1372 2304 bleibt,
1397 2267 1445 2299 als
1467 2266 1509 2297 die
1531 2266 1577 2297 der
1597 2264 1794 2304 Entscheidung
1818 2264 1869 2303 auf

1031 2312 1262 2353 diplomatischem
1284 2312 1377 2350 Felde.
1423 2311 1487 2343 Und
1517 2310 1548 2342 in
1579 2309 1661 2347 dieser
1683 2308 1871 2348 Zwangslage

1031 2357 1182 2399 Rußlands
1217 2357 1304 2398 liegen
1339 2356 1379 2388 die
1402 2355 1562 2394 Aussichten
1585 2354 1637 2394 auf
1658 2353 1699 2385 die
1721 2353 1871 2393 Wahrung

1032 2404 1078 2436 des
1103 2402 1289 2441 europäischen
1312 2401 1475 2440 Friedens."

1096 2448 1143 2486 In
1165 2447 1213 2479 der
1236 2446 1476 2486 Montagsfihung
1498 2444 1545 2476 des
1567 2443 1751 2484 Parlaments
1784 2442 1872 2482 ftagte

1033 2493 1077 2524 der
1100 2491 1211 2532 Führer
1234 2492 1278 2523 der
1300 2490 1485 2530 Opposition,
1510 2489 1580 2521 Lord
1603 2487 1793 2527 Harttngton,
1823 2486 1872 2518 den

1032 2536 1242 2578 Schatzkanzler,
1264 2541 1350 2568 wann
1372 2544 1401 2566 er
1424 2534 1484 2566 dem
1498 2534 1591 2572 Hause
1613 2532 1671 2564 eine
1685 2530 1874 2571 Mittheilung

1033 2581 1100 2614 über
1122 2581 1163 2614 die
1184 2578 1447 2620 britisch-ruffischen
1469 2576 1735 2617 Unterhandlungen
1764 2575 1874 2615 machen

1033 2628 1132 2664 könne,
1167 2624 1202 2657 ob
1232 2623 1377 2664 Hoffnung
1411 2623 1462 2662 auf
1493 2622 1590 2662 frühes
1612 2620 1874 2660 Zustandekommen

1035 2672 1109 2703 eines
1123 2670 1287 2710 Kongresses
1308 2669 1344 2700 da
1365 2668 1402 2707 sei
1425 2667 1482 2700 und
1504 2665 1628 2707 weshalb
1652 2666 1694 2697 die
1709 2664 1876 2705 Absendung

1035 2714 1161 2755 indischer
1183 2715 1318 2753 Truppen
1340 2712 1406 2752 nach
1430 2711 1529 2745 Malta
1560 2711 1610 2751 erst
1641 2720 1687 2742 am
1710 2711 1787 2749 Tage
1810 2709 1875 2749 nach

1036 2759 1145 2800 Schluß
1167 2759 1216 2790 des
1238 2758 1435 2799 Parlamentes
1468 2755 1583 2788 bekannt
1606 2754 1725 2795 gemacht
1754 2754 1874 2786 worden.

1036 2806 1094 2838 Der
1118 2802 1318 2844 Schahkanzler
1340 2802 1396 2834 Sir
1419 2801 1550 2840 Stafford
1571 2799 1721 2839 Northcote
1753 2800 1876 2830 antwor-

1036 2851 1087 2881 tete
1119 2847 1231 2888 hierauf
1261 2847 1303 2879 im
1323 2844 1521 2885 Wesentlichen
1543 2843 1715 2883 Folgendes:
1749 2842 1876 2882 Lebhafte

1037 2892 1301 2933 Unterhandlungen
1323 2896 1416 2922 waren
1439 2889 1495 2921 und
1510 2889 1568 2928 sind
1583 2888 1623 2920 im
1641 2887 1738 2927 Gange
1753 2886 1876 2926 zwischen

1038 2936 1165 2978 England
1196 2936 1254 2968 und
1282 2935 1436 2975 Rußland;
1472 2933 1529 2965 eine
1562 2932 1725 2972 Diskuffion
1759 2930 1877 2963 darüber

1037 2984 1111 3014 wäre
1141 2980 1325 3021 gegenwärttg
1357 2980 1418 3011 dem
1441 2977 1670 3016 Staatsintereffe
1701 2975 1876 3016 nachtheilig.

1038 3027 1093 3060 Die
1107 3025 1373 3065 Unterhandlungen
1389 3023 1500 3062 betreffs
1516 3023 1561 3054 der
1572 3021 1708 3061 Unruhen
1723 3021 1755 3053 in
1766 3020 1877 3060 Thessa¬

1039 3071 1095 3103 lien
1117 3070 1184 3110 seien
1208 3071 1268 3101 dem
1290 3068 1427 3107 Abschluß
1449 3067 1534 3107 nahe,
1560 3076 1587 3098 er
1611 3065 1784 3106 (Northcote)
1808 3065 1878 3105 hoffe

1040 3116 1089 3155 auf
1110 3114 1220 3154 baldige
1242 3113 1434 3155 Pazifikation.
1461 3112 1516 3145 Die
1538 3111 1715 3150 Entsendung
1737 3109 1784 3142 der
1806 3109 1878 3141 indi-

1041 3160 1112 3200 scheu
1135 3160 1269 3198 Truppen
1303 3158 1338 3196 sei
1360 3157 1452 3197 längst
1483 3155 1640 3196 beschlossen
1673 3155 1788 3195 gewesen
1822 3154 1878 3186 und

1042 3206 1098 3237 eine
1121 3203 1263 3244 vorherige
1284 3202 1490 3242 Ankündigung
1513 3199 1648 3239 derselben
1673 3200 1720 3231 als
1742 3199 1879 3239 unnöthig

1043 3249 1153 3289 erachtet
1174 3248 1293 3280 worden.
1326 3246 1394 3279 Eine
1417 3244 1536 3280 Debatte
1558 3244 1676 3276 darüber
1698 3243 1830 3282 bettachte
1853 3253 1880 3275 er

1042 3304 1088 3327 am
1109 3292 1337 3334 zweckmäßigsten
1359 3289 1498 3331 anläßlich
1513 3290 1560 3321 der
1573 3288 1753 3328 betreffenden
1768 3288 1880 3320 Kredit¬

1042 3339 1163 3379 vorlage.

1107 3384 1161 3421 Im
1185 3383 1330 3422 Fortgang
1351 3380 1397 3412 der
1420 3378 1538 3419 Sitzung
1560 3377 1660 3419 griffen
1675 3378 1798 3415 Fawcett
1824 3377 1880 3409 und

1044 3426 1187 3467 Campbell
1225 3426 1266 3458 die
1287 3424 1484 3463 Verwendung
1520 3422 1648 3462 indischer
1684 3423 1821 3459 Truppen
1850 3421 1880 3454 in

1044 3474 1158 3512 Europa
1180 3480 1220 3503 an
1242 3470 1298 3503 und
1321 3468 1448 3509 sprachen
1470 3468 1587 3508 Zweifel
1616 3476 1655 3499 an
1677 3467 1722 3498 der
1745 3466 1882 3506 Weisheit

1045 3517 1117 3549 eines
1140 3516 1238 3556 solches
1260 3514 1398 3554 Schrittes
1421 3516 1489 3553 aus;
1514 3512 1579 3552 auch
1603 3511 1681 3551 berge
1703 3510 1819 3550 derselbe
1841 3510 1882 3543 die

1045 3561 1150 3602 Gefahr
1187 3560 1234 3592 der
1270 3559 1467 3597 Verwendung
1504 3556 1656 3596 derartiger
1693 3557 1829 3593 Truppen
1852 3555 1882 3587 in

1044 3605 1174 3647 England
1197 3606 1229 3637 in
1250 3603 1309 3644 sich.
1354 3603 1483 3642 Harcout
1514 3601 1622 3641 bestritt
1656 3600 1702 3632 der
1722 3600 1883 3640 Regierung

1045 3651 1096 3683 das
1119 3650 1211 3688 Recht,
1248 3649 1313 3687 diese
1336 3649 1470 3687 Truppen
1509 3646 1577 3685 ohne
1614 3645 1815 3685 Zustimmung
1837 3644 1883 3676 des

1045 3696 1229 3736 Parlaments
1251 3703 1283 3733 zu
1307 3693 1477 3725 verwenden.
1521 3689 1672 3730 Northcote
1708 3688 1884 3729 vertheidigte

1045 3740 1087 3772 die
1108 3739 1269 3779 Maßregel,
1307 3737 1403 3777 welche
1439 3733 1643 3775 unzweifelhaft
1678 3733 1737 3774 sehr
1765 3733 1883 3773 wichttg,

1045 3784 1110 3817 aber
1133 3783 1222 3823 nichts
1244 3782 1321 3823 mehr
1343 3782 1400 3814 und
1425 3779 1511 3820 nichts
1533 3779 1653 3819 weniger
1685 3778 1804 3814 bedeute,
1839 3778 1885 3810 als

1046 3830 1096 3862 den
1118 3827 1263 3868 Beschluß,
1287 3827 1329 3858 die
1337 3825 1515 3861 Streitkräfte
1538 3828 1591 3856 aus
1615 3824 1674 3855 dem
1687 3823 1764 3855 einen
1773 3822 1885 3862 Reichs-

1047 3874 1126 3914 theile
1148 3872 1214 3913 nach
1238 3872 1297 3904 dem
1320 3871 1439 3903 anderen
1461 3868 1641 3909 Reichstheile
1677 3877 1710 3907 zu
1751 3867 1884 3907 versehen.

1047 3919 1120 3952 Dem
1141 3917 1324 3958 Parlamente
1345 3915 1415 3956 stehe
1436 3912 1631 3954 diesbezüglich
1667 3911 1783 3952 dasselbe
1804 3911 1887 3952 Recht

1047 3973 1089 4003 zu,
1114 3963 1164 3995 wie
1186 3961 1231 3994 bei
1252 3960 1327 3993 allen
1358 3958 1500 3999 britischen
1522 3957 1729 3996 Streitkräften,
1767 3955 1886 3996 nämlich

1049 4008 1089 4040 die
1125 4007 1319 4046 Bekämpfung
1355 4005 1402 4037 des
1440 4002 1619 4042 betreffenden
1657 4001 1779 4034 Kredits.
1833 4000 1887 4033 Die

1903 1231 2054 1272 Maßregel
2075 1231 2110 1270 sei
2132 1230 2352 1270 konstitutionell.
2399 1229 2455 1262 Die
2478 1228 2673 1268 Verwendung
2699 1228 2743 1260 in¬

1904 1276 2002 1316 discher
2025 1276 2159 1314 Truppen
2182 1276 2213 1308 in
2235 1274 2364 1315 England
2401 1274 2439 1312 sei
2472 1273 2552 1313 durch
2576 1273 2661 1314 Gesetz
2683 1279 2744 1305 ver¬

1902 1321 2022 1361 hindert.
2067 1321 2107 1353 Er
2127 1320 2204 1360 halte
2226 1329 2261 1352 an
2283 1320 2369 1358 seiner
2391 1325 2444 1350 vor
2475 1319 2526 1351 den
2541 1318 2643 1357 Ferien
2664 1317 2745 1358 abge-

1904 1366 2022 1407 gebenen
2045 1365 2202 1406 Erklärung
2213 1364 2257 1396 der
2273 1363 2547 1405 Regierungspolitik
2560 1363 2746 1395 unverändert

1903 1411 1960 1450 fest.
2008 1411 2047 1443 Es
2069 1409 2104 1449 sei
2127 1409 2183 1442 kein
2207 1408 2306 1442 Grund
2339 1417 2374 1449 zu
2413 1408 2540 1449 erhöhter
2576 1406 2744 1447 Besorgniß.

1904 1456 1962 1489 Die
1984 1454 2090 1496 Politik
2110 1454 2158 1486 der
2180 1454 2338 1494 Regierung
2374 1453 2442 1493 ziele
2478 1452 2529 1492 auf
2565 1452 2609 1484 die
2630 1451 2745 1492 Herbei-

1906 1499 2032 1541 führung
2056 1499 2128 1531 einer
2150 1498 2304 1540 friedlichen
2327 1498 2385 1531 und
2408 1497 2623 1537 befriedigenden
2639 1497 2746 1536 Lösung

1906 1545 1952 1577 der
1975 1543 2182 1583 orientalischen
2205 1544 2304 1584 Frage.
2352 1543 2391 1575 Er
2418 1542 2588 1582 wiederhole,
2627 1541 2680 1580 daß
2719 1550 2747 1573 er

1905 1590 1998 1622 keinen
2022 1588 2123 1622 Grund
2145 1588 2211 1630 sehe,
2235 1597 2268 1627 zu
2291 1586 2421 1629 glauben,
2455 1586 2511 1626 daß
2547 1586 2603 1627 jetzt
2629 1585 2747 1626 weniger

1906 1633 2187 1675 Wahrscheinlichkeit
2211 1632 2283 1665 einer
2304 1632 2408 1673 solchen
2431 1632 2538 1671 Lösung
2567 1631 2677 1672 bestehe,
2702 1630 2748 1662 als

1906 1684 2004 1719 zuvor.
2049 1678 2129 1717 Diese
2150 1677 2297 1718 Hoffnung
2319 1678 2417 1710 könnte
2439 1675 2526 1716 jedoch
2538 1674 2671 1716 getäuscht
2679 1680 2748 1707 wer-

1907 1724 1957 1756 den
1996 1723 2054 1756 und
2090 1723 2172 1763 daher
2209 1722 2277 1762 seien
2299 1720 2602 1761 Vorsichtsmaßregeln
2639 1719 2746 1760 nöthig.

1907 1769 1972 1800 Aus
1994 1768 2076 1808 dieser
2098 1768 2231 1800 Antwort
2250 1767 2298 1799 des
2320 1766 2473 1806 Ministers
2496 1765 2602 1805 erhellt,
2626 1764 2682 1804 daß
2705 1765 2747 1796 die

1909 1813 2037 1854 englische
2058 1813 2216 1853 Regierung
2238 1811 2302 1852 noch
2325 1812 2425 1845 immer
2447 1812 2497 1851 auf
2520 1811 2572 1842 das
2589 1809 2748 1851 Nachgeben

1908 1857 2064 1897 Rußlands
2086 1857 2198 1897 rechnet.

1974 1903 2035 1936 Der
2056 1901 2216 1942 deutsche
2236 1901 2385 1941 Reichstag
2417 1900 2465 1938 hat
2488 1900 2590 1941 gestern
2612 1899 2643 1932 in
2665 1899 2750 1937 Fort¬

1909 1948 2012 1989 setzung
2035 1947 2080 1979 der
2101 1945 2266 1987 Berathung
2300 1946 2346 1977 der
2370 1944 2600 1985 Gesehesvorlage
2622 1952 2672 1984 zur
2695 1943 2750 1976 Ge-

1910 1991 2134 2032 Werbeordnung,
2169 1991 2219 2023 den
2241 1989 2382 2030 Abschnitt
2415 1989 2483 2021 über
2516 1989 2568 2021 das
2590 1988 2751 2028 Lehrlings-

1910 2036 2070 2076 verhältniß
2101 2035 2199 2076 gemäß
2231 2035 2281 2067 den
2314 2033 2678 2074 Kommissionsbeschlüffen
2710 2042 2751 2064 er-

1909 2082 2006 2122 ledigt.

1977 2126 2025 2164 In
2047 2125 2092 2157 der
2114 2123 2374 2164 italienischen
2393 2122 2752 2162 Deputirtenkammerkam

1912 2180 1959 2203 am
1983 2170 2119 2209 Samstag
2155 2169 2198 2201 die
2225 2167 2449 2207 Interpellation
2471 2167 2629 2200 Nicotera's
2661 2172 2752 2207 wegen

1913 2216 1961 2247 des
1983 2213 2232 2254 republikanischm
2264 2213 2430 2253 Kongreffes
2462 2221 2513 2252 zur
2534 2211 2751 2252 Verhandlung.

1913 2261 1973 2293 Der
1989 2258 2143 2299 vormalige
2164 2257 2366 2297 Republikaner
2377 2257 2508 2290 Nicotera
2529 2256 2606 2297 fühlt
2628 2255 2675 2296 sich
2686 2256 2755 2287 dank

1914 2305 1960 2336 der
1984 2302 2141 2343 polittschen
2164 2302 2399 2341 Metamorphose,
2424 2302 2466 2334 die
2488 2311 2516 2334 er
2538 2301 2646 2340 seitdem
2658 2300 2752 2340 durch-

1914 2349 2044 2389 gemacht,
2078 2347 2199 2388 berufen,
2233 2348 2280 2387 für
2301 2345 2510 2387 Beschränkung
2548 2346 2594 2377 der
2626 2345 2755 2384 konstitu¬

1914 2394 2047 2426 tionellen
2068 2393 2232 2433 Freiheiten,
2255 2391 2446 2431 insbesondere
2467 2391 2516 2423 des
2537 2391 2672 2423 Vereins-
2696 2390 2755 2422 und

1915 2436 2249 2477 Versammlungsrechtes
2283 2446 2316 2476 zu
2339 2435 2490 2475 plaidiren.
2535 2434 2610 2475 Ihm
2633 2436 2755 2467 antwor¬

1917 2485 1990 2515 teten
2012 2483 2055 2515 die
2077 2482 2212 2522 Minister
2234 2481 2353 2518 Cairoli,
2365 2479 2530 2519 Zanardelli
2541 2480 2599 2511 und
2615 2479 2753 2519 Confortt,

1915 2527 2012 2567 welche
2033 2525 2229 2566 nacheinander
2260 2525 2304 2557 die
2335 2524 2576 2563 Unantastbarkeit
2612 2525 2660 2557 des
2681 2524 2756 2556 Ver¬

1916 2570 2193 2612 sammlungsrechtes
2223 2569 2351 2610 energisch
2386 2569 2592 2609 vertheidigten.
2638 2567 2693 2602 Sie
2716 2577 2757 2599 er¬

1917 2617 2022 2649 klärten
2045 2616 2095 2648 den
2117 2615 2248 2656 Kongreß
2271 2615 2317 2654 für
2341 2613 2547 2654 ungefährlich;
2583 2613 2625 2645 die
2636 2613 2756 2646 Staats¬

1917 2662 2040 2693 anwälte
2061 2660 2130 2699 seien
2151 2659 2332 2700 unabhängig
2369 2664 2427 2691 von
2448 2659 2494 2690 der
2516 2658 2696 2698 Regierung;
2729 2661 2758 2689 es

1918 2706 1988 2746 liege
2010 2706 2080 2738 keine
2102 2704 2367 2746 Gesetzesverlehung
2390 2710 2449 2741 vor,
2474 2702 2558 2743 daher
2580 2703 2664 2735 könne
2686 2701 2757 2733 keine

1918 2751 2096 2791 Verfolgung
2139 2749 2314 2789 stattfinden;
2362 2748 2415 2780 das
2451 2745 2759 2788 Freiheitsbewußtsein

1918 2795 2050 2833 Italiens
2072 2796 2197 2834 vertrage
2217 2792 2273 2832 jede
2295 2791 2612 2832 Meinungsäußerung.
2650 2790 2759 2823 Cairoli

1918 2840 2063 2879 verlangte
2084 2838 2130 2870 ein
2151 2838 2436 2873 Vertrauensvotum,
2448 2837 2589 2873 Nicotera,
2612 2835 2682 2875 feine
2693 2834 2761 2867 Nie¬

1920 2884 2031 2924 derlage
2053 2881 2261 2923 voraussehend,
2299 2881 2369 2921 hielt
2402 2880 2504 2921 darauf
2537 2881 2586 2920 für
2619 2879 2758 2920 gerathen,

1919 2929 1991 2968 seine
2013 2927 2234 2966 Interpellation
2255 2926 2343 2966 fallen
2365 2935 2400 2965 zu
2422 2926 2517 2965 lassen.

1989 2973 2058 3005 Eine
2069 2970 2288 3012 Privatdepesche
2309 2971 2356 3003 der
2383 2971 2477 3010 „Frkf.
2493 2969 2578 3009 Ztg."
2605 2971 2660 3001 aus
2674 2968 2761 3006 Rom,

1924 3020 1953 3049 7.
1970 3017 2049 3054 Mai,
2072 3017 2188 3049 meldet:
2212 3017 2270 3049 Der
2286 3015 2406 3055 Exjesuit
2429 3014 2513 3047 Curci
2534 3013 2679 3053 widerrief.
2704 3013 2763 3046 Der

1928 3062 2140 3102 „Offervatore"
2174 3060 2269 3100 bringt
2291 3061 2341 3092 den
2364 3059 2512 3099 Reuebrief
2533 3067 2572 3090 an
2593 3059 2644 3094 den
2666 3058 2762 3097 Papst.

1921 3107 2006 3140 Curci
2026 3106 2171 3138 anerkennt
2193 3104 2342 3145 unbedingt
2364 3104 2407 3136 die
2428 3102 2635 3144 Kirchenlchre,
2659 3101 2764 3141 speziell

1921 3152 1965 3183 die
1988 3151 2069 3190 Lehre
2103 3155 2158 3182 von
2192 3149 2237 3182 der
2269 3148 2503 3189 Nothwendigkeit
2534 3147 2581 3179 drr
2613 3145 2765 3185 weltlichen

1922 3195 2078 3235 Herrschaft
2100 3195 2147 3226 des
2170 3194 2295 3235 Papstes,
2319 3193 2372 3225 wie
2394 3193 2436 3224 die
2450 3191 2594 3231 Encyclica
2609 3192 2661 3224 Leo
2672 3189 2762 3222 XIII.

1922 3241 1956 3280 sie
1979 3240 2116 3279 darlegte,
2152 3238 2243 3276 ebenso
2278 3238 2318 3270 die
2341 3236 2545 3277 Unfehlbarkeit
2575 3236 2622 3267 des
2644 3235 2763 3276 Papstes

1922 3285 1969 3317 als
1993 3285 2041 3317 des
2063 3283 2184 3324 einzigen
2206 3282 2330 3323 Richters
2352 3282 2384 3314 in
2405 3280 2561 3322 kirchlichen
2582 3280 2707 3321 Dingen.

2180 3392 2506 3443 Schweiz.

1992 3465 2202 3504 Bundesstadt,
2226 3465 2254 3495 8.
2279 3463 2358 3496 Mai.
2389 3463 2449 3495 Der
2471 3460 2699 3501 Militärattache
2720 3459 2765 3492 bei

1925 3510 1971 3541 der
1994 3509 2109 3550 hiesigen
2132 3507 2266 3548 deutschen
2290 3507 2501 3547 Gesandtschaft,
2525 3506 2713 3546 Hauptmann
2736 3510 2764 3537 v.

1924 3555 2095 3590 Wänker,
2119 3553 2152 3592 ist
2176 3552 2292 3593 plötzlich
2315 3551 2464 3593 gestorben.

1995 3597 2108 3639 Zürich.
2153 3598 2209 3635 In
2231 3597 2378 3637 eigener
2399 3595 2521 3636 Sache.
2568 3594 2628 3628 Der
2655 3593 2770 3631 „Wein¬

1929 3643 2046 3675 länder"
2071 3642 2198 3681 schreibt:
2236 3641 2317 3678 „Wie
2351 3650 2420 3673 man
2442 3640 2612 3676 vernimmt,
2647 3638 2699 3678 soll
2721 3638 2767 3669 der

1927 3687 1978 3728 erst
2011 3687 2059 3727 seit
2082 3686 2189 3727 einigen
2211 3687 2350 3719 Monaten
2374 3685 2513 3725 engagirte
2534 3684 2669 3716 Redaktor
2692 3682 2771 3714 Abt

1927 3737 1984 3764 von
2018 3733 2064 3764 der
2091 3731 2146 3768 „N.
2170 3732 2207 3771 Z.
2229 3731 2289 3770 Z."
2314 3730 2417 3763 bereits
2450 3730 2503 3762 mit
2525 3729 2605 3767 Frau
2628 3728 2659 3760 in
2681 3727 2770 3767 Paris

1928 3776 2111 3816 domiziliren,
2135 3785 2185 3808 uni
2204 3780 2257 3807 von
2273 3775 2335 3807 dort
2351 3778 2406 3807 aus
2421 3774 2474 3806 mit
2488 3771 2769 3811 Weltausstellungs-

1928 3820 2203 3861 Schwindelarttkeln
2226 3820 2267 3852 die
2282 3819 2406 3860 Schweiz
2429 3819 2486 3851 und
2505 3817 2609 3858 speziell
2625 3817 2675 3849 den
2691 3817 2770 3849 Kan¬

1928 3867 1978 3897 ton
2002 3864 2104 3905 Zürich
2127 3874 2160 3904 zu
2184 3864 2389 3905 unterhalten."
2438 3863 2527 3901 Jener
2549 3862 2693 3898 Redattor,
2725 3861 2772 3892 der

1929 3911 2010 3942 kaum
2033 3909 2133 3941 darum
2154 3909 2275 3942 beneidet
2295 3908 2404 3941 werden
2425 3908 2504 3945 wird,
2527 3913 2609 3939 wenn
2625 3916 2654 3938 er
2667 3905 2718 3945 sich
2733 3922 2768 3927 —

1930 3953 2070 3995 natürlich
2104 3954 2154 3994 auf
2187 3953 2256 3994 seine
2291 3954 2401 3993 eigenen
2424 3953 2525 3991 Kosten
2555 3968 2588 3973 —
2617 3953 2686 3982 etwa
2720 3949 2772 3981 das

1931 3999 2103 4039 Vergnügen
2138 4001 2245 4039 gönnen
2269 3998 2367 4037 sollte,
2400 3996 2443 4028 die
2464 3995 2725 4035 Weltausstellung'
2739 4003 2773 4033 zu

2787 1227 2922 1267 besuchen,
2946 1225 3036 1266 macht
3058 1225 3176 1264 andurch
3200 1229 3254 1258 von
3277 1225 3362 1264 seiner
3385 1223 3630 1264 Redaktionsstube

2789 1273 2820 1305 in
2833 1271 2935 1312 Zürich
2959 1274 3014 1303 aus
3037 1271 3087 1303 den
3102 1269 3393 1310 wahrheitsliebenden
3409 1269 3626 1308 „Weinländer"

2790 1317 2839 1357 auf
2860 1317 2903 1349 die
2923 1317 2995 1358 letzte
3010 1314 3369 1355 Abonnementseinladung
3391 1314 3438 1347 der
3453 1314 3510 1351 „N.
3522 1314 3560 1353 Z.
3571 1313 3628 1353 Z."

2792 1362 2890 1402 (vergl.
2913 1371 2936 1402 z.
2959 1361 2999 1394 B.
3016 1362 3071 1394 N».
3091 1362 3166 1399 147)
3192 1359 3379 1399 aufmerksam,
3404 1358 3489 1391 allwo
3513 1359 3630 1399 gedruckt

2790 1415 2823 1447 zu
2845 1407 2915 1445 lesen
2937 1405 3020 1445 steht:
3049 1406 3107 1443 „Es
3130 1405 3163 1444 ist
3184 1404 3323 1444 Vorsorge
3346 1404 3487 1445 getroffen,
3511 1403 3567 1443 daß
3590 1403 3631 1435 die

2790 1451 2903 1492 Pariser
2916 1450 3168 1490 Weltausstellung
3191 1449 3223 1482 in
3244 1449 3356 1488 unserm
3369 1449 3469 1482 Blatte
3492 1448 3552 1481 eine
3574 1447 3630 1480 ein¬

2792 1495 2907 1537 gehende
2928 1494 3119 1535 Behandlung
3152 1494 3255 1535 findet;
3291 1493 3363 1534 nicht
3397 1502 3453 1527 nur
3475 1492 3548 1525 wird
3572 1492 3629 1525 eine

2791 1540 2902 1581 Anzahl
2929 1539 3141 1580 schweizerische
3162 1539 3353 1578 Fachmänner
3375 1542 3432 1571 uns
3455 1537 3568 1577 Bericht
3591 1546 3632 1569 er-

2792 1585 2888 1625 statten
2911 1584 2980 1617 über
3003 1584 3054 1616 den
3068 1583 3164 1617 Stand
3188 1582 3233 1615 der
3254 1583 3303 1623 für
3318 1583 3360 1615 die
3374 1582 3497 1623 Schweiz
3513 1582 3634 1623 wichtig¬

2792 1630 2848 1670 sten
2868 1628 3123 1669 Industriezweige,
3156 1628 3271 1666 sondern
3304 1631 3334 1659 es
3354 1627 3404 1667 hat
3426 1627 3475 1667 sich
3499 1627 3565 1666 auch
3587 1627 3635 1658 der

2798 1675 3040 1715 „Spaziergänger
3062 1678 3118 1706 von
3141 1673 3275 1711 Neapel",
3300 1672 3375 1712 Herr
3396 1672 3446 1705 W.
3461 1672 3566 1711 Wyl,
3589 1670 3633 1704 be¬

2793 1720 2844 1753 reit
2867 1720 2975 1756 erllärt,
3000 1719 3048 1758 für
3070 1721 3127 1750 uns
3149 1717 3215 1757 nach
3230 1716 3319 1758 Paris
3341 1725 3376 1756 zu
3399 1716 3482 1758 gehen
3505 1716 3563 1748 und
3579 1720 3634 1748 uns

2794 1769 2849 1797 von
2871 1764 2934 1796 dort
2956 1763 3070 1803 tägliche
3084 1762 3258 1801 Feuilletons
3280 1762 3439 1801 zukommen
3459 1770 3495 1801 zu
3516 1760 3630 1801 lassen."

2794 1809 2873 1848 Diese
2895 1807 3020 1848 Berichte
3053 1807 3162 1849 haben,
3198 1807 3249 1839 wie
3283 1806 3432 1838 wiederum
3462 1805 3581 1846 gedruckt
3602 1814 3635 1845 zu

2794 1854 2864 1892 lesen
2898 1853 2984 1894 steht,
3020 1852 3051 1884 in
3084 1852 3140 1885 No.
3164 1852 3227 1883 213
3261 1851 3307 1883 der
3335 1851 3391 1888 „N.
3413 1850 3450 1891 Z.
3472 1851 3530 1890 Z."
3557 1849 3635 1891 ihren

2794 1899 2854 1938 Anf
2854 1907 2910 1939 ang
2933 1907 2964 1938 ge
2965 1906 3105 1929 nommen.

2861 1941 2966 1986 HW"
2981 1942 3047 1975 Das
3068 1941 3212 1974 kantonale
3233 1939 3348 1973 liberale
3362 1939 3475 1973 Komite
3490 1939 3549 1980 hat,
3574 1939 3633 1971 dem

2796 1987 2853 2028 ihm
2876 1994 2932 2020 von
2956 1987 3002 2018 der
3017 1985 3286 2025 Vorversammlung
3309 1990 3374 2017 vom
3396 1985 3488 2025 letzten
3503 1985 3639 2024 Sonntag

2797 2032 2937 2072 ertheilten
2952 2032 3089 2072 Aufträge
3104 2030 3191 2070 Folge
3205 2028 3324 2070 leistend,
3342 2030 3444 2070 gestern
3461 2027 3635 2068 (Mittwoch)

2796 2077 2862 2117 nach
2897 2075 3073 2116 einläßlicher
3094 2075 3260 2115 Berathung
3294 2074 3346 2106 den
3378 2073 3514 2114 siebenten
3540 2073 3639 2114 Regie-

2797 2120 3158 2162 rungsraths-Kandidaten
3192 2118 3356 2159 bezeichnet,
3391 2118 3503 2158 welcher
3525 2118 3576 2158 auf
3597 2117 3639 2149 die

2797 2165 2913 2199 liberale
2932 2165 3081 2205 Wahlliste
3115 2164 3326 2204 ausgenommen
3348 2162 3456 2195 werden
3478 2162 3548 2202 soll,
3583 2162 3639 2194 und

2797 2217 2871 2252 zwar
2902 2211 2937 2251 ist
2979 2208 3145 2250 einstimmig
3177 2208 3220 2240 die
3250 2208 3433 2241 Kandidatur
3464 2207 3514 2240 des
3545 2207 3639 2247 Herrn

2799 2256 2970 2290 Direktor
2993 2254 3090 2293 Frick
3112 2253 3157 2286 im
3179 2252 3363 2293 Strickhof
3385 2251 3539 2292 aufgestellt
3560 2258 3632 2285 wor-

2800 2300 2859 2338 den,
2882 2299 2993 2340 welcher
3015 2297 3181 2337 bekannllich
3204 2296 3269 2337 auch
3292 2297 3343 2337 auf
3358 2297 3404 2329 der
3420 2296 3638 2336 demokratischen

2800 2345 2867 2385 Liste
2888 2344 3012 2385 figurirt.
3043 2342 3182 2382 Demnach
3205 2342 3274 2374 wird
3297 2351 3358 2374 nun
3373 2342 3416 2374 die
3430 2340 3546 2374 liberale
3561 2341 3638 2375 Vor¬

2799 2390 2963 2430 schlagsliste
2997 2388 3137 2428 enthalten
3158 2387 3201 2419 die
3220 2388 3332 2419 Namen
3353 2387 3401 2418 der
3422 2386 3530 2425 Herren
3551 2386 3637 2426 Her¬

2800 2434 2969 2473 tenstein,
3004 2432 3218 2472 Zollinger,
3252 2431 3389 2471 Hafter
3412 2430 3562 2471 (bisherige
3585 2431 3639 2462 Re-

2801 2477 3034 2520 gierungsräthe),
3057 2476 3270 2516 Bundesrichter
3292 2475 3349 2508 vr.
3365 2474 3492 2512 Dubs,
3516 2475 3641 2515 Bezirks¬

2800 2523 2863 2564 rath
2886 2522 3082 2563 Eschmann
3104 2520 3137 2553 in
3157 2520 3361 2560 Richtersweil,
3396 2518 3639 2560 Regierungsrath

2801 2568 2952 2602 Wälder
2974 2566 3032 2599 und
3054 2566 3182 2600 Direttor
3204 2564 3297 2604 Frick
3318 2565 3359 2596 im
3381 2564 3529 2605 Strickhof.

2877 2630 2912 2635 —
2962 2612 2978 2629 *
3001 2611 3066 2644 Den
3087 2610 3115 2650 h.
3132 2609 3378 2650 Regierungsrath,
3402 2609 3470 2648 resp.
3487 2609 3538 2641 den
3552 2609 3644 2649 Herrn

2802 2656 3011 2697 Justizdirektor
3043 2656 3074 2687 in
3095 2655 3198 2694 Zürich
3232 2653 3352 2694 ersuchen
3385 2653 3438 2686 wir
3471 2654 3564 2686 anmit
3595 2662 3645 2685 um

2804 2702 2924 2743 geneigte
2939 2700 3081 2739 Auskunft
3102 2698 3170 2732 über
3193 2699 3243 2731 den
3257 2699 3355 2732 Stand
3378 2699 3425 2730 der
3439 2697 3645 2738 Untersuchung

2805 2755 2885 2787 gegen
2915 2747 2966 2778 den
2997 2744 3112 2785 ftühern
3141 2742 3459 2783 Statthalteradjunkten
3482 2743 3645 2783 Hafner,

2804 2790 2850 2823 der
2870 2789 2927 2831 jetzt
2949 2790 2982 2822 in
3004 2786 3369 2829 Regierungsrathswahlen
3396 2787 3534 2826 „macht".
3558 2787 3647 2819 Mitte

2804 2835 2924 2874 Januar
2956 2834 3040 2873 dieses
3071 2832 3181 2873 Jahres
3212 2832 3262 2873 hat
3295 2832 3347 2863 das
3379 2830 3558 2871 Obergericht
3590 2831 3648 2862 und

2806 2879 2900 2920 ftüher
2929 2878 3006 2919 schon
3036 2878 3079 2909 die
3101 2878 3192 2919 Presse
3222 2877 3262 2909 die
3285 2876 3648 2917 Amtspflichtverlehungen

2805 2923 2880 2964 jenes
2895 2923 3051 2963 Adjunkten
3065 2923 3126 2954 dem
3137 2921 3375 2962 Regierungsrath
3392 2920 3546 2960 denunzirt.
3570 2920 3650 2954 Seit¬

2805 2969 2855 3010 her
2877 2968 2971 3009 erfuhr
3005 2976 3073 2999 man
3106 2971 3160 2999 aus
3194 2967 3243 2998 den
3266 2965 3403 3005 offiziösen
3427 2965 3649 3005 Mittheilungen

2809 3013 2875 3045 über
2898 3013 2942 3045 die
2957 3009 3440 3052 Regierungsrathsverhandlungen
3462 3019 3520 3041 nur
3541 3010 3569 3048 so
3584 3009 3648 3046 viel,

2807 3058 2862 3097 daß
2883 3058 2950 3097 diese
2970 3056 3096 3096 Behörde
3119 3055 3159 3087 die
3182 3055 3289 3094 Affaire
3310 3055 3395 3095 zuerst
3418 3063 3454 3087 an
3478 3054 3535 3086 eine
3558 3053 3650 3092 beson¬

2811 3103 2870 3134 dere
2892 3101 3078 3141 Kommission
3101 3104 3155 3133 aus
3177 3099 3249 3140 ihrer
3272 3100 3360 3132 Mitte
3381 3108 3432 3139 zur
3444 3098 3651 3138 Berichterstat¬

2809 3149 2880 3187 tung
2902 3147 2982 3183 wies,
3016 3146 3062 3177 als
3096 3144 3131 3176 ob
3165 3148 3194 3176 es
3222 3143 3271 3184 sich
3293 3153 3344 3176 um
3366 3144 3425 3175 eine
3445 3142 3652 3182 Staatsaffaire

2811 3192 2895 3231 ersten
2918 3191 3033 3230 Ranges
3056 3190 3113 3222 und
3136 3189 3207 3228 nicht
3228 3197 3277 3220 um
3302 3188 3360 3220 eine
3384 3187 3515 3220 ordinäre
3535 3186 3650 3228 Pflicht-

2809 3235 3005 3276 Vergessenheit,
3029 3233 3182 3274 allerdings
3194 3231 3312 3274 gröbster
3328 3233 3392 3270 Art,
3425 3232 3499 3264 eines
3515 3232 3651 3265 Beamten

2810 3280 2946 3320 handelte,
2969 3279 3013 3311 die
3033 3278 3219 3319 sofortige
3239 3277 3384 3317 Ahndung
3406 3277 3561 3316 erforderte,
3595 3276 3653 3308 und

2813 3325 2868 3363 daß
2890 3325 2967 3357 dann
2990 3328 3045 3356 aus
3067 3324 3127 3355 dem
3149 3323 3258 3363 Anttag
3280 3321 3354 3361 jener
3368 3322 3554 3361 Kommission
3578 3321 3654 3360 (oder

2814 3369 2947 3409 vielmehr
2970 3377 3080 3408 gegen
3102 3367 3181 3407 ihren
3204 3367 3326 3406 Anttag)
3357 3367 3401 3398 ein
3430 3366 3566 3405 Beschluß
3594 3365 3654 3404 her¬

2813 3414 2941 3454 vorging,
2965 3415 3091 3452 vermöge
3107 3412 3192 3452 deffen
3219 3411 3261 3444 ein
3276 3409 3653 3450 Untersuchungskommiffär

2813 3459 2900 3498 ohne
2914 3459 2958 3490 die
2972 3457 3085 3490 Gewalt
3100 3456 3173 3489 eines
3187 3456 3313 3495 Richters
3328 3455 3391 3487 oder
3405 3454 3650 3488 Staatsanwaltes

2814 3503 2854 3535 aä
2874 3503 2934 3535 hoc
2956 3503 3075 3534 ernannt
3097 3501 3199 3539 wurde,
3222 3500 3268 3533 der
3291 3500 3334 3531 die
3355 3499 3537 3532 Stänkereien
3559 3500 3654 3531 unter¬

2817 3547 2910 3587 suchen
2932 3546 3019 3587 sollte.
3064 3547 3157 3579 Wenn
3188 3554 3255 3577 man
3286 3543 3467 3584 geflissentlich
3491 3544 3533 3576 die
3554 3544 3655 3576 Unter¬

2816 3592 2934 3632 suchung
2944 3591 3131 3631 verschleppen
3152 3589 3253 3626 wollte,
3269 3593 3332 3621 was
3353 3587 3493 3627 natürlich
3514 3587 3589 3629 nicht
3609 3588 3655 3620 der

2816 3636 2882 3675 Fall
2904 3637 2954 3676 ist,
2989 3636 3016 3675 so
3047 3636 3142 3667 konnte
3170 3633 3324 3673 allerdings
3347 3633 3393 3665 der
3416 3632 3655 3673 Regierungsrath

2814 3681 2886 3721 nicht
2897 3681 2998 3713 anders
3014 3680 3158 3720 Vorgehen,
3175 3679 3222 3711 als
3233 3678 3284 3717 auf
3295 3678 3381 3716 diesen
3392 3679 3551 3717 Umwegen.
3575 3677 3656 3710 Seit¬

2816 3726 2864 3766 her
2886 3726 2945 3766 sind
2968 3725 3035 3764 auch
3057 3723 3172 3763 wirklich
3195 3723 3251 3755 vier
3267 3722 3389 3755 Monate
3411 3722 3563 3762 verflossen,
3587 3721 3656 3761 ohne

2817 3770 2871 3809 daß
2902 3770 2971 3802 über
3004 3769 3056 3801 den
3077 3768 3174 3802 Stand
3208 3768 3252 3799 der
3274 3765 3480 3806 Untersuchung
3509 3770 3564 3799 aus
3594 3766 3657 3805 offi¬

2818 3815 2912 3854 ziellen
2935 3814 2999 3846 oder
3020 3813 3156 3854 offiziösen
3178 3812 3290 3852 Kreisen
3318 3811 3361 3843 ein
3384 3810 3657 3850 Sterbenswörtchen

2817 3859 2984 3895 verlautete,
3019 3858 3106 3890 weder
3139 3857 3180 3888 die
3203 3855 3340 3896 Bezirks-,
3372 3854 3437 3895 noch
3460 3855 3502 3887 die
3524 3855 3657 3895 Schwur¬

2819 3903 3036 3944 gerichtskanzlei
3056 3902 3128 3942 weiß
3149 3901 3291 3941 Auskunft
3318 3910 3352 3940 zu
3375 3899 3457 3940 geben
3487 3900 3545 3931 und
3567 3900 3601 3931 da
3623 3899 3659 3938 ist

2817 3948 2905 3988 gewiß
2927 3948 2970 3980 die
2992 3948 3082 3987 Frage
3113 3945 3237 3983 erlaubt,
3271 3945 3323 3977 wie
3357 3945 3398 3976 die
3421 3943 3515 3984 Dinge
3548 3943 3658 3984 stehen?

2817 3993 2885 4032 Daß
2919 3993 2970 4025 das
2994 3992 3065 4025 Volk
3097 3990 3140 4023 die
3171 3989 3322 4029 skandalöse
3344 3988 3557 4029 Angelegenheit
3587 3987 3658 4028 nicht

438 4221 605 4272 JfttilttiB
632 4219 728 4264 1878.

279 4345 615 4384 Spaziergänge
643 4344 690 4374 in
717 4342 892 4379 Neapel.
983 4340 1006 4369 4

486 4400 564 4433 (Neue
582 4396 682 4434 Folge.)

459 4452 516 4482 Aon
547 4451 589 4481 W.
620 4450 715 4487 Wyl.

551 4503 707 4539 Neapel,
726 4503 769 4532 17.
786 4502 866 4538 April
883 4503 961 4531 1878.

219 4556 293 4593 Falls
311 4557 361 4586 Eie
386 4556 425 4585 die
452 4555 545 4584 kleinen
562 4551 775 4588 Mufitausgaben
798 4552 841 4579 des
860 4550 1008 4579 Mailänder

165 4597 264 4632 Hauses
283 4597 421 4632 Sonzogno
440 4595 502 4629 nicht
522 4595 619 4627 kennen,
647 4593 673 4627 so
701 4591 791 4626 möchte
815 4589 851 4626 ich
870 4590 899 4625 sie
917 4590 1008 4625 Ihnen

166 4637 259 4671 bestens
287 4636 427 4672 empfohlen
454 4634 543 4670 haben.
577 4631 728 4669 Hoffentlich
751 4632 859 4659 kommen
876 4629 926 4658 Sie
944 4628 1008 4665 nicht

166 4676 212 4711 aus
228 4676 267 4704 die
278 4676 351 4710 Idee,
369 4675 419 4709 daß
437 4675 473 4710 ich
489 4674 534 4710 für
551 4673 611 4708 diese
618 4672 734 4702 Reclame
753 4670 793 4700 ein
809 4669 916 4705 hundert
926 4669 1009 4704 Fran¬

166 4717 207 4744 ken
233 4715 290 4743 oder
318 4715 370 4750 dgl.
388 4714 499 4749 erhaltm
526 4712 606 4748 habe:
635 4712 676 4742 rin
693 4711 780 4740 Mann
806 4715 858 4739 von
875 4709 1010 4744 Charakter

165 4756 222 4790 thut
253 4754 279 4788 so
296 4756 375 4783 etwas
403 4754 445 4783 nie
474 4755 531 4783 oder
561 4762 610 4783 nur
641 4753 684 4788 für
705 4751 758 4787 sehr
783 4749 834 4780 viel
853 4749 924 4779 Geld.
960 4748 1009 4784 Ich

167 4793 285 4831 empsehle
301 4794 392 4828 Ihnen
410 4794 465 4828 also
481 4794 541 4829 diese
559 4795 633 4823 unter
661 4794 712 4822 dem
730 4791 800 4821 Titel
819 4788 878 4826 „ha
897 4789 1010 4818 musica

168 4845 221 4873 per
238 4832 334 4863 tutti“
354 4832 530 4867 erscheinenden
547 4833 642 4863 kleinen
658 4832 740 4869 Hefte,
768 4833 831 4861 etwa
850 4830 885 4858 im
902 4830 1011 4865 Format

168 4878 209 4906 des
229 4872 304 4910 „Pro
323 4870 453 4902 Nihilo“.
487 4873 537 4902 Eie
556 4873 607 4906 find
627 4871 734 4906 wirklich
752 4879 806 4908 pro
824 4868 928 4901 nihilo,
947 4870 1011 4898 denn

167 4916 231 4952 jedes
249 4915 318 4948 kostet
336 4920 385 4942 nur
403 4911 457 4940 eine
474 4912 620 4947 italienische
629 4912 697 4941 Lira.
715 4911 765 4940 Sie
782 4910 835 4946 sind
854 4910 942 4938 korrekt
959 4909 1012 4938 und

167 4956 220 4992 sehr
237 4952 361 4990 handlich,
378 4951 507 4986 besonders
526 4950 569 4985 für
586 4951 711 4985 Reisende.

219 4994 270 5031 Ich
296 4992 360 5028 weiß
386 4996 455 5027 zwar
480 4989 555 5026 nicht,
580 4990 613 5019 ob
638 4991 688 5020 Eie
717 4990 760 5025 für
786 4989 902 5025 klassische
929 4989 1014 5024 Musik

169 5036 322 5071 schwärmen.
358 5032 401 5067 Ist
420 5030 475 5065 dieß
492 5029 556 5065 nicht
574 5029 616 5058 der
634 5030 703 5064 Fall,
721 5030 789 5058 dann
807 5031 872 5059 kann
889 5032 915 5058 es
922 5029 1013 5065 Ihnen

167 5076 221 5111 sehr
240 5072 398 5111 gleichgültig
417 5071 476 5106 sein,
493 5069 543 5104 daß
553 5069 600 5098 Sie
619 5069 658 5098 die
672 5068 863 5104 .Zaaberflöte'
883 5069 925 5104 für
943 5070 1014 5099 einen

170 5117 285 5153 Franken
302 5114 388 5148 kaufen
404 5114 515 5146 können;
533 5113 559 5138 es
576 5110 662 5138 würde
671 5109 720 5139 Eie
731 5109 796 5145 nicht
808 5110 901 5139 einmal
910 5110 1014 5146 rühren,

170 5163 242 5185 wenn
262 5164 321 5184 man
338 5153 428 5190 Ihnen
453 5152 523 5187 sagen
545 5149 639 5182 würde,
666 5147 714 5182 daß
732 5149 782 5178 Eie
808 5149 848 5178 die
873 5150 1015 5185 eleganteste

172 5193 388 5231 Taschenausgabe
406 5199 457 5221 von
475 5191 600 5226 Mozart's
619 5189 697 5225 letzter
713 5188 784 5223 Oper
801 5188 846 5224 für
862 5190 920 5224 zwei
939 5190 1015 5219 Sous

172 5236 252 5270 haben
270 5237 371 5265 können.
389 5233 446 5262 Mit
464 5232 503 5261 der
512 5228 760 5264 Mufikschwärmerei
778 5228 807 5261 ist
825 5230 853 5256 es
869 5228 921 5257 eine
934 5229 1016 5264 eigene

173 5275 270 5311 Sache:
287 5281 350 5305 wem
367 5273 472 5309 Mozart
487 5270 554 5307 nicht
569 5278 627 5305 znm
645 5266 870 5302 Lebensbedürsniß
886 5267 1016 5302 geworden

172 5315 211 5349 ist,
238 5315 279 5345 der
296 5316 364 5345 lernt
381 5313 426 5349 ihn
444 5312 484 5342 nie
501 5313 589 5341 kennen
616 5309 670 5338 und
693 5309 757 5337 kann
775 5307 820 5343 ihn
839 5307 947 5336 alleweil
964 5309 1016 5337 ent¬

174 5355 271 5390 behren.
306 5356 369 5385 Wer
386 5354 440 5389 ihm
458 5353 515 5382 aber
542 5350 636 5380 einmal
663 5348 704 5378 bis
730 5347 776 5383 auf
801 5348 848 5377 den
865 5346 956 5376 «rund
973 5347 1016 5375 der

174 5396 253 5430 edlen,
262 5395 445 5431 harmonischen
456 5393 528 5423 Seele
546 5391 639 5428 gesehn,
657 5391 697 5420 drr
714 5389 779 5418 kann
796 5386 862 5424 nicht
878 5386 947 5423 mehr
964 5391 1016 5416 von

1049 4105 1099 4140 ihm
1118 4105 1194 4139 lassen
1213 4105 1264 4133 und
1281 4102 1350 4138 kauft
1368 4111 1393 4131 er
1403 4101 1447 4137 sich
1460 4101 1511 4130 eine
1523 4099 1713 4135 .Zauberflöte'
1725 4099 1768 4135 für
1780 4098 1890 4134 zwanzig

1049 4146 1132 4179 Sous,
1149 4145 1174 4179 so
1191 4144 1267 4180 besitzt
1284 4149 1311 4172 er
1328 4151 1363 4171 an
1380 4141 1423 4177 ihr
1442 4141 1511 4169 einen
1521 4140 1614 4176 Schatz,
1634 4139 1675 4168 der
1693 4138 1746 4173 ihm
1765 4147 1799 4167 an
1812 4138 1889 4166 einem

1050 4185 1117 4220 Tage
1136 4183 1203 4218 mehr
1222 4182 1316 4218 Freude
1333 4181 1420 4216 macht,
1440 4180 1481 4208 als
1498 4180 1565 4209 einer
1577 4178 1718 4214 Prinzessin
1736 4177 1789 4213 ihre
1799 4178 1890 4212 Perlen

1050 4225 1100 4254 und
1117 4224 1271 4253 Diamanten
1288 4222 1336 4251 das
1354 4230 1430 4257 ganze
1447 4221 1521 4255 lange
1537 4218 1611 4254 Jahr
1628 4218 1756 4254 hindurch.

1101 4264 1150 4300 Ich
1167 4264 1236 4299 hätte
1261 4270 1316 4292 nun
1341 4260 1467 4297 eigentlich
1484 4260 1550 4295 Lust,
1574 4258 1664 4293 Ihnen
1682 4258 1754 4294 durch
1772 4258 1814 4287 «in
1832 4258 1891 4293 sechs

1051 4306 1107 4334 oder
1134 4304 1185 4339 acht
1204 4303 1359 4339 Feuilletons
1385 4307 1436 4330 von
1464 4300 1506 4328 der
1524 4299 1687 4335 Zaubcrflöte
1713 4307 1744 4334 zu
1771 4298 1891 4333 erzählen,

1052 4346 1109 4374 aber
1127 4344 1175 4373 mir
1194 4343 1257 4378 fehlt
1273 4341 1311 4371 die
1320 4342 1435 4376 Courage
1453 4340 1523 4375 dazu,
1542 4340 1605 4368 denn
1623 4339 1658 4373 ich
1670 4339 1732 4374 habe
1749 4338 1811 4373 mich
1823 4338 1892 4372 heute

1053 4394 1085 4414 an
1104 4386 1148 4414 den
1165 4381 1326 4419 Schreibtisch
1344 4381 1430 4417 gesetzt,
1446 4388 1490 4408 um
1506 4379 1595 4414 Ihnen
1614 4378 1693 4407 meine
1710 4386 1752 4406 am
1771 4379 1797 4406 6.
1815 4377 1892 4412 April

1053 4424 1199 4459 vollbrachte
1215 4438 1248 4443 —
1258 4421 1480 4457 Vesuvbesteigung
1497 4427 1528 4455 zu
1546 4418 1670 4454 schildern.
1697 4418 1765 4447 Aber
1783 4416 1830 4446 wie
1848 4417 1893 4445 das

1053 4465 1120 4500 schon
1138 4464 1162 4499 so
1180 4464 1277 4497 kommt,
1296 4462 1321 4497 so
1338 4461 1398 4496 fand
1417 4459 1452 4496 ich
1470 4459 1540 4494 heute
1549 4459 1675 4493 Morgens
1693 4458 1739 4492 auf
1749 4457 1802 4485 dem
1813 4456 1892 4492 Tische

1053 4505 1090 4534 die
1107 4503 1269 4540 Zauberflöte
1284 4500 1477 4537 aufgeschlagen,
1503 4499 1531 4528 in
1557 4499 1599 4527 der
1624 4497 1660 4532 ich
1682 4498 1774 4532 gestern
1792 4496 1893 4524 Abends

1054 4544 1182 4580 geblättert
1200 4543 1275 4577 hatte.
1302 4541 1358 4569 Und
1375 4541 1408 4569 da
1427 4539 1524 4574 begann
1542 4538 1576 4573 ich
1594 4542 1659 4566 Venn
1675 4536 1763 4566 wieder
1781 4544 1812 4571 zu
1830 4535 1893 4564 blät¬

1054 4588 1116 4619 tern,
1134 4584 1174 4613 bis
1193 4583 1243 4612 mir
1261 4582 1298 4611 die
1316 4582 1434 4616 goldenen
1445 4580 1589 4609 Tonwellen
1608 4578 1668 4607 über
1685 4578 1738 4606 dem
1756 4575 1838 4611 Kopfe
1854 4584 1893 4611 zu¬

1054 4624 1278 4662 sammenschlugen.
1297 4621 1417 4656 Dießmal
1435 4620 1558 4650 verweilte
1576 4618 1610 4655 ich
1628 4618 1675 4647 mit
1693 4616 1824 4652 speziellem
1834 4616 1894 4645 Ent¬

1053 4667 1134 4703 zücken
1150 4664 1190 4693 bei
1208 4664 1250 4692 der
1260 4662 1349 4697 Partie
1365 4662 1409 4690 des
1418 4660 1554 4696 Papageno
1572 4659 1607 4688 im
1617 4659 1710 4694 Finale
1726 4658 1769 4687 des
1777 4658 1804 4685 2.
1812 4657 1895 4686 Aktes.

1056 4707 1112 4737 Wie
1119 4714 1144 4735 er
1148 4704 1279 4739 vergebens
1285 4702 1361 4738 seiner
1367 4701 1505 4736 Papagena
1510 4699 1572 4734 ruft,
1579 4698 1626 4728 wie
1634 4707 1658 4727 er
1663 4698 1706 4733 sich
1715 4698 1783 4726 dann
1790 4697 1895 4731 aufhän-

1055 4756 1100 4783 gen
1112 4745 1165 4776 will
1183 4744 1236 4773 und
1253 4743 1299 4772 wie
1308 4751 1333 4771 er
1342 4741 1386 4777 sich
1397 4742 1465 4770 dann
1473 4740 1520 4768 mit
1529 4740 1615 4774 seinem
1627 4738 1757 4773 Täubchen
1766 4737 1817 4772 sein
1829 4737 1895 4770 künf¬

1055 4788 1119 4823 tiges
1128 4785 1203 4816 Glück
1221 4783 1332 4813 ausmalt
1351 4797 1384 4802 —
1403 4784 1431 4810 es
1449 4780 1478 4814 ist
1495 4778 1695 4815 unbeschreiblich
1713 4777 1766 4813 süß,
1785 4776 1895 4812 kindlich,

1055 4825 1199 4862 hinreißend
1217 4822 1382 4859 humoristisch
1401 4837 1435 4841 —
1452 4824 1480 4850 cs
1496 4821 1527 4855 ist
1545 4820 1578 4855 so,
1596 4818 1646 4852 daß
1663 4827 1723 4848 man
1740 4818 1785 4853 sich
1797 4826 1896 4846 namen¬

1055 4868 1098 4896 los
1114 4865 1230 4898 blamirt,
1256 4870 1327 4892 wenn
1354 4870 1414 4891 man
1440 4863 1465 4890 es
1491 4860 1612 4895 definiren
1631 4859 1692 4887 will.
1728 4858 1785 4888 Und
1803 4858 1849 4886 das
1867 4857 1896 4890 ist

1056 4907 1103 4936 mit
1121 4905 1241 4940 derselben
1251 4903 1327 4939 Feder
1344 4900 1500 4937 geschrieben,
1518 4899 1602 4935 welche
1614 4899 1656 4933 ,O
1664 4899 1723 4933 Isis
1732 4898 1784 4928 und
1794 4896 1892 4932 Osiris'

1057 4945 1199 4983 geschrieben
1211 4947 1218 4974 I
1253 4943 1309 4973 Und
1327 4943 1358 4971 da
1375 4942 1448 4971 reden
1465 4941 1503 4969 die
1519 4940 1593 4970 Leute
1610 4944 1661 4968 von
1678 4937 1881 4974 Zukunftsmusik
1889 4938 1896 4965 l

1057 4987 1106 5017 Die
1123 4984 1273 5020 Menschheit
1300 4982 1385 5018 gleicht
1401 4980 1458 5017 doch
1475 4980 1593 5015 wahrlich
1611 4979 1665 5007 dem
1682 4978 1774 5014 reichen
1791 4977 1897 5010 Araber,

1058 5028 1099 5058 der
1117 5027 1144 5056 in
1161 5026 1204 5054 drr
1222 5024 1307 5059 Wüste
1324 5023 1400 5052 neben
1419 5020 1498 5056 seinen
1516 5020 1631 5056 Schätzen
1648 5019 1788 5052 verdursten
1806 5017 1896 5051 mußte.

1058 5067 1112 5102 Auf
1117 5066 1154 5096 die
1159 5065 1258 5100 Gefahr
1266 5063 1319 5100 hin,
1329 5062 1376 5096 daß
1384 5061 1445 5096 mich
1454 5060 1549 5095 manche
1555 5058 1647 5088 meiner
1653 5058 1718 5093 Leser
1727 5059 1769 5094 für
1775 5057 1843 5087 einen
1849 5057 1897 5086 ein¬

1058 5108 1155 5143 seitigen
1167 5106 1296 5139 Pedanten
1308 5104 1425 5135 erklären,
1437 5101 1491 5131 will
1502 5100 1536 5136 ich
1550 5102 1575 5129 es
1592 5098 1633 5128 bei
1650 5099 1723 5133 dieser
1741 5097 1898 5133 Gelegenheit

1059 5147 1106 5183 ftei
1124 5146 1297 5181 heraussagen,
1316 5143 1364 5178 daß
1383 5141 1444 5177 mich
1462 5141 1508 5170 dal
1516 5139 1687 5175 wahnsinnige
1696 5137 1830 5172 Gebühren
1848 5136 1899 5166 und

1059 5188 1097 5216 die
1114 5186 1294 5222 Prätenfionen
1311 5184 1352 5212 der
1370 5181 1553 5218 Wagnerianer
1571 5179 1618 5208 mit
1637 5179 1692 5208 Ekel
1710 5177 1823 5213 erfüllen.
1850 5175 1899 5212 Ich

1060 5227 1125 5262 find«
1150 5226 1181 5260 sie
1207 5225 1253 5254 mit
1280 5222 1358 5258 ihrem
1384 5220 1550 5257 unfehlbaren
1567 5218 1721 5253 Mufikpapst
1744 5217 1795 5247 viel
1813 5217 1899 5250 lächer-

1060 5267 1140 5301 licher,
1166 5266 1211 5294 als
1237 5264 1274 5294 die
1290 5263 1407 5298 Jesuiten
1435 5261 1481 5290 mit
1509 5260 1586 5295 ihrem
1605 5258 1751 5294 infalliblen
1768 5256 1837 5291 Pius
1853 5255 1899 5283 IX.

1059 5306 1109 5341 Ich
1127 5305 1178 5341 sehe
1196 5305 1250 5340 hier
1266 5312 1330 5340 ganz
1346 5303 1429 5332 davon
1448 5301 1488 5335 ab,
1515 5300 1564 5334 daß
1591 5299 1626 5334 ich
1652 5299 1694 5333 für
1711 5297 1790 5326 meine
1808 5296 1901 5331 Person

1060 5347 1088 5376 in
1106 5347 1151 5375 den
1169 5344 1356 5380 Wagner'schen
1374 5342 1473 5378 Sachen
1494 5349 1541 5376 gar
1558 5340 1621 5369 keine
1639 5339 1722 5372 Musik
1748 5337 1824 5372 finde,
1849 5336 1900 5366 und

1061 5385 1110 5420 daß
1138 5384 1171 5420 ich
1199 5384 1243 5419 für
1268 5384 1316 5413 alle
1341 5383 1404 5417 feine
1423 5380 1612 5416 lümmelhaften
1631 5378 1721 5408 Götter
1738 5377 1789 5414 pnd
1807 5376 1901 5412 Helden

1934 4097 1986 4132 ihm
2013 4097 2076 4134 nicht
2104 4097 2198 4126 einmal
2224 4096 2268 4125 den
2286 4097 2458 4130 Monostatos,
2486 4095 2535 4125 viel
2554 4094 2660 4129 weniger
2677 4093 2773 4121 meinen

1934 4138 2070 4173 Papageno
2088 4137 2152 4172 gebe,
2179 4137 2240 4166 denn
2267 4136 2294 4165 in
2311 4136 2396 4170 Jenen
2423 4135 2489 4170 finde
2507 4134 2541 4169 ich
2560 4134 2639 4169 nichts
2657 4133 2699 4162 als
2717 4132 2773 4167 auf¬

1934 4178 2058 4213 geblasene
2076 4176 2168 4211 Größe,
2187 4176 2214 4205 in
2231 4176 2307 4211 diesen
2326 4174 2385 4204 aber
2403 4176 2449 4203 das
2467 4174 2629 4204 wunderbare
2638 4173 2715 4203 Leben
2732 4173 2773 4201 der

1934 4217 2063 4253 komischen
2079 4216 2193 4251 Figuren
2217 4215 2252 4244 im
2271 4214 2353 4251 „von
2371 4212 2513 4248 tzairote“
2533 4228 2566 4234 —
2583 4214 2619 4249 ich
2644 4213 2699 4242 rede
2723 4221 2775 4241 nur

1935 4263 1986 4286 von
2004 4259 2056 4286 dem
2073 4257 2205 4291 Austteten
2222 4255 2295 4290 dieser
2313 4255 2492 4290 musikalischen
2510 4254 2602 4283 Marat
2620 4254 2671 4283 und
2681 4253 2774 4282 Robes-

1935 4297 2023 4332 pierre,
2050 4296 2089 4325 die
2107 4296 2148 4325 bis
2167 4305 2201 4325 an
2218 4295 2255 4324 die
2273 4295 2350 4324 Kniee
2368 4294 2404 4323 im
2423 4294 2502 4323 Blute
2519 4294 2582 4323 oller
2600 4294 2667 4323 derer
2684 4295 2775 4327 waten,

1935 4337 2021 4373 welche
2038 4336 2080 4366 bis
2097 4342 2143 4365 vor
2161 4335 2271 4370 wenige»
2287 4335 2390 4370 Jahren
2417 4334 2455 4363 die
2477 4336 2533 4370 gute
2552 4334 2635 4369 Musik
2653 4333 2775 4367 repräsen-

1936 4377 1983 4406 ti»t
2001 4377 2095 4413 hatten.
2113 4376 2165 4405 Wo
2183 4375 2229 4411 seid
2247 4375 2295 4410 ihr,
2322 4375 2364 4410 ihr
2381 4374 2481 4410 schönen
2498 4374 2595 4410 Zeiten,
2621 4374 2653 4403 da
2670 4373 2776 4408 Beschei¬

1936 4417 2033 4452 denheit
2051 4416 2087 4445 die
2104 4416 2206 4451 schönste
2223 4415 2309 4450 Zierde
2337 4416 2379 4444 deS
2397 4415 2474 4450 echten
2492 4413 2633 4448 Künstlers,
2660 4414 2712 4442 und
2731 4414 2777 4442 das

1936 4457 2075 4493 beständige
2093 4455 2211 4485 Attribut
2229 4454 2365 4490 wirklichen
2383 4454 2537 4489 Verdienstes
2555 4455 2631 4483 war?

1990 4497 2046 4526 Und
2064 4495 2141 4524 damit
2156 4494 2247 4524 dastu.
2264 4494 2314 4531 Ich
2328 4493 2392 4529 habe
2407 4494 2456 4523 mir
2465 4493 2524 4529 Lust
2533 4493 2638 4529 gemacht
2648 4493 2699 4522 und
2708 4491 2778 4521 dabei

1937 4537 1994 4566 will
2002 4537 2036 4572 ich
2047 4539 2071 4566 es
2080 4536 2148 4571 heute
2158 4535 2285 4565 bewenden
2293 4535 2379 4570 lassen.
2388 4534 2453 4571 Jetzt
2462 4534 2516 4563 will
2525 4533 2559 4568 ich
2564 4533 2653 4569 Ihnen
2662 4541 2712 4562 nur
2720 4532 2779 4568 noch

1937 4578 2019 4612 sagen,
2029 4576 2075 4606 wie
2084 4576 2118 4612 ich
2127 4576 2198 4611 heute
2210 4575 2333 4610 eigentlich
2342 4574 2409 4603 mein
2418 4574 2546 4610 Briefchen
2559 4574 2678 4609 beginnen
2687 4573 2778 4601 wollte.

1936 4617 1986 4652 Ich
2000 4616 2078 4652 dachte
2087 4616 2134 4644 mit
2143 4616 2219 4645 einem
2224 4615 2342 4650 Hymnus
2352 4614 2398 4649 auf
2406 4614 2444 4643 die
2449 4615 2591 4644 Ouvertüre
2600 4614 2641 4642 der
2654 4612 2779 4648 .Zauber-

1938 4657 2011 4691 flbte'
2032 4665 2063 4691 zu
2080 4656 2201 4691 beginnen
2227 4655 2277 4683 und
2304 4655 2374 4683 dann
2390 4653 2570 4689 auszuführen,
2586 4652 2636 4687 daß
2653 4652 2684 4687 sie
2701 4651 2781 4687 nichts

1938 4697 2041 4726 anderes
2048 4696 2165 4729 vorstelle,
2176 4696 2218 4725 alS
2225 4709 2257 4714 —
2267 4698 2321 4723 was
2331 4694 2440 4730 glauben
2449 4694 2498 4723 Eie
2506 4693 2575 4728 wohl
2581 4692 2681 4722 ?—als
2686 4692 2782 4726 Neapel

1939 4736 1986 4765 mit
2005 4736 2057 4765 dem
2073 4735 2165 4770 Vesuv.
2201 4734 2335 4770 Versuchen
2353 4734 2403 4763 Eie
2422 4736 2455 4766 es,
2483 4733 2534 4762 und
2552 4732 2601 4761 Sie
2619 4732 2715 4762 werden
2732 4732 2782 4760 mir

1939 4777 2014 4812 Recht
2032 4775 2112 4812 geben.
2131 4776 2189 4804 DaS
2206 4775 2306 4810 Allegro
2324 4775 2366 4803 der
2384 4774 2455 4809 Fuge
2474 4773 2504 4807 ist
2521 4780 2585 4808 ganz
2602 4773 2654 4802 und
2672 4780 2718 4807 gar
2736 4771 2782 4800 wie

1940 4817 1988 4845 das
2014 4815 2122 4845 Treiben
2150 4815 2179 4844 in
2205 4814 2245 4843 der
2272 4814 2419 4849 Golfstadt,
2448 4813 2560 4848 dasselbe
2595 4812 2783 4847 unaufhörliche

1939 4857 2093 4892 Schwirren,
2111 4855 2247 4890 Schwellen
2266 4855 2317 4883 und
2335 4854 2482 4889 Schwelgen
2501 4853 2528 4883 in
2547 4854 2649 4888 tausend
2666 4853 2782 4887 Formen,

1940 4897 1993 4926 eine
2011 4896 2174 4931 Judenschule
2192 4895 2247 4925 oder
2265 4895 2303 4923 ein
2321 4894 2456 4929 polnischer
2470 4894 2591 4929 Landtag,
2609 4894 2675 4922 einer
2692 4892 2782 4927 Legion

1940 4943 1990 4966 von
2008 4936 2231 4971 liebenswürdigen
2247 4935 2396 4969 Kobolden;
2425 4933 2482 4971 jetzt,
2497 4934 2596 4969 tauchen
2615 4934 2645 4967 sie
2662 4931 2715 4967 auf,
2732 4930 2783 4967 jetzt

1941 4976 2118 5012 verschwinden
2134 4976 2176 5009 sie,
2192 4975 2240 5011 jetzt
2257 4974 2327 5010 siehst
2345 4974 2380 5004 du
2396 4974 2430 5009 sic
2446 4974 2476 5003 in
2492 4973 2571 5003 einem
2587 4971 2697 5004 Knäuel,
2714 4971 2783 4999 dann

1941 5017 2069 5051 zerstiebe»
2086 5016 2117 5050 sie
2134 5015 2194 5050 nach
2212 5015 2277 5043 allen
2289 5014 2451 5050 Richtungen,
2470 5014 2516 5043 das
2532 5012 2662 5048 zwitschert
2680 5010 2726 5039 wie
2744 5010 2783 5038 ein

1941 5056 2008 5085 Volk
2026 5055 2186 5090 Schwalben,
2213 5054 2279 5084 dann
2296 5053 2396 5090 schwebt
2424 5056 2449 5082 es
2468 5054 2495 5083 in
2513 5053 2557 5081 den
2575 5043 2662 5086 Lüften
2679 5049 2725 5078 wie
2743 5049 2783 5078 ein

1942 5096 2012 5130 Chor
2030 5095 2115 5130 seliger
2133 5094 2220 5130 Engel,
2238 5093 2287 5131 jetzt
2304 5093 2406 5129 leuchtet
2433 5097 2458 5122 es
2476 5092 2522 5122 wie
2539 5092 2590 5120 eine
2608 5090 2688 5125 schöne
2705 5089 2783 5118 Land¬

1942 5135 2018 5170 schaft
2043 5134 2080 5165 im
2107 5135 2236 5170 Frühling
2265 5134 2316 5163 und
2343 5133 2413 5163 dann
2438 5129 2537 5168 huschen
2564 5130 2652 5159 wieder
2669 5129 2785 5158 Wolken-

1943 5175 2048 5209 schatten
2076 5174 2183 5203 darüber
2200 5173 2251 5210 hin.
2287 5174 2330 5202 Da
2357 5172 2387 5206 ist
2414 5172 2466 5200 eine
2483 5170 2573 5203 Stelle,
2599 5171 2654 5205 zart
2680 5169 2727 5198 wie
2745 5169 2786 5198 rin

1943 5214 2059 5250 Veilchen
2085 5214 2137 5243 und
2154 5214 2211 5243 dort
2236 5212 2317 5248 taucht
2335 5214 2362 5240 e»
2379 5210 2443 5240 breit
2470 5209 2520 5239 und
2538 5215 2654 5244 purpurn
2672 5208 2726 5243 auf,
2744 5208 2787 5238 rin

1943 5258 2035 5290 ganze-
2052 5254 2151 5289 Persien
2170 5260 2220 5283 von
2232 5253 2319 5287 Rosen.
2355 5251 2412 5281 Und
2430 5251 2492 5279 alles
2510 5249 2557 5278 da»
2569 5250 2660 5285 drängt
2676 5248 2721 5284 sich
2734 5250 2787 5279 und

1945 5295 2000 5331 jagt
2026 5294 2078 5331 sich,
2106 5294 2153 5324 wie
2171 5295 2208 5323 die
2225 5292 2358 5328 Ereignisse
2385 5291 2451 5320 eine»
2478 5289 2569 5326 seligm
2587 5290 2721 5323 Traumes,
2746 5290 2788 5319 der

1945 5336 2024 5364 weder
2040 5334 2098 5370 Zeit
2115 5333 2175 5369 noch
2193 5332 2277 5362 Raum
2294 5332 2373 5364 kennt,
2399 5331 2450 5359 und
2467 5330 2556 5359 mitten
2574 5329 2645 5365 durch
2662 5328 2726 5365 zieht
2743 5329 2788 5364 sich

1945 5374 1974 5404 in
1992 5374 2078 5410 holder
2096 5374 2228 5408 Windung
2246 5372 2286 5401 der
2304 5370 2408 5404 Toledo,
2435 5370 2501 5405 nein,
2526 5369 2574 5398 da»
2591 5369 2696 5405 Thema.
2731 5370 2788 5398 Und

2817 4091 2876 4119 über
2893 4091 2947 4119 dem
2964 4089 3063 4124 seligen,
3080 4088 3231 4123 berauschten
3247 4087 3299 4116 und
3321 4085 3511 4121 berauschenden
3528 4085 3657 4121 Gedränge

2817 4132 2873 4166 ragt
2892 4129 3024 4164 anmuthig
3043 4130 3114 4163 ernst,
3142 4126 3287 4162 priesterlich
3305 4126 3421 4161 feierlich,
3447 4125 3567 4160 königlich
3585 4124 3660 4160 gebie¬

2818 4170 2873 4199 tend
2891 4170 2932 4199 der
2950 4169 3033 4203 Vesuv
3061 4182 3093 4188 —
3112 4167 3177 4202 nein,
3204 4167 3244 4196 der
3261 4166 3367 4201 Anfang
3394 4166 3435 4195 der
3452 4165 3587 4199 Sinfonia,
3613 4164 3661 4194 wie

2818 4210 2884 4239 mein
2911 4209 3003 4239 kleines
3028 4208 3099 4244 Buch
3126 4207 3163 4236 die
3189 4207 3333 4236 Ouvertüre
3358 4207 3444 4235 nennt.
3480 4205 3537 4233 Wie
3555 4203 3662 4239 erhabm

2819 4250 2896 4285 stehen
2913 4249 2974 4284 diese
2992 4247 3104 4277 Es-dnr
3130 4247 3233 4275 Akkorde
3259 4246 3300 4280 da,
3324 4254 3387 4281 ganz
3414 4245 3459 4274 wie
3478 4245 3519 4273 der
3546 4244 3584 4273 die
3602 4244 3662 4280 früh

2819 4290 2869 4319 und
2895 4289 2951 4324 spät
2986 4287 3118 4322 brausende
3138 4287 3220 4315 Stadt
3237 4285 3415 4322 beherrschende
3446 4283 3588 4319 Lavakegel,
3606 4286 3660 4313 und

2819 4330 2865 4358 wie
2882 4328 2952 4364 reich,
2979 4327 3054 4363 gleich
3072 4327 3118 4356 den
3136 4326 3222 4355 Linien
3243 4333 3286 4354 am
3304 4324 3426 4354 Gewände
3442 4324 3485 4352 der
3503 4323 3594 4353 Venus
3612 4329 3662 4353 von

2820 4369 2901 4402 Milo,
2919 4369 3009 4404 steigen
3025 4367 3064 4396 die
3079 4366 3171 4396 Linien
3189 4366 3231 4395 de»
3246 4365 3343 4400 Berges
3362 4378 3394 4383 —
3411 4362 3479 4397 nein,
3498 4363 3537 4392 die
3555 4364 3664 4399 nächsten

2821 4410 2896 4445 zwölf
2908 4408 3015 4437 Akkorde
3026 4416 3071 4443 zur
3084 4407 3154 4442 Fuge
3172 4421 3205 4425 —
3223 4406 3288 4438 nein,
3305 4412 3335 4438 zu
3347 4403 3388 4432 der
3399 4403 3509 4438 österlich
3528 4403 3665 4439 geschmück¬

2821 4451 2862 4478 ten
2879 4447 3005 4484 NcapoliS
3020 4447 3106 4483 herab.

2874 4489 2923 4518 Sie
2941 4488 3037 4518 werden
3055 4488 3136 4523 sagen,
3162 4484 3210 4519 daß
3227 4484 3259 4519 ich
3283 4483 3323 4512 ein
3340 4477 3412 4512 Narr
3430 4483 3470 4518 sei,
3497 4483 3565 4513 mein
3583 4483 3666 4519 Fräu¬

2822 4529 2873 4559 lein
2891 4530 2944 4559 und
2963 4529 2996 4558 da
3014 4529 3077 4557 kann
3094 4526 3129 4562 ich
3145 4525 3233 4560 Ihnen
3256 4532 3307 4553 nur
3324 4523 3399 4558 Recht
3419 4523 3502 4559 geben.
3538 4524 3618 4560 Heute
3635 4524 3667 4558 ist

2822 4570 2901 4604 Jeder
2918 4570 2959 4599 ein
2971 4569 3050 4602 Narr,
3067 4568 3108 4596 der
3125 4565 3167 4600 sich
3185 4565 3232 4593 mit
3248 4563 3377 4599 religiöser
3389 4563 3524 4599 Innigkeit
3542 4564 3571 4593 in
3588 4566 3666 4593 etwas

2824 4610 2933 4644 anderes,
2953 4608 2995 4637 als
3013 4608 3040 4636 in
3052 4604 3270 4641 Sisenbahnaktien
3289 4603 3397 4639 vertieft.
3434 4604 3502 4633 Aber
3520 4609 3591 4633 wenn
3609 4603 3668 4638 Sie,

2824 4650 2870 4679 wie
2888 4649 2924 4685 ich
2942 4651 2967 4678 eS
2986 4656 3026 4676 am
3044 4648 3069 4675 6.
3081 4645 3158 4680 April
3175 4644 3275 4680 gethan,
3293 4649 3345 4673 von
3357 4644 3453 4678 Rofina
3474 4647 3524 4673 aus
3542 4645 3587 4673 den
3598 4645 3668 4673 alten

2826 4689 2963 4726 Feuerberg
2982 4686 3169 4721 emporgeritten
3187 4687 3280 4718 wären,
3300 4684 3325 4719 so
3343 4685 3446 4713 würden
3465 4684 3516 4713 Sie
3533 4684 3583 4713 mir
3595 4683 3669 4719 Recht

2826 4730 2934 4766 gegeben,
2962 4725 3177 4761 beziehungsweise
3195 4725 3282 4761 Ihren
3305 4724 3530 4753 vielbewunderten
3547 4724 3669 4759 Verstand

2826 4771 2867 4805 für
2892 4768 2970 4803 einige
2995 4766 3115 4795 Stunden
3142 4774 3176 4794 an
3203 4766 3247 4795 den
3265 4765 3349 4800 Nagel
3372 4764 3478 4801 gehängt
3496 4764 3585 4799 haben.
3620 4765 3669 4794 Sir

2826 4809 2908 4843 wissen
2934 4807 2976 4843 ja:
3003 4804 3041 4834 de
3067 4804 3212 4842 gustibus
3238 4814 3265 4835 u.
3282 4805 3302 4840 s.
3319 4810 3352 4834 w.
3388 4804 3494 4838 Manche
3520 4804 3602 4839 suchen
3627 4804 3671 4840 ihr

2826 4848 2900 4877 Glück
2918 4847 2946 4876 in
2965 4845 3007 4874 der
3025 4844 3157 4881 Weisheit,
3176 4845 3272 4874 Andere
3291 4844 3326 4873 im
3338 4844 3444 4879 Opium,
3462 4843 3497 4878 ich
3516 4844 3579 4879 suche
3596 4846 3622 4872 es
3633 4843 3671 4872 im

2826 4888 2900 4922 süßen
2918 4885 3062 4921 Wahnsinn
3089 4886 3132 4915 des
3149 4885 3301 4921 Frühlings.
3336 4885 3373 4914 Es
3401 4888 3455 4913 war
3479 4884 3601 4919 Mittags,
3627 4884 3672 4913 als

2826 4927 2859 4961 ich
2877 4926 2974 4956 meinen
2993 4926 3053 4955 Ritt
3069 4926 3177 4962 begann,
3195 4926 3246 4955 und
3265 4924 3300 4960 ich
3317 4924 3386 4959 hatte
3403 4923 3461 4958 noch
3480 4923 3527 4952 das
3545 4922 3672 4958 Gebraust

2826 4968 2867 4996 der
2884 4966 3015 5002 Golfstodt
3042 4967 3071 4996 in
3088 4967 3136 4996 den
3150 4965 3247 5001 Ohren,
3273 4965 3321 4993 das
3337 4964 3462 4997 Gebraust
3486 4963 3528 4991 der
3544 4962 3674 4997 heitersten

2826 5007 2878 5036 und
2897 5007 3062 5043 glücklichsten
3089 5007 3132 5036 der
3148 5006 3250 5035 Städte.
3286 5004 3345 5033 Wie
3362 5004 3408 5037 soll
3426 5002 3459 5037 ich
3479 5011 3530 5032 nur
3548 5004 3594 5032 den
3611 5003 3673 5033 Ein¬

2826 5047 2893 5076 druck
2912 5047 2941 5076 in
2953 5047 3044 5077 Wotte
3062 5047 3147 5082 faffen,
3163 5046 3208 5074 den
3226 5044 3259 5080 ich
3272 5043 3317 5077 auf
3333 5042 3423 5078 halber
3433 5042 3507 5078 Höhe
3525 5043 3567 5072 des
3579 5043 3674 5079 Berge»

2827 5086 2917 5122 hatte?
2953 5087 2997 5117 Da
3015 5088 3102 5121 unten,
3121 5085 3186 5119 weit,
3212 5084 3246 5113 im
3265 5083 3357 5112 blauen
3376 5083 3472 5118 Dunste
3490 5082 3529 5112 die
3546 5083 3606 5116 einst
3623 5089 3674 5113 von

2828 5126 2956 5163 Griechen,
2974 5127 3094 5160 Römern,
3113 5124 3250 5161 Franzosen
3268 5123 3322 5153 und
3338 5123 3472 5159 Spaniern
3495 5122 3610 5158 umsteite
3626 5123 3674 5152 Si¬

2829 5177 2894 5202 rene,
2912 5169 2954 5198 drr
2972 5176 3016 5203 zur
3028 5167 3109 5196 Stadt
3127 5164 3277 5199 versteinette
3289 5162 3405 5200 Gesang;
3423 5163 3456 5199 ich
3469 5163 3539 5198 selbst
3557 5163 3585 5192 in
3596 5162 3674 5192 einem

2831 5209 2944 5243 Wirrsal
2971 5213 3020 5236 von
3039 5204 3160 5241 Blüthen.
3188 5205 3239 5233 dem
3263 5203 3392 5239 Schmucke
3420 5204 3460 5233 der
3487 5202 3604 5232 Mandel-
3621 5204 3675 5233 und

2830 5248 3033 5284 Pfirfichbäume,
3060 5245 3124 5280 jeder
3141 5244 3229 5280 Zweig
3255 5243 3297 5273 ein
3322 5243 3526 5279 Triumphbogen
3552 5242 3595 5278 für
3613 5243 3675 5280 Lenz

2832 5289 2876 5317 den
2893 5286 3030 5323 Herrscher,
3056 5285 3107 5320 jede
3122 5284 3221 5319 Blüthe
3244 5285 3284 5314 ein
3301 5284 3427 5317 Paradie»
3443 5283 3487 5318 für
3505 5282 3546 5311 ein
3562 5281 3677 5319 fleißige»

2831 5328 2962 5363 Bienchen,
2980 5326 3029 5362 jede
3040 5326 3125 5355 Krone
3137 5325 3176 5354 ein
3188 5325 3277 5359 Palast
3289 5324 3332 5360 für
3344 5324 3384 5353 ein
3396 5322 3537 5360 gefiederte»
3549 5323 3676 5360 Pärchen;

2832 5368 2892 5397 über
2909 5368 2960 5397 mir
2978 5366 3016 5396 dir
3033 5366 3170 5399 erkalltten,
3198 5364 3413 5400 schwarzbraunrn
3439 5363 3607 5398 Feuerströme
3625 5364 3678 5394 und
