4038 5551
138 127 313 179 Freitag.
333 123 403 165 24.
423 128 518 167 Mai
552 125 673 167 IN46
731 126 854 169 Blatt
883 128 896 169 I

1491 135 1564 173 Der
1587 135 1730 184 Zürcher
1752 136 1902 187 Zeitnng
1925 137 2009 177 167.
2029 136 2214 186 Jahrgang

2664 137 2790 185 Preis
2815 135 2870 177 14
2893 136 2973 183 Rp.
3010 131 3374 180 Morgenausgabe
3412 129 3586 173 J!£914

133 670 342 699 flbnnnementf:

665 672 675 695 1
689 672 781 695 Monn«
831 673 843 695 1
855 672 916 696 SFltr.
959 674 972 695 f.
984 673 1047 696 MI«.
1080 673 1109 696 12
1120 673 1180 696 MI«.

130 713 216 743 glirlfli
227 716 266 735 um
281 712 391 736 2cbalier
403 712 460 736 ober
473 713 509 736 bei
521 715 634 739 «binnen
659 715 702 739 0t.
720 716 771 738 3.—

159 746 177 770 T
185 744 239 770 u«h
249 743 391 770 «iiSlrilncr
404 745 447 767 Ins
458 746 531 772 Haus
543 746 651 773 »ebrnchi
679 764 692 773 „
720 746 731 769 i
744 758 771 762 —

130 784 238 810 »chwri,
253 782 395 811 Bestellung
412 783 475 807 beim
491 784 604 811 Posta,m
678 803 691 812 „
718 786 769 810 4.—

158 815 291 841 Lieleninn
303 817 375 838 unter
389 816 538 841 Zlrelfbanb
676 833 691 844 „
717 817 771 842 5.15

131 856 260 881 ■ui-lnnb:
280 854 413 882 ülclerunfl
425 857 430 880 1
443 858 455 880 k
466 857 481 880 3
491 858 633 883 31b.-'Dono
676 875 690 883 „

160 888 232 911 unter
245 887 394 913 2lrci|bnnb
425 889 429 915 |
442 897 453 911 »
465 887 479 910 5
490 889 633 913 ^Ip.-Porto
703 888 766 911 14».—

1395 649 1503 709 und
1531 647 1945 725 schweizerisches
1971 643 2335 725 HaiidclMatt

1665 744 1848 781 Täglich:r
1866 744 2061 782 Ausgaben

1580 807 1736 836 Nedaklivu:
1756 807 1941 843 Falkensiratze
1962 811 1999 840 II.
2017 810 2113 844 Zürich
2134 813 2142 838 I

1393 846 1633 879 Administration:
1647 848 1850 881 Thealerslrasir
1868 851 1874 874 I
1905 862 1913 870 -
1939 849 2087 878 Iritrtcrri:
2102 852 2109 876 <
2111 852 2114 867 l
2114 850 2287 883 5mll)r[ttn&t
2302 852 2334 879 10

1390 885 1525 920 Telephon
1539 888 1571 913 32
1583 888 1610 914 71
1624 891 1657 913 IM
1683 901 1692 910 .
1717 887 1922 922 Hauptpvsisach
1948 902 1955 910 -
1982 888 2194 923 Postscheckkonto
2208 892 2271 920 VIII
2285 894 2334 920 515

2541 658 2697 685 Hnnpnttn:
2740 659 2793 683 Pro
2811 659 2878 683 Zelle
2892 658 2921 683 Ist
2937 658 3043 684 Zbntten
3058 659 3071 682 t
3085 657 3131 680 44st
3141 655 3371 682 Millimeter,eilen

2680 698 2792 722 Prell
2818 699 2875 720 der
2903 696 3231 723 Miilimeterzeile

2539 729 2579 753 ttir
2598 730 2673 753 lokale
2690 729 3006 756 (Or|<bnfi«cnib|cliluuocn
3285 725 3315 752 25
3324 726 3372 754 91b.

2540 761 2579 784 ftlr
2598 762 2721 786 «»,eine»
2741 761 2936 787 (ctmu-l-,crllrtjcit
2955 760 3099 786 Utlbrnnn#
3286 759 3374 783 3stOIv.

2539 791 2579 817 Illr
2597 793 2721 819 «n,einen
2740 793 2926 817 an«liluMf<iicn
2945 792 3090 817 Ur|t<runn<
3286 790 3315 813 3',
3327 791 3373 814 11b.

2539 823 2577 848 ttir
2596 824 2727 847 tHcrinuicti
2746 828 2790 849 pro
2809 824 2973 849 boimclbrcllc
2993 823 3059 850 .-teile
3265 821 3372 850 1.250t.

2606 854 2661 880 Zeit
2681 856 2700 879 I.
2719 856 2825 882 Cnniinr
2844 854 2912 879 1042:
2940 854 3056 881 .inleblnn
3076 854 3102 878 15
3112 855 3141 878 V.
3158 857 3214 876 vom
3233 853 3307 877 Netto

2539 891 2856 924 Annoiicen.Ablcjlimg:
2877 889 3076 923 Thcalerstrasie
3093 892 3112 921 I.
3131 889 3249 923 Postfach
3269 889 3470 924 Fraumünster.
3487 889 3583 924 Zürich

163 1013 263 1062 Die
288 1013 634 1073 italienischen
657 1015 913 1075 Parteien

311 1089 407 1128 vor
432 1082 548 1130 dem
571 1082 617 1130 2.
636 1082 769 1138 Juni

525 1161 548 1193 i.

602 1202 631 1230 E.
643 1202 681 1233 M.
696 1201 718 1229 Hl
731 1209 746 1229 v
758 1209 792 1234 in.
811 1204 848 1231 Ist.
860 1201 922 1230 Mai

172 1252 218 1290 I»
248 1252 370 1290 Italien
399 1252 433 1290 ist
465 1254 523 1284 das
552 1255 731 1292 ailsfenieine
758 1254 958 1293 Etiininrccht

117 1293 178 1330 (fflr
193 1292 345 1328 'JJlnnncr)
361 1293 415 1330 erst
436 1295 507 1324 1912
524 1292 696 1333 cingcsührt
711 1296 846 1326 wurde».
859 1294 958 1335 Jahr¬

115 1332 293 1372 zehntelang
306 1333 389 1367 hatte
404 1332 449 1364 die
465 1334 567 1370 Kirche
579 1339 640 1366 von
654 1335 704 1366 der
716 1334 895 1373 Ausübung
908 1337 959 1367 der

116 1374 331 1409 Bürgerrechte
361 1374 537 1410 abgeraten,
566 1376 603 1404 da
634 1374 685 1410 sieh
714 1376 765 1406 der
792 1376 886 1412 Papst
915 1375 959 1407 im

114 1412 247 1446 Vatikan
266 1414 316 1443 als
333 1412 531 1451 Gesungenen
550 1415 601 1445 des
620 1415 752 1446 Staates
773 1416 957 1451 betrachtete.

115 1453 170 1485 Dir
191 1451 344 1490 politische
363 1454 466 1489 Macht
488 1456 592 1485 »mrde
614 1454 662 1485 bis
684 1455 755 1492 nach
778 1456 843 1486 de»,
864 1454 958 1492 ersten

114 1492 275 1530 Weltkrieg
297 1497 357 1523 von
383 1492 480 1525 einem
504 1495 689 1526 Parlament
713 1496 876 1533 ansgeübt.
900 1496 957 1526 das

114 1540 172 1565 von
193 1532 360 1569 Faktivne»
381 1533 542 1571 beherrscht
561 1541 638 1566 war.
662 1537 733 1565 1020
753 1535 880 1566 wurden
900 1536 958 1566 alle

114 1571 259 1611 Parteien
285 1572 382 1609 ansier
407 1574 458 1604 der
483 1573 673 1610 sascistischrn
700 1576 854 1606 verboten.
880 1575 958 1613 Ihre

114 1612 234 1652 Führer
248 1612 357 1650 gingen
375 1613 406 1644 in
422 1613 468 1644 die
482 1614 661 1652 Illegalität
681 1616 752 1646 oder
768 1615 798 1646 in
814 1615 859 1646 die
874 1614 958 1647 Eiui-

114 1651 249 1693 gration.
266 1653 334 1684 Das
350 1654 426 1685 Bvlk
441 1653 556 1691 eignete
572 1654 622 1689 sich
639 1654 714 1691 nicht
731 1655 828 1691 znleht
845 1656 957 1686 darum

114 1694 162 1724 als
182 1692 380 1731 Instrument
403 1693 454 1724 der
473 1701 571 1726 neuen
591 1693 726 1731 Meister,
745 1694 815 1726 weil
835 1701 866 1726 es
888 1696 957 1730 noch

113 1741 169 1772 gar
199 1731 247 1763 nie
275 1733 350 1770 recht
379 1734 454 1770 dazu
482 1735 654 1771 gelommen
683 1742 759 1768 war.
788 1734 957 1772 politisches

114 1772 241 1809 Snvjelt
258 1780 292 1811 zu
314 1772 383 1809 sein,
402 1773 467 1809 Grst
487 1773 558 1811 nach
576 1776 641 1805 dem
660 1774 756 1811 Sturz
773 1774 957 1811 Mnssvlinis

114 1813 214 1847 traten
234 1812 280 1843 die
298 1812 328 1843 in
347 1813 401 1844 den
419 1812 753 1851 Besreinngskvmitees
769 1814 957 1852 ziisanuiien-

113 1852 320 1891 geschlvsscnen
338 1852 485 1889 Parteien
502 1852 614 1885 wieder
630 1861 689 1885 ans
707 1853 793 1891 Licht.
810 1854 890 1889 Aach
907 1856 958 1885 der

112 1892 281 1930 Befreiung
302 1893 401 1923 Noms
421 1892 619 1930 bezeichneten
640 1893 685 1929 sie,
704 1893 770 1925 eine
788 1894 846 1926 Art
865 1901 958 1925 neuer

112 1931 302 1971 Legitimität
322 1931 477 1969 schassend,
500 1932 530 1964 in
551 1934 601 1964 der
618 1932 734 1971 Person
754 1934 836 1969 ihres
854 1933 958 1972 Präsi¬

112 1972 220 2005 denten
239 1972 375 2004 Bvnvmi
400 1974 454 2003 den
474 1972 737 2011 üiegirrnngsches.
757 1974 814 2005 Am
835 1977 860 2005 2.
873 1972 956 2012 Juni

113 2013 164 2050 soll
186 2020 249 2043 mm
272 2012 329 2043 das
351 2011 532 2049 italienische
552 2014 627 2045 Bvll
648 2013 702 2050 aus
723 2014 774 2045 der
792 2013 884 2050 Basis
906 2018 957 2045 des

112 2052 312 2091 allgemeinen
351 2052 579 2089 Stimmrechts,
617 2062 658 2084 an
697 2055 761 2085 dem
800 2054 873 2089 auch
911 2055 957 2084 dir

112 2094 236 2129 Frauen
257 2092 419 2128 teilhnben,
442 2094 576 2124 darüber
594 2092 784 2130 entscheiden,
804 2094 841 2124 ob
860 2097 891 2124 es
911 2093 957 2124 die

112 2133 148 2165 M
162 2140 180 2163 v
193 2140 211 2163 n
225 2141 243 2162 a
257 2140 271 2162 r
284 2132 311 2169 ch
325 2131 332 2163 i
347 2140 360 2163 e
402 2131 592 2169 beibehalten
624 2133 695 2164 oder
723 2141 777 2171 zur
817 2133 843 2165 !>i
856 2142 870 2164 r
883 2139 900 2170 p
914 2141 932 2164 n
947 2149 957 2160 .

113 2175 129 2204 b
143 2173 151 2203 l
165 2172 173 2203 i
188 2173 200 2203 k
233 2172 403 2210 übergehen
426 2172 499 2204 will.
523 2173 565 2204 ES
590 2172 640 2210 soll
664 2181 714 2204 am
738 2172 866 2211 gleichen
890 2173 958 2211 Tag

112 2211 189 2249 seine
202 2211 360 2245 Vertreter
376 2211 407 2244 in
422 2211 467 2244 die
481 2213 508 2245 V
522 2221 534 2244 c
549 2221 563 2243 r
576 2212 584 2249 s
598 2221 615 2243 a
629 2212 638 2250 s
652 2212 660 2249 s
674 2221 692 2244 n
707 2221 725 2244 n
739 2221 757 2251 g
769 2221 786 2251 g
799 2222 812 2244 e
826 2214 842 2244 b
855 2222 868 2244 e
881 2221 899 2244 n
914 2215 931 2244 d
944 2222 957 2244 e

112 2251 450 2292 Versammlung
503 2253 635 2289 wählen,
680 2252 725 2284 die
769 2252 818 2284 ein
863 2261 956 2284 neues

113 2291 419 2330 Staatsgrundgesrh
438 2291 640 2325 ansarbeiten
660 2292 747 2324 wird.
768 2293 887 2329 Führer
907 2294 957 2324 der

114 2331 302 2369 bssentlichrn
336 2331 492 2371 Meinung
523 2332 586 2368 sind
617 2332 703 2363 dabei
736 2332 781 2364 dir
814 2331 871 2365 mit
903 2335 957 2364 den

112 2370 447 2411 BesroiungtzkoinitccS
473 2380 507 2410 zu
536 2380 642 2404 neuem
670 2372 764 2405 Leben
791 2373 957 2410 rrivachten

113 2409 359 2451 resormistischen
401 2413 464 2443 und
505 2411 759 2444 revolutionären
800 2412 958 2450 Parteien,

112 2455 205 2484 denen
244 2453 294 2482 als
334 2451 539 2488 konservative
576 2453 639 2483 und
675 2460 742 2490 zum
779 2452 847 2484 Teil
884 2453 958 2489 auch

113 2491 429 2530 reaktionäreKräfte
447 2492 493 2524 die
510 2491 611 2524 Erben
629 2492 785 2527 Cavonrs,
802 2491 958 2527 Gioliitis,

112 2530 297 2570 Mussolinis
324 2532 387 2563 und
414 2531 460 2563 die
489 2533 554 2563 dem
580 2531 680 2570 Hause
706 2531 856 2570 Savoyen
882 2533 957 2564 Ber-

113 2571 281 2609 pslichteten
300 2571 579 2617 gegrnüberstehe».
594 2571 666 2605 Von
683 2570 761 2603 links
777 2573 849 2608 nach
865 2573 958 2609 rechts

112 2611 269 2644 überblickt
291 2610 388 2650 ergibt
410 2611 460 2648 sich
481 2613 559 2643 etiva
584 2611 740 2650 solgendeS
762 2613 957 2650 Panorama.

170 2649 228 2683 Die
270 2650 486 2689 zahlenniästig
528 2650 653 2688 stärkste,
696 2650 957 2697 besturganisierte

110 2690 219 2731 Partei
259 2689 292 2728 ist
328 2692 374 2723 die
412 2693 463 2722 der
510 2692 535 2723 K
548 2699 566 2724 o
579 2699 608 2723 in
621 2699 651 2724 m
664 2698 684 2723 u
697 2698 718 2724 n
730 2696 740 2723 1
754 2690 775 2728 st
788 2698 801 2722 e
814 2699 844 2723 n.
887 2694 953 2722 1921

111 2732 288 2771 gegründet,
313 2732 366 2768 hat
391 2731 426 2769 sie
449 2732 598 2769 während
622 2733 673 2762 der
697 2739 811 2769 ganzen
835 2731 958 2769 sascisti-

113 2773 191 2810 sclien
223 2772 335 2810 Epoche
368 2771 409 2803 im
441 2772 543 2804 Lande
576 2773 666 2803 unter
698 2772 750 2805 der
780 2770 958 2811 Oberfläche

112 2811 351 2850 iveitergeivirkt.
375 2812 421 2851 In
446 2813 501 2843 den
528 2812 625 2850 letzten
649 2812 772 2850 Jahren
798 2814 850 2844 des
875 2812 958 2850 zwei-

113 2856 161 2886 trn
189 2852 370 2891 Weltkriegs
399 2855 469 2891 trug
497 2852 532 2889 sie
559 2852 617 2886 viel
647 2861 699 2889 zur
725 2851 957 2885 Koordination

112 2897 163 2926 der
200 2892 584 2932 BliderstandSbeivegung
621 2892 677 2924 bei.
713 2893 777 2931 Ihr
814 2893 886 2930 Ehei
925 2893 957 2931 ist

112 2933 259 2972 Palnürv
302 2933 547 2972 Tvgliatti.
581 2935 633 2965 der
666 2933 716 2970 seit
754 2935 827 2965 1920
860 2933 958 2972 ausirr

111 2975 233 3008 Landes
253 2980 330 3007 war.
351 2974 478 3012 Ansang
504 2976 573 3005 lütt
597 2981 656 3005 von
679 2974 815 3006 Moskau
838 2974 889 3010 her
911 2982 958 3012 zu¬

113 3014 244 3047 rückkam
266 3016 330 3046 und
352 3015 445 3053 svsort
469 3014 523 3046 mit
547 3015 612 3046 dem
634 3014 760 3053 Negime
782 3014 958 3054 BadvglioS

112 3054 445 3094 zusanunenarbeitete.
475 3056 533 3086 das
563 3060 623 3088 von
653 3055 704 3086 der
733 3054 958 3092 Sowsetunion

112 3094 207 3134 zuerst
234 3095 404 3127 anerkannt
431 3096 546 3127 wurde.
574 3095 669 3131 Heute
696 3096 747 3126 der
775 3095 959 3134 entsessrltste

112 3137 234 3175 Gegner
252 3141 312 3168 von
331 3135 513 3175 Monarchie
532 3137 595 3168 und
614 3134 771 3172 Dhuastie,
792 3136 908 3172 brachte
928 3144 959 3167 er

115 3185 147 3211 es
168 3178 293 3209 damals
316 3177 413 3216 fertig.
435 3175 549 3216 Sforza
572 3178 634 3208 und
654 3178 755 3211 Eroce.
775 3176 961 3216 Sozialisten

115 3217 178 3249 und
196 3215 427 3255 Aktionspartei
447 3216 503 3248 mit
522 3218 587 3248 dem
605 3216 769 3253 Marschall
788 3218 840 3248 der
857 3218 960 3249 Krone

114 3257 365 3295 vorübergehend
390 3255 744 3294 zusanunenznbringe».
769 3256 841 3289 DaS
866 3256 960 3292 Fern¬

113 3298 167 3336 ziel
187 3297 259 3333 auch
278 3298 329 3329 der
348 3296 552 3335 italienischen
566 3295 801 3335 Kommunisten
821 3297 864 3335 ist.
879 3297 960 3333 ihrer

113 3337 218 3373 Natur
247 3338 365 3377 gemäsi.
396 3338 468 3371 klar.
499 3338 568 3370 DaS
597 3336 722 3375 Nahziel
753 3337 833 3369 »,ird
864 3337 960 3375 jedoch

115 3381 205 3418 sogar
242 3378 376 3417 »'eiliger
415 3378 533 3410 radikal
572 3376 774 3416 umschricben
814 3379 864 3409 als
903 3379 960 3409 das

117 3420 247 3451 anderer
279 3417 523 3456 Linksparteien.
556 3418 646 3451 Beim
680 3417 774 3454 ersten
808 3418 958 3456 Hinsehen

115 3460 239 3497 haudcll
266 3461 298 3491 cs
325 3459 375 3496 sich
401 3468 453 3491 um
480 3458 544 3491 eine
569 3460 625 3491 Art
650 3457 960 3498 Labourprogramm

115 3499 170 3533 mit
218 3500 394 3538 begrenzte»
442 3498 959 3537 NativnalisierungSsvrderungen

116 3541 179 3573 und
205 3538 423 3579 wiederholten
449 3538 805 3579 Toleranzversprechen.
832 3540 890 3572 Die
917 3548 961 3571 er-

116 3580 221 3621 strebte
241 3580 391 3618 Republik
410 3579 490 3613 wird
510 3580 584 3613 aber
605 3580 679 3616 nicht
702 3588 763 3611 nur
784 3582 834 3614 als
856 3582 961 3618 Paria-

116 3620 303 3659 mentariscli.
338 3621 465 3659 sondern
499 3621 572 3657 auch
604 3622 654 3652 alS
688 3620 883 3657 prolrtariscl>
916 3622 960 3652 be¬

115 3661 249 3700 zeichnet.
269 3661 333 3694 Der
352 3665 377 3693 2.
392 3660 473 3701 Juni
494 3661 574 3693 ivird
593 3662 643 3693 als
663 3661 730 3698 Tag
750 3660 803 3692 des
823 3661 961 3697 Gerichts

115 3701 295 3742 dargestellt.
334 3703 389 3735 Bei
429 3704 481 3735 der
516 3710 629 3741 ganzen
668 3701 871 3742 Kampsweise
909 3704 960 3736 der

120 3740 354 3777 Kvnuinittlsten
380 3743 454 3781 inusi
478 3752 550 3775 man
576 3734 627 3779 sich
649 3743 783 3774 darüber
807 3743 871 3775 klar
894 3743 964 3780 sein,

125 3783 186 3820 dasi
207 3785 258 3815 der
278 3783 397 3822 Begriff
421 3782 567 3821 „Fascist"
591 3783 662 3819 nach
682 3782 967 3821 fomnuinistischem

123 3823 394 3861 Sprachgebrauch
416 3823 470 3861 auf
493 3823 558 3855 eine
582 3823 645 3861 sehr
668 3822 760 3855 breite
783 3822 881 3860 Front
905 3829 965 3856 von

124 3864 266 3902 Gegnern
288 3864 486 3903 angistvendet
504 3864 624 3896 werden
645 3863 732 3895 kann.

179 3903 242 3935 Der
264 3902 436 3940 katholische
457 3903 579 3934 Glaube
602 3902 634 3940 ist
654 3907 714 3933 von
736 3901 887 3940 Tvgliatti
912 3903 960 3939 für

120 3942 166 3975 die
192 3942 416 3981 gegemvärtige
442 3941 647 3980 Kampsphase
670 3942 723 3972 als
750 3941 821 3972 tahu
850 3942 960 3975 erklärt

120 3983 255 4018 worden;
276 3982 412 4021 trotzdem
429 3981 507 4021 »>eisi
525 3982 606 4020 jedes
623 3980 712 4014 Kind,
730 3980 789 4020 dasi
807 3980 852 4013 dir
869 3983 960 4014 Kom-

1002 981 1151 1019 mnnistrn
1185 981 1248 1017 ihre
1278 981 1578 1020 Kirchenscindschast
1609 993 1670 1017 nur
1700 986 1755 1016 init
1787 987 1838 1016 der

1002 1022 1108 1058 Zunge
1141 1021 1363 1060 abgeschworen
1397 1024 1503 1058 haben.
1536 1024 1595 1055 Bis
1626 1024 1697 1056 weit
1729 1025 1759 1056 in
1793 1024 1839 1055 die

1001 1059 1122 1097 Massen
1140 1059 1245 1100 hinein
1264 1061 1367 1099 ivächst
1386 1061 1450 1093 eine
1469 1062 1561 1101 Angst
1579 1070 1634 1094 vor
1653 1063 1748 1100 diesen
1768 1065 1837 1102 zwei

1001 1098 1167 1131 Millionen
1195 1100 1435 1138 Gehorchenden,
1461 1101 1507 1133 die
1530 1104 1646 1134 anders
1673 1106 1760 1135 reden
1787 1106 1838 1135 als

1003 1138 1037 1174 sie
1058 1139 1177 1171 denken,
1197 1138 1242 1170 die
1263 1139 1331 1176 trotz
1348 1141 1439 1172 allem
1459 1141 1601 1178 Bestehen
1623 1142 1676 1178 aus
1697 1145 1747 1174 der
1767 1143 1838 1182 Ita-

1002 1177 1129 1209 lianität
1168 1177 1282 1215 Triests
1320 1178 1439 1225 ständig
1474 1181 1538 1217 jene
1574 1182 1675 1218 Macht
1714 1183 1838 1219 preisen,

1001 1218 1104 1255 welche
1137 1217 1182 1248 dir
1215 1218 1311 1249 Stadt
1345 1221 1398 1250 den
1432 1219 1634 1259 Jugoslawen
1667 1222 1837 1259 znsprechen

1001 1255 1075 1290 will,
1095 1256 1140 1287 die
1161 1256 1248 1295 sogar
1269 1255 1435 1296 sascistische
1454 1261 1556 1291 Näder
1577 1259 1607 1291 in
1629 1260 1691 1297 ihre
1710 1261 1838 1297 Maschi¬

1002 1296 1083 1327 nerie
1112 1296 1262 1327 einbanen
1293 1298 1417 1329 können.
1446 1299 1605 1335 Natürlich
1634 1300 1839 1332 nnternimmt

1002 1335 1046 1366 die
1072 1336 1171 1373 Presse
1198 1338 1248 1368 der
1273 1338 1398 1374 Nechtrn
1422 1340 1511 1372 alles,
1537 1347 1589 1370 um
1615 1341 1669 1370 den
1695 1346 1755 1371 von
1782 1342 1836 1371 den

1000 1375 1231 1413 Kommunisten
1253 1376 1333 1413 selbst
1353 1380 1507 1415 erzeugten
1527 1378 1671 1410 Eindruck
1689 1378 1772 1410 einer
1791 1388 1837 1417 zn-

1001 1414 1076 1452 tiesst
1112 1415 1368 1453 nnenropäischen
1403 1417 1751 1457 Antvmatknhastigkeit
1787 1420 1838 1450 ins

999 1454 1242 1492 Apokalpptische
1265 1454 1515 1493 anszubanschen.

1058 1499 1215 1534 Während
1234 1498 1385 1536 Tvgliatti
1405 1499 1481 1536 seine
1498 1498 1694 1540 Heerscharen
1713 1500 1767 1533 mit
1787 1505 1838 1532 der

999 1536 1134 1576 Formel:
1156 1537 1335 1571 ..CJittadini.
1357 1540 1456 1573 amici,
1476 1539 1657 1581 compagni"
1676 1541 1838 1578 anspricht,

1002 1574 1093 1615 pflegt
1119 1576 1220 1609 Nennt
1248 1579 1302 1609 den
1332 1579 1513 1615 ..Genosse»'
1543 1588 1581 1611 an
1609 1579 1654 1611 die
1680 1579 1779 1619 Spitze
1804 1589 1838 1618 z»

1000 1616 1093 1652 setzen.
1118 1616 1175 1649 Die
1200 1617 1472 1654 Sozialisten
1498 1619 1559 1654 sind
1584 1620 1625 1651 im
1647 1621 1838 1658 Programm

999 1655 1162 1690 radikaler,
1184 1656 1224 1687 im
1245 1650 1337 1694 Effekt
1359 1658 1555 1695 gemäsiigter.
1576 1660 1655 1695 Aucl,
1677 1659 1713 1695 sie
1734 1659 1837 1696 stüiieu

1001 1695 1052 1741 sich
1076 1695 1106 1727 in
1132 1698 1181 1727 der
1205 1696 1391 1733 Hauptsache
1415 1698 1469 1734 aus
1494 1697 1539 1729 die
1563 1698 1681 1735 Masse»
1707 1702 1758 1730 der
1781 1701 1838 1730 Ar¬

1001 1736 1093 1766 beiter
1114 1737 1177 1766 und
1197 1735 1406 1773 Angestellten,
1426 1741 1483 1769 vor
1500 1738 1592 1769 allen,
1613 1740 1665 1769 des
1684 1739 1838 1770 Norde»?.

1000 1775 1062 1806 Der
1087 1781 1146 1806 von
1172 1774 1254 1807 einer
1278 1773 1451 1808 Minorität
1477 1777 1507 1808 in
1533 1777 1584 1809 der
1608 1773 1838 1816 Parteileitung

1000 1815 1253 1846 nnternviiuuene
1275 1814 1413 1854 Versuch,
1437 1815 1482 1847 die
1507 1816 1634 1848 Doktrin
1660 1817 1688 1853 so
1711 1817 1781 1849 iveit
1806 1826 1837 1855 z»

1000 1852 1245 1892 modernisieren,
1269 1854 1328 1890 das,
1352 1858 1409 1886 das
1432 1855 1665 1894 Einzngsgebiet
1689 1857 1762 1894 auch
1782 1859 1839 1890 ans

1000 1892 1126 1925 breitere
1149 1893 1238 1925 klein-
1261 1897 1323 1925 und
1346 1894 1611 1933 linksbürgerlichr
1633 1897 1732 1933 Kreise
1755 1898 1839 1932 hätte

1000 1935 1191 1971 ausgedehnt
1212 1936 1331 1965 werden
1354 1933 1479 1967 könne»,
1503 1935 1535 1971 ist
1557 1934 1723 1974 misiglückt.
1746 1936 1840 1974 Zwar

1001 1974 1052 2007 hat
1075 1975 1126 2004 der
1147 1972 1311 2011 Parteitag
1332 1980 1392 2004 von
1416 1974 1544 2012 Florenz
1565 1976 1616 2006 der
1636 1975 1764 2014 Gruppe
1786 1984 1838 2007 um

999 2011 1213 2051 Saragat.
1239 2014 1342 2049 welcl,e
1368 2012 1454 2044 einen
1482 2013 1727 2051 resormistischen
1753 2015 1839 2047 KnrS

999 2050 1133 2085 vertritt,
1156 2054 1209 2083 den
1235 2053 1444 2090 gebührenden
1468 2052 1597 2092 Einfluh
1621 2053 1661 2085 im
1683 2054 1839 2090 Vorstand

999 2089 1204 2130 ringerähmt;
1245 2095 1295 2123 der
1333 2100 1408 2124 neue
1446 2091 1685 2131 Parteisekretär
1723 2094 1743 2126 L
1757 2102 1772 2125 o
1787 2102 1815 2126 m
1830 2110 1839 2119 -

999 2130 1136 2163 bardo
1162 2130 1195 2168 ist
1221 2131 1267 2163 ein
1294 2131 1418 2169 ivestlich
1444 2131 1638 2164 orientierter
1664 2132 1839 2168 Demokrat,

1000 2170 1062 2203 und
1085 2169 1235 2205 Neuni.
1259 2174 1308 2202 der
1333 2170 1454 2210 einstige
1477 2172 1696 2211 Zellengenosse
1721 2176 1783 2205 und
1807 2174 1838 2205 In

999 2209 1145 2247 gewissem
1189 2210 1291 2242 Sinne
1331 2212 1604 2247 Wahlveriv-andte
1645 2212 1839 2248 Mussolinis,

999 2251 1104 2282 wurde
1140 2249 1194 2285 ans
1230 2252 1284 2281 den
1322 2250 1582 2289 nengeschasseuru
1609 2252 1717 2290 Posten
1755 2252 1839 2284 eines

998 2289 1302 2327 Parteipräsideuten
1330 2291 1467 2323 entrückt.
1495 2291 1648 2327 Trotzdem
1675 2291 1766 2324 bleibt
1793 2295 1840 2324 dir

998 2328 1263 2366 Hanpttriebkrast
1298 2332 1349 2360 der
1383 2330 1604 2367 sozialistischen
1639 2331 1839 2370 Gcsvlgschast

1001 2373 1050 2401 der
1067 2368 1206 2400 Gedanke
1224 2370 1276 2400 des
1293 2369 1560 2408 Klassenkampfes.

1058 2411 1208 2451 Zwischen
1234 2412 1420 2451 Sozialisten
1448 2416 1511 2446 und
1537 2413 1770 2455 Kommunisten
1795 2416 1842 2447 be¬

1001 2452 1072 2491 steht
1096 2458 1156 2485 ans
1181 2455 1233 2485 der
1256 2452 1323 2492 Zeit
1348 2455 1400 2485 des
1425 2454 1647 2493 gemeinsamen
1674 2456 1842 2488 unterirdi¬

1001 2492 1077 2530 schen
1107 2492 1255 2533 Kampfes
1283 2502 1374 2532 gegen
1404 2496 1458 2527 den
1489 2494 1667 2532 Fascismns
1697 2497 1749 2533 her
1776 2496 1842 2529 eine

999 2535 1023 2565 A
1038 2534 1048 2565 k
1062 2533 1071 2564 t
1086 2533 1093 2565 i
1109 2543 1125 2565 v
1139 2542 1156 2564 n
1171 2537 1187 2565 tz
1200 2542 1217 2571 g
1230 2542 1242 2564 e
1257 2543 1284 2565 m
1298 2543 1311 2565 e
1326 2533 1333 2565 i
1348 2542 1366 2565 n
1381 2534 1388 2569 s
1402 2536 1430 2570 ch
1443 2544 1459 2566 a
1475 2535 1482 2570 s
1496 2536 1516 2566 t.
1551 2535 1597 2567 die
1633 2535 1696 2572 ihre
1732 2536 1842 2568 immer

1002 2574 1074 2610 noch
1104 2576 1304 2606 andauernde
1338 2573 1560 2613 Beständigkeit
1596 2582 1656 2607 ans
1691 2577 1743 2608 der
1775 2578 1843 2614 zäh¬

1001 2613 1116 2651 lebigen
1139 2614 1242 2648 Nincht
1264 2616 1315 2646 der
1335 2615 1456 2652 Gegner
1475 2614 1560 2652 zieht.
1590 2615 1695 2651 Dieser
1715 2617 1842 2655 Kamps¬

1002 2655 1074 2691 pakt.
1099 2655 1151 2686 der
1172 2663 1204 2691 zn
1227 2654 1442 2693 gegenseitiger
1464 2654 1729 2693 innenpolitisrlier
1750 2657 1843 2692 Scho¬

1001 2701 1089 2736 nung
1121 2695 1183 2725 und
1216 2703 1249 2731 zn
1282 2694 1367 2726 einer
1397 2694 1533 2733 gewissen
1557 2696 1759 2732 Parallelität
1792 2699 1845 2729 der

1001 2734 1207 2773 Programme
1229 2733 1423 2772 verpflichtet,
1446 2735 1498 2771 hat
1520 2737 1575 2766 den
1597 2735 1762 2774 Parteitag
1783 2741 1844 2770 von

1002 2773 1131 2812 Florenz
1150 2773 1208 2810 l>eil
1229 2773 1439 2811 überstanden,
1460 2774 1493 2811 ist
1513 2775 1586 2806 aber
1604 2775 1679 2813 auch
1696 2775 1771 2813 nicht
1790 2785 1844 2814 zur

1002 2812 1115 2852 Fusion
1140 2813 1291 2851 gediehen.
1325 2813 1495 2854 Vorläufig
1518 2814 1597 2847 wird
1620 2816 1736 2849 vereint
1762 2825 1843 2848 mar¬

1003 2853 1111 2892 schiert.
1133 2861 1186 2887 um
1209 2855 1299 2886 nnter
1320 2853 1504 2892 Umständen
1527 2854 1631 2892 früher
1653 2857 1725 2888 oder
1745 2856 1844 2893 später

1002 2894 1141 2931 getrennt
1169 2903 1201 2931 zu
1230 2894 1372 2932 schlage».
1409 2895 1508 2927 Wenn
1536 2904 1608 2927 man
1636 2895 1723 2927 einen
1752 2896 1843 2935 sozia¬

1003 2933 1143 2970 listischen
1165 2934 1305 2966 Arbeiter
1326 2935 1417 2971 sragt.
1437 2934 1527 2972 wieso
1547 2944 1578 2967 er
1598 2935 1674 2973 nicht
1695 2937 1843 2969 Kommn-

1003 2973 1059 3012 nist
1082 2974 1129 3010 sei.
1152 2975 1222 3012 zuckt
1245 2984 1276 3007 er
1298 2975 1344 3007 die
1366 2975 1495 3013 Achseln,
1519 2977 1569 3007 als
1592 2977 1674 3013 hätte
1697 2985 1769 3009 man
1794 2977 1845 3015 sich

1004 3015 1074 3052 nach
1096 3015 1161 3047 dem
1185 3014 1370 3053 Unterschied
1392 3015 1529 3054 zivischen
1553 3016 1637 3048 einer
1658 3017 1843 3055 Persönlici)-

1003 3054 1054 3088 keit
1075 3057 1138 3087 und
1156 3054 1254 3086 einem
1273 3055 1433 3094 Werkzeug
1451 3055 1620 3094 erkundigt.

1062 3097 1120 3131 Ein
1140 3098 1292 3136 Witzblatt
1310 3098 1400 3137 zeigte
1420 3098 1519 3137 jüngst
1538 3099 1586 3131 ei»
1605 3100 1694 3137 Paar
1711 3100 1742 3132 in
1761 3099 1844 3132 einer

1002 3137 1274 3177 Frühlingsuüese.
1300 3139 1369 3171 Das
1396 3139 1545 3176 Mädchen
1573 3139 1648 3178 sagt:
1675 3141 1843 3179 „Auginto,

1004 3177 1154 3209 facciamo
1173 3178 1306 3219 qualquc
1326 3179 1412 3210 dolce
1434 3179 1551 3210 follin."
1571 3179 1633 3212 Der
1651 3181 1755 3212 Mann
1776 3182 1842 3213 ant¬

1002 3219 1123 3250 wortet:
1170 3219 1228 3253 ,.Si,
1261 3218 1398 3251 votlnmo
1432 3220 1478 3259 pcl
1515 3219 1632 3251 Partita
1665 3220 1844 3252 d’Azione.“

1003 3257 1253 3301 Wahrscheinlich
1278 3258 1310 3296 ist
1335 3263 1366 3291 eS
1391 3259 1498 3295 sichade.
1522 3259 1581 3295 das,
1606 3269 1678 3292 man
1705 3262 1790 3299 heute
1815 3262 1844 3298 so

1004 3299 1076 3331 über
1101 3299 1147 3332 die
1170 3300 1194 3332 A
1209 3300 1219 3330 k
1233 3301 1241 3331 t
1257 3298 1264 3331 I
1279 3308 1295 3331 v
1309 3308 1326 3331 »
1341 3303 1356 3330 S
1371 3305 1387 3338 p
1401 3309 1418 3331 a
1434 3308 1448 3330 r
1461 3300 1470 3331 t
1483 3308 1496 3331 e
1511 3299 1517 3331 i
1553 3302 1641 3332 reden
1667 3302 1754 3333 kann.
1788 3301 1844 3334 Sie

1003 3341 1108 3372 »mrde
1131 3343 1193 3373 von
1218 3339 1300 3372 einer
1324 3340 1469 3377 schmalen
1495 3339 1610 3378 Schicht
1635 3340 1739 3381 geistig
1764 3342 1843 3380 hoch¬

1005 3378 1156 3417 stehender
1184 3380 1323 3412 Männer
1352 3381 1517 3418 gegründet
1550 3382 1612 3412 nnd
1643 3377 1676 3418 ist
1704 3387 1765 3414 ans
1794 3383 1845 3414 der

1004 3419 1241 3459 Exilbewegung
1271 3418 1442 3455 „Ginitiria
1470 3432 1485 3450 c
1516 3419 1659 3452 l.ibertä"
1687 3422 1845 3461 hervorge-

1003 3467 1134 3499 gangcn.
1166 3460 1226 3492 Der
1246 3459 1439 3498 interessante
1458 3460 1596 3498 Versuch,
1617 3461 1762 3494 liberales
1783 3464 1844 3494 nnd

1005 3500 1224 3539 sozialistisches
1242 3501 1460 3540 Gedankengut
1477 3509 1510 3539 zu
1530 3500 1627 3534 einem
1645 3509 1741 3534 neuen
1759 3502 1845 3534 Trit¬

1005 3541 1051 3572 ten
1086 3548 1120 3579 zn
1156 3540 1376 3579 verschmelzen,
1410 3541 1576 3579 vermochte
1612 3541 1690 3574 keine
1724 3543 1844 3581 Gesolg-

1005 3580 1090 3619 schast
1109 3581 1210 3618 hinter
1227 3581 1277 3616 sich
1293 3589 1326 3620 zn
1345 3581 1472 3617 scl>areu,
1489 3580 1632 3617 vielleiclst
1650 3584 1759 3620 gerade
1776 3585 1845 3614 dar¬

1006 3629 1066 3654 um.
1098 3620 1168 3654 weil
1201 3615 1240 3654 an
1272 3615 1427 3660 Schichten
1460 3621 1620 3658 appelliert
1652 3623 1767 3658 wurde,
1800 3622 1845 3655 die

1006 3660 1090 3698 ihren
1113 3660 1285 3700 politischen
1303 3663 1388 3693 Kurs
1409 3660 1485 3700 nicht
1508 3661 1538 3693 in
1560 3661 1649 3696 erster
1668 3661 1753 3696 Linie
1775 3663 1845 3699 nach

1006 3700 1165 3740 religiösen
1186 3702 1258 3734 oder
1274 3701 1532 3741 »urtschastlichen
1551 3702 1693 3734 Motiven
1713 3703 1845 3741 wählen.

1004 3743 1061 3774 Am
1089 3734 1186 3780 feilten
1214 3740 1378 3780 Parteitag
1415 3742 1607 3779 spaltete
1645 3742 1697 3779 sich
1721 3743 1767 3775 die
1792 3743 1846 3776 Ak-

1006 3781 1193 3820 tionspartei
1212 3782 1242 3814 in
1259 3782 1328 3819 zivei
1345 3781 1451 3821 Lager,
1466 3787 1527 3814 von
1544 3783 1639 3815 denen
1657 3782 1736 3820 jedes
1754 3784 1844 3821 sagte:

1008 3823 1087 3861 ..Ihr
1106 3823 1176 3859 l>abi
1198 3821 1285 3855 einen
1307 3823 1423 3855 andern
1445 3821 1554 3858 Geist."
1586 3822 1649 3855 Der
1669 3824 1730 3855 alte
1748 3823 1846 3858 Name

1005 3862 1084 3895 ivird
1134 3862 1191 3900 jetzt
1240 3868 1299 3894 von
1351 3861 1434 3894 einer
1485 3861 1844 3901 ..sozialdeinokratischen

1006 3903 1150 3942 Gruppe"
1171 3912 1222 3935 um
1241 3902 1286 3935 die
1303 3902 1449 3939 Miliister
1465 3902 1580 3935 Eianca
1601 3904 1663 3935 nnd
1680 3903 1845 3936 Lombardi

1005 3941 1243 3980 weitergesübrt.
1264 3942 1413 3980 während
1436 3942 1488 3980 sich
1510 3944 1561 3975 der
1582 3943 1672 3976 Kreis
1695 3952 1746 3976 um
1769 3944 1846 3981 Pro¬

1007 3982 1093 4022 fessor
1117 3982 1212 4022 Parri
1241 3983 1296 4016 mit
1324 3984 1379 4014 den
1407 3985 1467 4015 and
1495 3982 1577 4018 ihrer
1602 3983 1709 4022 Partei
1738 3986 1846 4023 ansge-

1887 986 2020 1017 tretrur»
2053 986 2293 1018 Linkslibrralen
2327 996 2360 1024 zu
2394 987 2477 1018 einer
2510 988 2712 1021 „Concenira-

1882 1028 1967 1057 zionc
1993 1027 2203 1058 Dcmocratica
2232 1027 2458 1066 Kepublicana“
2495 1027 2716 1066 zusammrnge»

1882 1065 2013 1104 schlosse»
2034 1070 2095 1102 hat.

1935 1110 1990 1142 Tic
2029 1111 2119 1142 dritte
2158 1111 2343 1148 sogenannte
2371 1110 2592 1149 Massenpartci
2623 1111 2716 1142 neben

1881 1149 2112 1189 Konnnnnisten
2133 1153 2196 1182 und
2215 1150 2400 1188 Sozialisten
2419 1150 2481 1184 sind
2501 1150 2547 1183 dir
2565 1151 2589 1182 E
2603 1152 2619 1185 h
2633 1160 2647 1182 r
2660 1150 2667 1182 i
2683 1150 2716 1187 st-

1882 1191 1889 1220 l
1905 1190 1912 1220 i
1926 1191 1955 1227 ch
1967 1204 1977 1215 -
1989 1190 2015 1222 T
2029 1199 2042 1221 r
2056 1200 2083 1222 m
2098 1200 2115 1221 o
2128 1192 2138 1221 k
2152 1199 2167 1221 r
2179 1199 2196 1221 a
2211 1191 2220 1220 t
2233 1199 2247 1221 e
2260 1200 2278 1221 n
2326 1192 2378 1221 der
2413 1190 2612 1221 vemocrazia
2650 1191 2716 1221 Cri-

1882 1231 1988 1261 sliana.
2014 1232 2116 1265 welclie
2140 1230 2348 1276 gegenwärtig
2383 1231 2414 1261 in
2451 1231 2547 1265 ihrem
2573 1230 2718 1263 Sekretär

1881 1270 1982 1301 Alcide
2003 1271 2046 1303 De
2067 1271 2194 1307 Gasperi
2218 1273 2272 1302 den
2293 1269 2632 1308 Ministerpräsidenten
2654 1273 2716 1302 nnd

1881 1309 2130 1348 Anbenminister
2149 1310 2230 1347 stellt.
2250 1311 2467 1349 Vorgängerin
2486 1317 2555 1343 war
2574 1314 2624 1342 der
2645 1312 2718 1342 1919

1881 1355 1941 1381 von
1965 1350 2035 1382 Don
2059 1350 2175 1387 Sturzo
2257 1352 2308 1382 der
2331 1350 2381 1385 sich
2404 1351 2454 1387 seit
2480 1353 2554 1381 1920
2575 1351 2606 1382 in
2630 1352 2716 1382 Ame¬

1883 1390 1943 1421 rika
1965 1389 2093 1426 befindet
2168 1391 2350 1428 gegründete
2370 1388 2487 1422 Partito
2508 1389 2666 1432 Popolarc,
2685 1389 2716 1421 in

1883 1432 1948 1462 dem
1966 1432 2023 1463 das
2040 1430 2213 1466 katholiscl>e
2230 1430 2367 1461 Element
2385 1430 2440 1461 mit
2459 1430 2554 1462 einem
2572 1430 2717 1466 positive»

1883 1470 2070 1507 Programm
2096 1471 2126 1502 in
2152 1470 2198 1502 dir
2223 1469 2372 1507 politisclze
2395 1471 2497 1502 Arena
2523 1472 2595 1502 trat.
2619 1471 2661 1502 Es
2686 1470 2719 1502 ist

1883 1509 2080 1547 bezeichnend,
2117 1510 2177 1548 daß
2213 1509 2259 1541 die
2285 1510 2462 1548 Brivrgnng
2497 1511 2621 1542 damals
2658 1515 2719 1542 von

1883 1549 1967 1586 ihren
2010 1549 2143 1588 Feinden
2184 1549 2215 1581 in
2258 1550 2463 1581 altklerikalen
2506 1550 2627 1585 Kreisen
2668 1550 2716 1581 ein

1884 1587 2058 1629 .schwarzer
2102 1589 2377 1627 Bolschewismus"
2423 1591 2559 1628 genannt
2604 1592 2718 1622 »mrde.

1883 1629 1967 1663 Trotz
1985 1631 2036 1661 der
2056 1629 2300 1668 Untrrdrücknug
2319 1631 2371 1661 der
2389 1630 2534 1665 Parteien
2555 1631 2644 1665 durch
2663 1633 2718 1661 den

1883 1668 2061 1707 FasciSnniS
2076 1678 2144 1701 war
2161 1673 2214 1701 den
2231 1668 2519 1708 Ehristlichsvzialen
2537 1670 2607 1702 Ton
2625 1669 2718 1702 Stur-

1883 1717 1933 1746 zvs
1962 1711 2036 1741 dank
2066 1712 2130 1742 dem
2170 1709 2366 1748 Instrnment
2403 1710 2455 1741 der
2495 1709 2719 1748 .Katholiscl>en

1883 1749 2010 1781 Aktion"
2034 1750 2098 1782 eine
2122 1749 2313 1787 Fortsetzung
2335 1751 2387 1781 der
2408 1749 2613 1782 Wirksamkeit
2637 1749 2719 1787 ihres

1883 1788 2019 1827 Führers
2041 1789 2176 1828 möglich.
2210 1789 2262 1828 Im
2285 1789 2429 1825 Schatten
2452 1792 2503 1821 des
2525 1791 2719 1821 Konkordats

1883 1831 1946 1861 nnd
1965 1832 2016 1861 der
2033 1830 2310 1867 Lateranverträgr
2330 1829 2389 1864 liest
2408 1829 2460 1865 sich
2476 1829 2571 1861 vieles
2589 1831 2719 1865 machen.

1887 1872 1957 1900 19-10
1992 1871 2096 1902 wurde
2132 1871 2216 1902 dann
2254 1869 2299 1901 dir
2335 1868 2719 1908 Ehristlich-demokraticl-e

1882 1910 1987 1943 Partei
2008 1911 2184 1948 gegründet,
2205 1910 2251 1941 die
2272 1911 2358 1947 heute
2378 1910 2424 1943 dir
2444 1909 2646 1948 zwritstärlste
2667 1915 2719 1948 po-

1883 1948 1991 1987 litische
2017 1951 2143 1988 Gruppe
2171 1950 2202 1981 in
2231 1949 2354 1988 Italien
2382 1949 2473 1981 bildet
2502 1952 2565 1981 und
2593 1958 2718 1988 morgen

1883 1989 2024 2027 vielleicht
2043 1990 2089 2022 die
2107 1989 2221 2027 stärkste
2239 1989 2298 2024 sein
2318 1990 2433 2021 könnte.
2452 1989 2514 2028 Ihr
2530 1991 2719 2028 Programm

1883 2027 1916 2067 ist
1938 2030 1978 2062 im
2000 2029 2363 2068 wirtschaftlich-sozialen
2386 2029 2509 2067 Bereich
2529 2029 2656 2062 radikal,
2677 2030 2719 2062 im

1882 2070 2052 2106 pvlitisclie»
2078 2070 2186 2101 liberal
2212 2069 2267 2103 mit
2292 2070 2456 2108 deiitliclzen
2482 2070 2639 2102 klerikalen
2663 2071 2718 2102 Nr-

1883 2102 1992 2145 srrve».
2030 2111 2106 2148 Ihre
2133 2109 2390 2148 Anhängerschaft
2418 2109 2543 2145 erstreckt
2572 2110 2623 2146 sich
2647 2116 2718 2143 vom

1885 2149 2188 2189 Großgrundbesitzer
2213 2150 2260 2181 bis
2284 2159 2337 2188 zur
2360 2150 2512 2182 Bettlerin
2536 2152 2598 2182 und
2622 2150 2723 2186 dürfte

1883 2192 1939 2222 das
1970 2189 2215 2229 Schivergeivicht
2246 2191 2323 2222 etiva
2355 2192 2422 2222 dort
2454 2192 2561 2227 l>abe».
2589 2197 2638 2223 wo
2668 2192 2719 2223 der

1882 2230 1984 2264 Dritte
2008 2232 2071 2264 »nd
2095 2232 2145 2262 der
2168 2230 2273 2263 Vierte
2295 2230 2401 2263 Stand
2425 2230 2608 2262 ineinander
2632 2231 2717 2262 über¬

1883 2272 1985 2309 gehen.

1939 2315 1981 2345 Es
2014 2314 2046 2350 ist
2078 2315 2129 2345 der
2159 2313 2578 2351 Christlich-demokratische»
2610 2313 2717 2350 Partei

1881 2354 2049 2392 prophezeit
2076 2355 2211 2387 worden,
2239 2344 2274 2389 sie
2302 2353 2406 2386 könnte
2433 2354 2517 2386 eines
2544 2354 2645 2393 Tages
2672 2362 2717 2392 ge-

1880 2401 2025 2433 znmngen
2053 2394 2122 2430 sein,
2149 2393 2203 2426 mit
2229 2391 2327 2426 einem
2353 2394 2614 2433 progressistischen
2640 2393 2719 2434 Pro¬

1880 2443 2001 2473 gramm
2038 2435 2103 2466 eine
2140 2433 2346 2472 konservative
2381 2435 2496 2471 Politik
2532 2434 2646 2466 treiben
2684 2442 2718 2473 zn

1881 2475 2003 2512 müssen.
2028 2476 2071 2507 Es
2096 2475 2166 2512 sieht
2191 2477 2277 2510 heute
2302 2475 2382 2512 schon
2408 2477 2484 2507 etwa
2510 2476 2623 2511 danach
2647 2479 2717 2507 ans.

1881 2515 2011 2551 Obwohl
2036 2518 2087 2547 der
2110 2515 2273 2553 Parteitag
2296 2521 2356 2547 von
2380 2517 2459 2547 Nom
2484 2516 2534 2552 sich
2558 2515 2719 2552 mehrheit¬

1882 2555 1934 2592 lich
1960 2556 2010 2593 für
2034 2556 2080 2587 die
2105 2556 2253 2594 Nepnblik
2278 2555 2456 2593 entschieden
2483 2557 2544 2592 hat.
2569 2556 2647 2588 wird
2672 2556 2719 2589 be¬

1881 2596 1957 2630 tont.
1982 2596 2041 2633 dast
2067 2605 2140 2628 man
2166 2595 2266 2627 keine»
2292 2596 2385 2629 Druck
2409 2597 2463 2631 ans
2488 2598 2546 2628 das
2570 2596 2717 2633 Gewisse»

1880 2638 1932 2669 des
1955 2637 2118 2674 Einzelnen
2142 2638 2283 2668 anSübrn
2306 2638 2402 2668 wolle.
2435 2637 2490 2669 De
2522 2636 2719 2674 Gasperi.

1881 2678 1932 2708 der
1950 2677 2021 2713 »ach
2039 2676 2133 2714 seiner
2151 2676 2333 2715 Entlassung
2351 2680 2410 2708 a»S
2428 2678 2484 2708 den
2502 2676 2717 2715 Gesängiiisirn

1879 2718 1932 2748 des
1957 2716 2136 2753 FnsriSmus
2162 2717 2192 2748 in
2219 2719 2268 2748 der
2293 2716 2464 2753 Bibliothek
2489 2719 2541 2750 des
2565 2717 2718 2750 Vatikans

1882 2756 2050 2790 nnterkam.
2075 2756 2178 2794 scheint
2203 2756 2260 2788 viel
2286 2764 2344 2788 von
2370 2757 2452 2793 jener
2477 2758 2505 2792 so
2529 2758 2719 2793 besonderen,

1881 2797 2186 2833 jahrhundertealten
2201 2797 2371 2835 politischen
2385 2797 2528 2835 Klugheit
2552 2799 2603 2829 der
2625 2798 2720 2830 Kurie

1882 2837 1912 2868 in
1933 2837 1983 2875 sich
2001 2838 2237 2875 ansgenvinnirn
2258 2846 2290 2873 zn
2311 2839 2417 2872 haben.
2437 2838 2532 2870 Seine
2551 2838 2719 2876 gemäßigt¬

1881 2877 1939 2915 ste»
1953 2877 2083 2910 Kritiker
2102 2885 2222 2910 nenne»
2244 2877 2294 2913 ihn
2315 2877 2361 2909 die
2377 2878 2517 2916 .Sphinr
2530 2884 2589 2910 von
2603 2878 2717 2914 Triest"

1881 2919 1945 2950 nnd
1973 2919 2153 2956 behaupte»,
2183 2927 2214 2949 er
2243 2918 2279 2954 sei
2310 2918 2351 2950 im
2380 2919 2492 2955 Herze»
2521 2917 2718 2957 Monarchist.

1880 2957 1961 2990 Aber
1986 2962 2018 2990 eö
2045 2958 2078 2997 ist
2105 2959 2181 2996 nicht
2218 2959 2308 2993 leicht,
2345 2958 2395 2995 sich
2421 2961 2471 2991 als
2496 2960 2600 2997 Haupt
2636 2958 2719 2992 einer

1880 2999 1998 3035 Partei,
2025 2999 2055 3030 in
2081 3001 2169 3031 deren
2195 2999 2295 3035 Schvst
2319 2999 2546 3036 volkstümliche
2571 3001 2633 3031 nnd
2659 3000 2719 3034 sen-

1882 3040 1959 3073 dale.
1989 3039 2124 3071 klerikale
2153 3041 2216 3072 nnd
2245 3039 2498 3078 spiritnalistischr
2526 3040 2632 3074 Kräfte
2661 3040 2719 3072 bei-

1881 3078 2121 3116 einniidersitze».
2152 3080 2180 3112 so
2219 3088 2252 3117 zn
2293 3080 2460 3117 verhalten,
2491 3080 2550 3115 dast
2588 3081 2718 3113 Brücke»

1881 3127 1972 3158 gegen
1994 3121 2086 3156 rechts
2107 3120 2238 3158 bestehen
2260 3120 2375 3152 bleibe»
2397 3122 2460 3152 und
2480 3120 2539 3156 dast
2559 3129 2632 3153 man
2652 3122 2720 3157 docli

1890 3161 1963 3197 auch
1997 3159 2028 3192 in
2062 3161 2145 3192 einer
2179 3160 2332 3199 künstige»
2366 3160 2541 3199 Negierung
2574 3161 2629 3193 mit
2662 3163 2717 3193 den

1880 3199 2051 3239 Marxisten
2072 3200 2244 3240 zusammen
2249 3192 2327 3238 sitze»
2349 3201 2435 3233 kann.

1941 3251 2036 3283 Einen
2062 3250 2216 3290 ivichtigen
2242 3250 2397 3285 Unterbau
2424 3252 2474 3283 der
2499 3250 2559 3283 drei
2587 3251 2719 3289 Massen¬

1882 3291 2017 3328 parteien
2051 3290 2149 3323 bilden
2183 3291 2227 3323 die
2259 3291 2333 3328 sechs
2355 3291 2520 3324 Millionen
2543 3291 2720 3330 Mitglieder

1881 3334 1932 3364 der
1988 3332 2015 3362 G
2028 3339 2080 3363 ew
2094 3340 2106 3363 e
2120 3340 2134 3362 r
2147 3332 2157 3362 k
2171 3330 2249 3367 scha
2265 3331 2273 3367 s
2287 3333 2295 3363 t
2309 3340 2321 3362 e
2335 3340 2362 3363 n.
2419 3331 2481 3364 Der
2527 3331 2719 3370 Italienische

1882 3370 2200 3407 Geiverkschasisbnnd
2247 3370 2524 3410 (Confcderazione
2569 3370 2720 3403 Generale

1884 3409 2015 3443 Italinna
2036 3411 2083 3442 dcl
2108 3412 2116 3442 I
2131 3421 2236 3447 avoro,
2256 3410 2291 3443 C.
2303 3411 2340 3443 G.
2358 3412 2437 3449 1.1,.)
2459 3413 2510 3448 hat
2531 3411 2594 3445 drei
2615 3412 2719 3445 Sekre¬

1882 3454 1955 3487 täre.
1973 3454 2022 3484 als
2038 3453 2193 3485 Vertreter
2208 3454 2258 3485 der
2273 3452 2644 3488 Ehristlich-Demokratr»
2664 3455 2718 3484 den

1881 3491 2082 3532 angesehenen
2098 3493 2269 3524 Veteranen
2284 3492 2393 3529 Achille
2406 3492 2537 3527 Grandi,
2553 3492 2650 3531 ferner
2664 3495 2717 3525 de»

1880 3531 2137 3571 Linkssozlalisteii
2164 3532 2295 3571 Lizzadri
2322 3535 2384 3565 und
2408 3535 2462 3565 den
2488 3533 2717 3568 Kommunisten

1880 3572 1921 3605 Di
1946 3572 2093 3606 VIttorlo.
2117 3573 2220 3608 welche
2243 3574 2296 3605 den
2322 3572 2546 3612 Hanpteinslnst
2570 3574 2719 3605 ansüben.

1882 3612 1940 3645 Die
1973 3612 2221 3651 Gewerkschaften
2255 3612 2354 3645 bilden
2388 3613 2451 3650 also
2484 3613 2568 3649 nicht,
2600 3612 2657 3645 wie
2690 3612 2719 3644 In

1882 3656 1998 3686 andern
2032 3653 2181 3686 Ländern,
2214 3654 2260 3685 ein
2294 3652 2490 3692 gemäsiigteS.
2534 3653 2720 3690 bremsendes

1881 3693 2030 3729 Substrat
2061 3697 2111 3726 der
2132 3693 2369 3731 Linksparteie».
2402 3693 2527 3730 sondern
2561 3695 2628 3730 eher
2657 3693 2721 3725 eine

1883 3734 2015 3767 radikale
2040 3733 2259 3772 Parteitrnppe
2284 3732 2338 3767 mit
2363 3733 2583 3773 weitgesteckten
2607 3733 2719 3771 Zielen.

1940 3782 2013 3820 Jetzt
2050 3783 2130 3820 schon
2167 3781 2232 3820 sällt
2269 3783 2311 3814 bei
2347 3785 2397 3814 der
2430 3783 2636 3822 Belrachtiing
2671 3784 2721 3815 der

1881 3822 2140 3861 Massenparteien
2173 3822 2235 3856 aus.
2267 3822 2326 3860 dast
2358 3822 2446 3859 ihnen
2480 3823 2543 3856 eine
2572 3824 2628 3856 Art
2660 3828 2719 3855 von

1885 3862 2065 3894 caurhcinar
2089 3862 2140 3893 des
2164 3862 2326 3894 conlitlons
2349 3871 2388 3893 an
2414 3864 2468 3894 de»
2491 3863 2609 3894 Nerve»
2634 3863 2722 3901 zehrt.

1881 3901 2113 3943 Kommunisten
2151 3905 2212 3935 nnd
2248 3901 2619 3941 Ehristlich-Dkmokraten
2656 3908 2719 3935 ver¬

1883 3941 1993 3980 suchen.
2013 3944 2042 3976 in
2061 3945 2111 3976 der
2128 3942 2341 3982 Konstituante
2360 3942 2388 3980 so
2406 3942 2480 3978 stark
2495 3951 2528 3981 zn
2548 3942 2718 3980 erscheinen,

1882 3983 1941 4021 dasi
1966 3974 2001 4021 sie
2026 3985 2082 4015 das
2106 3982 2197 4021 Gesetz
2223 3985 2274 4015 des
2297 3983 2456 4019 Handelns
2480 3991 2519 4014 an
2545 3983 2595 4021 sich
2618 3981 2718 4021 reisten

2756 988 2880 1018 können.
2909 985 3083 1022 Anderseits
3113 986 3189 1017 kann
3220 992 3293 1017 man
3324 983 3506 1020 Sozialisten
3537 991 3590 1013 an-

2757 1026 2872 1063 trrsfen.
2900 1026 2946 1057 die
2973 1029 3023 1057 der
3038 1025 3153 1062 Ansicht
3183 1025 3253 1061 sind,
3281 1024 3325 1055 bei
3354 1023 3434 1055 einer
3460 1022 3591 1068 allsällig

2755 1065 2844 1105 gleich
2863 1066 2975 1105 grosten
2996 1066 3105 1098 Stärke
3124 1068 3174 1096 der
3194 1065 3255 1097 drei
3275 1063 3532 1100 Massenparteien
3552 1062 3590 1099 sc,

2754 1106 2818 1139 eine
2850 1102 3464 1142 lvmmnnistisch-christlichdeniokratische
3485 1102 3589 1133 Koali¬

2756 1147 2820 1178 tion
2839 1145 3109 1182 wahrscheinlicher
3126 1146 3174 1176 als
3192 1145 3239 1176 ein
3259 1143 3472 1180 marristischer
3488 1142 3589 1174 Links-

2757 1187 2839 1218 block.
2867 1186 2924 1218 Ein
2952 1187 3081 1217 klareres
3097 1184 3170 1217 Bild
3197 1185 3274 1216 wird
3302 1184 3351 1220 sich
3378 1183 3431 1219 erst
3458 1183 3589 1221 ergebe»,

2755 1235 2844 1259 wenn
2867 1226 2998 1263 seststeht.
3018 1225 3047 1256 in
3068 1226 3187 1262 welcher
3205 1223 3316 1257 Stärke
3334 1225 3396 1255 »nd
3413 1223 3527 1259 Gestalt
3546 1222 3591 1254 die

2756 1256 2981 1304 konservativen
3003 1264 3108 1302 Kräfte
3140 1273 3199 1296 ans
3232 1268 3286 1296 den
3308 1264 3437 1301 Wahlen
3470 1264 3591 1300 hcrvor-

2754 1309 2855 1345 gehen.

2941 1363 3051 1412 Der
3074 1361 3410 1421 Wahlkampf

2982 1429 3034 1477 in
3057 1428 3368 1486 Frankreich

2863 1514 2927 1545 Tic
2953 1513 3067 1550 Frage
3092 1515 3152 1543 der
3175 1512 3484 1548 ..Unwählbaren"

2797 1579 2904 1615 Paris.
2919 1581 2964 1610 26.
2977 1576 3058 1614 Mai.
3073 1577 3151 1614 (Tel.
3167 1578 3291 1614 unseres
3306 1577 3347 1607 M.
3362 1575 3516 1613 X.-Korr.)
3531 1575 3593 1608 Der

2758 1617 2953 1657 Wahlkampf
2982 1619 3032 1655 hat
3062 1627 3095 1656 zn
3126 1617 3244 1656 einigen
3274 1616 3517 1656 Zwischenfällen
3547 1624 3593 1652 ge-

2758 1660 2852 1697 führt,
2867 1661 2956 1690 unter
2971 1660 3062 1690 denen
3080 1659 3131 1689 der
3146 1657 3375 1695 interessantrsle
3392 1656 3532 1694 erwähnt
3546 1650 3594 1691 sei.

2756 1700 2825 1731 weil
2848 1708 2879 1731 er
2901 1699 2974 1730 über
2996 1700 3049 1730 den
3074 1697 3253 1735 Svudersall
3280 1697 3395 1733 hinaus
3417 1694 3594 1734 allgemeine

2757 1741 2939 1777 Bedeutung
2956 1740 3016 1775 l>at.
3033 1738 3074 1770 Er
3092 1737 3204 1775 betrifft
3222 1738 3267 1768 dir
3284 1736 3450 1769 Situation
3467 1737 3517 1767 der
3534 1742 3594 1766 ans

2758 1778 2928 1817 pvlitische»
2947 1779 3095 1810 Gründen
3114 1778 3338 1814 »»wählbaren
3357 1776 3498 1814 srüherrn
3515 1777 3594 1811 Par-

2759 1818 2968 1851 lamentarier.
2985 1818 3029 1857 In
3045 1817 3137 1854 dieser
3153 1818 3229 1856 Lage
3248 1816 3376 1855 brsindet
3393 1816 3444 1853 sich
3461 1816 3485 1848 E
3497 1816 3513 1852 h
3527 1824 3544 1846 a
3558 1824 3572 1846 r
3584 1831 3593 1841 -

2758 1860 2767 1890 l
2780 1868 2793 1890 e
2806 1867 2821 1890 s
2851 1859 2877 1890 !>t
2890 1866 2903 1890 e
2917 1857 2925 1890 i
2939 1859 2956 1890 b
2968 1866 2981 1889 e
2994 1859 3013 1893 l.
3033 1860 3083 1889 der
3102 1857 3224 1896 einstige
3243 1857 3382 1889 Senator
3404 1857 3455 1887 des
3477 1855 3594 1892 Depar-

2759 1901 2888 1931 temrnts
2911 1897 3142 1935 Seinr-et-Oife.
3166 1899 3217 1929 der
3238 1905 3271 1936 z»
3296 1896 3381 1934 jenen
3404 1898 3459 1927 509
3481 1896 3594 1932 Paria-

2760 1938 2947 1970 meutariern
2973 1937 3086 1976 gehört,
3112 1937 3158 1968 die
3183 1946 3233 1968 am
3262 1935 3389 1974 10.Juli
3420 1938 3490 1966 1910
3526 1934 3595 1971 für

2758 1981 2784 2014 P
2798 1989 2813 2009 e
2826 1981 2835 2009 t
2848 1988 2866 2009 a
2882 1978 2889 2009 i
2903 1987 2920 2009 »
2955 1987 2972 2016 g
2985 1988 2997 2009 e
3011 1978 3029 2023 st
3045 1977 3051 2008 i
3066 1985 3096 2010 in
3109 1985 3138 2009 in
3153 1979 3162 2008 t
3197 1978 3310 2013 hatten,
3345 1977 3408 2007 nnd
3441 1977 3491 2007 der
3524 1980 3594 2006 vom

2758 2018 2967 2056 Ehrengericht
2989 2016 3091 2052 bisher
3111 2017 3181 2051 »och
3203 2016 3278 2051 nicht
3298 2021 3359 2048 von
3380 2017 3430 2047 der
3452 2015 3595 2049 Unwähl-

2760 2058 2871 2090 barkeit
2895 2057 2998 2094 befreit
3021 2058 3144 2088 worden
3170 2055 3211 2094 ist.
3235 2055 3340 2089 Reibet
3363 2057 3415 2090 hat
3439 2055 3493 2087 den
3515 2054 3595 2093 Prä-

2760 2088 2849 2134 sektrn
2866 2099 2917 2129 des
2931 2098 3169 2134 Departements
3186 2095 3239 2134 aus
3254 2097 3309 2128 den
3326 2097 3371 2126 27.
3382 2094 3452 2127 Mai
3467 2098 3524 2127 vor
3538 2095 3594 2125 das

2759 2137 2960 2182 Strafgericht
2975 2142 3035 2170 von
3050 2136 3215 2171 Versailles
3232 2136 3339 2174 zitiert,
3355 2134 3424 2167 weil
3439 2134 3531 2170 dieser
3545 2133 3596 2172 sich

2759 2178 2917 2216 geweigert
2943 2178 3033 2214 hatte,
3062 2176 3136 2214 seine
3162 2175 3321 2214 Wahlliste
3345 2184 3378 2214 z»
3405 2174 3596 2213 akzeptieren.

2759 2219 2822 2251 Der
2844 2219 2957 2256 Kläger
2980 2217 3052 2254 stellt
3076 2216 3126 2253 sich
3149 2215 3203 2254 ans
3226 2217 3280 2247 den
3304 2215 3513 2252 Standpniikt.
3537 2213 3595 2249 das,

2759 2258 2871 2294 erstens
2887 2258 2975 2292 durch
2990 2256 3035 2288 die
3049 2256 3252 2293 Verwerfung
3269 2257 3320 2287 der
3333 2254 3517 2293 Versassung
3533 2254 3596 2285 nnd

2760 2298 2805 2328 die
2844 2296 3037 2336 gleichzeitige
3075 2294 3372 2335 Aiistcrkrasifetzung
3410 2296 3461 2325 des
3499 2300 3595 2326 neuen

2760 2337 2971 2375 Wahlgesetzes
2995 2336 3041 2367 die
3065 2335 3154 2367 darin
3176 2337 3370 2372 enthaltenen
3392 2333 3595 2371 Bvrschristen

2760 2379 2833 2409 über
2863 2376 2908 2409 die
2940 2375 3185 2412 Umvählbarkrit
3216 2377 3266 2407 der
3295 2374 3438 2414 einstigen
3469 2372 3596 2411 Petain-

2759 2418 2926 2455 Anhänger
2940 2415 3082 2453 hinfällig
3097 2416 3255 2454 geivvrden
3270 2414 3356 2454 seien,
3369 2415 3432 2446 und
3445 2413 3596 2453 zweitens,

2760 2456 2818 2493 dast
2837 2457 2886 2494 sich
2905 2459 2961 2487 das
2980 2461 3049 2487 vom
3067 2456 3143 2488 Volk
3161 2463 3400 2502 angenommene
3417 2453 3510 2491 Gesetz
3525 2458 3595 2484 vom

2760 2500 2786 2529 2.
2798 2497 2969 2529 November
2999 2497 3080 2530 19-15,
3109 2496 3166 2526 da-r
3194 2493 3268 2532 diese
3295 2486 3597 2534 ÄiiSnahmcbestim-

2760 2544 2893 2575 »innge»
2908 2535 3055 2572 ebenfalls
3071 2535 3204 2571 enthielt,
3221 2543 3281 2567 nur
3298 2534 3351 2572 ans
3369 2534 3415 2566 die
3429 2532 3501 2571 erste
3515 2534 3596 2565 Kon¬

2760 2576 2903 2613 stituante
2923 2577 3047 2614 bezogen
3068 2575 3142 2612 habe
3161 2577 3224 2606 und
3243 2574 3293 2612 für
3312 2574 3358 2606 die
3376 2574 3506 2611 Wahlen
3525 2578 3595 2604 vom

2759 2619 2785 2648 2.
2797 2614 2879 2655 Juni
2899 2615 2974 2650 nicht
2992 2616 3076 2650 mehr
3092 2615 3175 2652 gelte.
3195 2614 3265 2647 Das
3282 2612 3596 2654 Innrnministeriiim

2760 2658 2900 2695 dagegen,
2921 2655 3013 2692 dessen
3034 2654 3253 2693 Versügniigen
3275 2655 3325 2686 der
3343 2653 3466 2691 Präsekt
3486 2652 3596 2692 besolgt

2761 2697 2823 2734 hat.
2836 2704 2889 2735 zog
2902 2699 2962 2727 ans
2977 2696 3041 2726 dem
3054 2694 3166 2726 Artikel
3182 2696 3198 2725 7
3215 2696 3266 2725 des
3280 2694 3456 2732 erwähnten
3469 2692 3596 2731 Gesetzes

2761 2738 2816 2768 den
2841 2735 2964 2772 Schluß.
2989 2733 3047 2770 dast
3071 2732 3145 2771 diese
3169 2732 3370 2772 Vorschristen
3396 2733 3505 2765 immer
3528 2730 3598 2769 noch

2760 2776 2867 2814 gelten,
2888 2774 2957 2807 weil
2979 2766 3070 2811 dieser
3090 2773 3201 2806 Artikel
3226 2773 3337 2812 besage,
3358 2772 3417 2810 dast
3438 2772 3484 2805 die
3504 2772 3598 2808 Wah-

2762 2818 2809 2847 len
2834 2815 2864 2846 in
2888 2815 2941 2846 den
2965 2813 3092 2852 gleichen
3116 2813 3248 2851 Formen
3274 2812 3449 2858 stattsinden
3474 2811 3596 2849 müssen.

2761 2855 2874 2888 Würde
2891 2853 3013 2886 NeibelS
3033 2853 3123 2890 These
3142 2846 3370 2890 dnrchdringen.
3388 2852 3418 2889 so
3434 2852 3515 2890 hätte
3533 2850 3597 2883 dies

2762 2895 2825 2930 lehr
2852 2895 3055 2926 unerwartete
3082 2893 3205 2931 Folgen.
3232 2894 3297 2925 Alle
3324 2892 3496 2931 bisherigen
3524 2892 3597 2924 Ent¬

2761 2924 2867 2971 scheide
2892 2934 2943 2965 des
2969 2932 3197 2971 ElirengrrichtS
3223 2934 3349 2965 ivürden
3376 2931 3506 2969 nämlich
3532 2931 3598 2968 hin-

2761 2974 2848 3013 fällig
2874 2974 2936 3005 nnd
2961 2974 3018 3005 das
3043 2972 3253 3010 Ehrengericht
3279 2972 3378 3011 selber,
3403 2972 3496 3008 dessen
3523 2970 3597 3007 Aus-

2760 3016 2835 3052 gäbe
2868 3014 2937 3050 noch
2969 3012 3045 3050 nicht
3079 3013 3198 3045 beendet
3231 3012 3273 3051 ist.
3304 3012 3410 3046 würde
3441 3010 3472 3044 in
3504 3010 3599 3049 seiner

2760 3055 2892 3091 Eristenz
2917 3053 3049 3090 bedroht.
3073 3053 3142 3085 DaS
3165 3054 3236 3085 aber
3256 3053 3361 3084 ivürde
3383 3051 3522 3089 ossenbar
3543 3051 3597 3082 den

2761 3094 2912 3132 Absichten
2927 3094 2978 3125 der
2991 3091 3242 3132 diesbezügliche»
3256 3091 3364 3131 Gesetze
3379 3093 3441 3123 und
3455 3092 3506 3123 des
3518 3091 3598 3129 Par¬

2762 3134 2895 3166 laments
2927 3132 3166 3171 widersprechen.
3200 3132 3339 3169 Deshalb
3371 3131 3403 3169 ist
3436 3136 3467 3163 es
3497 3130 3598 3166 wahr-

2762 3164 2951 3211 scheinsicher,
2975 3172 3033 3209 dast
3058 3173 3114 3204 das
3136 3171 3253 3210 Gericht
3276 3176 3336 3205 von
3359 3171 3525 3209 Versailles
3548 3170 3598 3207 sich

2761 3215 2811 3245 als
2831 3211 3032 3251 unziiständig
3049 3212 3183 3244 erklären
3202 3213 3264 3244 nnd
3284 3211 3329 3244 die
3347 3212 3455 3250 Frage,
3473 3209 3530 3242 wie
3548 3211 3599 3241 der

2761 3254 2919 3286 Wortlaut
2963 3254 3013 3283 des
3055 3251 3182 3288 Gesetzes
3221 3252 3405 3289 anSziilege»
3446 3250 3493 3288 sei.
3533 3251 3598 3281 dem

2761 3293 2929 3326 Staatsrat
2955 3291 3136 3324 überweisen
3161 3291 3248 3323 wird.
3273 3291 3321 3324 Ob
3345 3291 3390 3322 die
3413 3291 3599 3330 Angelegen-

2761 3333 2819 3369 heit
2842 3334 2913 3364 aber
2935 3332 3004 3367 »och
3026 3335 3082 3364 vor
3103 3333 3157 3363 den
3178 3332 3308 3367 Viahlen
3330 3332 3456 3370 geregelt
3478 3331 3598 3361 werden

2763 3374 2849 3407 kann,
2877 3372 2908 3410 ist
2934 3370 3066 3410 sraglich.
3090 3371 3238 3409 Praktisch
3263 3372 3345 3408 hätte
3368 3377 3399 3403 es
3423 3370 3496 3409 auch
3520 3369 3598 3401 keine

2762 3412 2853 3450 graste
2866 3413 3056 3448 Bedentung.
3071 3411 3107 3442 da
3122 3410 3173 3448 seit
3186 3412 3250 3442 dem
3268 3413 3309 3443 18.
3322 3411 3393 3443 Mai
3409 3410 3487 3443 keine
3502 3417 3597 3442 neuen

2760 3451 2855 3491 Listen
2878 3452 2961 3487 mehr
2981 3449 3154 3488 eingereicht
3174 3451 3293 3483 werden
3315 3452 3438 3483 lönnen.
3459 3450 3525 3482 Und
3544 3449 3599 3487 aus

2763 3492 2845 3530 jeden
2869 3492 2936 3530 Fall
2962 3490 3043 3530 hätte
3066 3490 3111 3523 die
3135 3498 3209 3523 »enr
3233 3489 3449 3529 .Kvnstitnante
3473 3489 3518 3522 dir
3542 3497 3597 3521 nn-

2761 3532 2962 3569 umschränkte
2979 3529 3170 3569 Kompetenz,
3186 3530 3232 3562 die
3249 3531 3413 3562 eventuelle
3429 3530 3520 3563 isöahl
3537 3533 3598 3562 von

2762 3562 2903 3609 srühere»
2927 3570 3228 3608 Parlamentarieru.
3253 3570 3298 3602 die
3323 3571 3373 3602 der
3396 3570 3598 3607 Unwählbar,

2763 3612 2815 3644 keit
2834 3609 3031 3649 unterliegen,
3049 3610 3098 3641 als
3117 3609 3261 3649 ungültig
3276 3618 3309 3648 zn
3328 3610 3472 3642 erklären.

2877 3678 3091 3716 Sozialisten
3117 3679 3187 3709 und
3211 3678 3477 3714 Kvmmnnisten

2820 3738 2941 3778 GrvstcS
2969 3738 3116 3777 Aussehen
3143 3740 3238 3777 erregt
3265 3738 3310 3770 die
3337 3735 3599 3774 ansiervrdenllich

2760 3779 2867 3817 heftige
2904 3777 3029 3812 Attacke,
3066 3777 3112 3809 die
3150 3779 3200 3810 der
3239 3776 3438 3816 sozialistische
3475 3774 3597 3817 Innen-

2760 3818 2896 3856 minister
2923 3818 2969 3851 Le
2997 3817 3023 3850 T
3038 3826 3051 3848 r
3065 3826 3110 3856 og
3124 3826 3142 3849 n
3157 3826 3169 3849 r
3183 3826 3201 3849 »
3216 3825 3230 3850 r
3256 3817 3369 3856 gestern
3390 3817 3420 3849 in
3439 3816 3597 3849 MonlinS.

2759 3861 2810 3892 der
2834 3858 3016 3897 Hauptstadt
3043 3859 3095 3890 deS
3120 3857 3480 3895 Allier-TepartementS.
3505 3864 3596 3896 gegen

2759 3899 2805 3932 die
2827 3897 3093 3936 Kvmmuntstische
3115 3898 3221 3937 Partei
3247 3898 3287 3931 im
3311 3898 3510 3937 allgemeinen
3535 3899 3598 3929 und

2758 3948 2849 3979 gegen
2874 3939 2971 3977 seinen
2994 3937 3269 3977 Ministerkollege»
3292 3939 3408 3976 Thorez
3431 3938 3472 3970 im
3495 3937 3597 3973 besau-

2759 3982 2847 4013 deren
2865 3980 3000 4019 gerichtet
3019 3980 3079 4015 hat.
3097 3979 3159 4011 Der
3175 3980 3295 4012 Redner
3312 3980 3439 4012 erklärte
3457 3977 3596 4015 nämlich.

185 4097 499 4150 Medizinische
523 4096 895 4149 Auswirkungen

327 4156 406 4198 der
428 4154 752 4206 Atomenergie

351 4230 412 4260 Bo»
435 4230 535 4265 InmeS
557 4230 580 4264 F
591 4237 604 4258 r
615 4237 629 4258 a
643 4236 658 4257 n
672 4228 691 4257 rf
705 4229 729 4261 *)

172 4291 233 4321 Seit
259 4292 304 4320 der
329 4292 584 4327 Bekanntmachung
609 4293 654 4320 der
678 4290 760 4324 erste»
786 4290 964 4320 Atonibonibe

119 4335 213 4361 ivnwe
238 4330 322 4360 vieles
348 4333 413 4360 über
444 4332 488 4361 die
512 4330 764 4366 ZerslörnngSkrast
799 4333 843 4359 des
878 4338 961 4360 neuen

120 4370 338 4405 ErplosivstosfeS
361 4372 457 4407 gesagt.
481 4372 541 4401 Das
564 4370 771 4406 Atvnizeitalter
802 4371 845 4403 hat
879 4369 964 4406 jedod)

118 4412 182 4445 auch
198 4411 366 4443 ansbanende
384 4414 463 4447 Züge.
481 4410 553 4446 Zwei
572 4412 678 4446 Fragen
697 4410 782 4445 stellen
802 4410 846 4444 sich
863 4409 962 4445 hierzu.

119 4451 240 4485 Erstens:
257 4451 336 4480 Aürd
353 4451 446 4487 unsere
463 4452 640 4481 nenentdedte
655 4450 801 4487 Fähigkeit,
816 4449 856 4479 die
874 4450 963 4480 inner¬

119 4493 244 4520 atomare
266 4491 381 4527 Energie
405 4491 453 4525 frei
476 4499 507 4527 zu
531 4493 644 4525 machen,
667 4493 713 4520 den
737 4489 895 4524 Fortschritt
919 4493 963 4520 der

118 4530 270 4565 Biochemie
284 4533 337 4560 und
348 4534 396 4561 der
409 4531 532 4567 Medizi»
548 4530 674 4567 fördern?
688 4529 835 4567 Zweitens:
849 4531 962 4560 Könne»

119 4572 278 4600 bedeutende
291 4571 401 4606 Erfolge
415 4571 441 4600 ln
455 4571 615 4605 absehbarer
627 4570 685 4605 Zeit
699 4570 825 4599 erwartet
839 4572 962 4600 werden?

119 4610 213 4641 Meine
231 4611 359 4641 Antwort
378 4611 426 4646 ans
445 4611 517 4640 beide
536 4612 642 4646 Fragen
664 4611 691 4645 lst
712 4611 792 4645 .Ja".

172 4650 255 4688 Jedes
279 4652 359 4680 Atom
383 4652 486 4684 enthält
510 4650 585 4680 einen
610 4650 709 4680 kleinen
735 4648 859 4685 schweren
883 4649 965 4683 Kern,

121 4694 167 4720 der
188 4690 259 4725 selbst
281 4698 332 4720 ans
354 4691 479 4726 schweren
500 4699 550 4726 eng
570 4691 758 4720 verbundenen
778 4685 899 4728 Teilchen
920 4698 964 4726 zu-

122 4730 327 4765 saniinengesetzt
346 4731 383 4765 ist.
399 4730 493 4764 Dieser
510 4733 581 4761 Kern
598 4730 669 4760 wird
684 4729 804 4763 nmkrelsl
822 4736 872 4758 von
890 4730 964 4760 einer

119 4770 225 4805 Anzahl
249 4769 353 4804 l.'ichier
374 4770 505 4805 Teilchen,
524 4774 574 4800 de»
596 4770 764 4799 Elektronen.
786 4769 868 4798 Beide
889 4769 964 4799 Teile

121 4813 167 4840 des
193 4811 290 4842 Atoms
319 4811 418 4841 können
446 4810 589 4840 verändert
617 4812 731 4840 werden.
759 4809 869 4843 Erstens
896 4809 962 4839 kann

121 4849 162 4879 dir
205 4850 377 4885 Anordnung
412 4851 458 4879 der
491 4849 609 4884 änsteren
643 4849 801 4878 Elektronen
837 4849 962 4883 geändert

121 4890 239 4922 werde»;
263 4888 304 4920 die
326 4889 477 4924 rheinischen
502 4888 665 4920 llteaktivne»
689 4889 802 4923 gehören
826 4895 857 4923 zn
882 4888 965 4922 dieser

121 4928 208 4964 Klasse
233 4934 285 4958 von
311 4929 461 4966 Prozessen.
487 4929 625 4964 Zweite»»
652 4930 750 4957 können
777 4927 818 4957 die
844 4928 963 4963 Teilchen

123 4970 158 4998 im
176 4967 351 4998 Kerninnern
370 4969 536 5005 nmgelagert
554 4971 671 5001 werden;
690 4968 767 5001 solche
786 4968 965 5003 Ninlagernn-

122 5017 170 5043 ge»
196 5009 302 5038 werden
329 5009 637 5044 Kernninwandlnngen
664 5009 790 5042 genannt.
817 5007 865 5037 Bei
895 5008 965 5042 jeder

123 5049 325 5083 Ilniwandlnng
348 5048 420 5078 wird
442 5050 575 5078 entweder
609 5046 723 5082 Energie
756 5047 963 5082 ansgenoinmen

177 5124 200 5156 '>
223 5122 301 5159 Pros.
323 5124 371 5154 Dr.
392 5123 422 5160 I.
444 5124 542 5158 Fra,ick
564 5122 591 5158 lst
612 5121 686 5152 einer
706 5123 752 5153 der
770 5120 903 5159 Plivsiker.
924 5123 965 5154 die

124 5159 162 5189 bei
187 5160 232 5187 der
255 5159 439 5194 Entwicklung
462 5162 508 5188 der
531 5158 625 5193 Phhslk
646 5161 691 5186 der
713 5159 868 5190 AlvmliÜlle
892 5160 966 5190 <Mo-

124 5195 213 5225 leküle,
234 5193 326 5229 Ionen
349 5196 406 5226 ele.)
431 5195 488 5223 eine
512 5194 637 5228 sührende
660 5193 736 5222 Nolle
759 5192 877 5228 splellen.
901 5191 964 5224 11)25

123 5229 218 5265 erhielt
242 5230 339 5264 Franck
361 5232 408 5259 den
431 5229 593 5264 Nobelpreis
617 5229 661 5262 für
683 5228 783 5262 Phhslk.
815 5228 867 5258 Bl»
904 5230 965 5259 196-1

122 5273 182 5295 war
218 5272 247 5294 er
284 5265 459 5300 ordentlicher
493 5264 630 5301 Professor
667 5266 721 5292 und
758 5263 884 5293 Direktor
919 5267 965 5295 de»

125 5303 157 5331 II.
177 5299 384 5335 Phiislkalischen
405 5301 541 5338 Instituts
559 5302 604 5329 der
625 5298 787 5333 Ilnlversltät
807 5298 965 5330 Göttinacn.

125 5336 235 5368 Tellher
256 5335 284 5371 lst
304 5344 331 5365 er
350 5336 488 5372 Professor
508 5335 552 5371 für
570 5334 663 5370 Phhslk
681 5341 715 5364 a»
736 5336 781 5363 der
801 5334 964 5370 »nlversllät

123 5370 249 5408 Ehlcagv.

1004 4077 1066 4104 oder
1088 4075 1245 4110 abgegeben.
1267 4073 1346 4103 Belm
1371 4075 1527 4109 Ilebergang
1551 4073 1578 4104 In
1602 4073 1679 4103 einen
1704 4074 1843 4108 stabileren

1002 4115 1122 4150 Zustand
1142 4115 1213 4143 wird
1234 4114 1349 4149 Energie
1372 4114 1420 4148 frei
1495 4121 1581 4149 genau
1604 4113 1638 4148 so,
1659 4114 1709 4143 wie
1731 4114 1845 4150 Energie

1004 4154 1053 4188 frei
1076 4154 1155 4185 wird,
1176 4159 1253 4183 wenn
1275 4153 1317 4183 ei»
1341 4153 1421 4183 «lein
1444 4161 1496 4182 ans
1516 4153 1592 4183 einer
1615 4153 1756 4189 instabile»
1779 4155 1844 4189 Lage

1002 4202 1036 4223 an
1057 4194 1143 4223 einem
1164 4193 1278 4228 Abhang
1297 4193 1426 4222 talwärts
1447 4194 1518 4223 rollt.

1054 4237 1200 4273 Ehemische
1227 4236 1389 4268 Neaktivne»
1417 4236 1540 4273 bringen,
1574 4236 1625 4267 wie
1659 4237 1756 4274 gesagt,
1792 4246 1844 4268 nur

1004 4279 1223 4313 Ilinlagernngen
1239 4280 1285 4306 der
1301 4278 1378 4307 locker
1394 4278 1565 4312 gebundenen
1581 4278 1740 4308 Elektronen
1758 4278 1784 4308 ln
1801 4282 1845 4308 der

1003 4318 1160 4352 Alvmhülle
1177 4317 1225 4347 mit
1244 4317 1295 4352 sich.
1311 4317 1363 4347 Bis
1381 4318 1456 4350 heute
1472 4317 1527 4353 sind
1543 4316 1610 4353 diese
1626 4319 1843 4354 »mlagernngen

1003 4358 1044 4388 die
1063 4357 1204 4393 wichtigste
1224 4357 1374 4392 alltägliche
1394 4357 1602 4392 Energirgnelle.
1624 4359 1735 4393 Gewisse
1755 4357 1844 4391 chemi¬

1005 4397 1053 4432 sche
1079 4397 1242 4427 Neaklione»
1277 4396 1328 4426 wie
1364 4398 1404 4426 die
1438 4398 1640 4433 Berbreiunnig
1674 4402 1725 4427 von
1762 4399 1845 4431 Kohle

1005 4437 1099 4472 liefern
1122 4437 1203 4473 grvste
1225 4436 1453 4472 Energiemengen
1477 4437 1521 4471 sür
1539 4435 1582 4466 die
1602 4438 1754 4473 Indnslrie.
1775 4439 1845 4468 Aber

1004 4480 1049 4506 der
1076 4478 1157 4513 grvsie
1183 4476 1395 4512 Energiebetrag
1419 4476 1489 4506 wird
1513 4478 1629 4511 dadurch
1654 4479 1768 4513 erzeugt,
1794 4477 1844 4512 das;

1003 4516 1070 4547 viele
1092 4516 1232 4548 Billionen
1255 4518 1350 4546 Atome
1373 4516 1463 4546 innert
1486 4517 1578 4551 kurzer
1607 4517 1665 4552 Zeit
1699 4518 1844 4553 reagieren.

1005 4557 1060 4586 Der
1088 4557 1203 4592 Beilrag
1231 4556 1303 4585 eine»
1332 4556 1469 4592 einzelnen
1499 4558 1597 4586 Atoms
1624 4565 1673 4593 zur
1702 4558 1844 4588 Umwand-

1005 4595 1196 4633 lnngSenergie
1220 4596 1247 4632 ist
1270 4597 1308 4626 bei
1332 4596 1482 4633 chemische»
1506 4595 1668 4627 Neaklione»
1692 4596 1748 4632 sehr
1770 4597 1844 4627 klein.

1054 4647 1361 4680 Kerniiiiiwandlinigen
1400 4646 1455 4680 sind
1492 4645 1639 4680 wesentlich
1675 4646 1844 4682 verschieden.

1004 4685 1069 4718 Hier
1089 4686 1144 4720 sind
1164 4690 1191 4715 es
1211 4684 1276 4719 nicht
1297 4685 1337 4715 die
1357 4683 1408 4720 lose
1427 4686 1598 4720 gebundenen
1619 4686 1785 4718 Elektronen,
1805 4686 1844 4715 dle

1005 4724 1062 4758 ihre
1087 4727 1153 4760 Lage
1177 4726 1290 4757 ändern,
1315 4724 1427 4759 sondern
1452 4725 1493 4755 die
1515 4725 1660 4758 Bausteine
1685 4729 1729 4755 de»
1753 4728 1844 4756 Atom¬

1006 4765 1089 4795 kern«.
1113 4764 1190 4800 Diese
1212 4766 1318 4795 werde»
1340 4766 1421 4799 dnreh
1445 4765 1500 4799 sehr
1525 4765 1603 4799 starke
1626 4766 1720 4800 Kräfte
1743 4766 1844 4802 znsam-

1005 4805 1200 4840 mengehalte»,
1227 4806 1281 4834 »nd
1310 4804 1414 4839 folglich
1442 4805 1507 4834 kan»
1544 4804 1584 4834 die
1622 4805 1670 4839 frei
1707 4808 1845 4836 werdende

1004 4844 1120 4880 Energie
1147 4845 1218 4879 selbst
1245 4844 1283 4873 bei
1310 4843 1516 4880 geringsügige»
1553 4846 1770 4881 »mlagermigen
1806 4854 1845 4881 ge¬

1003 4884 1101 4919 waltig
1124 4884 1186 4920 sein.
1208 4883 1342 4917 Vielleicht
1367 4887 1414 4913 das
1449 4884 1609 4921 bekannteste
1631 4885 1748 4921 Beispiel
1772 4885 1844 4915 einer

1004 4920 1278 4960 Kernninwaitblting
1316 4923 1343 4957 isi
1373 4924 1412 4952 die
1440 4923 1664 4957 »ladioaktioiiäi,
1700 4926 1768 4955 etwa
1805 4925 1845 4955 die

1004 4963 1134 4999 Emission
1153 4964 1227 4993 eine»
1246 4964 1394 4997 -Teilchen»
1414 4963 1491 4998 durch
1509 4963 1550 4993 ein
1571 4964 1775 4996 Nadiinnaiom.
1794 4964 1845 4995 Die

1005 5002 1043 5032 bei
1071 5003 1145 5033 einer
1173 5003 1355 5033 radivaktioen
1385 5005 1585 5038 tlmwandlimg
1612 5008 1662 5039 pro
1688 5006 1767 5035 Atom
1796 5005 1841 5033 frei

1004 5045 1143 5073 werdende
1166 5042 1281 5079 Energie
1306 5042 1334 5077 isi
1358 5044 1425 5073 elwa
1449 5042 1507 5073 eine
1529 5044 1644 5074 Million
1669 5047 1722 5074 mal
1748 5045 1844 5080 gröster

1004 5085 1047 5111 als
1070 5083 1111 5113 dle
1134 5082 1478 5118 IlmwandliingSeiiergle»
1502 5083 1651 5119 rheinischer
1673 5085 1844 5115 Neaktionen.

1056 5129 1125 5162 Noch
1151 5129 1225 5164 mehr
1251 5125 1364 5163 Energie
1390 5126 1477 5164 liefert
1503 5127 1543 5157 die
1568 5128 1779 5165 Keriispaliinig.
1806 5129 1845 5159 die

1007 5167 1032 5197 in
1057 5172 1102 5198 der
1123 5167 1301 5200 Atombombe
1322 5170 1470 5198 verwende!
1494 5166 1572 5198 wird.
1604 5167 1669 5201 Hier
1699 5169 1770 5199 wird
1801 5174 1845 5199 der

1004 5209 1077 5239 Kern
1097 5208 1244 5242 wesetülich
1265 5208 1417 5240 verändert.
1438 5209 1476 5237 Er
1496 5207 1600 5243 zersälli
1625 5208 1650 5238 in
1672 5210 1845 5244 Brnrl>s!ücke.

1005 5249 1105 5280 derart,
1129 5247 1180 5282 das,
1203 5247 1244 5277 die
1267 5247 1316 5281 frei
1340 5250 1478 5277 werdende
1501 5248 1616 5284 Energie
1639 5251 1688 5279 das
1711 5250 1844 5284 Hnnder!-

1006 5288 1073 5323 fache
1090 5290 1136 5317 der
1156 5287 1338 5317 radioakiiven
1360 5288 1694 5324 Ilintvandlnngsenergle,
1714 5290 1777 5324 bzw.
1797 5293 1844 5319 das

1004 5327 1343 5363 Himderitnilliviieiisache
1368 5328 1414 5357 der
1438 5327 1589 5363 chemischen
1616 5328 1844 5366 Ilmwandlniigs-

1005 5367 1111 5404 cuergic
1136 5368 1248 5403 bclrägt.

1936 4075 1989 4104 Ein
2012 4074 2071 4105 Teil
2094 4076 2140 4103 der
2162 4075 2240 4107 durch
2262 4073 2303 4102 die
2324 4074 2526 4109 Kernspaltung
2550 4074 2598 4108 frei
2621 4081 2720 4108 gewor¬

1882 4115 1966 4144 denen
1992 4114 2107 4150 Energie
2131 4112 2254 4150 erscheint
2281 4113 2306 4142 in
2333 4113 2415 4148 Form
2441 4120 2492 4143 von
2518 4112 2722 4148 energlereicher

1882 4155 2050 4191 Strahlung.
2069 4155 2172 4189 Ferner
2191 4154 2246 4187 sind
2264 4153 2304 4183 dle
2322 4153 2532 4183 KeriilrÜmmer
2551 4153 2616 4187 nicht
2637 4154 2721 4187 stadll.

1883 4193 1934 4224 Sie
1957 4184 2012 4229 sind
2034 4195 2116 4228 daher
2138 4184 2287 4223 radivaktlo
2318 4195 2373 4222 und
2404 4193 2555 4222 emittieren
2578 4193 2722 4229 zusätzliche

1883 4234 2111 4270 durchdringende
2130 4233 2273 4267 Stral>le».
2292 4232 2369 4268 Diese
2388 4234 2522 4268 Strahle»
2544 4234 2599 4269 sind
2618 4233 2722 4269 gesälir-

1885 4274 1939 4308 lirfj.
1964 4274 2015 4304 Die
2038 4275 2196 4308 Strahlung
2228 4272 2302 4302 einer
2332 4273 2452 4308 einzigen
2478 4273 2721 4309 nnabgeschirmlen

1883 4313 1992 4346 Einheit
2024 4314 2100 4343 einer
2133 4312 2421 4349 Atomenergleanlage
2454 4316 2546 4342 würde
2580 4313 2723 4346 innerhald

1883 4344 2004 4389 weniger
2032 4354 2172 4383 Sekunden
2203 4353 2297 4386 tödlich
2324 4353 2431 4382 wirken.
2469 4354 2563 4387 Solche
2598 4355 2721 4388 Anlage»

1884 4395 1983 4428 müsien
2001 4395 2082 4426 daher
2098 4393 2146 4423 mit
2163 4393 2284 4423 Wänden
2301 4399 2352 4422 von
2371 4395 2507 4428 mehreren
2524 4394 2633 4423 Metern
2649 4393 2722 4423 Dicke

1884 4435 2012 4469 »»igeben
2037 4436 2151 4465 werden.

1936 4480 1988 4510 Dle
2013 4481 2177 4515 zerstörende
2202 4478 2335 4514 Wirkung
2361 4480 2406 4508 der
2431 4478 2564 4511 Strahlen
2594 4477 2622 4511 Ist
2650 4476 2721 4513 leicht

1883 4520 2065 4556 verständlich.
2087 4521 2172 4550 Wenn
2196 4517 2261 4553 diese
2282 4519 2415 4551 Strahle»
2436 4517 2585 4552 absorbiert
2607 4521 2722 4549 werde»,

1884 4560 1955 4589 wird
1977 4561 2032 4593 ihre
2052 4559 2166 4594 Energie
2185 4559 2392 4594 ansgeiwmme»
2412 4565 2464 4588 von
2485 4560 2532 4588 den
2555 4558 2606 4591 lose
2625 4559 2722 4593 gebun¬

1885 4602 1967 4629 dene»
1996 4601 2163 4631 Elektronen,
2191 4599 2231 4629 die
2269 4598 2312 4633 sür
2348 4598 2388 4627 die
2417 4598 2548 4628 Struktur
2575 4597 2723 4632 diemlslher

1883 4640 2096 4676 Berblndnngen
2119 4638 2338 4673 berantwortlich
2361 4638 2424 4673 sind.
2447 4638 2488 4668 So
2510 4637 2539 4672 lst
2560 4638 2601 4667 die
2623 4638 2723 4673 Strah¬

1886 4681 1960 4716 lung,
1983 4680 2023 4710 die
2045 4685 2097 4711 von
2120 4679 2194 4709 einer
2216 4678 2335 4714 einzigen
2360 4679 2563 4714 Kernspaltung
2586 4679 2723 4712 herrührt,

1883 4720 2057 4754 ansrelrhend
2085 4727 2129 4750 um
2156 4719 2405 4753 H»nderlta»sent>e
2432 4724 2483 4748 von
2511 4717 2663 4748 Molekülen
2690 4725 2722 4752 z»

1883 4763 2043 4791 verändern.
2063 4760 2157 4794 Dieser
2176 4761 2307 4794 Vorgang
2325 4757 2401 4788 wirkt
2422 4758 2591 4792 oernichtend
2608 4758 2654 4793 ans
2674 4761 2721 4787 de»

1883 4800 2087 4835 enipsindlirhen
2105 4799 2280 4832 EhemisinnS
2299 4800 2421 4828 lelvnder
2437 4799 2556 4828 Gewebe.

1936 4845 1987 4875 Die
2012 4846 2090 4878 durch
2113 4844 2152 4874 die
2176 4845 2379 4880 Kernspaltung
2411 4845 2531 4881 erzeugte
2565 4845 2722 4880 Strahlung

1885 4893 1946 4920 mag
1972 4886 2016 4920 sich
2040 4887 2101 4919 trotz
2126 4885 2199 4919 ihrer
2223 4884 2425 4918 Gesährllehkett
2449 4886 2494 4913 al«
2518 4885 2559 4915 die
2582 4884 2722 4920 wlehtlgsle

1884 4926 1958 4954 Gabe
1994 4928 2038 4954 der
2074 4932 2156 4954 neuen
2193 4923 2445 4959 wisienschastllche»
2473 4925 2656 4960 «ntwlcklnng
2682 4932 2722 4954 er¬

1883 4964 1987 4999 weisen.
2008 4965 2063 4995 Mil
2085 4965 2170 4994 einem
2191 4965 2288 4999 Messer
2308 4965 2374 4993 kann
2396 4971 2459 4995 man
2479 4964 2546 4998 nicht
2568 4972 2621 4995 mir
2641 4966 2721 4998 töten,

1885 5004 1997 5038 sondern
2018 5005 2081 5039 auch
2100 5004 2194 5038 heile».
2214 5004 2266 5034 Die
2287 5004 2417 5034 Nadtiim-
2438 5007 2492 5033 und
2512 5005 2722 5040 Nöntgenslrah-

1885 5046 1925 5074 len
1946 5045 2001 5079 sind
2018 5045 2147 5079 ebenfalls
2166 5044 2317 5080 gesährllch.
2335 5045 2394 5078 dod,
2411 5044 2502 5080 zeitigt
2522 5044 2577 5079 ihre
2595 5046 2722 5075 Verwen¬

1884 5087 1956 5120 dung
1982 5092 2060 5120 gegen
2086 5086 2172 5114 Krebs
2198 5084 2359 5118 bekanntlich
2393 5086 2571 5115 wunderbare
2604 5085 2721 5121 Erfolge.

1883 5125 1935 5155 Die
1961 5124 2267 5161 Alvmenergieanlageii
2295 5123 2388 5159 liefern
2416 5124 2457 5154 dle
2482 5125 2574 5155 Mittel
2601 5133 2631 5160 zn
2657 5127 2722 5155 vlel-

1884 5164 1968 5199 saeher
1991 5166 2180 5200 Erweiterung
2202 5167 2247 5194 de»
2271 5164 2403 5201 »msangS
2426 5166 2481 5195 nnd
2503 5165 2722 5201 möglicherweise

1883 5205 1947 5240 auch
1971 5209 2015 5235 der
2038 5207 2088 5236 Art
2113 5204 2207 5241 solcher
2230 5206 2440 5241 Ainvendnngen
2464 5207 2513 5241 ans
2535 5204 2575 5237 die
2598 5206 2720 5241 Behand¬

1885 5246 1951 5281 lung
1972 5251 2023 5276 von
2046 5244 2232 5279 Krankheiten.

1936 5289 2003 5319 Eine
2037 5292 2134 5320 andere
2168 5288 2381 5326 Nebenwirkung
2415 5289 2489 5320 einer
2521 5289 2722 5327 Alviiikncrglc-

1883 5331 1982 5365 anlagc
2002 5329 2029 5365 ist
2048 5330 2105 5360 eine
2123 5329 2264 5366 gewaltige
2281 5330 2448 5365 Produktiv»
2466 5337 2518 5360 von
2539 5330 2721 5361 radioaklioen

1883 5368 2025 5406 Isotopen.
2051 5370 2110 5400 Ta»
2137 5370 2191 5407 sind
2216 5370 2311 5400 Atome
2345 5372 2390 5400 de»
2424 5369 2536 5407 gleichen
2571 5371 2720 5408 chemischen

2761 4073 2922 4104 Elemente«,
2941 4072 2981 4101 die
3001 4072 3045 4106 sich
3064 4071 3100 4101 lm
3119 4072 3307 4106 Atomgewicht
3327 4071 3530 4105 »nterschelden.
3548 4071 3598 4099 Ge-

2761 4114 2831 4148 wisse
2856 4113 2970 4148 Isotope
2996 4112 3052 4147 sind
3077 4111 3237 4144 radioaktiv;
3265 4114 3287 4141 d.
3299 4114 3322 4144 h.
3349 4111 3406 4145 ihre
3430 4114 3517 4141 Kerne
3543 4110 3599 4145 sind

2762 4153 2870 4188 instadil
2893 4154 2948 4182 und
2968 4153 3068 4181 könne»
3091 4151 3212 4188 jederzeit
3235 4151 3399 4181 radloaklloe
3419 4151 3534 4186 Energie
3553 4151 3597 4178 ab-

2762 4194 2849 4228 geben.
2873 4193 2943 4222 Man
2966 4192 3032 4220 kann
3056 4191 3102 4226 fast
3124 4197 3176 4222 von
3201 4192 3282 4226 sedem
3305 4192 3453 4227 chemischen
3478 4191 3598 4220 Elemcnl

2762 4232 2925 4262 radloaktibe
2946 4231 3059 4267 Isotope
3079 4237 3216 4268 erzeugen.

2812 4276 2985 4312 Kohlrnstvsf.
3007 4276 3072 4311 Jod.
3093 4276 3239 4312 Phosphor
3261 4278 3315 4306 und
3335 4277 3433 4306 andere
3454 4274 3599 4306 Elemente,

2762 4318 2803 4346 dle
2831 4317 2978 4349 natürliche
3014 4315 3194 4350 Bestandteile
3230 4317 3338 4351 unsere«
3376 4318 3497 4351 Körpers
3536 4315 3599 4348 sind,

2762 4358 2862 4386 könne»
2884 4355 3029 4392 zeitweilig
3052 4355 3201 4385 rad!oakliv
3223 4357 3336 4392 gemacht
3359 4357 3476 4390 werden,
3497 4358 3550 4384 nnd
3574 4354 3599 4390 so

2760 4404 2809 4432 zur
2827 4397 3009 4431 Behandlung
3027 4401 3078 4426 von
3097 4396 3275 4430 Krankheitc»
3292 4396 3397 4426 dienen.

2812 4445 2864 4475 Die
2889 4444 3060 4480 Schilddrüse
3082 4451 3102 4479 z.
3115 4445 3146 4474 B.
3172 4444 3268 4474 nimmt
3294 4448 3346 4475 an»
3370 4447 3427 4474 de»,
3451 4443 3518 4475 Blut
3544 4442 3599 4480 jod¬

2762 4483 2863 4523 haltige
2887 4483 3098 4519 Berbindnnge»
3124 4483 3179 4517 ans.
3204 4486 3274 4514 Man
3301 4486 3345 4520 hat
3371 4486 3451 4519 daher
3476 4483 3599 4518 oersiichl.

2762 4528 2809 4555 den
2830 4524 2916 4560 Kropf
2937 4524 2984 4554 mit
3005 4523 3077 4559 Hilfe
3095 4529 3147 4555 von
3169 4524 3350 4554 radioaktiven
3371 4524 3597 4561 Jvdpräparaic»

2761 4572 2792 4601 zu
2814 4565 2970 4597 behandeln.

2813 4607 2947 4641 Blellelrht
2974 4608 3039 4637 kann
3065 4607 3138 4638 eine»
3162 4609 3251 4644 Tage»
3275 4608 3332 4639 eine
3356 4608 3525 4646 ersvlgrclche
3549 4608 3598 4638 Be¬

2762 4649 2902 4684 handlung
2920 4651 2965 4678 de»
2981 4647 3093 4680 Krebse»
3110 4648 3157 4682 ans
3175 4651 3220 4678 bcr
3236 4649 3348 4684 gleiche»
3366 4650 3527 4685 Grundlage
3544 4648 3599 4677 cnl-

2761 4687 2856 4719 wlckell
2882 4689 2997 4718 werden.
3023 4687 3100 4723 Dazu
3127 4688 3217 4723 müsile
3241 4689 3359 4725 zunächst
3385 4690 3442 4719 eine
3469 4687 3599 4723 chemische

2761 4726 2940 4762 Verbindung
2965 4727 3094 4763 gesunde»
3121 4731 3236 4760 ivcrdr».
3261 4728 3301 4758 die
3325 4728 3523 4764 ausschllrstlich
3546 4735 3597 4757 von

2762 4771 2808 4797 de»
2837 4768 3006 4802 Krebszellen
3035 4767 3184 4803 absorbiert
3221 4767 3300 4798 wird.
3336 4769 3377 4804 In
3414 4768 3480 4804 diese
3506 4770 3598 4798 wären

2761 4810 2832 4837 dann
2852 4806 3014 4837 radiooktive
3032 4806 3142 4844 Isotope
3158 4807 3333 4844 einznbaiien.
3350 4809 3401 4839 Ein
3420 4809 3513 4843 solche«
3530 4810 3599 4838 Bor-

2762 4848 2845 4882 Hobe»
2871 4848 2963 4877 würde
2989 4847 3066 4882 lange
3091 4848 3146 4876 und
3171 4847 3326 4884 sorgfältige
3351 4848 3534 4885 Forschiiiigc»
3560 4856 3599 4877 er-

2762 4886 2882 4923 fordern,
2899 4888 2953 4916 und
2972 4886 3006 4920 id,
3024 4887 3152 4922 behaupte
3171 4887 3245 4922 sicher
3263 4888 3339 4923 nicht,
3356 4889 3408 4923 das,
3425 4889 3465 4918 die
3482 4888 3599 4924 Hcllnng

2762 4930 2806 4956 des
2824 4926 2935 4961 Krebse«
2952 4926 2999 4959 ans
3017 4927 3062 4955 der
3079 4927 3158 4962 Hand
3175 4928 3246 4963 liegt.
3264 4929 3313 4964 Ich
3330 4930 3426 4964 möchte
3443 4935 3497 4960 nur
3514 4928 3599 4964 sage»,

2762 4966 2813 5001 dast
2833 4966 2886 4996 wir
2906 4966 2958 5001 jetzt
2980 4973 3044 4996 neue
3065 4967 3119 4995 und
3138 4966 3276 4999 wirksame
3296 4968 3459 5004 HilsSniiüel
3482 4968 3518 4998 im
3538 4971 3598 4997 end-

2762 5006 2832 5042 lose»
2853 5006 2952 5040 Kamps
2973 5013 3052 5041 gegen
3074 5005 3114 5036 die
3133 5007 3278 5041 Krankheit
3300 5008 3409 5044 besitzen.

2813 5049 2987 5080 Nadivaktive
3008 5049 3121 5086 Isotope
3143 5052 3248 5082 werden
3279 5054 3342 5086 auch
3372 5053 3530 5086 verwendet,
3553 5058 3598 5083 um

2761 5089 2941 5125 kvmpllzlerte
2959 5089 3059 5125 Folge»
3076 5095 3128 5120 von
3146 5091 3296 5126 lhemlschcn
3315 5093 3476 5123 Neaktionen
3493 5100 3525 5128 z»
3541 5096 3598 5122 vrr-

2762 5129 2859 5165 folgen,
2893 5128 2932 5158 die
2965 5128 3001 5158 lm
3034 5129 3214 5166 incnschltchen
3246 5133 3351 5167 Körper
3382 5133 3519 5166 ablansen.
3549 5133 3598 5162 Be¬

2761 5171 2876 5205 trachten
2894 5169 2946 5199 mir
2962 5177 2982 5204 z.
2995 5170 3027 5200 B.
3045 5170 3086 5199 die
3102 5171 3292 5208 Verwendung
3310 5175 3354 5202 de«
3371 5174 3488 5208 Zuckers.
3506 5173 3598 5208 Zucker

2761 5209 2834 5240 dient
2859 5212 2902 5239 a!«
2928 5209 3093 5245 Brennsivss.
3118 5211 3156 5240 Er
3181 5212 3326 5242 verbrennt
3353 5213 3389 5242 im
3414 5214 3520 5248 Körper
3544 5214 3599 5242 und

2762 5249 2849 5285 liefert
2871 5248 2996 5285 Energie,
3016 5249 3056 5278 die
3078 5250 3142 5279 oben
3164 5252 3302 5286 erwähnte
3322 5252 3453 5289 chcinischc
3475 5251 3597 5288 Energie.

2759 5291 2831 5320 Aber
2847 5289 2886 5320 bet
2902 5290 3212 5324 Kvrperteinperalnren
3228 5292 3346 5327 verläuft
3363 5296 3409 5322 der
3424 5292 3597 5329 gewöhnllche

2760 5331 3101 5365 BerbrennimgSbvrgang
3119 5329 3171 5360 viel
3188 5339 3220 5367 zu
3238 5332 3370 5368 langsam,
3387 5339 3432 5364 um
3450 5335 3499 5362 das
3515 5333 3596 5362 Leben

2760 5370 2881 5405 erlialten
2914 5377 2945 5406 zu
2979 5369 3087 5400 könne».
3120 5370 3277 5408 Anderseits
3310 5373 3375 5402 kann
3410 5372 3449 5402 die
3480 5373 3596 5408 Körper-
