2019 2362
122 241 238 313 N°.
284 252 404 322 70.

1318 253 1446 305 17
1500 248 1532 310 8
1592 256 1620 304 1
1630 284 1650 304 .

40 407 484 521 Zürcher

124 591 403 650 Samstag,

1262 407 1714 514 Zeitung

1288 588 1362 633 den
1387 586 1420 642 i.
1449 584 1658 643 Herbstm.

348 807 535 846 portugall.

75 841 263 876 Lisabonn,
291 845 352 876 den
372 855 397 877 i.
429 846 561 886 August.
609 846 680 880 Den
703 846 783 880 i?ten
805 843 855 875 des

40 879 209 914 verflossenen
230 882 376 918 Monaihs
397 886 516 915 wurden
543 884 597 916 wir
620 884 721 915 wieder
744 890 781 913 an
802 883 854 913 den

40 917 101 954 Tag
125 918 173 948 des
196 919 370 955 Schreckens
395 923 540 958 erinnert,
569 931 607 954 an
625 923 755 956 welchem
772 921 853 955 unsre

41 955 135 988 Stadt
148 956 189 987 im
210 956 291 993 Jahr
303 968 384 996 17;;.
408 959 553 995 verwüstet
569 962 658 993 ward.
704 960 802 994 Gegen
826 968 853 990 2.

41 994 97 1028 Uhr
119 993 230 1029 Nachts
257 999 373 1027 wurden
395 998 454 1033 hier
477 1000 528 1029 alle
552 996 691 1033 Gebäude
712 1004 854 1033 vonzwey

41 1031 141 1067 starken
162 1029 284 1069 Stössen
308 1034 383 1066 eines
411 1036 576 1070 Erdbebens
599 1033 782 1071 erschüttert,
813 1035 855 1066 die

40 1070 126 1106 einige
151 1071 292 1104 Stunden
317 1074 470 1108 anhielten.
519 1074 580 1108 Die
604 1074 751 1110 folgenden
774 1071 855 1110 Täge

39 1115 101 1139 war
125 1108 168 1139 die
186 1109 260 1149 Hitze
285 1111 312 1144 so
339 1111 426 1148 heftig
447 1129 456 1148 ,
485 1112 540 1149 daß
561 1114 615 1144 das
635 1112 856 1151 Farenheitische

39 1147 254 1186 Thermometer
267 1149 322 1183 auf
330 1153 378 1183 y6.
397 1151 497 1183 Grade
509 1151 583 1189 stieg.
606 1165 643 1172 —
663 1152 734 1185 Das
745 1148 849 1183 hollän.

38 1182 123 1213 dische
151 1183 337 1221 Kriegsschiff
347 1187 523 1221 Amsterdam
551 1192 633 1220 unter
657 1190 719 1219 dem
742 1187 855 1221 Grafen

39 1218 155 1251 Byland
174 1221 223 1254 hat
239 1218 312 1257 nicht
329 1225 394 1254 weit
416 1232 471 1255 von
491 1228 588 1260 unfern
605 1224 708 1259 Küsten
730 1226 773 1256 ein
791 1233 855 1262 eng.

41 1256 132 1289 »icheS
145 1258 198 1287 mil
219 1260 295 1293 SaU
313 1261 461 1294 beladenes
474 1264 777 1301 Schiffaufgedracht,
796 1266 853 1296 und

41 1294 107 1330 nach
131 1294 224 1331 Kadix
243 1299 369 1335 geführt.

355 1337 546 1377 Frankreich.

78 1370 178 1407 Paris
198 1378 206 1406 ,
232 1379 311 1405 vom
338 1383 382 1410 24.
400 1377 532 1416 August.
583 1377 646 1411 Der
675 1378 782 1416 Herzog
799 1384 854 1409 von

40 1409 146 1442 Cnllon
168 1412 266 1442 wurde
292 1419 347 1443 von
376 1413 450 1444 einer
473 1415 631 1450 Windstille
654 1415 736 1450 lange
763 1417 792 1446 in
808 1417 856 1447 der

41 1447 156 1483 Gegend
177 1455 232 1480 von
245 1449 373 1487 Malaga
389 1454 447 1483 und
464 1453 645 1491 Carthagena
653 1453 855 1491 aufgehalten,

39 1486 95 1515 und
119 1485 219 1518 konnte
236 1488 287 1522 erst
311 1490 380 1526 nach
402 1489 478 1522 einer
500 1491 593 1529 Fahrt
615 1499 671 1522 von
689 1501 714 1529 ;.
732 1493 856 1527 Wochen

39 1521 94 1557 auf
106 1522 244 1555 Minorka
263 1526 376 1561 landen.
408 1529 450 1563 Er
461 1529 508 1563 soll
521 1530 640 1564 wirklich
654 1541 754 1560 10000.
771 1531 856 1565 Spa¬

39 1560 97 1590 nier
112 1561 291 1598 ausgcschifft
309 1564 424 1599 haben,
447 1569 506 1597 und
525 1574 579 1599 von
599 1569 700 1602 unsern
718 1568 856 1603 Truppen

40 1597 118 1632 sollen
133 1604 161 1632 g.
180 1599 370 1637 Bataillons,
393 1601 515 1640 nämlich
526 1612 580 1636 von
590 1606 642 1636 den
652 1605 857 1641 Regimentern

39 1636 187 1673 Bretagne
208 1652 216 1671 ,
239 1639 419 1676 Aquitaine,
442 1643 587 1676 Bourbon
609 1651 643 1675 re.
668 1644 741 1679 nebst
759 1649 785 1677 8-
807 1652 857 1675 an.

39 1675 104 1705 dcrn
126 1674 249 1710 wirklich
271 1678 300 1708 in
317 1678 431 1715 Korsika
457 1681 610 1712 dienenden
626 1690 657 1719 zu
674 1682 733 1718 ihm
751 1681 855 1717 stosscn.

39 1712 109 1747 Das
129 1712 202 1755 Fort
217 1714 277 1748 St.
297 1716 450 1752 Philippe,
471 1719 525 1749 das
540 1720 661 1756 einzige,
683 1721 798 1753 welches
808 1721 856 1756 sich

39 1751 97 1781 eine
109 1751 228 1789 zettlang
244 1753 339 1787 halten
361 1754 435 1786 kann
451 1772 459 1792 ,
482 1757 529 1791 soll
545 1759 598 1789 mit
615 1759 683 1789 aller
696 1757 857 1795 Lebhaftig¬

37 1788 88 1819 keit
107 1790 283 1827 angegriffen
302 1796 423 1824 werden.
471 1795 568 1828 Wenn
590 1797 620 1826 es
639 1798 708 1830 auch
730 1803 786 1827 nur
804 1795 861 1831 auf

37 1826 96 1857 eine
120 1828 248 1860 Blokade
268 1831 416 1867 angesehen
433 1832 487 1867 ist,
520 1833 545 1866 so
561 1836 611 1869 hat
628 1842 697 1865 man
716 1834 781 1869 doch
799 1841 855 1866 von

38 1863 120 1898 dieser
147 1865 315 1901 Expedition
347 1869 453 1905 grossen
480 1871 614 1907 Vortheil
642 1880 674 1908 zu
697 1876 854 1908 erwarten,

39 1903 131 1932 indem
147 1903 269 1941 dadurch
284 1908 336 1937 den
351 1909 499 1944 englischen
511 1910 701 1946 Freybeutern
715 1911 757 1946 ihr
767 1911 856 1945 sicher,

40 1940 86 1973 ster
112 1940 343 1979 Schlupfwinkel
365 1945 568 1984 abgeschnitten
586 1949 657 1979 wird
675 1966 682 1982 ,
705 1953 762 1979 und
783 1948 856 1983 Gib.

40 1979 128 2009 raltar
150 1978 224 2012 keine
244 1980 453 2024 Unterstützung
483 1987 563 2020 mehr
587 1995 640 2017 von
660 1987 797 2019 Minorka
817 1994 856 2017 er¬

40 2017 130 2048 halten
142 2017 234 2054 kann,
252 2023 366 2056 welches
385 2031 455 2054 man
470 2024 514 2054 bis
532 2027 581 2063 jezt
599 2027 672 2059 nicht
688 2025 854 2060 verhindern

41 2055 135 2086 konnte
153 2072 161 2091 ,
193 2056 287 2090 indem
311 2060 354 2091 die
377 2060 541 2098 Engländer
564 2062 621 2101 auf
638 2064 728 2097 diesen
752 2061 854 2101 Höhen

41 2100 140 2126 rmmer
169 2093 378 2132 statiouenweis
410 2099 540 2140 kreutzea.
569 2117 606 2123 —
631 2102 696 2138 Dir
723 2100 855 2141 Fregatte

903 807 1021 843 Sybille
1040 809 1089 844 hat
1099 809 1143 840 die
1158 809 1309 844 Nachricht
1325 809 1391 844 nach
1406 808 1489 844 Brest
1503 808 1644 847 gebracht,
1659 805 1716 842 daß

902 848 958 877 das
996 847 1147 884 vereinigte
1176 847 1352 885 französisch.
1368 848 1504 883 spanische
1531 846 1717 882 Geschwader

903 888 985 916 unter
1003 886 1188 919 Kommando
1204 888 1253 917 des
1273 886 1384 922 Grafen
1404 893 1458 917 von
1476 887 1623 921 Guichen,
1642 883 1718 916 nicht

903 922 959 957 auf
975 925 1021 954 der
1043 922 1125 962 Höhe
1149 925 1195 955 der
1213 926 1319 959 Azoren
1337 941 1345 959 ,
1377 924 1490 959 sondern
1510 924 1637 962 zwischen
1664 924 1718 952 den

905 961 1087 999 Sorlingucs
1108 963 1165 993 und
1180 963 1324 998 Quessant
1344 962 1451 1001 kreutze.
1474 977 1511 984 —
1533 963 1576 995 ES
1591 959 1719 996 bestätigt

903 999 978 1035 sich,
1001 1000 1056 1036 daß
1076 1001 1126 1036 bey
1147 1001 1204 1035 St.
1226 1001 1307 1038 Jean
1334 1000 1463 1037 d'Angeli
1488 1002 1517 1031 in
1539 1001 1650 1036 Poitou
1673 998 1720 1028 ein

903 1038 992 1074 Lager
1012 1039 1074 1073 scyn
1093 1038 1176 1070 wird.
1219 1040 1262 1073 Es
1282 1038 1352 1070 wird
1374 1046 1429 1069 von
1444 1039 1494 1068 den
1512 1039 1721 1076 Regimentern

904 1075 1005 1113 Forez,
1029 1077 1142 1111 Royal.
1151 1076 1285 1115 Italien,
1307 1077 1447 1110 Aubonne
1465 1076 1590 1113 Suisse,
1607 1077 1668 1107 und
1684 1074 1722 1105 ei¬

904 1121 968 1144 nem
984 1111 1143 1151 Küraßier-
1155 1115 1309 1153 Regiment
1324 1114 1464 1151 bestehen,
1487 1116 1544 1147 und
1555 1122 1620 1147 vom
1633 1114 1725 1149 Mar¬

903 1153 969 1188 quis
985 1161 1041 1183 von
1064 1153 1157 1190 Foyer
1178 1153 1369 1185 kommandirk
1390 1155 1498 1185 werden
1519 1177 1528 1185 .
1549 1176 1557 1184 .
1579 1176 1588 1184 .
1619 1153 1727 1186 U»:der«

904 1192 940 1221 all
971 1192 1061 1227 ziehen
1085 1191 1132 1225 sich
1160 1199 1245 1229 gegen
1274 1192 1318 1222 die
1341 1190 1443 1225 Küsten
1468 1193 1517 1222 des
1545 1189 1725 1223 WeltinerrS

903 1229 1041 1264 Truppen
1066 1230 1222 1264 zusammen
1250 1246 1257 1265 ,
1285 1231 1367 1260 deren
1394 1229 1489 1264 wahre
1514 1228 1724 1265 Bestimmung

902 1266 949 1302 sich
968 1268 1039 1301 nicht
1056 1269 1183 1302 errathe»
1195 1266 1252 1302 läßt
1267 1268 1375 1302 —DaS
1388 1266 1536 1304 königliche
1552 1267 1659 1302 Edikll,
1676 1265 1726 1297 be¬

901 1305 1015 1342 treffend
1033 1305 1077 1336 die
1093 1305 1319 1343 Unterdrückung
1332 1306 1515 1340 verschiedner
1536 1304 1723 1340 Stallbedie«

902 1350 1014 1379 nungcn
1030 1360 1037 1377 ,
1053 1344 1169 1380 worauf
1175 1345 1202 1380 so
1214 1345 1298 1381 lange
1308 1346 1443 1381 gewartet
1455 1346 1561 1378 wurde,
1573 1343 1603 1377 ist
1613 1342 1723 1378 endlich

903 1382 1062 1417 erschienen.
1088 1383 1154 1416 Den
1172 1393 1213 1419 17.
1226 1384 1321 1414 wurde
1332 1384 1360 1413 es
1370 1383 1408 1413 im
1421 1383 1498 1416 Cour
1509 1383 1558 1414 des
1568 1382 1622 1414 Aid
1631 1383 1659 1414 eS
1668 1381 1723 1412 ein.

905 1419 1050 1456 registrtrt.
1091 1420 1137 1453 Es
1147 1420 1200 1455 sind
1214 1422 1261 1452 der
1274 1420 1483 1458 aufgehobenen
1494 1421 1656 1455 Bedienten
1671 1423 1719 1454 86.

905 1457 1011 1491 —Die
1024 1458 1161 1490 Relation
1177 1460 1225 1490 des
1243 1460 1337 1498 Herrn
1348 1466 1402 1490 von
1424 1460 1539 1495 Grasse,
1551 1459 1650 1493 welche
1666 1458 1722 1489 wir

905 1495 1035 1533 unlängst
1052 1497 1234 1533 mitgetheilt,
1257 1498 1330 1528 wird
1345 1498 1405 1533 hier
1419 1495 1585 1533 erbärmlich
1599 1496 1718 1533 gekunst-

904 1533 1027 1569 richtert.
1068 1536 1133 1568 Der
1154 1535 1226 1569 Eine
1245 1535 1315 1566 kann
1336 1536 1409 1570 nicht
1427 1535 1582 1572 begreifen,
1610 1535 1665 1567 wie
1689 1542 1718 1567 er

906 1572 958 1602 den
977 1571 1109 1604 Admiral
1132 1572 1216 1609 Hood
1245 1574 1317 1608 nicht
1343 1573 1414 1608 habe
1441 1574 1567 1610 einholen
1588 1570 1717 1607 können,

905 1610 961 1640 und
980 1610 1032 1640 wie
1052 1610 1122 1643 feine
1142 1611 1255 1647 Schiffe
1271 1612 1427 1649 langsamer
1445 1611 1534 1649 segeln
1549 1611 1650 1647 sollen,
1670 1612 1717 1643 als

905 1647 949 1677 die
967 1648 1104 1682 Efcadres
1128 1656 1181 1679 von
1199 1649 1313 1686 Estaing
1340 1651 1397 1679 und
1413 1650 1563 1686 Guichen,
1593 1649 1637 1681 die
1654 1652 1719 1681 alle¬

904 1686 951 1721 zeit
969 1686 1020 1716 den
1040 1685 1223 1720 Engländern
1248 1688 1414 1724 vorgesegelt
1439 1688 1504 1722 sind.
1545 1689 1609 1722 Der
1629 1690 1718 1720 andre

904 1724 975 1753 kann
993 1724 1065 1758 nicht
1084 1720 1184 1760 fassen,
1210 1726 1263 1756 wie
1279 1720 1381 1761 Grasse
1401 1726 1429 1761 so
1448 1725 1528 1760 dreist
1550 1726 1599 1760 hin
1624 1727 1716 1760 seinen

902 1761 1021 1798 Angriff
1038 1755 1094 1794 auf
1116 1764 1173 1796 St.
1197 1763 1280 1797 Lucie
1305 1761 1351 1798 für
1378 1771 1455 1795 emen
1475 1764 1586 1796 blinden
1602 1765 1722 1802 Angriff

904 1801 1047 1836 auSgcdcn
1067 1807 1146 1838 mag.
1190 1802 1266 1838 Sezt
1287 1809 1383 1836 man,
1410 1802 1493 1839 sagen
1521 1804 1566 1833 die
1588 1804 1717 1840 Herren,

907 1839 989 1871 1500.
1004 1839 1102 1871 Mann
1116 1839 1171 1870 ans
1180 1841 1279 1876 Land;
1301 1838 1468 1878 bemächtigt
1483 1840 1551 1878 man
1573 1840 1619 1878 sich
1639 1842 1714 1872 einer

904 1875 1042 1914 Nestling,
1066 1877 1118 1907 wie
1134 1878 1216 1911 GroS
1230 1878 1331 1916 Jslek;
1353 1878 1413 1916 sagt
1430 1886 1507 1915 man,
1524 1880 1631 1912 Morne
1645 1880 1714 1918 For«

906 1917 974 1944 tune
996 1915 1036 1949 scy
1056 1915 1255 1952 inattaquable
1278 1917 1422 1954 gewesen,
1454 1924 1535 1948 wenn
1557 1926 1622 1948 man
1649 1919 1712 1949 bloü

904 1953 979 1983 einen
1005 1954 1117 1984 blinden
1138 1954 1257 1992 Angriff
1275 1957 1388 1990 machen
1409 1955 1467 1987 will
1484 1958 1494 1986 t
1520 1956 1579 1990 Die
1603 1956 1714 1994 Hofzer.

905 1994 975 2027 tung
1002 1993 1104 2023 meldet
1122 1993 1180 2024 kein
1205 1994 1293 2027 Wort
1319 2001 1373 2024 von
1398 1994 1449 2025 de»
1477 1994 1590 2025 weitern
1614 1998 1713 2027 Unter,

905 2030 1078 2067 nehmungen
1109 2031 1196 2066 dieses
1216 2032 1442 2067 Geschwaders;
1475 2033 1541 2064 aber
1566 2040 1631 2064 man
1652 2034 1711 2064 will

903 2067 1012 2102 wissen,
1036 2068 1138 2103 Grasse
1159 2069 1229 2105 habe
1246 2070 1294 2106 sich
1310 2069 1497 2106 entschlossen,
1519 2072 1571 2102 daS
1592 2072 1713 2108 Convo»

903 2113 959 2138 von
980 2106 1167 2144 Martinique
1187 2109 1257 2146 nach
1276 2110 1333 2144 St.
1352 2110 1521 2147 Dvmingue
1538 2117 1571 2148 zu
1590 2107 1711 2147 führen»
