3908 5551
121 177 212 231 j\a
243 160 380 225 285.
419 164 678 232 Zweites
711 159 896 224 Glatt
953 175 982 215 s

1461 147 1918 221 Sikdtmttskchpjstkr
1951 147 2194 219 |a|rga«;.

2501 140 2896 213 Donnerstag,
2937 141 3032 201 13.
3067 140 3330 203 Ottober
3367 138 3537 200 1887.

73 267 897 676 Neue
985 247 3594 765 Zürcher-Zeitung

255 807 756 843 «»»««ementrpreise»

693 845 704 864 1
712 842 809 864 »anaie.
831 838 949 862 IKnih.

258 874 291 896 btt
304 873 397 900 8'Uung
411 872 505 898 ofcftdjolt
518 871 581 896 Wirt)
615 885 621 893 .
648 884 655 893 .
682 870 717 897 Sr.
731 871 751 890 *■
769 869 796 890 50
823 867 861 893 Sr.
887 867 907 887 *.
921 865 950 888 SO

67 900 180 929 SchWtl,
195 901 321 927 (»tfttHung
334 899 387 921 beim
401 899 795 924 Poftbureau».—
837 907 848 919 •
877 893 909 928 }}•
923 903 948 910 —

127 930 158 950 bo.
200 928 246 952 (mit
259 928 328 951 »mb«
341 927 404 947 unter
415 924 576 950 »riMtabrefli)
615 938 622 947 .
697 938 707 949 .
735 922 796 945 7.50
836 934 847 947 ,
877 921 909 942 14.
924 929 948 934 —

68 954 247 982 iörullchland
269 951 396 979 (»effellung
415 952 469 974 beim
482 951 583 977 Postamt)
617 966 622 973 .
650 967 655 972 .
679 951 721 972 Mt.
736 951 756 971 4.
769 948 804 970 »S«

68 979 123 1007 isest
129 988 154 1004 er
159 988 184 1004 re
190 982 348 1007 ich.Ungarn
368 979 430 1004 «Best.
445 980 465 1002 h.
480 979 583 1004 Postamt)
616 976 719 1005 ».».«.
734 979 755 998 4.
769 976 795 997 «L

71 1007 156 1036 Srttig«
166 1010 257 1031 Staaten
271 1008 309 1028 bei
322 1005 561 1029 welivoftverein»
574 1021 580 1027 .
609 1021 615 1027 .
643 1019 648 1026 .
676 1004 713 1030 Fr.
723 1005 754 1024 11.
770 1002 796 1024 50
824 1001 860 1027 «r.
875 1003 909 1023 »».
925 1011 947 1017 -

267 1103 729 1166 Tagesbericht

351 1183 417 1208 vom
444 1179 492 1209 13.
512 1177 642 1210 Oktober.

142 1234 204 1266 Der
242 1230 479 1270 Caffarelfkandal
520 1230 677 1270 beschäftigt
710 1228 740 1270 in
776 1225 921 1270 Frank¬

71 1275 170 1317 reich
194 1276 261 1314 noch
283 1277 382 1308 immer
406 1275 606 1314 hauptsächlich
619 1275 660 1307 die
681 1273 833 1314 öffentliche
847 1272 922 1310 Auf¬

73 1322 267 1359 merksamkeit.
313 1320 369 1353 Die
393 1329 476 1360 ganze
506 1320 596 1358 zweite
631 1320 695 1351 oder
728 1319 810 1350 dritte
843 1315 924 1349 Seite

75 1371 125 1401 der
149 1368 266 1401 Blätter
291 1365 324 1401 ist
347 1365 551 1403 ausschließlich
573 1365 625 1396 den
649 1373 735 1395 neuen
765 1362 924 1400 widerspre¬

77 1413 194 1452 chenden
218 1409 432 1450 Enthüllungen
468 1412 524 1441 und
558 1408 792 1448 Berichtigungen
825 1406 925 1447 gewid¬

79 1461 144 1496 met,
169 1457 229 1489 und
252 1455 293 1487 die
317 1454 475 1492 politischen
498 1454 649 1494 Ereigniffe
672 1453 718 1485 des
741 1454 845 1492 Tages,
870 1456 925 1482 von

77 1505 166 1536 denen
189 1502 241 1540 auf
264 1500 311 1531 der
334 1500 420 1534 ersten
444 1499 523 1531 Seite
557 1498 599 1530 die
634 1498 706 1530 Rede
740 1497 782 1535 ist.
819 1496 926 1528 werden

78 1554 137 1580 von
161 1548 213 1579 den
248 1543 436 1577 Redaktionen
472 1543 587 1581 spärlich
622 1543 729 1583 glosfirt
768 1541 827 1573 und
861 1546 926 1571 vom

80 1593 239 1633 Publikum
262 1590 342 1621 kaum
366 1588 493 1620 bemerkt.

149 1637 215 1669 Und
239 1635 301 1671 doch
325 1633 384 1671 find
408 1633 442 1670 fie
472 1632 544 1671 nicht
577 1634 604 1669 fo
640 1631 798 1671 unwichtig,
834 1629 928 1668 zumal

80 1683 154 1720 nicht
179 1682 210 1713 in
234 1678 366 1714 Betracht
401 1678 447 1709 der
481 1678 702 1718 gegenwärtigen
736 1675 928 1712 parlaments¬

79 1729 156 1766 losen
180 1725 257 1765 Zeit.
301 1722 392 1761 Jules
415 1723 515 1762 Ferry,
550 1724 597 1754 der
620 1720 848 1759 Unerschrockene,
881 1719 928 1756 hat

79 1773 112 1805 in
143 1772 196 1805 St.
222 1768 280 1802 Diö
314 1773 370 1799 von
401 1776 498 1799 neuem
531 1767 572 1799 die
595 1766 699 1806 Politik
732 1768 778 1798 der
801 1765 930 1803 Jntran-

83 1819 208 1858 figenten
231 1813 399 1847 verdammt,
422 1813 474 1851 aus
497 1811 538 1842 die
553 1812 652 1843 wieder
664 1810 862 1849 austauchende
875 1808 930 1840 Ge¬

83 1863 151 1901 fahr
183 1862 233 1891 des
266 1856 455 1896 Zäsarismus
493 1855 673 1894 ausmerksam
713 1853 835 1894 gemacht
872 1853 930 1884 und

84 1905 242 1947 gegenüber
264 1903 345 1934 Ranc
369 1901 513 1932 abermals
541 1900 593 1932 mit
629 1899 755 1939 größtem
778 1896 932 1933 Nachdruck

81 1953 125 1984 die
149 1946 437 1984 Kammerauflösung
473 1946 518 1976 als
552 1945 593 1976 die
628 1943 818 1982 nothwendige
852 1942 931 1974 Kon¬

84 1998 197 2036 sequenz
236 1992 282 2023 der
320 1997 513 2021 verworrenen
548 1987 827 2028 parlamentarischen
861 1986 932 2026 Lage

86 2039 243 2080 bezeichnet.
311 2033 357 2072 In
396 2034 494 2071 seinem
537 2034 695 2072 heimischen
732 2033 932 2070 Departement

87 2086 210 2119 Somme
246 2080 294 2119 hat
322 2079 368 2110 der
411 2079 480 2119 letzte
517 2079 792 2117 Ministerpräfident
829 2075 933 2107 Goblet

88 2140 152 2170 zum
176 2128 262 2165 ersten
283 2124 354 2157 Mal
379 2123 426 2159 seit
449 2123 545 2161 seinem
569 2123 673 2162 Sturze
705 2125 755 2154 den
778 2122 877 2154 Mund
901 2129 934 2159 zu

92 2176 166 2207 einer
189 2169 346 2210 politischen
369 2168 443 2200 Rede
468 2169 593 2208 geöffnet.

154 2216 288 2255 Weniger
313 2213 486 2253 kriegslustig
509 2214 555 2245 als
574 2214 664 2252 Ferrh
688 2212 737 2252 hat
761 2220 790 2243 er
813 2210 854 2241 die
876 2209 935 2248 Po¬

87 2264 151 2297 litik
196 2257 441 2299 republikanischer
487 2258 711 2296 Konzentration
768 2254 934 2293 empfohlen,

89 2308 187 2345 welche
220 2306 272 2337 den
307 2302 464 2340 politischen
498 2303 649 2341 Charakter
675 2301 759 2340 seines
783 2299 937 2331 Kabinetes

91 2353 150 2386 und
174 2351 262 2391 desien
289 2347 484 2387 Vorgängers,
521 2347 568 2378 des
601 2346 815 2383 Ministeriunis
849 2344 937 2382 Frey-

91 2398 174 2433 cinet,
198 2395 309 2427 bildete.
342 2391 398 2424 Die
421 2392 517 2423 bittere
529 2392 694 2431 Erfahrung
717 2390 802 2427 seines
814 2388 938 2427 Sturzes

89 2443 141 2481 hat
165 2441 216 2480 ihn
240 2445 293 2469 von
318 2437 364 2467 der
387 2436 604 2476 Unmöglichkeit
629 2435 715 2474 seines
736 2433 844 2472 Ideals
866 2433 938 2470 nicht

92 2485 253 2523 überzeugt.
301 2481 341 2513 Er
371 2480 433 2512 will
457 2481 508 2511 das
532 2480 732 2519 gegenwärtige
754 2477 877 2510 Kabinet
901 2487 938 2508 an

91 2533 141 2563 der
163 2528 267 2561 Arbeit
288 2525 385 2564 laffen.
421 2524 503 2564 hofft,
536 2524 592 2563 daß
627 2528 657 2556 es
690 2524 732 2555 die
766 2522 939 2562 Ersparnisse

91 2571 286 2608 verwirkliche,
307 2569 349 2601 die
372 2573 402 2601 eS
424 2570 467 2600 bei
489 2569 586 2606 seinem
604 2568 748 2607 Entstehen
764 2566 939 2605 versprochen

92 2620 153 2651 und
165 2617 228 2657 hält
253 2616 309 2647 eine
332 2613 527 2653 Vereinigung
550 2614 620 2645 aller
642 2612 849 2650 Republikaner
872 2610 939 2649 nach

92 2665 145 2696 wie
181 2668 234 2693 vor
269 2660 316 2696 für
350 2658 511 2696 erreichbar,
551 2665 632 2690 wenn
660 2676 694 2680 —
721 2657 763 2689 die
785 2656 940 2688 Radikalen

94 2711 147 2747 auf
170 2702 390 2744 unrealisirbare
413 2703 565 2742 Reformen
587 2702 746 2742 verzichten.

159 2752 210 2784 Da
234 2749 301 2787 liegt
324 2748 369 2778 der
392 2747 503 2789 Fehler,
528 2756 565 2779 an
588 2747 714 2783 welchem
726 2745 846 2779 Goblets
857 2744 941 2783 Rech¬

92 2805 175 2834 nung
197 2804 232 2832 zu
254 2792 405 2829 Schanden
427 2792 582 2830 geworden.
629 2792 683 2824 Die
705 2791 813 2829 Justice
843 2790 942 2827 rühmt

94 2841 135 2872 im
160 2836 343 2877 allgemeinen
367 2835 489 2867 Goblets
523 2835 604 2872 Rede,
641 2836 692 2867 den
714 2838 800 2875 guten
822 2833 940 2869 Willen,

96 2885 140 2916 die
163 2878 394 2918 republikanische
419 2879 583 2920 Gefinnung
617 2881 675 2911 und
710 2880 760 2910 den
785 2878 942 2917 Patriotis¬

94 2932 164 2960 mus
187 2927 236 2958 des
260 2923 428 2964 ehemaligen
441 2924 761 2964 Ministerpräsidenten.
787 2922 862 2954 Aber
874 2923 943 2958 seine

96 2973 271 3010 Bedingung
306 2968 405 3000 erklärt
440 2968 475 3006 sie
508 2969 555 3007 für
588 2968 814 3008 unannehmbar.
874 2967 943 2999 Eine

96 3015 238 3055 Republik
261 3013 329 3051 ohne
363 3013 405 3043 die
429 3012 612 3054 Abschaffung
647 3014 694 3045 des
717 3011 944 3051 Kultusbudgets

96 3062 130 3099 ist
154 3062 205 3092 den
230 3057 377 3096 Freunden
390 3057 586 3088 Clemenceaus
610 3057 777 3096 bekanntlich
794 3057 852 3087 eine
863 3062 944 3094 repu¬

100 3103 260 3142 blikanische
284 3101 386 3139 Schale
410 3101 480 3139 ohne
502 3101 753 3141 republikanischen
776 3101 862 3137 Kern,
887 3101 944 3132 und

99 3152 152 3183 das
164 3149 269 3187 Organ
291 3147 338 3177 des
360 3146 501 3178 radikalen
513 3145 712 3186 Oberhauptes
724 3146 825 3177 erklärt
842 3146 945 3177 darum

101 3195 223 3228 Goblets
274 3190 444 3230 Bedingung
498 3191 618 3230 kurzweg
672 3191 720 3230 für
771 3189 944 3230 unmöglich.

97 3240 197 3278 Dafür
221 3235 319 3276 jubeln
349 3235 391 3266 die
414 3235 589 3275 gemäßigten
611 3234 817 3271 Republikaner
842 3233 945 3266 Goblet

98 3294 134 3323 zu
157 3282 216 3314 und
240 3280 338 3320 heißen
360 3279 410 3317 ihn
434 3280 481 3310 als
493 3281 568 3311 einen
581 3281 627 3310 der
643 3279 737 3319 Ihren
748 3278 945 3310 willkommen.

100 3330 175 3362 Dem
188 3334 245 3357 von
257 3325 315 3363 ihm
339 3324 475 3364 gesteckten
488 3324 564 3362 Ziele
576 3324 642 3356 aber
655 3324 704 3363 hat
728 3322 831 3355 Goblet
864 3322 946 3361 durch

99 3373 171 3409 seine
193 3370 269 3402 Rede
290 3369 333 3400 die
355 3369 602 3407 republikanischen
626 3368 759 3409 Parteien
791 3367 862 3406 nicht
898 3376 946 3398 um

96 3413 300 3457 Haaresbreite
323 3412 410 3451 näher
433 3413 567 3453 gebracht.

166 3460 215 3497 In
254 3457 389 3495 Chartres
427 3457 517 3495 haben
564 3458 611 3489 der
648 3455 948 3494 Unterrichtsminister

103 3506 225 3542 Spuller
250 3503 307 3532 und
331 3501 376 3531 der
400 3501 627 3542 Kriegsminister
646 3502 754 3540 Ferron
778 3500 946 3540 gesprochen.

99 3551 193 3588 Jener
215 3547 267 3586 hat
300 3545 342 3576 die
376 3545 481 3583 übliche
503 3546 641 3587 Apologie
675 3547 721 3577 des
744 3545 880 3579 Kabinets
904 3554 948 3584 ge¬

99 3595 199 3633 halten
222 3592 282 3622 und
304 3589 353 3630 sich
376 3599 410 3628 zu
434 3591 520 3631 dessen
533 3591 659 3627 Gunsten
682 3591 732 3628 auf
753 3592 811 3621 vier
822 3589 946 3626 Richter:

102 3640 145 3671 die
169 3634 321 3675 öffentliche
344 3634 489 3675 Meinung
512 3635 655 3673 Europas,
691 3636 741 3673 auf
775 3633 947 3673 Frankreich,

102 3685 145 3715 die
168 3681 304 3714 Kammer
328 3679 385 3709 und
409 3679 462 3710 das
478 3679 565 3718 eigene
588 3680 725 3720 Gewissen
748 3679 871 3717 berufen.
895 3679 949 3711 Die

105 3729 235 3761 Stimme
258 3724 304 3756 des
338 3723 429 3763 letzten
464 3733 529 3763 mag
567 3724 624 3763 ihm
664 3734 710 3755 am
748 3723 950 3763 erfreulichsten

106 3776 210 3811 tönen;
235 3769 277 3800 die
300 3767 451 3807 Rechnung
475 3769 525 3802 auf
554 3768 595 3799 die
618 3768 753 3800 Kammer
788 3768 879 3805 dürfte
902 3767 951 3806 sich

107 3816 186 3855 leicht
209 3814 259 3846 als
293 3812 363 3851 irrig
397 3811 607 3851 Herausstellen;
645 3812 808 3850 Frankreich
843 3812 876 3850 ist
908 3812 951 3844 ein

108 3860 260 3900 unsicherer
284 3857 396 3896 Faktor.
443 3857 499 3889 Die
521 3857 612 3896 Prcffe
629 3857 760 3893 Europas
783 3856 833 3894 hat
857 3856 950 3895 sicher¬

111 3906 162 3944 lich
189 3906 261 3942 „das
284 3901 478 3939 Ministerium
512 3902 581 3937 ohne
612 3901 797 3939 Boulanger"
837 3902 883 3932 als
907 3902 951 3932 ein

107 3949 258 3989 Anzeichen
280 3946 431 3985 friedlicher
461 3945 611 3985 Wendung
646 3945 676 3976 in
710 3945 756 3976 der
779 3944 953 3985 Stimmung

2765 792 2895 827 Kchwel,.
2913 791 3198 827 A»»,»lt«»»rea»«
3215 795 3264 818 »nt
3282 787 3362 822 Krell
3378 786 3472 822 KÜHN
3489 786 3513 815 k

3091 832 3118 860 in
3136 828 3248 865 Zür'ch,

2731 870 2808 893 »«ran.
2823 871 2892 897 »«!«!,
2907 871 2971 894 Bern.
2986 872 3052 896 Chur.
3068 871 3149 894 Zanol,
3159 869 3266 895 Freiburg,
3277 867 3340 893 «ens,
3350 866 3474 892 Heidelberg.
3485 864 3611 890 anttrUfcß,

2731 901 2852 927 Barlgrubt,
2870 902 2978 927 Banstanz.
2999 901 3115 927 Lausanne,
3135 900 3225 923 London.
3246 899 3333 926 Luzern,
3351 896 3461 921 SXailanb,
3480 896 3612 921 Mannheim,

2731 932 2842 957 Marseille,
2862 932 2996 958 Mülhausen.
3017 933 3055 955 El.
3069 933 3151 956 «allen,
3172 930 3299 957 Strasburg,
3320 929 3389 953 Slbil.
3404 928 3536 952 Winterthur
3549 930 3614 951 «.«.

2876 980 3188 1015 SUbalttotts6ureau:
3206 978 3359 1013 Brunngasse
3376 978 3423 1006 Rr.
3442 975 3469 1004 2.

968 1092 1149 1130 Frankreichs
1187 1090 1296 1129 freudig
1334 1088 1454 1129 begrüßt
1499 1087 1557 1118 und
1597 1086 1655 1117 dem
1696 1083 1821 1117 Kabinet

967 1137 1095 1170 Rouvier
1118 1138 1169 1174 für
1191 1136 1262 1174 seine
1284 1134 1436 1172 besonnene
1458 1130 1644 1170 versöhnliche
1655 1131 1752 1162 innere
1762 1129 1822 1167 Po¬

968 1182 1030 1214 litik
1053 1182 1107 1214 alle
1131 1181 1335 1220 Anerkennung
1359 1177 1469 1218 gezollt.
1517 1176 1593 1208 Aber
1618 1179 1646 1207 es
1672 1182 1734 1206 war
1758 1174 1822 1212 doch

969 1228 1027 1258 eine
1050 1226 1133 1263 starke
1155 1224 1308 1265 Hyperbel,
1334 1224 1382 1255 als
1406 1222 1530 1257 Spuller
1547 1220 1636 1260 „ohne
1659 1218 1822 1257 Geckenhaf¬

968 1271 1060 1310 tigkeit
1082 1271 1142 1303 und
1166 1270 1249 1302 eitlen
1272 1267 1449 1308 Hochmuth"
1484 1266 1642 1305 behaupten
1674 1274 1710 1304 zu
1722 1264 1823 1301 dürfen

971 1316 1094 1352 erklärte,
1139 1314 1214 1352 „daß
1229 1313 1276 1351 seit
1315 1314 1375 1344 dem
1418 1311 1629 1350 Verschwinden
1654 1310 1703 1342 des
1727 1309 1823 1348 Herrn

969 1361 1073 1398 Thiers
1097 1360 1154 1392 kein
1178 1358 1377 1395 Ministerium
1413 1357 1442 1389 in
1476 1355 1628 1393 demselben
1652 1354 1748 1387 Grade
1771 1354 1823 1385 wie

969 1406 1023 1438 das
1046 1404 1249 1445 gegenwärtige
1279 1402 1403 1435 Kabinet
1437 1402 1489 1433 das
1512 1401 1664 1440 Zutrauen
1699 1399 1757 1431 und
1782 1398 1824 1430 die

971 1450 1101 1490 Achtung
1126 1450 1261 1486 Europas
1284 1448 1411 1488 genossen
1433 1447 1535 1485 habe".

1040 1495 1094 1527 Ein
1118 1495 1145 1530 so
1170 1493 1271 1533 großes
1294 1492 1454 1531 Zutrauen,
1491 1490 1543 1522 wie
1578 1489 1625 1521 der
1649 1487 1825 1528 französische

970 1538 1272 1578 Unterrichtsminister
1288 1541 1317 1569 es
1334 1537 1510 1576 vorausseht,
1535 1535 1654 1566 könnten
1666 1534 1709 1565 die
1722 1532 1825 1565 Völker

971 1584 1032 1616 und
1054 1584 1249 1624 Regierungen
1273 1582 1411 1619 Europas
1433 1580 1497 1617 doch
1520 1588 1579 1611 nur
1601 1588 1635 1618 zu
1658 1579 1746 1610 einem
1764 1578 1825 1609 Ka-

972 1629 1062 1661 binete
1085 1628 1185 1667 haben,
1210 1629 1270 1660 dem
1293 1628 1328 1666 fie
1347 1625 1476 1665 Aussicht
1500 1625 1551 1664 auf
1574 1624 1673 1657 Dauer
1696 1621 1826 1661 zuschrei¬

972 1674 1035 1705 ben.
1080 1673 1157 1705 Aber
1182 1673 1235 1705 das
1257 1670 1469 1711 Wohlgefallen
1501 1678 1539 1701 an
1564 1668 1623 1700 dem
1648 1667 1753 1707 Antlitz
1778 1667 1825 1699 des

973 1718 1189 1758 Ministeriums
1230 1716 1358 1750 Rouvier
1397 1715 1467 1747 wird
1506 1714 1576 1752 stark
1614 1711 1824 1752 beeinträchtigt

973 1763 1057 1802 durch
1080 1763 1132 1794 den
1153 1760 1388 1802 hippokratischen
1412 1760 1487 1799 Zug,
1522 1759 1570 1790 der
1593 1757 1643 1798 sich
1665 1756 1751 1789 leider
1774 1765 1828 1788 un¬

975 1807 1145 1839 verkennbar
1169 1807 1221 1845 auf
1243 1804 1395 1842 demselben
1415 1805 1564 1843 ausprägt.
1601 1803 1677 1835 Gute
1693 1800 1829 1839 Wünsche

974 1853 1026 1890 hat
1064 1853 1182 1888 Europa
1222 1852 1270 1890 für
1307 1849 1349 1881 die
1388 1848 1612 1890 gegenwärtigen
1651 1846 1829 1886 Beherrscher

976 1896 1168 1934 Frankreichs,
1208 1894 1372 1933 aufrichtige
1414 1894 1471 1925 und
1511 1893 1631 1930 lebhafte
1670 1891 1828 1931 Wünsche;

976 1941 1043 1973 aber
1076 1941 1202 1980 zwischen
1237 1939 1359 1978 Wunsch
1395 1938 1454 1970 und
1477 1937 1642 1969 Vertrauen
1669 1936 1721 1976 auf
1744 1936 1830 1975 desien

977 1987 1136 2026 Erfüllung
1158 1986 1226 2025 liegt
1248 1984 1291 2016 ein
1315 1982 1520 2021 beträchtlicher
1543 1981 1677 2020 Abstand.

1046 2032 1104 2064 Der
1129 2028 1367 2070 Kriegsminister,
1393 2029 1439 2059 der
1463 2026 1586 2064 Spuller
1609 2026 1758 2066 begleitete,
1787 2025 1832 2057 be¬

978 2076 1114 2114 schränkte
1138 2075 1188 2114 sich
1213 2082 1284 2114 ganz
1308 2072 1358 2108 auf
1382 2072 1437 2110 sein
1453 2072 1674 2109 Departement;
1701 2080 1730 2103 er
1745 2069 1833 2109 nahm

979 2122 1005 2157 so
1030 2120 1072 2151 die
1096 2119 1152 2151 alte
1177 2117 1331 2151 Tradition
1354 2117 1403 2148 der
1416 2115 1588 2155 Armeechefs
1611 2116 1646 2147 da
1658 2116 1758 2147 wieder
1772 2115 1831 2152 auf.

979 2174 1023 2196 wo
1047 2165 1102 2202 sein
1125 2164 1294 2203 Vorgänger
1319 2162 1353 2201 sie
1385 2160 1570 2200 abgebrochen
1593 2160 1676 2200 hatte.
1725 2159 1836 2197 Ferron

980 2210 1057 2247 hatte
1080 2208 1185 2247 freilich
1209 2208 1306 2247 gerade
1331 2206 1386 2246 jetzt
1420 2205 1518 2242 Anlaß
1553 2214 1654 2245 genug,
1689 2213 1740 2236 um
1778 2209 1835 2235 von

981 2253 1180 2292 militärischen
1204 2253 1320 2291 Dingen
1356 2251 1386 2282 in
1411 2251 1484 2282 einer
1509 2249 1601 2287 Weise
1634 2259 1668 2288 zu
1703 2248 1834 2288 sprechen,

981 2299 1024 2330 die
1062 2298 1128 2335 auch
1167 2297 1211 2329 ein
1247 2295 1480 2333 Luienpublikum
1515 2294 1686 2333 interesfiren
1721 2293 1835 2331 mochte.

982 2342 1129 2380 Dieselben
1145 2341 1311 2377 Radikalen,
1336 2339 1433 2378 welche
1456 2339 1502 2371 bis
1514 2346 1566 2370 vor
1579 2338 1703 2379 wenigen
1716 2338 1837 2375 Wochen

982 2388 1009 2426 so
1034 2387 1181 2427 ungestüm
1217 2385 1284 2423 nach
1307 2383 1503 2424 Ersparnissen
1538 2384 1569 2415 in
1604 2383 1677 2415 allen
1703 2382 1836 2416 Verwal-

982 2432 1201 2472 tungszweigen,
1226 2429 1292 2466 auch
1316 2430 1376 2461 dem
1400 2430 1471 2468 Heer
1494 2428 1553 2460 und
1577 2428 1625 2459 der
1648 2427 1771 2460 Marine
1794 2436 1838 2466 ge¬

982 2477 1109 2515 sprochen
1133 2477 1241 2516 hatten,
1277 2474 1372 2515 fingen
1408 2474 1459 2512 auf
1482 2474 1588 2505 einmal
1611 2482 1649 2504 an
1671 2482 1706 2511 zu
1729 2473 1839 2503 lamen-

982 2524 1069 2557 tiren,
1093 2522 1142 2552 der
1163 2519 1395 2560 Kriegsminister
1418 2518 1496 2557 habe,
1521 2527 1571 2549 um
1594 2518 1690 2557 Herrn
1712 2516 1840 2549 Rouvier

985 2567 1029 2598 ein
1052 2565 1160 2604 schönes
1184 2564 1298 2604 Budget
1321 2572 1356 2603 zu
1381 2562 1574 2602 ermöglichen,
1598 2562 1641 2593 die
1652 2561 1840 2604 Fabrikation

984 2612 1032 2642 der
1066 2619 1153 2641 neuen
1177 2609 1310 2647 Gewehre
1346 2608 1541 2648 verlangsamt
1576 2607 1635 2638 und
1665 2607 1691 2644 so
1717 2605 1747 2638 in
1771 2609 1840 2637 aus¬

985 2654 1167 2694 nahmsweise
1202 2653 1375 2693 schwierigen
1398 2653 1498 2691 Zeiten
1532 2652 1575 2683 die
1599 2651 1755 2690 Sicherheit
1791 2651 1838 2682 des

985 2699 1094 2732 Landes
1117 2699 1270 2740 gefährdet.

1053 2745 1108 2777 Die
1131 2743 1274 2783 bündigen
1297 2742 1501 2782 Erklärungen,
1527 2740 1571 2772 die
1594 2741 1703 2778 Ferron
1727 2739 1842 2779 hierauf

986 2789 1027 2820 im
1051 2787 1302 2827 Budgetausfchuß
1338 2786 1440 2826 abgab,
1474 2785 1661 2824 überzeugten
1696 2783 1777 2821 selbst
1800 2784 1843 2815 die

986 2832 1107 2864 radikale
1127 2832 1274 2872 Mehrheit
1285 2831 1367 2867 dieser
1379 2830 1569 2869 Kommission
1585 2834 1642 2861 von
1659 2830 1709 2860 der
1722 2828 1843 2868 völligen

988 2877 1214 2916 Grundlosigkeit
1248 2876 1295 2908 der
1317 2875 1484 2915 Anklagen;
1524 2874 1591 2906 aber
1627 2877 1656 2906 es
1685 2882 1748 2905 war
1781 2873 1842 2904 dem

987 2921 1216 2962 Kriegsminister
1241 2919 1329 2961 gewiß
1353 2919 1428 2957 nicht
1450 2929 1484 2958 zu
1503 2924 1651 2959 verargen,
1675 2917 1732 2957 daß
1757 2927 1785 2948 er
1801 2917 1843 2949 die

989 2967 1054 3005 erste
1077 2966 1255 3006 Gelegenheit
1278 2964 1407 3005 benützte,
1433 2973 1481 2995 um
1506 2963 1573 3001 auch
1587 2970 1639 2995 vor
1652 2964 1698 2995 der
1714 2962 1843 3002 Oeffent»

989 3011 1091 3049 lichkeit
1115 3011 1157 3042 die
1180 3010 1263 3042 Leute
1285 3010 1333 3041 der
1356 3008 1573 3047 Verleumdung
1607 3017 1641 3047 zu
1664 3007 1766 3047 zeihen,
1802 3007 1845 3038 die

990 3056 1050 3094 ihm
1084 3055 1356 3094 Vernachlässigung
1392 3054 1478 3092 seiner
1512 3053 1712 3091 militärischen
1740 3051 1845 3091 Pflicht

991 3101 1163 3139 vorwarfen.

1058 3145 1150 3178 Dann
1185 3151 1246 3176 war
1280 3143 1328 3174 der
1365 3142 1436 3180 Fall
1469 3142 1597 3181 Caffarel
1631 3141 1680 3176 da.
1718 3141 1765 3173 der
1804 3140 1846 3173 die

990 3190 1092 3221 Armee
1115 3198 1154 3221 an
1177 3189 1266 3229 ihrem
1284 3187 1517 3226 empfindlichsten
1534 3186 1652 3226 Punkte,
1670 3186 1717 3217 der
1738 3185 1846 3224 Ehren-

991 3234 1135 3274 Hastigkeit
1159 3234 1236 3272 ihrer
1258 3232 1393 3271 Offiziere
1416 3231 1556 3270 berührte.
1601 3231 1711 3269 Ferron
1735 3230 1846 3268 prokla-

991 3280 1083 3315 mirte,
1118 3278 1174 3318 daß
1198 3279 1247 3310 der
1270 3277 1371 3315 Fehler
1407 3276 1481 3308 eines
1516 3275 1656 3314 einzelnen
1689 3275 1756 3306 oder
1779 3275 1846 3311 auch

993 3323 1128 3361 einzelner
1162 3323 1237 3362 nicht
1270 3322 1320 3358 auf
1356 3322 1409 3353 das
1434 3321 1505 3359 Heer
1542 3321 1589 3352 als
1613 3324 1714 3360 ganzes
1739 3320 1846 3358 zurück¬

992 3367 1081 3406 fallen
1104 3368 1190 3399 könne
1213 3366 1272 3399 und
1308 3366 1364 3404 daß
1388 3367 1490 3397 darum
1514 3365 1572 3396 kein
1595 3364 1694 3403 Anlaß
1722 3364 1847 3404 vorhan¬

991 3412 1044 3443 den
1068 3412 1111 3450 sei,
1136 3419 1251 3444 warum
1279 3411 1321 3442 die
1345 3409 1548 3450 Bürgerlichen
1573 3410 1672 3449 fortan
1695 3409 1750 3441 mit
1772 3410 1846 3440 min-

992 3456 1071 3487 derer
1109 3456 1241 3496 Achtung
1278 3455 1329 3493 auf
1367 3455 1411 3486 die
1448 3456 1555 3493 tapfere
1594 3454 1693 3485 Armee
1734 3453 1848 3491 schauen

993 3500 1119 3538 müßten.
1159 3499 1277 3539 Endlich
1300 3499 1456 3539 versicherte
1480 3508 1508 3530 er
1532 3498 1603 3537 seine
1626 3498 1767 3538 Zuhörer,
1792 3498 1848 3536 daß

993 3544 1036 3576 die
1059 3544 1255 3585 Gerechtigkeit
1289 3544 1359 3583 ohne
1394 3543 1520 3583 Ansehen
1555 3544 1603 3574 der
1631 3544 1737 3583 Person
1772 3543 1848 3582 ihres

993 3590 1093 3621 Amtes
1116 3589 1231 3627 walten,
1263 3588 1293 3627 ja
1316 3588 1372 3626 daß
1396 3589 1443 3619 der
1465 3588 1696 3627 Kriegsminister
1722 3587 1753 3619 in
1777 3587 1849 3626 ähn¬

993 3634 1079 3671 lichen
1104 3633 1207 3672 Fällen
1230 3642 1281 3665 um
1303 3632 1331 3670 so
1355 3632 1455 3670 stärker
1476 3632 1636 3671 zuschlagen
1659 3632 1758 3668 werde,
1800 3633 1850 3671 auf

994 3677 1018 3718 je
1042 3677 1156 3716 höherer
1179 3678 1270 3717 Stufe
1297 3676 1344 3708 der
1367 3676 1521 3715 Schuldige
1544 3676 1624 3715 stehe.

1063 3722 1120 3755 Der
1145 3722 1269 3754 General
1293 3721 1421 3760 Caffarel
1443 3720 1513 3751 wird
1542 3720 1584 3751 die
1607 3720 1702 3758 Probe
1738 3720 1850 3758 machen

996 3767 1110 3803 können,
1134 3768 1192 3798 und
1216 3766 1282 3802 nach
1305 3767 1356 3797 den
1379 3765 1471 3804 letzten
1494 3764 1674 3802 Nachrichten
1711 3765 1779 3801 auch
1803 3766 1849 3796 der

997 3812 1127 3844 Senator
1151 3811 1275 3844 General
1298 3810 1456 3846 d'Andlau,
1480 3809 1528 3840 der
1558 3808 1683 3847 ähnliche
1706 3808 1849 3847 Geschäfte

996 3857 1048 3888 wie
1072 3856 1145 3895 jener
1169 3854 1282 3891 betrieb,
1317 3855 1384 3886 aber
1419 3860 1470 3885 vor
1505 3854 1564 3884 dem
1601 3853 1761 3890 Erscheinen
1800 3853 1848 3884 des

997 3901 1355 3941 Untersuchungsbeamten
1379 3899 1409 3930 in
1425 3898 1509 3937 feiner
1523 3897 1680 3937 Wohnung
1698 3897 1741 3929 die
1758 3897 1848 3937 eigene

997 3946 1105 3985 Person
1128 3946 1160 3977 in
1182 3944 1340 3985 Sicherheit
1363 3953 1396 3983 zu
1420 3943 1537 3983 bringen
1561 3942 1664 3981 wußte.

1934 1083 2058 1116 General
2097 1082 2266 1122 Boulanger
2304 1079 2356 1120 hat
2395 1080 2456 1111 dem
2490 1078 2720 1119 Kriegsminister

1867 1128 1945 1160 einen
1969 1128 2112 1164 Vorwurf
2135 1129 2244 1159 daraus
2271 1125 2405 1166 gemacht,
2440 1123 2496 1161 daß
2530 1134 2561 1156 er
2594 1123 2721 1163 Caffarel

1866 1173 1940 1212 nicht
1963 1179 2063 1213 zwang
2087 1172 2135 1212 sich
2159 1181 2192 1212 zu
2216 1170 2375 1209 erschießen.
2422 1170 2464 1202 Es
2498 1169 2530 1206 ist
2560 1169 2638 1201 kaum
2664 1169 2721 1200 eine

1868 1219 1971 1258 Frage,
2008 1218 2064 1255 daß
2100 1218 2211 1256 Ferron
2242 1216 2371 1255 richtiger
2395 1214 2454 1246 und
2477 1213 2722 1251 republikanischer

1867 1262 2016 1303 gehandelt
2038 1263 2098 1299 hat.
2123 1262 2169 1294 als
2193 1270 2222 1294 er
2245 1261 2296 1292 den
2320 1259 2410 1299 hohen
2431 1259 2549 1299 Offizier
2572 1259 2621 1291 wie
2646 1258 2722 1296 jeden

1868 1308 1976 1339 andern
2000 1307 2174 1347 Schuldigen
2211 1306 2271 1337 dem
2295 1304 2481 1342 ordentlichen
2505 1303 2615 1343 Richter
2639 1301 2722 1336 über¬

1867 1352 1935 1391 ließ.
1983 1352 2073 1392 Wohl
2108 1352 2174 1384 aber
2209 1350 2274 1389 darf
2309 1359 2379 1382 man
2412 1348 2462 1389 sich
2498 1349 2647 1390 angesichts
2676 1348 2723 1380 des

1868 1396 2056 1436 Benehniens,
2084 1397 2136 1429 das
2152 1394 2277 1435 Caffarel
2301 1395 2360 1426 und
2384 1394 2503 1426 Andlau
2526 1393 2574 1433 seit
2592 1395 2637 1425 der
2652 1392 2722 1426 Ent¬

1868 1442 1982 1483 deckung
1994 1442 2070 1479 ihrer
2081 1442 2192 1480 Thaten
2205 1439 2360 1478 beobachtet
2372 1439 2472 1478 haben,
2497 1440 2605 1479 fragen,
2623 1437 2659 1470 ob
2683 1438 2726 1470 die

1868 1486 1963 1518 beiden
1999 1486 2141 1525 Schurken
2175 1485 2225 1525 sich
2247 1485 2409 1524 überhaupt
2432 1484 2475 1515 die
2497 1483 2603 1523 Pistole
2627 1483 2725 1522 hätten

1869 1537 1927 1563 von
1950 1532 2120 1572 irgendwem
2144 1532 2321 1571 aufdrängen
2345 1530 2442 1570 laffen.

2085 1634 2518 1698 Eidgenossenschaft.

1941 1720 2042 1758 (Korr,
2069 1723 2124 1751 aus
2148 1716 2255 1758 Bern.)
2302 1718 2365 1750 Der
2389 1715 2576 1754 Bundesrath
2609 1716 2660 1754 hat
2682 1715 2728 1747 der

1871 1765 2034 1805 Regierung
2054 1765 2103 1796 des
2119 1764 2254 1796 Kantons
2270 1763 2351 1794 Bern
2375 1767 2431 1793 von
2455 1762 2506 1792 den
2525 1760 2729 1800 Aenderungen

1873 1809 2019 1847 Kenntniß
2031 1808 2159 1850 gegeben,
2180 1807 2277 1846 welche
2289 1817 2316 1839 er
2330 1816 2377 1838 am
2391 1804 2729 1844 Branntweinpflichten-

1874 1854 1932 1892 heft
1954 1860 2173 1893 vorgenommen
2195 1852 2256 1892 hat.
2286 1852 2327 1884 Es
2351 1851 2459 1890 scheint,
2485 1850 2540 1889 daß
2564 1850 2607 1882 die
2628 1849 2729 1890 Regie¬

1875 1908 1952 1939 rung
1975 1901 2032 1930 und
2056 1899 2100 1930 die
2122 1897 2255 1931 Brenner
2280 1898 2410 1929 erwartet
2432 1896 2540 1935 hatten,
2575 1895 2620 1926 der
2643 1894 2729 1927 Bun¬

1876 1944 1991 1983 desrath
2026 1944 2121 1975 würde
2156 1943 2204 1983 sich
2239 1951 2272 1981 zu
2308 1941 2397 1973 einem
2421 1940 2550 1972 weiteren
2574 1940 2731 1980 Entgegen¬

1876 1989 2001 2020 kommen
2024 1989 2173 2028 verstehen.
2197 1987 2256 2020 Der
2281 1985 2478 2025 Zwischenfall
2502 1985 2535 2022 ist
2558 1985 2638 2024 indeß
2664 1984 2730 2022 noch

1876 2033 1950 2071 nicht
1973 2033 2097 2073 erledigt.
2143 2033 2183 2065 Es
2217 2032 2276 2072 find
2312 2031 2379 2070 noch
2415 2030 2474 2062 drei
2497 2030 2607 2069 Punkte
2628 2038 2663 2068 zu
2687 2029 2731 2060 be¬

1877 2078 2011 2115 handeln,
2034 2078 2077 2109 die
2101 2076 2307 2117 ausschließlich
2331 2077 2363 2108 in
2387 2076 2438 2107 das
2455 2075 2566 2115 Reffort
2590 2075 2636 2107 des
2662 2074 2731 2114 eidg.

1878 2122 2200 2161 Finanzdepartements
2224 2122 2322 2161 fallen.
2358 2120 2438 2153 Man
2462 2120 2549 2159 findet
2573 2119 2615 2151 die
2637 2118 2733 2152 Grad¬

1879 2167 1964 2205 stärke
1989 2172 2044 2199 von
2069 2169 2111 2198 65
2136 2166 2216 2199 Grad
2241 2166 2357 2198 Tralles
2390 2165 2456 2202 noch
2485 2173 2518 2203 zu
2542 2164 2615 2202 hoch.
2664 2163 2733 2195 Eine

1880 2212 2015 2252 wichtige,
2049 2212 2118 2250 noch
2153 2221 2186 2251 zu
2218 2210 2414 2249 entscheidende
2436 2210 2530 2250 Frage
2553 2209 2587 2248 ist
2611 2209 2662 2246 die,
2698 2209 2733 2240 ob

1880 2266 1950 2288 man
1973 2257 2025 2288 den
2040 2255 2193 2290 Brennern
2217 2256 2350 2295 gestatten
2366 2254 2457 2290 wolle,
2478 2255 2529 2286 den
2545 2254 2735 2294 sogenannten

1880 2301 2023 2341 Nachlauf
2044 2301 2190 2336 nochmals
2213 2310 2247 2339 zu
2270 2300 2407 2332 brennen.
2430 2299 2486 2332 Die
2501 2297 2735 2338 Bestimmungen

1881 2347 1930 2378 des
1953 2346 2182 2386 Pflichtenheftes
2205 2345 2289 2384 gehen
2313 2344 2411 2384 dahin,
2446 2343 2503 2382 daß
2525 2343 2572 2375 der
2596 2343 2736 2382 Nachlauf

1882 2391 1915 2422 in
1949 2391 1993 2423 ein
2017 2391 2164 2429 Reservoir
2193 2390 2354 2430 gesammelt
2390 2389 2449 2420 und
2484 2388 2561 2420 allda
2596 2388 2736 2427 verwahrt

1883 2436 1980 2467 werde.
2029 2436 2079 2469 Da
2113 2436 2147 2474 fie
2180 2435 2233 2468 mit
2267 2443 2356 2466 neuen
2381 2434 2547 2472 Apparaten
2574 2433 2638 2472 noch
2663 2432 2737 2472 nicht

1883 2479 2012 2519 versehen
2034 2480 2104 2520 find,
2128 2480 2226 2520 halten
2250 2479 2292 2511 die
2310 2480 2442 2512 Brenner
2467 2478 2628 2515 entschieden
2644 2478 2738 2510 daran

1884 2525 1944 2563 fest,
1967 2525 2025 2563 daß
2046 2525 2131 2563 ihnen
2155 2526 2202 2562 für
2226 2524 2332 2556 einmal
2354 2524 2417 2563 jene
2431 2523 2600 2562 Konzession
2617 2523 2739 2563 gemacht

1885 2570 1983 2606 werde,
2010 2570 2106 2609 welche
2129 2570 2212 2608 ihnen
2244 2569 2286 2600 die
2317 2569 2445 2608 gehörige
2470 2568 2670 2608 Verwendung
2692 2568 2740 2599 des

1885 2614 2056 2653 Nachlaufes
2095 2613 2273 2655 ermöglichen
2309 2614 2416 2645 würde.
2464 2613 2524 2646 Der
2552 2612 2740 2652 Bundesrath

1885 2659 1938 2698 hat
1970 2660 2024 2691 das
2047 2660 2117 2699 eidg.
2141 2659 2448 2700 Finanzdepartement
2484 2657 2669 2695 ausdrücklich
2700 2667 2741 2688 er¬

1885 2703 2029 2745 mächtigt,
2053 2705 2084 2736 in
2110 2704 2191 2743 dieser
2207 2703 2351 2743 Richtung
2375 2703 2417 2734 die
2439 2702 2499 2742 ihm
2519 2702 2742 2743 gutscheinenden

1886 2748 2121 2788 Bestimmungen
2144 2759 2178 2788 zu
2209 2748 2317 2787 treffen.
2364 2748 2416 2780 Da
2437 2747 2514 2786 Herr
2536 2747 2674 2786 Hammer
2697 2756 2742 2787 ge¬

1888 2793 1965 2833 neigt
2004 2793 2045 2832 ist,
2087 2794 2164 2825 allen
2201 2792 2382 2831 berechtigten
2421 2791 2533 2831 Klagen
2576 2791 2671 2831 Gehör
2708 2800 2743 2831 zu

1887 2837 2018 2876 schenken,
2054 2837 2182 2877 erscheint
2217 2837 2261 2869 rin
2285 2836 2554 2877 Entgegenkommen
2578 2836 2649 2874 nicht
2674 2839 2743 2868 aus-

1888 2882 2055 2923 geschlosien.

2132 2979 2487 3041 Kantone.

2202 3050 2431 3089 Baselftavt.

1937 3097 1984 3134 (/I
2006 3095 2151 3134 Korresp.)
2176 3096 2231 3129 Die
2254 3096 2390 3134 Revision
2413 3095 2461 3127 der
2484 3101 2536 3127 vor
2560 3094 2609 3132 eilf
2630 3094 2747 3134 Jahren

1890 3140 2072 3180 geschaffenen
2097 3141 2270 3180 Verfaffung
2293 3142 2342 3179 für
2366 3140 2526 3179 Baselstadt
2549 3139 2582 3178 ist
2606 3148 2666 3171 nun
2680 3144 2747 3171 vom

1890 3185 2010 3224 Großen
2033 3186 2112 3224 Rath
2135 3186 2176 3217 im
2189 3186 2342 3226 Grundsatz
2366 3185 2420 3217 mit
2433 3187 2474 3216 66
2500 3194 2584 3225 gegen
2597 3184 2637 3215 22
2649 3184 2747 3217 Stim¬

1893 3239 1957 3261 men
1981 3229 2151 3270 beschlossen.
2197 3230 2266 3262 Eine
2289 3229 2480 3269 Kommission
2514 3228 2651 3268 desselben
2675 3229 2747 3260 wird

1890 3275 1934 3306 die
1957 3275 2090 3315 Revision
2115 3275 2284 3307 vorbereiten
2298 3286 2306 3314 ;
2331 3275 2367 3306 da
2390 3275 2438 3306 der
2450 3272 2552 3313 Große
2564 3274 2642 3313 Rath
2658 3274 2748 3314 letztes

1891 3319 2041 3359 Frühjahr
2063 3320 2096 3351 in
2120 3321 2167 3351 der
2179 3320 2308 3359 Aussicht
2332 3319 2409 3351 einer
2431 3318 2534 3358 solchen
2547 3319 2680 3356 Revision
2693 3328 2748 3350 neu

1892 3364 2015 3403 gewählt
2037 3365 2143 3401 wurde,
2169 3365 2269 3396 kommt
2293 3364 2335 3395 die
2347 3364 2541 3403 Ausführung
2553 3364 2601 3395 der
2613 3364 2748 3403 Revision

1892 3409 1977 3447 durch
2002 3409 2079 3440 einen
2105 3409 2214 3450 eigenen
2230 3408 2491 3449 Verfassungsrath
2515 3407 2588 3447 nicht
2601 3408 2630 3440 in
2641 3408 2746 3448 Frage.

1891 3453 1950 3485 Als
1972 3453 2225 3493 Revifionspunkte
2260 3455 2376 3485 wurden
2412 3453 2454 3484 bei
2473 3452 2671 3493 Begründung
2701 3453 2749 3484 der

1894 3497 2015 3530 Motion
2033 3499 2208 3539 angegeben:
2234 3497 2325 3537 Wahl
2349 3497 2397 3529 der
2413 3498 2573 3537 Regierung
2598 3497 2679 3536 durch
2696 3497 2749 3529 dos

1893 3542 1989 3581 Volk;
2016 3542 2110 3581 ebenso
2133 3544 2180 3575 des
2203 3542 2372 3583 Mitgliedes
2396 3542 2443 3574 des
2458 3542 2667 3581 Ständcrathes
2691 3542 2748 3574 und

1894 3587 1943 3618 der
1965 3587 2150 3628 Präsidenten
2185 3587 2229 3619 der
2264 3587 2389 3625 Gerichte
2424 3605 2459 3610 —
2488 3587 2621 3625 Wahlen,
2652 3587 2749 3624 welche

1894 3631 1990 3671 bisher
2013 3632 2072 3664 dem
2098 3632 2213 3671 Großen
2237 3632 2329 3671 Rathe
2362 3632 2492 3672 oblagen.
2538 3632 2663 3664 Sodann
2698 3631 2750 3670 soll

1895 3676 1955 3708 eine
1977 3677 2109 3715 partielle
2132 3677 2440 3718 Verfaflungsrevision
2475 3677 2523 3715 für
2558 3677 2600 3708 die
2623 3676 2751 3716 Zukunft

1896 3721 2057 3761 ermöglicht
2092 3723 2201 3754 werden
2224 3722 2282 3753 und
2317 3722 2359 3753 die
2393 3721 2565 3761 Verfaffung
2597 3722 2647 3759 soll
2682 3725 2750 3753 aus¬

1894 3765 2026 3805 drücklich
2050 3766 2128 3797 einen
2152 3767 2258 3798 Artikel
2293 3766 2446 3806 enthalten,
2479 3765 2591 3804 welcher
2626 3769 2652 3798 es
2689 3766 2750 3797 dem

1893 3809 2001 3841 Staate
2024 3819 2073 3848 zur
2099 3811 2202 3850 Pflicht
2225 3810 2323 3848 macht,
2360 3810 2412 3842 den
2436 3810 2554 3848 sozialen
2576 3810 2634 3841 und
2657 3810 2750 3842 volks-

1893 3854 2152 3894 wirthschaftlichen
2165 3856 2276 3894 Fragen
2300 3854 2370 3893 seine
2386 3854 2530 3894 besondere
2542 3854 2749 3893 Aufmerksam-

1895 3897 1945 3929 keit
1967 3900 2160 3937 zuzuwenden.
2207 3899 2282 3936 Auch
2322 3906 2378 3930 von
2415 3899 2489 3930 einer
2512 3898 2665 3930 Reduktion
2702 3898 2748 3930 der

1893 3942 2129 3983 Mitgliederzahl
2161 3944 2209 3975 des
2232 3943 2349 3981 Großen
2372 3943 2484 3983 Rathes
2516 3949 2576 3974 war
2598 3943 2640 3974 die
2661 3942 2746 3980 Rede,

2765 1078 2805 1110 die
2840 1078 2891 1119 sich
2919 1078 3038 1115 dadurch
3072 1076 3214 1116 empfehle,
3251 1075 3305 1112 daß
3340 1075 3386 1107 der
3421 1074 3499 1114 Rath
3533 1072 3617 1113 durch

2766 1122 2983 1165 Uebertragung
3004 1123 3054 1155 der
3073 1122 3239 1161 wichtigsten
3261 1120 3385 1158 Wahlen
3408 1129 3448 1152 an
3469 1120 3522 1151 das
3544 1118 3619 1152 Volk

2767 1169 2825 1200 und
2849 1168 2916 1207 auch
2941 1173 2995 1201 aus
3019 1168 3128 1200 andern
3151 1166 3298 1201 Gründen,
3323 1172 3413 1205 wegen
3437 1165 3484 1197 der
3503 1164 3619 1196 weitern

2768 1213 2964 1254 Ausdehnung
3001 1213 3049 1245 der
3083 1210 3260 1248 Volksrechte
3294 1208 3463 1249 überhaupt,
3499 1218 3538 1240 an
3560 1209 3619 1241 Be¬

2768 1259 2892 1299 deutung
2915 1258 3039 1291 verliere.
3086 1255 3231 1293 Vielleicht
3255 1255 3358 1287 kommt
3380 1255 3447 1292 auch
3459 1254 3501 1286 die
3512 1253 3620 1286 Reduk¬

2770 1303 2830 1335 tion
2864 1304 2912 1335 des
2947 1300 3221 1344 Regierungsrathes
3259 1305 3315 1333 von
3350 1299 3437 1339 sieben
3471 1300 3520 1338 auf
3554 1298 3620 1339 fünf

2770 1348 2938 1388 Mitglieder
2961 1348 2991 1380 in
3014 1348 3118 1388 Frage.

2836 1393 2893 1427 Die
2916 1393 3089 1433 Opposition
3123 1390 3191 1430 hielt
3226 1390 3283 1422 eine
3310 1390 3444 1430 Revision
3478 1388 3549 1425 nicht
3571 1389 3621 1428 für

2772 1438 2871 1479 nöthig
2894 1438 2953 1470 und
2976 1437 3049 1476 nicht
3072 1438 3122 1476 für
3145 1434 3337 1474 ersprießlich;
3367 1436 3417 1473 für
3440 1433 3483 1466 die
3504 1433 3623 1472 höheren

2772 1483 2896 1523 Wahlen
2916 1480 2951 1520 sei
2974 1483 3020 1515 der
3046 1481 3143 1521 Große
3166 1479 3245 1520 Rath
3267 1480 3320 1511 das
3344 1480 3506 1520 geeignetere
3516 1478 3621 1518 Organ

2773 1528 2819 1560 als
2842 1528 2895 1560 das
2918 1528 3009 1567 Volk;
3047 1528 3093 1559 der
3123 1525 3241 1565 sozialen
3265 1525 3358 1565 Frage
3379 1524 3468 1557 werde
3491 1522 3541 1563 sich
3564 1523 3623 1554 der¬

2774 1573 2842 1611 selbe
2865 1572 2940 1611 nicht
2964 1572 3103 1612 entziehen
3125 1571 3241 1605 können,
3265 1570 3333 1608 auch
3349 1576 3430 1602 wenn
3454 1578 3481 1601 er
3503 1574 3560 1601 von
3576 1567 3623 1599 der

2774 1617 2948 1658 Verfaffung
2982 1617 3055 1656 nicht
3090 1617 3161 1655 dazu
3185 1621 3352 1656 gezwungen
3385 1614 3483 1647 werde.
3530 1613 3625 1653 Gegen

2775 1663 2833 1694 eine
2868 1662 3023 1695 Reduktion
3059 1662 3107 1694 des
3131 1660 3248 1699 Großen
3272 1660 3380 1700 Rathes
3414 1658 3510 1691 wurde
3533 1667 3562 1689 u.
3586 1657 3623 1689 A.

2775 1707 2937 1747 angeführt,
2961 1707 3016 1743 daß
3033 1705 3185 1745 demselben
3208 1704 3296 1743 außer
3311 1705 3364 1737 den
3386 1702 3626 1744 gesetzgeberischen

2775 1752 2909 1785 Arbeiten
2933 1752 2964 1784 in
2975 1750 3064 1791 Basel
3075 1751 3142 1790 auch
3159 1750 3201 1782 die
3217 1750 3291 1782 eines
3304 1747 3626 1789 Einwohnergemeinde-

2775 1797 2872 1835 rathes
2895 1797 3028 1837 zufallen,
3054 1796 3149 1835 welche
3173 1804 3210 1827 an
3235 1794 3344 1827 andern
3360 1794 3454 1827 Orten
3477 1792 3626 1832 besonder»

2775 1840 2926 1882 Behörden
2950 1841 3084 1883 obliegen.

3133 1897 3279 1939 T-sfin.

2845 1953 2960 1992 (Korr.)
2977 1953 3033 1986 Die
3045 1952 3256 1992 Verhandlung
3269 1951 3308 1983 im
3320 1951 3446 1991 Prozesse
3459 1948 3487 1982 G
3496 1949 3552 1980 ine
3560 1948 3629 1980 lla-

2778 1999 2801 2031 C
2814 2008 2831 2030 a
2843 2001 2855 2030 t
2869 2008 2880 2029 e
2892 2008 2910 2030 n
2924 2008 2940 2029 a
2954 2008 2968 2038 z
2979 2008 2992 2038 z
3003 1998 3013 2030 i
3050 1997 3146 2030 wurde
3181 1997 3309 2036 Montag
3345 1996 3394 2027 den
3432 1995 3482 2026 10.
3506 1991 3628 2026 Oktober

2778 2043 2877 2075 wieder
2901 2045 3141 2083 ausgenommen;
3177 2042 3230 2074 das
3253 2040 3367 2079 Gericht
3388 2039 3448 2079 ließ
3469 2040 3555 2078 sofort
3577 2038 3629 2070 den

2780 2088 3072 2128 Landjägerkorporal
3095 2086 3214 2121 Crivelli
3238 2085 3392 2125 verhaften,
3426 2085 3472 2116 der
3504 2083 3555 2115 den
3578 2082 3631 2115 Eid

2780 2134 2830 2173 auf
2854 2133 2951 2173 falsche
2973 2133 3121 2173 Aussagen
3153 2131 3272 2172 geleistet
3293 2130 3379 2170 hatte.
3426 2129 3466 2162 Er
3488 2129 3564 2169 hatte
3586 2136 3632 2169 ge¬

2780 2179 2850 2218 sagt,
2875 2178 3023 2217 Catenazzi
3046 2178 3117 2218 habe
3140 2176 3198 2216 ihm
3222 2176 3274 2212 aus
3295 2176 3344 2207 der
3366 2175 3491 2207 Station
3514 2173 3631 2214 Lugano

2782 2223 2839 2254 eine
2862 2222 2994 2263 Depesche
3016 2222 3085 2260 nach
3108 2221 3216 2256 Stabio
3241 2219 3417 2261 übergeben;
3447 2219 3489 2251 die
3512 2218 3631 2258 Adresse,

2781 2268 2831 2299 den
2867 2268 2937 2307 Text
2971 2268 3028 2299 und
3064 2268 3106 2299 die
3128 2265 3312 2305 Unterschrift
3355 2265 3402 2296 des
3436 2263 3634 2304 Telegramms

2782 2312 2876 2351 führte
2899 2323 2927 2344 er
2951 2322 3041 2353 genau
3066 2322 3104 2344 an
3126 2311 3186 2343 und
3208 2310 3381 2350 behauptete,
3418 2318 3446 2341 er
3477 2307 3547 2348 habe
3569 2308 3635 2339 das¬

2782 2357 2850 2396 selbe
2885 2358 2937 2396 auf
2959 2359 3018 2389 dem
3045 2355 3349 2398 Telegraphenbureau
3387 2354 3504 2395 Lugano
3539 2354 3636 2392 aufge¬

2782 2403 2877 2442 geben.
2923 2402 3003 2434 Man
3037 2402 3089 2441 hat
3124 2410 3186 2432 nun
3207 2398 3463 2441 herausgefunden,
3497 2397 3554 2435 daß
3581 2397 3636 2429 das

2783 2447 2964 2487 Telegramm
2988 2447 3109 2486 wirklich
3134 2446 3244 2485 existirt,
3270 2444 3336 2477 aber
3359 2443 3483 2483 dasselbe
3504 2442 3538 2482 ist
3563 2442 3636 2480 nicht

2784 2492 2814 2523 in
2838 2492 2966 2533 Lugano,
2992 2492 3110 2529 sondern
3134 2491 3163 2522 in
3188 2490 3358 2529 Bellinzona
3381 2488 3549 2529 aufgegeben
3561 2494 3635 2519 wor-

2785 2537 2855 2575 den;
2871 2536 2993 2576 deßhalb
3004 2538 3079 2569 kann
3094 2536 3242 2574 Korporal
3255 2535 3387 2571 Crivelli,
3409 2534 3459 2565 der
3474 2534 3505 2564 in
3519 2533 3637 2573 Lugano

2786 2581 2931 2621 stationirt
2954 2582 2987 2620 ist
2998 2583 3058 2614 und
3081 2580 3131 2622 sich
3153 2590 3204 2620 zur
3227 2579 3409 2619 betreffenden
3429 2578 3496 2618 Zeit
3519 2576 3638 2614 wirllich

2786 2626 2901 2665 daselbst
2924 2626 3035 2666 befand,
3061 2627 3114 2658 mit
3137 2626 3198 2657 dem
3221 2625 3401 2664 Telegramm
3425 2632 3495 2663 ganz
3518 2624 3639 2662 unmög¬

2788 2670 2838 2709 lich
2864 2674 2953 2703 etwas
2975 2680 3008 2710 zu
3032 2671 3106 2711 thun
3130 2670 3231 2711 gehabt
3254 2669 3352 2708 haben.

2850 2716 2947 2755 Dieser
2970 2716 3100 2748 Meineid
3136 2716 3210 2747 eines
3239 2712 3556 2755 Polizeiunterofsiziers
3588 2711 3640 2751 hat

2790 2760 2828 2792 im
2853 2761 3008 2799 Publikum
3033 2761 3113 2792 einen
3146 2759 3235 2799 höchst
3266 2758 3417 2796 peinlichen
3440 2758 3574 2790 Eindruck
3595 2765 3640 2796 ge-

2789 2805 2900 2844 macht;
2924 2805 2978 2837 das
3000 2803 3158 2845 öffentliche
3171 2803 3330 2845 Ehrgefühl
3353 2803 3486 2844 verlangt
3498 2801 3639 2842 energisch,

2790 2849 2846 2888 daß
2871 2850 2977 2882 einmal
3009 2854 3073 2882 dem
3096 2849 3317 2890 unehrenhaften
3342 2847 3463 2880 Treiben
3498 2847 3542 2879 ein
3565 2846 3641 2879 Ende

2791 2894 2912 2934 gemacht
2933 2895 3031 2932 werde,
3057 2897 3110 2927 das
3134 2898 3190 2925 aus
3212 2894 3274 2925 dem
3289 2902 3392 2934 ganzen
3404 2892 3542 2930 Verlaufe
3558 2891 3642 2928 dieses

2791 2939 2933 2979 Prozesses
2957 2949 2995 2971 an
3011 2939 3088 2971 allen
3100 2939 3213 2972 Kanten
3225 2937 3445 2978 herausschaut;
3468 2937 3508 2969 im
3520 2935 3642 2969 Stabio-

2792 2985 2908 3025 Prozesse
2930 2984 3027 3025 hatten
3052 2984 3103 3025 sich
3130 2984 3172 3016 die
3195 2983 3302 3024 jetzigen
3324 2982 3461 3024 Parteien
3483 2982 3561 3020 schon
3584 2981 3643 3013 eine

2793 3030 2922 3069 traurige
2944 3029 3147 3069 Berühmtheit
3171 3028 3322 3065 erworben,
3348 3028 3440 3059 indem
3459 3028 3495 3067 fie
3518 3027 3569 3058 den
3581 3030 3644 3058 ver¬

2793 3073 2937 3110 storbenen
2961 3074 3100 3113 Obersten
3116 3073 3206 3107 Mola
3229 3072 3397 3112 einstimmig
3420 3072 3568 3112 anklagten
3583 3070 3642 3103 und

2792 3117 2848 3157 jetzt
2871 3119 2961 3159 stehen
2984 3120 3018 3157 fie
3041 3119 3083 3151 im
3096 3118 3206 3151 Streite
3228 3126 3311 3158 gegen
3336 3117 3467 3149 einander
3479 3116 3538 3148 und
3549 3115 3644 3155 reißen

2793 3163 2843 3200 sich
2867 3163 3029 3204 gegenseitig
3065 3164 3107 3195 die
3141 3163 3317 3204 schmutzigste
3340 3161 3452 3200 Wäsche
3486 3165 3541 3193 aus
3569 3159 3645 3193 allen

2794 3208 2873 3240 Ecken
2897 3208 3007 3248 hervor.

3160 3250 3280 3292 «enf.

2846 3305 2889 3338 (Q
2906 3304 2983 3334 Korr,
3002 3313 3061 3334 vom
3083 3305 3124 3333 12.
3143 3304 3273 3337 Oktober)
3309 3303 3366 3333 Wie
3390 3304 3423 3332 icb
3442 3303 3531 3337 Ihnen
3555 3302 3646 3332 bereits

2794 3345 2964 3379 telegraphisch
2983 3346 3129 3380 mitgelheilt
3157 3344 3224 3377 habe,
3253 3344 3295 3376 hat
3321 3345 3361 3373 die
3378 3343 3534 3378 Htilsarmee
3551 3343 3645 3377 gestern

2794 3385 2884 3414 wieder
2911 3386 3000 3419 Anlaß
3025 3393 3055 3420 zu
3084 3386 3165 3415 einem
3192 3385 3286 3420 großen
3308 3384 3417 3414 Tumult
3447 3383 3558 3419 gegeben.
3595 3382 3647 3412 Sie

2794 3425 2859 3457 hatte
2878 3426 2924 3454 mit
2943 3427 2992 3454 viel
3010 3426 3142 3459 Aufwand
3170 3433 3219 3454 von
3239 3425 3357 3454 Reklame
3376 3425 3402 3453 in
3432 3424 3474 3453 der
3492 3423 3574 3453 Stadt
3592 3431 3646 3452 ver¬

2794 3465 2904 3500 kündigt,
2931 3466 2982 3499 daß
3007 3466 3063 3495 eine
3080 3466 3170 3500 Heirat
3187 3465 3297 3500 zwischen
3325 3465 3406 3494 einem
3436 3464 3575 3496 weiblichen
3594 3463 3649 3492 und

2795 3506 2875 3534 einem
2904 3506 3062 3537 männlichen
3082 3505 3284 3541 „Hauptmann"
3311 3504 3455 3538 stattfinden
3482 3504 3569 3533 werde.
3604 3503 3648 3538 Zu

2795 3546 2882 3578 diesem
2900 3546 2988 3580 Anlaß
3007 3545 3101 3579 fanden
3119 3545 3163 3579 sich
3182 3546 3234 3574 eine
3252 3545 3371 3580 ziemliche
3389 3544 3488 3579 Anzahl
3506 3551 3557 3573 von
3576 3545 3650 3577 frem¬

2795 3586 2840 3614 den
2862 3585 3032 3619 „Osfuieren"
3056 3586 3107 3619 hier
3126 3586 3153 3615 in
3172 3585 3242 3616 Gens
3261 3585 3300 3613 ein
3324 3586 3378 3614 und
3397 3585 3527 3617 spazierten
3546 3583 3649 3616 haufen¬

2797 3625 2865 3658 weise
2884 3627 2911 3653 in
2931 3626 3002 3659 ihren
3019 3626 3173 3659 Uniformen
3192 3626 3265 3657 durch
3283 3625 3369 3658 unsere
3388 3615 3494 3657 Gassen.
3523 3623 3574 3654 Sie
3591 3623 3649 3657 fan¬

2796 3666 2841 3694 den
2861 3666 2919 3695 aber
2937 3667 2984 3696 den
3003 3666 3138 3700 jedenfalls
3155 3668 3300 3695 erwarteten
3321 3664 3416 3697 Beifall
3436 3666 3518 3699 nicht;
3545 3665 3580 3693 im
3598 3663 3650 3693 Ge-

2797 3707 2913 3740 gentheil,
2931 3706 2963 3740 sie
2981 3708 3087 3736 wurden
3105 3705 3285 3740 ausgepfiffen,
3310 3713 3353 3734 wo
3371 3705 3401 3737 sie
3420 3705 3464 3739 sich
3482 3705 3589 3740 zeigten;
3612 3702 3648 3738 ja,

2797 3748 2824 3774 es
2842 3747 2948 3775 wurden
2968 3747 3040 3781 sogar
3060 3747 3153 3776 Steine
3172 3747 3244 3777 durch
3268 3746 3304 3775 die
3322 3745 3423 3780 Fenster
3443 3745 3487 3774 des
3506 3744 3650 3778 Versamm-

2797 3787 2974 3819 lungslokales
2992 3787 3126 3822 gewo.fen.

2848 3826 2897 3860 Ich
2916 3828 2993 3861 begab
3012 3828 3073 3860 mich
3090 3826 3195 3856 Abends
3213 3827 3272 3857 auch
3290 3834 3318 3859 zu
3337 3827 3379 3855 der
3392 3825 3464 3860 Feier
3482 3825 3526 3854 inS
3543 3824 3647 3857 Kasino.

2796 3866 2835 3894 Es
2854 3866 2973 3900 wohnten
2998 3867 3036 3900 ihr
3063 3870 3125 3896 etwa
3145 3866 3198 3894 500
3215 3866 3345 3898 Personen
3375 3865 3427 3899 bei;
3456 3865 3560 3900 obgleich
3588 3873 3649 3893 man

2795 3906 2841 3934 mit
2860 3906 2916 3934 dein
2935 3906 3117 3942 Eintrittsgeld
3135 3914 3186 3934 von
3208 3906 3355 3938 anderthalb
3374 3905 3490 3939 Franken
3509 3905 3574 3935 leicht
3592 3905 3646 3934 eine

2794 3946 2885 3975 andere
2903 3946 3164 3981 Theatervorstellung
3184 3946 3247 3978 hätte
3267 3945 3378 3978 besuchen
3402 3945 3508 3980 können,
3533 3953 3588 3975 war
3606 3945 3649 3974 der

368 4060 541 4109 je-illet»
571 4058 682 4103 1887.
922 4076 953 4103 ii

270 4153 550 4180 Noblesse
579 4153 792 4186 obli{-e.

353 4197 459 4227 Roman
478 4198 506 4227 in
524 4198 575 4227 drei
592 4197 717 4230 Büchern.

497 4246 556 4276 Von

340 4285 502 4320 Friedrich
520 4286 729 4322 Spielhagen.
977 4305 980 4314 ,

163 4365 229 4394 Was
247 4364 305 4393 aber
323 4362 447 4396 Johanna
477 4363 545 4396 mehr
571 4366 613 4392 als
643 4364 716 4392 AllcS
743 4362 875 4395 beruhigte,
903 4368 958 4389 war
977 4357 982 4395 j

110 4405 158 4433 das
177 4406 305 4438 Betrogen
323 4404 367 4432 des
385 4402 491 4432 Vaters.
526 4403 578 4432 Sie
595 4404 661 4435 hatte
679 4404 816 4438 gesürchtct,
835 4410 862 4431 er
880 4402 959 4430 werde
977 4399 983 4429 i

114 4445 267 4476 mindestens
286 4444 341 4473 übel
359 4443 403 4474 auf
423 4443 523 4472 Minna
554 4451 583 4478 zu
613 4444 720 4475 sprechen
748 4444 797 4476 sein
828 4442 881 4471 und
908 4441 960 4476 jene

112 4484 208 4518 Klagen
227 4484 289 4513 über
308 4484 370 4515 seine
389 4483 501 4517 mißliche
509 4482 579 4516 Lage,
598 4483 625 4511 in
644 4484 722 4512 denen
741 4492 766 4512 er
786 4483 830 4516 sich
843 4481 960 4514 während

112 4525 186 4553 dieser
204 4532 297 4559 ganzen
316 4524 395 4557 letzten
415 4523 472 4558 Zeit
492 4537 524 4542 —
543 4513 615 4556 sogar
642 4531 676 4552 an
694 4523 774 4557 jenem
793 4522 961 4557 verbängniß-

114 4565 197 4593 vollen
207 4564 296 4593 Abend
310 4570 358 4593 vor
366 4563 413 4591 den
424 4562 574 4597 Freunden!
594 4577 628 4582 —
647 4571 778 4598 ergangen,
797 4562 824 4591 in
837 4571 857 4591 ei
864 4562 961 4595 höhtem

118 4604 188 4633 Tone
205 4604 337 4638 sortsetzen.
372 4602 463 4632 Weder
482 4604 530 4632 daS
541 4603 605 4633 Eine
618 4603 677 4635 noch
689 4603 736 4631 da«
748 4602 847 4632 Andere
859 4603 961 4636 geschah.

118 4644 180 4673 Kein
198 4644 275 4673 Wort
293 4651 367 4678 gegen
386 4643 497 4675 Minna,
520 4643 558 4672 die
575 4651 600 4672 er
618 4643 698 4676 sogar,
725 4650 798 4672 wenn
825 4643 889 4672 nicht
915 4643 963 4672 mit

115 4684 184 4715 mehr
200 4683 356 4719 Zärtlichkeit
374 4697 409 4703 —
428 4691 463 4712 an
482 4685 524 4712 der
541 4686 569 4712 es
588 4683 725 4714 überhaupt
743 4684 769 4711 in
788 4682 844 4710 dem
856 4682 963 4715 Verkehr

113 4724 223 4758 zwischen
243 4724 338 4753 Beiden
357 4723 462 4754 hinüber
481 4724 534 4752 und
552 4723 655 4756 herüber
673 4723 733 4755 stets
745 4722 833 4757 gefehlt
851 4722 916 4755 hatte
929 4737 961 4743 —

112 4764 139 4797 so
156 4764 213 4794 doch
231 4765 278 4793 mit
297 4765 376 4792 etwas
395 4763 535 4798 geringerer
556 4762 628 4792 Kalte
656 4770 685 4797 ,u
713 4761 848 4795 behandeln
868 4762 962 4797 schien;

112 4803 165 4832 und
184 4803 328 4835 hinsichtlich
347 4802 425 4835 seiner
443 4803 663 4838 Angelegenheiten
692 4802 773 4834 theilte
791 4809 817 4829 er
835 4800 962 4835 Johanna

113 4844 166 4877 »im
185 4842 347 4873 Vertrauen'
370 4843 425 4876 mit,
456 4842 507 4876 daß
523 4851 550 4872 er
566 4842 614 4878 jetzt
633 4842 747 4873 Aussicht
764 4840 833 4874 habe,
859 4841 903 4874 sich
922 4842 963 4871 bis

114 4891 171 4917 zum
190 4883 332 4916 hoffentlich
350 4882 465 4917 baldigen
474 4883 590 4912 Anbruch
609 4882 709 4915 beflerer
721 4881 809 4916 Zeiten
828 4888 857 4915 zu
871 4881 964 4912 halten.

112 4922 318 4957 Woduichldiese
336 4922 458 4956 glückliche
476 4922 611 4958 Wendung
639 4923 736 4952 bewirkt
763 4921 803 4953 fei,
831 4921 895 4955 sagte
921 4922 964 4951 der

110 4963 193 4993 Vater
210 4962 285 4996 nicht.
309 4962 438 4995 Thatsache
457 4966 515 4992 aber
524 4971 588 4996 war,
606 4963 656 4997 daß
673 4962 736 4996 seine
746 4960 963 4991 Kattundruckerei

112 5011 160 5032 vor
178 5004 235 5032 dem
243 5002 405 5037 iBrookchor.
430 5003 523 5036 welche,
551 5005 598 5032 wie
624 5004 673 5032 alle
691 5000 814 5034 Geschäfte
841 5000 964 5033 derselben

111 5043 172 5077 Art,
189 5042 273 5078 längst
293 5042 432 5078 geschloffen
451 5043 566 5076 gewesen,
594 5043 632 5072 die
660 5042 747 5072 Arbeit
771 5040 862 5070 wieder
879 5040 963 5075 aufgr-

111 5091 244 5115 nommen,
260 5083 323 5116 jund
341 5082 384 5113 sich
401 5082 517 5116 Jemand
543 5082 666 5117 gefunden
693 5083 766 5115 hatte,
792 5081 835 5109 der
859 5088 890 5115 zu
916 5081 963 5110 dm

112 5124 171 5156 zwei
190 5123 309 5154 schweren
325 5121 493 5158 Hypotheken,
521 5123 568 5152 mit
586 5123 665 5152 denen
682 5123 731 5152 das
748 5121 901 5154 WohnhauS
928 5129 963 5150 an

112 5164 156 5191 der
174 5162 259 5191 Alfter
278 5161 376 5194 belastet
394 5170 458 5195 war.
475 5163 529 5192 eine
555 5162 629 5191 dritte
655 5170 743 5197 wagm
768 5162 860 5192 wollte.
895 5161 964 5192 Auch

112 5202 163 5231 da«
181 5202 209 5230 in
228 5202 307 5237 letzter
322 5200 382 5236 Zeit
407 5202 454 5235 auf
471 5203 514 5232 rin
529 5201 655 5237 Kleinste«
685 5201 848 5237 herabgesetzte
865 5200 962 5234 Wirth-

113 5241 260 5276 ichastsgeld
277 5241 374 5275 erhöhte
390 5241 434 5271 der
447 5242 526 5271 Vater
544 5242 749 5277 unaufgefordert
766 5249 811 5271 um
831 5242 879 5270 da«
889 5240 963 5274 Dop¬

112 5282 176 5313 pelte
185 5288 194 5316 ;
211 5288 238 5310 er
256 5281 337 5314 sprach
346 5281 427 5316 jsogar
440 5281 532 5315 davon,
551 5282 596 5312 dm
610 5281 899 5317 »EmpsangSabenden"
919 5288 962 5310 am

113 5320 290 5357 Donnerstag,
316 5321 399 5356 welche
424 5321 453 5350 iu
471 5322 547 5357 letzter
563 5321 621 5357 Zeit
639 5330 690 5352 nur
709 5322 768 5356 noch
784 5321 840 5350 dem
858 5320 959 5351 Ramm

1000 4042 1060 4071 nach
1079 4041 1209 4071 bestanden
1229 4042 1313 4075 hatten
1332 4055 1365 4060 —
1384 4043 1413 4070 es
1432 4048 1484 4068 war
1497 4039 1576 4072 außer
1589 4039 1687 4069 Billow
1698 4037 1754 4067 und
1764 4037 1855 4067 Sand-

1001 4080 1079 4111 ström
1098 4081 1228 4110 Niemand
1247 4081 1315 4113 mehr
1334 4080 1479 4115 gekommen
1500 4094 1530 4099 —
1550 4087 1625 4108 wenn
1654 4079 1715 4110 nicht
1745 4086 1774 4111 zu
1800 4079 1856 4107 dem

1000 4121 1069 4149 alten
1087 4120 1174 4155 Glan,
1194 4137 1226 4141 —
1247 4123 1303 4149 was
1320 4128 1368 4149 vor
1386 4121 1430 4149 der
1447 4119 1523 4154 Hand
1551 4119 1642 4151 freilich
1664 4118 1806 4152 unmöglich
1825 4118 1856 4150 sei

1004 4174 1035 4179 —
1055 4160 1081 4193 so
1099 4161 1154 4191 doch
1173 4169 1224 4189 von
1244 4160 1340 4190 Neuem
1368 4168 1399 4194 zu
1426 4161 1492 4189 einer
1520 4158 1705 4194 »anständigen
1730 4157 1857 4191 Wirklich¬

1001 4199 1060 4228 keit"
1081 4207 1109 4234 zu
1128 4200 1262 4234 verhelfen.

1055 4252 1181 4286 Johanna
1200 4261 1255 4282 war
1272 4252 1352 4281 damit
1370 4261 1433 4287 ganz
1442 4252 1640 4284 einverstanden.
1658 4252 1782 4283 Brauchte
1798 4252 1856 4284 doch

1002 4293 1091 4322 Oskar
1108 4295 1178 4322 dann
1197 4293 1349 4326 wenigstens
1366 4293 1463 4322 einmal
1480 4293 1507 4321 in
1526 4293 1569 4321 der
1590 4292 1686 4326 Woche,
1704 4301 1751 4321 um
1769 4299 1858 4326 vorzu-

1003 4334 1118 4365 sprechen,
1138 4333 1200 4363 nicht
1220 4334 1279 4360 nach
1297 4332 1377 4360 einem
1390 4331 1524 4361 Vorwand
1542 4340 1571 4365 zu
1591 4332 1693 4366 suchen;
1712 4334 1766 4361 und
1784 4332 1858 4368 wenn
1878 4332 1881 4368 \

1003 4374 1049 4402 des
1068 4372 1162 4402 Vaters
1180 4372 1404 4407 Angelegenheiten
1425 4372 1467 4404 sich
1490 4372 1516 4403 so
1535 4373 1583 4401 viel
1602 4372 1730 4406 günstiger
1749 4372 1858 4412 gestaltet
1878 4373 1881 4412 j

1003 4413 1096 4445 holten,
1114 4420 1216 4441 warum
1235 4412 1305 4444 sollte
1323 4420 1385 4440 man
1403 4411 1459 4440 dem
1471 4411 1671 4444 Sonnenschein,
1689 4414 1732 4440 der
1745 4400 1789 4444 sich
1803 4412 1860 4440 end-
1879 4419 1882 4449 |

1005 4454 1049 4486 sich
1068 4453 1156 4482 wieder
1175 4452 1351 4485 hervorwagte,
1370 4452 1434 4480 nicht
1453 4452 1573 4486 Eingang
1600 4452 1745 4485 verschaffen
1764 4452 1791 4479 in
1811 4452 1859 4480 das

1005 4493 1080 4527 triste,
1098 4493 1140 4526 seit
1158 4493 1184 4525 so
1202 4495 1290 4527 langer
1306 4491 1364 4526 Zeit
1382 4491 1492 4520 verödete
1509 4490 1607 4525 Haus?

1060 4546 1210 4580 Sielsprach
1227 4544 1333 4575 darüber
1352 4544 1400 4573 mit
1414 4543 1523 4578 Minna,
1541 4544 1629 4577 erfuhr
1647 4544 1705 4573 aber
1721 4551 1771 4573 von
1784 4544 1859 4576 dieser

1006 4588 1045 4617 die
1063 4586 1241 4620 entschiedenste
1268 4584 1429 4619 Abweisung.
1465 4584 1517 4619 Ihr
1546 4584 1624 4613 Sinn
1654 4584 1714 4618 stehe
1744 4584 1859 4617 wahrlich

1007 4628 1071 4658 nicht
1089 4629 1147 4658 nach
1165 4627 1261 4662 Freude
1279 4625 1331 4654 und
1341 4624 1495 4660 Festlichkeit,
1514 4625 1569 4653 und
1589 4625 1673 4653 wollte
1692 4624 1723 4654 sie
1735 4623 1794 4656 auch
1807 4631 1858 4653 von

1007 4669 1052 4700 sich
1070 4676 1131 4703 ganz
1149 4667 1267 4700 absehen:
1286 4667 1313 4694 in
1330 4666 1399 4694 einer
1416 4664 1482 4700 Zeit,
1509 4672 1551 4693 wo
1569 4664 1699 4696 Tausende
1718 4664 1859 4693 arbeitslos

1008 4710 1063 4738 und
1081 4710 1179 4738 brotlos
1197 4708 1271 4736 durch
1294 4706 1331 4735 die
1350 4705 1468 4739 Straßen
1487 4705 1575 4737 irrten,
1605 4705 1665 4736 habe
1691 4703 1783 4734 Keiner
1810 4706 1859 4733 das

1007 4749 1090 4781 Recht,
1109 4749 1171 4778 über
1187 4749 1236 4776 da«
1255 4746 1432 4777 unabweiSlich
1441 4744 1622 4778 Nothwendige
1641 4743 1859 4779 hinauszugehen;

1007 4790 1068 4820 auch
1087 4789 1149 4821 nicht
1167 4789 1209 4818 der
1227 4786 1420 4820 Wohlhabende,
1440 4785 1577 4820 geschweige
1590 4787 1656 4813 denn
1665 4784 1790 4819 Jemand,
1808 4785 1859 4817 der,

1008 4829 1056 4858 wie
1074 4829 1115 4858 der
1123 4829 1204 4859 Vater
1222 4842 1258 4849 —
1275 4828 1308 4861 sie
1319 4828 1379 4860 habe
1391 4829 1419 4856 «S
1433 4825 1458 4861 ja
1468 4829 1518 4854 aus
1528 4826 1618 4855 seinem
1629 4825 1728 4859 eigenen
1738 4824 1843 4854 Munde
1852 4826 1858 4852 I

1009 4883 1043 4889 —
1055 4877 1105 4898 vor
1115 4870 1195 4898 einem
1205 4869 1323 4902 völligen,
1342 4867 1528 4900 schmachvollen
1538 4865 1676 4895 Bankerott
1686 4864 1757 4900 stehe.
1775 4865 1860 4894 Wenn

1008 4916 1035 4937 er
1053 4908 1229 4943 überflüssiges
1242 4908 1310 4939 Geld
1326 4908 1395 4941 habe,
1414 4907 1440 4940 so
1459 4906 1528 4942 möge
1547 4914 1573 4935 er
1585 4908 1613 4935 es
1622 4906 1668 4939 aus
1678 4905 1861 4940 Befriedigung

1009 4948 1088 4979 seiner
1104 4949 1250 4983 Gläubiger
1268 4950 1422 4978 verwmden.
1459 4947 1498 4978 Er
1515 4947 1575 4978 habe
1601 4949 1671 4976 derer
1689 4953 1781 4981 genug,
1807 4950 1862 4974 und

1007 4987 1047 5017 die
1065 4988 1109 5022 ihn
1127 4996 1180 5018 nur
1197 4989 1303 5024 deßhalb
1321 4989 1385 5020 nicht
1404 4989 1488 5017 weiter
1504 4987 1625 5022 gedrängt
1642 4987 1736 5019 hätten,
1753 4986 1812 5016 weil
1829 4986 1862 5018 sie

1007 5028 1117 5063 gewußt,
1135 5029 1186 5062 daß
1202 5032 1232 5058 e«
1249 5028 1373 5064 erfolglos
1399 5028 1453 5060 sein
1475 5028 1570 5059 würde.
1607 5027 1659 5058 Eie
1685 5026 1790 5056 würden
1818 5027 1863 5061 sich

1008 5067 1087 5098 sofort
1104 5069 1210 5101 melden,
1230 5082 1264 5089 —
1282 5070 1336 5097 und
1354 5069 1403 5098 mit
1420 5068 1480 5104 Fug
1497 5069 1552 5098 und
1570 5068 1645 5101 Recht
1664 5082 1697 5088 —
1714 5075 1792 5097 wenn
1820 5067 1864 5097 der

1009 5106 1090 5137 Vater
1107 5108 1203 5137 merken
1222 5107 1290 5142 laste,
1308 5108 1357 5142 daß
1374 5116 1401 5138 er
1420 5109 1511 5138 wieder
1528 5109 1590 5138 über
1608 5109 1700 5138 Mittel
1717 5107 1829 5143 verfüge.

1063 5159 1128 5194 »Du
1146 5160 1192 5192 bist
1211 5161 1249 5190 die
1267 5161 1333 5190 reine
1351 5161 1518 5194 Schiller',che
1535 5161 1706 5195 Kastandra',
1736 5161 1865 5191 erwiderte

1007 5199 1133 5234 Johanna
1152 5200 1308 5232 schmollend.
1345 5201 1422 5235 »Und
1440 5201 1509 5230 dabei
1526 5203 1585 5237 liegt
1597 5203 1655 5233 doch
1666 5203 1711 5234 aus
1724 5201 1769 5231 der
1777 5201 1864 5237 Hand,

1008 5240 1059 5274 daß
1077 5239 1124 5270 Du
1142 5240 1181 5269 dir
1198 5240 1268 5270 Welt
1286 5241 1323 5270 im
1340 5241 1428 5275 Argen
1447 5241 1524 5275 siehst,
1543 5242 1616 5274 nicht,
1644 5242 1701 5271 weil
1727 5241 1761 5275 sie
1778 5241 1807 5275 so
1824 5242 1864 5277 ist,

1008 5280 1124 5314 sondern,
1141 5280 1199 5310 weil
1211 5280 1261 5310 Du
1278 5280 1311 5313 ste
1328 5280 1356 5312 so
1373 5280 1444 5313 sehen
1463 5281 1547 5315 willst.
1583 5281 1686 5314 Anstatt
1698 5283 1742 5311 der
1751 5281 1864 5312 Schreck«

1007 5320 1138 5355 lichkeiten,
1155 5321 1193 5350 die
1210 5319 1277 5356 Herr
1294 5319 1379 5355 Hirsch
1397 5320 1499 5355 schwär,
1519 5320 1567 5354 auf
1584 5320 1652 5355 weiß
1678 5321 1759 5355 haben
1778 5322 1865 5351 wollte

1903 4039 1953 4068 das
1970 4038 2064 4072 Papier
2082 4048 2137 4068 war
2157 4039 2246 4072 freilich
2263 4039 2345 4072 Alles,
2372 4047 2427 4068 nur
2444 4039 2506 4069 nicht
2525 4038 2588 4072 weiß
2608 4053 2639 4058 —
2658 4038 2752 4068 kommt

1900 4082 1952 4107 aus
1970 4079 2096 4112 Rußland
2114 4079 2167 4108 «ine
2185 4079 2401 4113 Siegesnachricht
2432 4078 2492 4107 über
2519 4080 2555 4107 die
2574 4078 2670 4111 andere,
2700 4079 2753 4107 und

1901 4119 1996 4148 Vaters
2016 4119 2128 4153 Geschäft
2146 4119 2211 4149 wird
2229 4120 2319 4149 wieder
2343 4119 2411 4153 flott,
2439 4119 2489 4152 daß
2515 4121 2542 4147 es
2571 4127 2623 4148 nur
2647 4120 2673 4153 so
2701 4119 2752 4148 eine

1902 4159 1999 4194 Freude
2019 4160 2072 4193 ist."

1959 4200 2033 4232 .Und
2052 4201 2113 4234 ich",
2131 4199 2255 4229 erwiderte
2268 4200 2378 4232 Minna,
2398 4199 2505 4234 »zweifle
2524 4199 2549 4231 so
2566 4200 2647 4234 wenig
2663 4198 2753 4234 daran,

1902 4240 1953 4273 daß
1971 4240 2040 4274 jenrr
2056 4240 2168 4273 russische
2186 4239 2258 4273 Brief
2285 4241 2323 4269 die
2353 4239 2484 4272 Wahrheit
2510 4240 2611 4273 enthielt
2637 4238 2690 4268 und
2716 4240 2753 4267 die

1903 4280 2075 4315 französischen
2096 4280 2228 4310 BülletinS
2248 4280 2333 4315 lügen,
2358 4280 2405 4309 wie
2434 4281 2466 4309 ich
2494 4281 2548 4308 dem
2575 4282 2658 4314 guten,
2685 4280 2753 4307 alten

1903 4320 1993 4349 Mann
2014 4321 2144 4354 aufrichtig
2162 4320 2278 4353 wünsche,
2303 4328 2329 4348 er
2347 4319 2420 4354 möge
2438 4320 2500 4348 nicht
2518 4319 2575 4348 bild
2594 4319 2752 4354 Gelegenheit

1902 4360 1990 4394 haben,
2009 4361 2070 4391 seine
2089 4361 2144 4390 dem
2163 4361 2241 4390 Vater
2261 4360 2388 4391 bewiesene
2407 4359 2556 4391 Großmuih
2574 4367 2603 4393 zu
2623 4359 2751 4388 bereuen."

1959 4404 2032 4437 »Wie
2048 4405 2139 4434 denn?
2174 4404 2221 4435 Du
2240 4404 2347 4439 glaubst,
2365 4403 2417 4438 daß
2434 4403 2513 4433 Vater
2539 4404 2588 4432 das
2609 4403 2676 4433 Geld
2704 4412 2754 4433 von

1902 4443 1987 4479 Herrn
2004 4444 2089 4479 Hirsch
2108 4444 2204 4477 habe?'

1959 4488 2021 4523 »Ich
2040 4490 2081 4518 bin
2102 4490 2174 4524 sogar
2192 4489 2275 4518 davon
2294 4488 2449 4523 überzeugt."

1958 4537 2039 4571 »Nun
2058 4538 2165 4570 freilich!
2202 4537 2343 4571 Kastandra
2373 4537 2438 4571 muß
2455 4536 2481 4571 ja
2500 4539 2559 4571 auch
2576 4539 2625 4568 das
2643 4538 2755 4572 wissen."

1956 4581 2079 4615 Johanna
2100 4582 2148 4615 gab
2165 4584 2194 4611 es
2211 4582 2265 4615 auf,
2284 4583 2331 4612 den
2351 4582 2495 4616 Stansinn
2514 4583 2556 4612 der
2569 4582 2709 4617 Schwester
2727 4592 2757 4618 zu

1902 4621 2007 4654 brechen,
2027 4621 2137 4656 hoffend,
2164 4623 2201 4652 die
2218 4621 2275 4658 Zeit
2304 4623 2359 4652 und
2386 4623 2430 4652 der
2458 4623 2563 4656 einfache
2580 4624 2689 4656 Verlauf
2715 4624 2758 4654 der

1902 4660 2042 4695 Ereigniffe
2060 4661 2166 4691 würden
2194 4662 2241 4690 das
2265 4662 2399 4698 schwierige
2417 4662 2531 4696 Geschäft
2558 4662 2602 4696 für
2629 4664 2659 4696 sic
2686 4662 2759 4693 über¬

1903 4701 2017 4734 nehmen.
2035 4701 2076 4737 Zu
2096 4703 2176 4735 ihrem
2194 4702 2338 4734 Erstaunen
2358 4703 2414 4732 und
2430 4703 2562 4733 Schrecken
2581 4705 2650 4734 sollte
2662 4703 2695 4737 sie
2707 4713 2759 4734 nur

1902 4742 2029 4776 allzubald
2046 4742 2169 4777 erfahren,
2187 4742 2235 4776 daß
2245 4742 2301 4778 Zeit
2323 4744 2377 4772 und
2386 4744 2525 4778 Ereigniffe
2538 4744 2583 4778 sich
2595 4745 2758 4777 verschworen

1902 4788 1933 4814 zu
1953 4782 2029 4814 haben
2049 4783 2164 4817 schienen,
2183 4783 2213 4815 sie
2232 4784 2276 4812 ins
2288 4784 2393 4815 Unrecht
2413 4792 2442 4819 zu
2460 4784 2532 4819 setzen
2549 4788 2604 4814 und
2622 4786 2657 4815 die
2667 4785 2758 4814 trüben

1903 4821 2083 4859 Voraussagm
2102 4823 2229 4853 Minna'S
2247 4824 2406 4857 buchstäblich
2423 4832 2452 4859 zu
2470 4825 2587 4858 erfüllen.

2256 4877 2282 4906 8.
2299 4877 2411 4911 Kapitel.

1959 4919 2040 4955 Zwar
2057 4922 2094 4952 die
2105 4922 2239 4952 Bulletins
2258 4930 2317 4952 vom
2327 4921 2553 4958 Kriegsschauplatz
2571 4923 2688 4956 strahlten
2702 4922 2760 4955 noch

1905 4960 1997 4990 immer
2015 4969 2065 4991 von
2083 4962 2248 4995 vollbrachten
2276 4963 2466 4997 Hrldenihalen,
2498 4964 2534 4992 im
2561 4962 2686 4999 Vergleich
2713 4964 2761 4992 mit

1906 5003 2010 5031 welchen
2028 5003 2066 5031 die
2084 5002 2165 5038 Siege
2184 5003 2254 5032 eines
2271 5002 2416 5039 Alexander
2441 5004 2498 5033 oder
2516 5003 2598 5036 Cäsar
2625 5012 2652 5038 zu
2678 5003 2760 5032 einem

1907 5041 2095 5075 kümmerlichen
2113 5042 2202 5076 Nicht«
2225 5044 2544 5078 zusammenschrumvftcn.
2581 5043 2633 5074 Die
2650 5042 2761 5076 russische

1906 5081 1999 5112 Armee
2018 5091 2074 5113 war
2090 5084 2239 5119 geschlagen,
2270 5085 2399 5116 vernichtet
2409 5084 2418 5114 l
2453 5083 2506 5114 Die
2523 5082 2761 5118 uralt-ehrwürdige

1907 5122 2068 5158 Zarenstadt,
2085 5124 2126 5153 dir
2143 5124 2228 5160 heilige
2246 5123 2363 5156 Kapitale
2381 5127 2427 5154 de«
2438 5124 2540 5157 Reiche«
2557 5125 2603 5153 mit
2621 5125 2689 5156 ihren
2711 5131 2760 5154 un¬

1907 5163 2068 5197 ermeßlichen
2094 5164 2215 5200 Schätzen
2251 5167 2305 5194 und
2336 5164 2554 5199 unerschöpflichen
2580 5164 2761 5200 HüliSquellen

1908 5204 1974 5237 hatte
1992 5205 2048 5234 dem
2065 5204 2160 5240 Sieger
2178 5213 2227 5234 von
2247 5205 2382 5234 Borodino
2411 5206 2449 5234 die
2475 5206 2597 5239 goldenen
2619 5204 2704 5237 Thore
2720 5212 2761 5239 ge¬

1908 5243 2006 5278 öffnet;
2025 5244 2152 5278 Rußland
2169 5246 2211 5279 la,
2228 5245 2374 5278 entwaffnet
2393 5252 2442 5274 vor
2458 5245 2515 5273 dem
2527 5244 2622 5279 Sieger
2633 5246 2674 5274 der
2683 5243 2760 5278 Welt,

1907 5283 1951 5312 der
1969 5283 2051 5316 seinen
2068 5284 2242 5319 Triumphzug
2271 5286 2353 5314 weiter
2381 5286 2410 5313 in
2430 5286 2476 5314 den
2496 5284 2591 5314 Orient
2620 5285 2672 5314 »nd
2701 5286 2761 5317 nach

1906 5321 2009 5357 Indien
2026 5331 2079 5353 nur
2094 5324 2144 5359 auf
2158 5324 2227 5359 kurze
2242 5323 2303 5359 Zeit
2330 5325 2511 5358 unterbinden
2528 5326 2602 5359 hatte,
2629 5325 2684 5355 dem
2712 5331 2762 5354 un¬

2799 4038 3004 4070 überwindlichen
3021 4039 3099 4074 Heere
3117 4039 3156 4068 die
3174 4038 3365 4074 wohlverdiente
3375 4038 3512 4074 Erholung
3531 4039 3591 4072 nach
3607 4038 3653 4068 der

2799 4079 2956 4114 ungeheuren
2975 4079 3123 4109 Blutarbeit
3142 4087 3173 4114 zu
3192 4078 3311 4114 gönrstn!

2851 4119 2913 4149 Das
2932 4119 3008 4153 schien
3025 4120 3092 4148 denn
3111 4119 3203 4153 freilich
3220 4118 3312 4150 danach
3329 4119 3465 4154 angethan,
3496 4119 3544 4149 den
3561 4119 3652 4149 Ueber-

2800 4160 2870 4190 mutb
2889 4163 2931 4188 der
2948 4159 3125 4189 Unterdrücker
3144 4159 3185 4188 bis
3211 4167 3239 4193 zu
3258 4160 3306 4188 den
3324 4159 3431 4189 Wolken
3458 4168 3488 4195 zu
3506 4160 3582 4193 heben
3600 4160 3653 4189 und

2799 4199 2839 4229 der
2857 4201 2938 4234 letzten
2957 4199 3095 4234 Hoffnung
3113 4199 3156 4230 der
3174 4199 3309 4231 Patrioten
3327 4200 3378 4229 das
3387 4200 3463 4230 Grab
3481 4208 3510 4234 zu
3530 4200 3651 4234 bereiten;

2798 4242 2855 4268 aber
2874 4240 2947 4274 durch
2967 4241 3004 4269 die
3014 4241 3222 4276 Siegeshymnen
3242 4240 3310 4275 jener
3328 4240 3390 4275 ging
3402 4241 3444 4270 ein
3455 4241 3582 4271 Munkeln
3600 4242 3655 4269 und

2799 4279 2910 4308 Raunen
2930 4294 2963 4299 —
2983 4279 3113 4310 Niemand
3131 4280 3197 4313 hätte
3215 4288 3244 4315 zu
3264 4280 3336 4315 sagen
3355 4281 3455 4316 gewußt
3473 4281 3531 4310 oder
3548 4283 3652 4316 gewagt,

2799 4320 2843 4348 wie
2862 4323 2891 4348 es
2918 4320 3081 4354 angehoben:
3117 4320 3165 4353 erst
3193 4321 3267 4350 kauin
3295 4321 3459 4353 vernehmbar
3486 4321 3547 4355 leise,
3584 4320 3654 4350 dann

2799 4361 2890 4393 lauter,
2909 4361 3098 4394 verständlicher
3116 4369 3168 4391 von
3187 4361 3260 4395 Thür
3280 4369 3309 4396 zu
3321 4361 3404 4397 Thür,
3422 4369 3473 4390 von
3492 4361 3606 4394 Nachbar
3622 4370 3654 4395 zu

2800 4399 2937 4435 Nachbar;
2953 4401 3067 4435 zwischen
3085 4402 3143 4436 zwei
3161 4400 3317 4433 Bekannten,
3336 4402 3375 4430 die
3392 4401 3436 4435 sich
3454 4401 3500 4434 auf
3517 4402 3559 4430 der
3578 4400 3656 4434 Gaffe

2801 4439 2947 4474 begegneten
2967 4442 3021 4470 und
3039 4450 3092 4471 von
3111 4443 3189 4471 denen
3207 4444 3234 4470 eS
3260 4442 3303 4471 der
3328 4442 3382 4470 eine
3408 4442 3464 4470 dem
3492 4441 3600 4471 anderen
3618 4442 3655 4470 im

2801 4480 2852 4510 Vo,
2858 4481 2996 4516 übergehen
3015 4483 3059 4512 ins
3078 4482 3138 4516 Ohr
3156 4481 3280 4516 flüsterte;
3299 4484 3372 4511 unter
3389 4481 3489 4514 Leuten,
3507 4482 3544 4511 die
3563 4483 3603 4511 nie
3616 4482 3652 4511 im

2802 4520 2880 4551 Leben
2899 4521 2940 4551 ein
2958 4522 3033 4552 Wmt
3052 4523 3101 4552 mit
3118 4522 3237 4552 einander
3260 4522 3399 4556 gesprochen
3426 4522 3481 4551 und
3508 4530 3558 4552 von
3577 4523 3655 4551 denen

2803 4566 2844 4591 der
2862 4563 2915 4591 eine
2934 4562 2990 4591 dem
3008 4563 3106 4592 andern
3124 4565 3174 4592 aus
3200 4563 3240 4591 der
3259 4561 3350 4591 Miene
3368 4562 3451 4595 absah,
3480 4561 3530 4596 daß
3556 4565 3585 4592 es
3611 4562 3655 4596 ihn

2803 4602 2889 4634 freuen
2907 4602 2994 4633 würde
3013 4605 3067 4632 und
3085 4612 3111 4632 er
3129 4605 3157 4631 es
3175 4603 3227 4633 ihm
3245 4602 3383 4636 mittheilen
3401 4602 3500 4637 müffe:
3523 4602 3655 4637 »Moskau

2805 4643 2912 4672 brennt!
2949 4643 3045 4677 Misten
3065 4643 3117 4673 Sie
3145 4645 3173 4671 es
3200 4642 3307 4676 schon?"
3327 4657 3361 4663 —
3383 4642 3447 4678 »Ja.
3473 4646 3502 4672 es
3533 4644 3578 4677 soll
3604 4643 3656 4673 kein

2805 4683 2884 4713 Stein
2904 4683 2974 4716 mehr
2991 4683 3035 4715 aus
3053 4684 3111 4712 dem
3128 4683 3225 4713 andern
3243 4682 3333 4717 sein?"
3356 4697 3389 4703 —
3409 4683 3500 4719 »Alles
3517 4684 3545 4713 in
3563 4684 3657 4717 Schult

2805 4724 2858 4752 und
2876 4723 2972 4754 Asche."
2992 4737 3026 4743 —
3045 4724 3121 4756 »Und
3138 4722 3188 4756 daß
3210 4723 3247 4752 die
3266 4723 3390 4757 Pestilenz
3416 4725 3443 4752 in
3473 4724 3562 4754 seinem
3579 4723 3657 4760 Heere

2805 4762 2937 4793 wütbet?"
2958 4777 2994 4783 —
3013 4763 3111 4799 »Möge
3141 4762 3173 4796 sie
3201 4763 3243 4795 ihn
3275 4763 3350 4795 selber
3377 4763 3485 4797 holen!"
3517 4778 3550 4784 —
3580 4763 3657 4800 »Den

2804 4803 2893 4832 Kreml
2910 4803 2957 4838 soll
2975 4812 3000 4833 er
3019 4804 3085 4833 beim
3104 4803 3203 4838 Abzüge
3229 4812 3273 4833 am
3292 4804 3557 4839 dreiundzwanzigstm
3575 4806 3656 4839 eigen¬

2805 4843 2899 4878 händig
2916 4843 2944 4872 in
2963 4844 3002 4874 die
3011 4843 3069 4876 Luft
3087 4844 3215 4879 gesprengt
3233 4843 3349 4873 haben?"
3370 4858 3405 4865 —
3423 4843 3518 4879 »Sieht
3530 4845 3584 4879 ihm
3594 4844 3657 4878 ähn¬

2806 4884 2857 4915 lich.
2876 4884 2932 4913 dem
2949 4883 3105 4916 Mordbund
3114 4884 3137 4914 l"
3159 4898 3193 4904 —
3213 4884 3289 4918 »Und
3306 4884 3343 4913 die
3361 4884 3481 4919 Preußen
3506 4885 3582 4918 sollm
3599 4886 3657 4918 auch

2807 4923 2874 4956 schon
2893 4924 3015 4959 schwierig
3032 4923 3157 4954 werden."
3178 4938 3212 4944 —
3233 4923 3364 4959 »Glaub'S
3373 4932 3452 4960 gern:
3471 4924 3502 4958 sie
3514 4925 3592 4959 haben
3606 4932 3658 4954 nur

2806 4963 2899 4994 darauf
2916 4967 3041 4999 gewartet,
3060 4965 3112 4999 daß
3130 4964 3174 4998 ihn
3192 4965 3288 4994 einmal
3305 4965 3347 4995 der
3365 4964 3456 4995 Teufel
3474 4965 3538 4994 beim
3555 4965 3657 4998 Kragen

2806 5004 2910 5036 nehmen
2930 5004 3041 5034 würde."
3062 5019 3095 5025 —
3116 5004 3192 5040 »Und
3210 5008 3266 5034 wa«
3284 5004 3347 5037 thun
3362 5006 3409 5034 wir
3418 5004 3433 5034 ?
3452 5005 3551 5038 woraus
3560 5006 3657 5034 warten

2806 5042 2878 5072 wir?
2914 5043 3012 5075 Sollen
3029 5045 3079 5074 wir
3097 5046 3188 5075 immer
3205 5052 3257 5074 nur
3284 5044 3322 5075 die
3349 5044 3428 5080 Faust
3456 5045 3484 5074 in
3510 5045 3552 5074 der
3569 5044 3660 5078 Tasche

2806 5083 2926 5113 ballm?"
2946 5098 2980 5105 —
3002 5084 3107 5120 »Still!
3137 5086 3169 5114 da
3196 5085 3287 5115 kommt
3313 5085 3388 5119 einer,
3417 5084 3466 5114 den
3484 5084 3553 5114 kenn'
3571 5085 3605 5119 ich
3623 5099 3658 5105 —

2806 5124 2853 5153 das
2872 5124 2903 5157 ist
2920 5125 2981 5159 auch
2998 5125 3024 5158 so
3041 5127 3083 5155 ein
3100 5124 3268 5160 sranzöstscher
3280 5124 3381 5159 Spion.
3415 5124 3532 5156 Rehmen
3544 5124 3596 5156 Sie
3613 5124 3659 5161 sich

2807 5164 2834 5193 in
2852 5164 2945 5198 Acht!"
2969 5179 3000 5186 —
3022 5165 3091 5202 »Hat
3110 5166 3189 5198 nicht«
3206 5173 3236 5201 zu
3254 5165 3342 5200 sagen:
3362 5165 3389 5199 so
3400 5164 3483 5195 einem
3495 5165 3589 5201 Schuft
3600 5166 3660 5201 sieht

2807 5205 2895 5234 man'S
2911 5204 2939 5239 ja
2956 5213 2992 5235 an
3009 5205 3052 5236 der
3071 5205 3138 5238 Nase
3155 5205 3216 5235 an."

2859 5245 2921 5275 Uad
2938 5253 2992 5275 nur
3009 5246 3078 5281 kurze
3095 5245 3152 5282 Zeit
3170 5246 3282 5282 »erging,
3305 5245 3336 5274 da
3356 5245 3399 5279 sah
3416 5253 3479 5275 man
3496 5249 3525 5276 e«
3542 5248 3594 5276 au«
3611 5246 3658 5275 den

2781 5312 2785 5319 .
2807 5283 2920 5317 düsteren
2938 5285 3037 5316 Blicken
3054 5287 3099 5315 der
3116 5285 3263 5321 Bedränger
3281 5285 3360 5320 selbst,
3388 5288 3439 5316 »u«
3468 5286 3537 5321 ihren
3554 5287 3658 5321 scheue«,

2807 5324 3006 5361 argwöhnische«
3024 5325 3152 5360 Mienm;
3177 5325 3211 5355 da
3237 5325 3307 5361 hörte
3333 5334 3396 5356 man
3420 5329 3475 5357 au«
3491 5326 3658 5362 abgerissene«

78 5382 170 5551 L
