4110 5551
167 181 264 242 M
295 178 433 237 173
469 176 703 249 Grstes
745 168 1169 236 Avendblatt.

1589 159 1671 230 Der
1707 156 1879 228 Zürcher
1917 155 2087 228 Zeitung
2125 153 2225 215 123.
2261 151 2495 226 Iahrgmg.

2925 149 3271 218 Dienstag,
3307 143 3431 203 A4.
3465 141 3641 214 Jnni
3677 142 3893 202 1902.

167 304 1042 723 Neue
1143 277 2482 767 Zürcher
2583 280 3914 778 Zeitung

250 792 691 830 Abounementspreise.
752 797 879 822 8Mo»ak
909 797 925 821 o
932 796 1032 821 Monat«
1053 795 1081 819 12
1087 795 1186 819 Monate
3290 797 3302 803 -
3313 797 3382 809 .....
3499 803 3515 807 ..
3547 754 3576 805 ..
3727 753 3752 774 %

250 792 691 831 AbounementSpreise.

173 840 268 866 SBti*
286 844 354 862 wenn
367 838 401 860 kie
416 836 514 863 Zeitung
527 833 595 861 abgeh

212 867 247 889 do.
290 865 334 889 inS
349 864 417 894 HliuS
434 859 538 890 gebracht
583 874 693 884 ....

174 893 295 919 Schwei,
320 890 444 916 Bestellung
458 888 513 910 beim
528 886 660 912 Postbnikau
680 902 687 908 .

231 919 265 941 do.
318 919 360 941 emt
376 917 451 945 Bezug
463 914 530 936 unter
544 913 700 939 Privatadrrste

175 944 369 972 Deutschland
391 942 517 968 Bestellung
537 939 596 962 beim
609 939 705 968 Postamt

175 970 482 998 Vesterrrich-Nngarn
557 967 593 991 do.

177 997 477 1027 Italien-Aegypten
562 994 598 1018 do.
721 1009 728 1018 .
755 992 799 1020 Fr.

178 1029 201 1049 R
210 1027 320 1052 »bland
560 1020 597 1045 do.
721 1018 799 1044 .«bl.

178 1053 377 1081 UebrigeStaaten
391 1053 430 1074 de»
444 1048 698 1075 Weltpostverein»
714 1062 723 1071 .
739 1047 781 1075 Fr.
798 1044 833 1066 12.
843 1044 871 1065 SO

623 834 628 855 t
641 833 695 855 wird
723 847 729 855 .
755 830 798 858 Fr.
813 829 873 852 5.50

770 900 780 911 .
812 883 872 905 0.50

769 911 779 938 .
812 911 827 931 8
828 920 870 932 .-

747 937 797 961 Mk.
812 938 834 958 S.
847 946 872 953 -

753 965 798 988 Ar.
813 963 873 986 7.62

946 856 1018 877 11.50

946 882 1018 904 12.50

945 909 1016 931 15.-

1349 860 1498 992 mit
1565 851 2134 1019 schmtzklWs
2197 847 2750 1014 HmilklsM.

349 1095 352 1104 >
365 1084 499 1117 Theaterstr.
516 1079 828 1117 Zledaktionsvureau
848 1077 973 1104 Soethestr.

3227 797 3612 833 Jnfertlouspreise:

3151 838 3195 861 Per
3208 837 3335 864 einspaltige
3345 836 3456 863 PetitzeUe
3471 838 3519 858 oder
3532 837 3595 858 deren
3608 835 3684 858 Kaum

3091 865 3127 889 sstr
3141 865 3175 886 die
3190 863 3286 891 Schwel,
3301 867 3329 887 25
3343 864 3399 891 Rp..
3420 864 3456 890 siir
3470 863 3512 884 ta»
3526 861 3629 885 Aulland
3643 864 3671 884 40
3685 861 3737 887 Np..

2916 891 3102 920 L^nl-Jnserate
3114 893 3143 915 20
3157 891 3202 919 Np.
3213 891 3274 918 («xkl.
3283 891 3385 923 Finanz-
3400 889 3654 917 u.Ehiffre.An,eigen,
3665 889 3733 915 sowie
3747 887 3763 915 s.
3773 886 3927 913 «ltien-D,')

3243 918 3365 942 Rellamen
3376 918 3419 945 Fr.
3430 918 3477 940 1.—
3488 921 3530 942 per
3536 915 3608 944 Zeile.

3217 953 3333 982 Alleinige
3348 952 3637 980 Inseraten-Annahme!

3080 1001 3136 1007 —
3136 1002 3231 1006 --
3263 984 3427 1014 ISndoIf
3442 984 3580 1013 Glosse
3653 999 3704 1003 —
3704 996 3759 1003 —

2945 1022 3062 1044 Annoncen
3072 1022 3198 1049 Expedilio»
3219 1021 3255 1047 für
3270 1022 3310 1043 alle
3325 1020 3496 1048 schwel,-rischen
3512 1021 3559 1042 und
3577 1018 3740 1045 ausländischen
3762 1017 3886 1044 Zeitungen

3180 1055 3195 1076 5
3208 1053 3340 1080 Thcatcrstr.
3361 1048 3467 1084 Zürich
3488 1051 3610 1080 ü-oethestr.
3627 1051 3655 1072 10

239 1335 292 1377 In

332 1181 897 1259 Tagesbericht

475 1278 550 1306 vom
575 1270 631 1305 24.
658 1265 758 1307 Juni.

340 1332 514 1378 Bayern
561 1331 650 1375 führt
696 1328 748 1365 die
790 1324 932 1362 klerikale
956 1320 1071 1363 Partei

172 1380 258 1416 einm
282 1378 318 1422 so
342 1378 502 1422 lebhaften
525 1375 641 1420 Kampf
688 1382 782 1419 gegen
832 1368 1072 1406 Liberalismus

171 1425 235 1460 und
260 1423 573 1466 Protestantismus,
625 1419 685 1461 daß
734 1423 768 1454 es
811 1426 863 1452 am
889 1414 996 1459 Platze
1020 1412 1068 1455 ist,

171 1469 226 1513 hin
251 1468 317 1503 und
344 1467 457 1502 wieder
481 1465 598 1507 darauf
622 1463 823 1507 austnerksam
848 1471 887 1505 zu
935 1457 1067 1500 machen.

172 1513 239 1550 Die
262 1511 423 1557 Angriffe,
461 1510 569 1554 welche
592 1508 777 1551 namentlich
803 1514 867 1542 von
891 1505 946 1541 der
971 1503 1075 1538 ultra¬

172 1561 346 1594 montanen
371 1554 667 1599 Kammermehrheit
699 1551 872 1597 ausgehen,
927 1548 996 1592 find
1022 1555 1074 1582 um

171 1604 205 1646 so
230 1602 453 1645 auffallender,
486 1600 549 1642 als,
580 1600 638 1635 wie
661 1603 724 1633 aus
741 1599 795 1633 der
813 1594 970 1637 Aachener
987 1592 1073 1627 Rede

172 1649 231 1684 des
253 1647 384 1692 Kaisers
408 1645 604 1691 hervorgeht,
655 1642 744 1686 selbst
778 1641 836 1676 der
859 1638 962 1682 Papst
987 1646 1077 1681 zuge-

173 1692 274 1736 stehen
299 1691 418 1734 mußte,
472 1690 523 1726 die
563 1687 741 1734 katholische
764 1684 876 1727 Kirche
899 1682 979 1728 habe
1002 1682 1076 1717 über

175 1736 388 1780 Deutschland
437 1735 521 1780 nicht
570 1744 606 1778 zu
642 1733 760 1776 klagen.
816 1730 898 1764 Eine
922 1726 1079 1769 lebendige

176 1782 395 1827 Schilderung
429 1781 486 1816 des
510 1779 661 1822 Kampfes
686 1778 721 1812 in
744 1775 879 1819 Bayern
903 1782 972 1810 nun
996 1771 1080 1816 giebt

177 1827 227 1863 die
273 1826 372 1866 Rede,
425 1824 534 1868 welche
580 1825 633 1859 der
678 1820 809 1857 liberale
858 1818 1074 1862 Abgeordnete

178 1871 221 1907 W
234 1870 247 1906 i
258 1880 276 1906 r
290 1875 304 1906 t
317 1871 338 1913 h
356 1869 390 1905 in
407 1869 461 1905 der
477 1867 849 1912 Abgeordnetenkammer
865 1874 903 1907 zu
921 1862 1079 1905 München

180 1916 285 1960 letzten
310 1916 477 1958 Samstag
516 1914 656 1957 gehalten
680 1912 746 1955 hat.
793 1910 843 1945 Er
867 1907 975 1952 führte
997 1911 1078 1942 ans:

236 1968 289 2003 Ich
311 1970 378 1998 trete
398 1967 446 2002 für
464 1966 517 1996 den
548 1963 763 2001 konfessionellen
784 1962 907 1999 Frieden
928 1960 980 1996 ein,
1014 1958 1078 1989 aber

182 2009 246 2043 nach
266 2008 338 2043 dem,
373 2010 437 2037 was
458 2007 488 2037 in
507 2006 560 2035 den
580 2006 668 2041 letzten
687 2004 786 2040 Tagen
806 2002 1019 2039 vorgekommen
1038 1999 1078 2035 ist,

182 2046 254 2080 kann
272 2049 318 2078 ein
337 2048 444 2084 Mann,
467 2047 521 2077 wie
540 2045 587 2082 ich,
611 2045 763 2081 unmöglich
776 2043 933 2079 schweigen.
956 2041 1003 2071 Es
1013 2040 1083 2070 kann

183 2090 231 2120 der
251 2089 333 2124 Beste
353 2088 425 2123 nicht
445 2088 476 2117 in
497 2086 619 2123 Frieden
637 2084 720 2121 leben,
759 2091 840 2114 wenn
859 2086 891 2112 es
921 2082 984 2112 dem
1005 2080 1085 2116 böse»

183 2129 313 2163 Nachbar
332 2128 403 2163 nicht
423 2127 534 2164 gefällt.
571 2125 663 2163 (Sehr
683 2125 775 2160 wahr!
795 2124 884 2159 rechts
906 2123 963 2153 und
985 2121 1083 2156 links.)

240 2172 284 2202 Es
304 2170 339 2206 ist
364 2169 468 2205 richtig,
517 2168 574 2203 daß
614 2167 654 2197 die
683 2166 758 2196 Los
788 2164 862 2195 von
883 2162 1086 2195 Rom-Be¬

185 2218 353 2247 wegung
372 2210 403 2239 in
413 2207 581 2244 Oesterreich
600 2207 679 2243 ihren
698 2206 785 2239 ersten
794 2205 913 2240 Anfang
923 2209 1087 2239 genommen

185 2251 235 2287 hat
255 2253 312 2280 aus
332 2249 489 2285 politischen
505 2248 652 2284 Gründen,
680 2245 744 2276 aber
763 2246 805 2276 im
826 2245 910 2281 Laufe
931 2244 978 2273 der
997 2243 1087 2279 Jahre

186 2291 245 2323 und
266 2290 326 2327 sehr
346 2289 411 2320 bald
431 2290 480 2324 hat
501 2289 571 2324 diese
591 2289 750 2324 Bewegung
770 2285 823 2322 sich
844 2293 914 2322 ganz
925 2284 1087 2319 entschiede»

188 2331 345 2369 geläutert:
383 2333 441 2360 aus
460 2330 507 2359 der
525 2327 680 2364 politischen
698 2327 866 2363 Bewegung
886 2326 919 2360 ist
953 2324 1012 2354 eine
1031 2324 1086 2354 Be¬

186 2379 309 2408 wegung
329 2372 378 2401 der
415 2368 558 2404 Gewissen
598 2367 748 2405 geworden.
793 2365 954 2402 (Gelächter
974 2364 1087 2399 rechts.)

188 2413 239 2449 Ich
262 2411 327 2448 gebe
347 2418 387 2447 zu,
412 2410 467 2446 daß
489 2409 531 2440 die
552 2408 711 2445 Bewegung
731 2415 789 2438 von
823 2405 1012 2442 Deutschland
1032 2406 1086 2435 aus

188 2453 350 2488 unterstützt
368 2451 450 2487 wird,
488 2450 554 2481 aber
575 2449 697 2487 geschieht
718 2451 749 2478 es
783 2447 857 2478 deim
876 2446 948 2481 nicht
969 2443 1084 2481 überall,

189 2494 248 2528 daß
268 2493 312 2522 die
324 2491 604 2528 Glaubensgenossen
623 2490 697 2520 eines
706 2489 818 2519 Landes
837 2488 916 2522 ihren
927 2486 1090 2517 Glaubens¬

189 2534 320 2571 genossen
339 2533 369 2563 in
390 2532 477 2562 einem
517 2532 624 2561 andern
643 2529 732 2560 Laude
772 2536 806 2565 zu
836 2528 914 2564 Hilfe
954 2527 1086 2562 kommen,

189 2582 270 2606 wenn
291 2577 324 2604 es
343 2572 477 2607 notthut?
496 2571 595 2606 Gehen
614 2571 685 2601 denn
704 2570 777 2604 nicht
800 2576 857 2599 von
890 2567 979 2604 Ihrer
1008 2566 1090 2597 Seite

191 2616 269 2651 (zum
288 2614 445 2648 Crntruin)
465 2611 548 2648 solche
567 2611 683 2642 Vereine
716 2609 784 2644 auch
803 2609 912 2643 hinaus
943 2607 974 2637 in
993 2608 1091 2638 andere

191 2654 317 2686 Länder?
346 2654 420 2686 Kein
440 2651 551 2687 Mensch
572 2652 641 2682 wird
660 2649 758 2686 Ihnen
777 2649 835 2679 das
855 2648 938 2683 Recht
958 2648 1028 2684 dazu
1049 2647 1091 2677 be¬

193 2695 309 2730 streiten,
353 2693 419 2724 aber
440 2693 494 2723 wir
534 2691 646 2725 wahren
684 2693 741 2720 «ns
783 2688 870 2723 dieses
891 2687 975 2722 Recht
1015 2686 1088 2722 auch.

192 2733 288 2770 (Sehr
308 2732 421 2768 richtig!
442 2732 543 2766 links.)
564 2731 626 2761 Der
644 2729 698 2759 Los
719 2737 775 2759 von
798 2727 1052 2762 Roin-Bcwcgung
1061 2726 1092 2755 in

190 2772 361 2807 Oesterreich
380 2773 413 2806 ist
434 2771 626 2807 vorgeworfen
644 2769 767 2804 worden,
802 2768 840 2803 sie
859 2767 896 2802 sei
916 2766 1091 2803 Hochverrat.

191 2813 260 2843 Wer
279 2812 335 2840 das
356 2810 423 2846 sagt,
469 2810 516 2839 der
536 2809 711 2843 identifiziert
741 2808 799 2836 das
819 2807 906 2841 Haus
938 2805 1094 2840 Habsburg

191 2851 361 2887 vollständig
381 2850 436 2879 mit
455 2850 517 2879 dem
556 2847 716 2883 päpstlichen
737 2845 851 2881 Stuhl;
890 2845 984 2875 daniit
1022 2846 1092 2875 wird

192 2891 267 2926 wohl
288 2891 387 2926 Kaiser
401 2889 495 2925 Franz
513 2888 620 2923 Joseph
638 2887 709 2921 nicht
728 2886 938 2920 einverstanden
958 2884 1022 2919 sein,
1046 2884 1093 2913 der

195 2932 300 2965 einmal
322 2932 413 2967 gesagt
433 2930 489 2966 hat,
506 2936 537 2959 er
556 2929 592 2965 sei
612 2926 754 2963 überzeugt
773 2933 831 2956 von
851 2926 914 2955 dem
934 2923 1093 2958 Patriotis¬

195 2976 264 3005 mus
283 2973 343 3003 und
363 2972 409 3001 der
420 2967 663 3000 Vaterlandsliebe
683 2967 730 2996 der
743 2965 945 3001 evangelischen
955 2963 1089 2999 Christen,

196 3013 245 3047 aus
265 3013 310 3043 die
331 3021 359 3042 er
380 3010 428 3046 sich
449 3009 514 3045 auch
535 3009 565 3039 in
584 3008 707 3045 Zukunft
726 3005 863 3041 verlassen
896 3004 990 3035 könne.
1025 3003 1093 3034 DaS

195 3054 282 3090 klingt
321 3052 385 3087 doch
424 3051 494 3085 nicht
514 3050 567 3080 wie
604 3050 658 3079 daS
677 3047 760 3078 Wort
802 3047 880 3076 eines
900 3043 1018 3080 Kaisers
1055 3050 1093 3074 an

198 3091 412 3131 Hochverräter!
452 3090 528 3126 Rach
550 3089 663 3125 Bayern
703 3087 735 3123 ist
768 3087 813 3118 die
852 3087 909 3116 LoS
930 3093 985 3115 von
1005 3084 1093 3115 Rom-

196 3135 367 3170 Bewegung
386 3131 457 3167 nicht
477 3130 631 3166 verpflanzt
649 3129 770 3159 ivorden.
794 3126 886 3157 Wenn
901 3125 958 3161 hier
978 3125 1009 3155 in
1027 3123 1095 3155 Ver¬

198 3175 396 3212 sammlungen
434 3172 493 3202 und
513 3170 664 3207 Predigten
683 3169 751 3199 über
791 3167 835 3197 die
855 3167 911 3196 Los
931 3173 986 3195 von
1006 3165 1095 3196 Rom-

199 3216 365 3252 Bewegung
385 3212 544 3250 gesprochen
563 3211 663 3246 wurde,
707 3209 735 3244 so
755 3207 863 3245 geschah
884 3208 938 3237 daS
977 3214 1033 3236 nur
1051 3206 1098 3241 für

201 3256 411 3292 Protestanten,
436 3262 485 3284 um
496 3252 565 3287 diese
584 3251 648 3281 über
667 3249 710 3279 die
723 3248 926 3284 österreichische
936 3247 1098 3283 Bewegung

200 3298 230 3328 in
244 3294 393 3329 Kenntnis
413 3302 445 3332 zu
465 3294 553 3330 setzen.
577 3291 650 3326 Graf
663 3290 744 3325 Paul
758 3287 952 3325 Hoensbroech
973 3287 1022 3323 hat
1042 3287 1098 3322 hier

199 3338 230 3369 in
258 3336 401 3372 München
439 3334 483 3364 die
500 3333 559 3364 LoS
577 3340 632 3363 von
650 3331 908 3366 Rom-Bewegung
947 3336 999 3364 gar
1028 3326 1099 3363 nicht

199 3378 322 3414 berührt,
366 3375 484 3411 sondern
522 3381 579 3403 nur
599 3372 663 3402 über
702 3372 754 3401 den
775 3369 1018 3406 Toleranzantrag
1055 3375 1099 3405 ge¬

199 3418 333 3456 sprochen,
357 3416 407 3446 der
427 3422 493 3445 vom
515 3415 651 3444 Crntruin
671 3412 711 3442 im
732 3410 901 3447 Reichstage
930 3408 1100 3445 eingebracht

199 3467 270 3491 war.
313 3457 405 3487 Wenn
425 3456 474 3486 der
494 3451 685 3490 Evangelische
723 3451 815 3483 Bund
834 3451 866 3481 in
905 3450 952 3480 der
983 3456 1100 3480 neueren

199 3499 263 3536 Zeit
285 3497 345 3528 eine
367 3495 464 3532 scharfe
476 3495 602 3531 Sprache
622 3493 707 3531 führt,
730 3493 759 3529 so
781 3491 831 3528 hat
851 3500 880 3521 er
895 3490 1000 3523 Grund
1020 3490 1097 3526 dazu.

199 3540 241 3570 Er
262 3538 296 3574 ist
317 3536 479 3571 entstanden
498 3543 547 3573 zur
566 3533 685 3570 Abwehr
706 3540 791 3571 gegen
812 3531 950 3568 Angriffe,
984 3529 1028 3561 die
1047 3537 1102 3561 von

200 3578 291 3615 hohen
312 3576 490 3613 katholischen
511 3574 636 3612 Stellen,
677 3574 707 3610 ja
728 3581 785 3605 von
807 3572 884 3602 Rom
905 3570 990 3607 selber
1020 3578 1102 3607 gegen

201 3622 254 3651 den
273 3618 543 3655 Protestantismus
572 3615 695 3652 gerichtet
714 3613 830 3644 worden
849 3613 921 3648 sind.
962 3610 1028 3641 Aus
1056 3610 1104 3641 der

203 3667 324 3691 neueren
344 3658 409 3695 Zeit
429 3658 554 3688 erinnere
573 3656 612 3691 ich
631 3663 668 3686 an
686 3655 730 3685 die
750 3653 833 3690 Lehre
852 3654 904 3683 deS
924 3651 1052 3690 Jesuiten
1070 3651 1103 3680 de

203 3702 275 3732 Luca
295 3700 364 3730 über
384 3699 427 3729 die
447 3698 650 3734 Verbrennung
690 3696 736 3726 der
758 3697 851 3731 Ketzer
871 3693 929 3724 und
969 3701 1008 3723 an
1026 3693 1105 3729 jenen

203 3740 390 3778 Hirtenbrief,
435 3739 468 3770 in
486 3741 550 3769 dem
588 3739 629 3769 die
667 3737 829 3774 gennschten
849 3735 927 3769 Ehen
967 3734 1015 3764 als
1047 3741 1104 3764 ver¬

204 3781 375 3817 brecherische
396 3780 453 3810 und
494 3777 666 3815 schimpfliche
699 3776 924 3812 Verbindungen
963 3773 1106 3811 bezeichnet

203 3822 319 3853 rvorden
358 3820 427 3856 sind.
468 3819 528 3850 Die
560 3817 753 3856 „Wartburg"
796 3816 880 3852 (Das
917 3814 1022 3852 Organ
1058 3813 1106 3844 der

203 3862 259 3893 Los
278 3868 337 3891 von
357 3858 620 3894 Rom-Bewegung.
656 3857 714 3887 Die
732 3856 833 3892 Red.),
878 3855 910 3885 in
930 3854 978 3885 der
1019 3854 1105 3885 vieles

204 3898 403 3936 veröffentlicht
422 3899 503 3934 wird,
546 3901 610 3928 was
629 3898 664 3928 da
684 3897 742 3927 und
782 3896 847 3926 dort
867 3895 909 3925 im
937 3896 1106 3927 Centrums-

206 3944 284 3979 lager
304 3948 390 3977 gegen
429 3940 524 3975 unsere
545 3938 637 3973 Kirche
676 3937 816 3973 geschehen
854 3936 915 3966 und
948 3935 1106 3972 gesprochen

206 3983 321 4015 worden
342 3981 382 4017 ist,
425 3979 475 4015 hat
495 3978 542 4016 sich
564 3979 683 4009 niemals
717 3977 776 4008 eine
796 3976 1013 4012 Beschimpfung
1042 3976 1107 4006 oder

207 4022 395 4059 Schmähung
435 4021 484 4051 der
533 4018 705 4055 katholischen
754 4017 852 4053 Kirche
902 4024 936 4054 zu
983 4016 1106 4052 schulden

1116 1143 1244 1173 kommen
1265 1139 1361 1175 lassen.
1383 1138 1448 1168 Der
1459 1138 1523 1168 Ton
1534 1136 1581 1167 der
1593 1132 1788 1173 „Wartburg"
1799 1133 1833 1168 ist
1854 1133 1899 1162 ein
1919 1131 2017 1162 nobler

1118 1180 1322 1220 (Widerspruch
1343 1179 1382 1210 im
1405 1177 1568 1213 Ccntrum),
1611 1176 1663 1206 den
1684 1174 1740 1205 Sie
1763 1174 1833 1210 (daS
1865 1173 2022 1208 Centrum)

1119 1223 1194 1257 wohl
1213 1222 1245 1252 in
1263 1221 1360 1257 Ihren
1400 1219 1513 1255 eigenen
1553 1214 1816 1253 Prcßerzeugnissen
1854 1213 2025 1249 nachahmen

1120 1264 1247 1293 könnten.
1291 1259 1398 1298 (Zuruf
1418 1259 1509 1290 links:
1550 1258 1617 1288 Das
1637 1255 1754 1293 bringen
1777 1254 1835 1284 Sie
1875 1262 1926 1290 gar
1955 1253 2025 1288 nicht

1121 1303 1235 1340 fertig!)
1256 1302 1335 1332 Man
1354 1301 1403 1336 hat
1424 1301 1527 1337 gesagt,
1553 1298 1610 1329 eine
1623 1297 1678 1328 Los
1698 1305 1754 1328 von
1769 1295 2027 1329 Rom-Bewegung

1121 1345 1158 1380 sei
1177 1345 1210 1374 in
1228 1343 1346 1378 Bayern
1384 1341 1466 1376 durch
1486 1339 1664 1376 Flugblätter
1702 1345 1759 1367 von
1788 1333 2027 1371 protestantischer

1122 1385 1207 1416 Seite
1236 1387 1293 1413 aus
1333 1381 1453 1420 geschürt
1492 1380 1613 1410 worden.
1655 1376 1835 1414 Interessant
1876 1376 1908 1410 ist
1949 1374 2027 1404 dabei

1122 1424 1283 1461 immerhin,
1325 1423 1381 1458 daß
1403 1421 1491 1452 keiner
1531 1428 1585 1450 von
1617 1419 1716 1455 Ihnen
1756 1418 1821 1454 (zur
1841 1415 1960 1452 Rechten
1981 1423 2023 1451 ge¬

1122 1466 1247 1501 wendet)
1268 1466 1376 1495 daraus
1417 1464 1508 1493 etwas
1529 1460 1649 1494 vorlcsen
1669 1459 1779 1495 konnte,
1817 1458 1872 1488 das
1894 1456 1953 1487 eine
1972 1456 2027 1487 Be¬

1124 1507 1296 1545 schimpfung
1314 1505 1411 1536 Roms
1433 1502 1576 1538 enthalten
1594 1500 1679 1536 hätte.
1721 1499 1806 1534 Diese
1846 1497 2028 1535 Flugblätter

1124 1547 1269 1583 enthalten
1288 1554 1343 1576 nur
1362 1544 1610 1581 Aufforderungen
1649 1548 1711 1576 znm
1732 1538 1895 1576 Festhalten
1926 1545 1963 1568 an
1983 1537 2030 1567 der

1125 1587 1324 1625 evangelischen
1344 1585 1450 1620 Kirche.
1494 1584 1595 1619 Sehe»
1627 1582 1684 1613 Sie
1723 1582 1792 1617 statt
1826 1577 2029 1616 „evangelisch"

1126 1630 1192 1660 oder
1214 1625 1451 1664 „protestantisch"
1496 1622 1683 1661 „katholisch",
1719 1623 1748 1658 so
1770 1620 1878 1651 können
1898 1619 1958 1650 Sie
1987 1618 2032 1649 die

1127 1670 1308 1709 Flugblätter
1327 1669 1374 1704 für
1388 1667 1461 1703 Ihre
1482 1665 1565 1696 Leute
1584 1664 1718 1699 benützen.

1184 1711 1257 1743 Run
1297 1710 1402 1740 komme
1422 1707 1460 1742 ich
1500 1714 1533 1742 zu
1553 1706 1614 1736 dem
1654 1703 1806 1740 Flugblatt
1848 1701 1971 1737 „Treu
1990 1708 2032 1737 zu

1127 1753 1155 1784 R
1168 1761 1184 1783 o
1196 1751 1255 1783 ni".
1290 1751 1333 1781 Es
1354 1749 1404 1784 hat
1427 1746 1566 1784 eigentlich
1587 1745 1666 1776 einen
1685 1745 1797 1780 schönen
1817 1742 1906 1774 Titel.
1940 1741 2033 1772 Wenn

1128 1802 1198 1824 ,nail
1219 1792 1274 1822 daS
1294 1791 1321 1827 so
1342 1790 1409 1826 liest,
1454 1788 1530 1823 sollte
1552 1795 1620 1817 man
1639 1785 1748 1821 denken,
1791 1783 1828 1814 da
1851 1782 1962 1814 werden
1980 1782 2034 1812 Er¬

1129 1833 1312 1869 mahnungen
1332 1831 1415 1861 darin
1436 1828 1533 1865 stehen,
1578 1828 1624 1857 als
1644 1829 1725 1862 guter
1748 1823 1921 1860 katholischer
1943 1822 2034 1857 Christ

1130 1874 1178 1911 sich
1199 1882 1233 1911 zu
1274 1873 1404 1908 betragen
1426 1879 1455 1901 u.
1478 1869 1498 1906 s.
1521 1876 1556 1899 w.
1598 1866 1672 1898 Aber
1706 1866 1799 1896 davon
1839 1864 1908 1899 steht
1948 1863 2034 1898 nichts

1129 1916 1278 1945 darinnen.
1320 1913 1377 1945 Dr.
1403 1910 1513 1946 Pichler
1551 1908 1601 1944 hat
1621 1908 1721 1945 gesagt,
1766 1908 1800 1937 es
1832 1904 1950 1941 stünden
1981 1911 2036 1934 nur

1130 1954 1313 1990 Wahrheiten
1322 1952 1470 1984 darinnen.
1494 1950 1547 1986 Ja,
1572 1951 1624 1979 das
1636 1947 1698 1985 gebe
1719 1947 1756 1982 ich
1777 1954 1819 1984 zu,
1842 1946 1887 1976 die
1898 1944 2036 1980 ein;elnen

1131 1995 1244 2031 Punkte
1265 1995 1323 2029 sind
1346 1992 1477 2029 objektive
1498 1990 1673 2025 Thatsachcn.
1697 1988 1773 2019 Aber
1792 1988 1849 2017 das
1869 1986 1902 2021 ist
1917 1993 1977 2015 nun
1992 1986 2034 2016 die

1131 2035 1277 2074 jesuitische
1298 2034 1397 2069 Kunst,
1441 2033 1496 2063 mit
1515 2032 1562 2060 der
1601 2031 1643 2060 die
1663 2028 1777 2064 Sachen
1799 2028 1827 2063 so
1868 2026 1958 2063 schlau
1991 2035 2035 2063 zu-

1132 2075 1365 2113 sammcngestellt
1385 2074 1454 2110 sind,
1497 2071 1540 2101 die
1560 2070 1732 2106 Aussprüche
1772 2068 1965 2098 auseinander
1994 2075 2037 2104 ge¬

1132 2119 1226 2154 rissen,
1270 2116 1313 2147 die
1346 2113 1515 2151 Thatsachen
1536 2113 1563 2148 so
1604 2110 1764 2147 hingestcllt,
1809 2109 1864 2145 daß
1899 2107 1936 2144 sie
1956 2108 2038 2144 giftig

1133 2159 1237 2190 wirken
1256 2157 1373 2193 müssen.
1395 2155 1462 2186 Wir
1481 2154 1601 2185 könnten
1620 2152 1675 2183 mit
1696 2150 1849 2185 ähnlichem
1870 2152 2038 2185 entgegnen:

1133 2197 1376 2235 Lebcnsgeschichte
1418 2194 1611 2231 verschiedener
1649 2192 1761 2228 Päpste,
1814 2190 1859 2221 die
1909 2189 2039 2220 bekannte

1135 2238 1357 2276 Taxilgeschichte
1376 2244 1406 2268 u.
1430 2236 1449 2271 s.
1472 2243 1508 2266 w.
1551 2234 1624 2265 Aber
1658 2233 1688 2262 in
1708 2233 1799 2263 einem
1821 2230 1975 2267 Flugblatt
1996 2238 2038 2266 ge¬

1136 2280 1277 2317 schrieben,
1320 2278 1397 2310 wäre
1418 2280 1450 2307 eS
1470 2275 1541 2310 nicht
1561 2276 1614 2305 daS
1646 2273 1758 2310 richtige
1779 2272 1849 2302 Bild
1882 2273 1929 2302 der
1949 2271 2040 2306 katho¬

1135 2322 1232 2358 lischen
1253 2320 1356 2355 Kirche.
1400 2317 1466 2354 Also
1488 2315 1619 2352 schreiben
1640 2314 1696 2344 Sie
1736 2312 1803 2348 auch
1822 2312 1896 2348 nicht
1916 2312 1952 2349 so,
1986 2311 2040 2347 daß

1136 2363 1233 2397 unsere
1273 2359 1367 2396 Kirche
1387 2359 1416 2394 so
1456 2357 1575 2392 entstellt
1615 2355 1696 2386 wird.
1739 2353 1832 2385 Statt
1871 2353 1924 2388 auf
1962 2352 2042 2388 solche

1138 2402 1251 2438 Sachen
1271 2410 1303 2438 zu
1323 2399 1477 2436 verweisen,
1520 2397 1593 2427 wäre
1616 2398 1647 2426 eS
1667 2395 1730 2431 doch
1752 2394 1837 2429 besser
1857 2393 1985 2430 gewesen,
2010 2401 2041 2428 zu

1137 2445 1234 2481 sagen:
1255 2443 1300 2478 In
1319 2440 1461 2476 München
1481 2438 1542 2475 sind
1563 2438 1626 2473 fünf
1645 2437 1709 2466 oder
1728 2434 1803 2471 sechs
1822 2433 2041 2470 protestantische

1137 2484 1264 2519 Kirchen,
1287 2483 1323 2513 da
1344 2481 1407 2518 geht
1426 2478 1534 2510 einmal
1553 2478 1646 2513 hinein
1664 2477 1723 2507 und
1744 2475 1812 2511 seht,
1854 2477 1920 2505 was
1939 2475 2041 2509 Prote¬

1138 2525 1312 2561 stantismus
1322 2522 1364 2557 ist.
1386 2521 1468 2551 Oder
1479 2528 1547 2551 man
1567 2519 1642 2555 hätte
1653 2516 1763 2548 einmal
1783 2516 1839 2546 daS
1850 2514 2041 2552 Evangelische

1140 2564 1373 2601 Sonntagsblatt
1391 2562 1464 2598 lesen
1486 2560 1580 2597 sollen.

1197 2606 1261 2638 Der
1282 2603 1398 2642 „Odin"
1421 2603 1484 2639 geht
1502 2604 1561 2631 uns
1599 2599 1687 2635 nichts
1707 2608 1746 2629 an
1767 2598 1826 2628 und
1848 2597 2041 2631 Graßmanns

1139 2647 1221 2679 Werk
1241 2654 1302 2676 war
1342 2643 1398 2681 sein
1418 2643 1527 2679 eigenes
1565 2640 1654 2671 Werk.
1698 2640 1806 2669 Weiter
1825 2638 1899 2668 wird
1918 2637 1948 2667 in
1981 2638 2043 2667 dem

1141 2686 1295 2724 Flugblatt
1333 2692 1389 2715 von
1410 2681 1649 2719 Geschichtslügen
1686 2678 1857 2716 gesprochen.
1891 2676 2044 2712 Döllinger

1141 2728 1203 2757 will
1224 2726 1290 2756 aber
1309 2725 1398 2755 weder
1419 2722 1529 2759 Jansen
1549 2722 1614 2756 noch
1634 2719 1738 2756 Pastor
1757 2718 1943 2753 beistimmcn.
1979 2718 2044 2747 Mit

1143 2765 1384 2803 Geschichtslügen
1423 2763 1525 2798 dürfen
1546 2761 1605 2792 Sie
1624 2764 1684 2791 »nS
1721 2760 1783 2795 also
1803 2759 1875 2794 nicht
1909 2758 2042 2789 kommen.

1142 2807 1250 2836 Weiter
1270 2805 1340 2835 wird
1360 2811 1417 2833 von
1437 2804 1485 2832 der
1508 2802 1600 2837 „Art"
1634 2801 1683 2829 des
1702 2799 1967 2834 Protestantismus
2002 2806 2045 2832 ge¬

1142 2845 1278 2881 sprochen.
1301 2845 1369 2874 DaS
1390 2841 1424 2875 ist
1437 2841 1504 2871 aber
1525 2841 1621 2875 gerade
1641 2839 1684 2868 die
1697 2838 1754 2868 Art
1775 2838 1825 2866 deS
1847 2836 2043 2872 evangelischen

1140 2885 1267 2919 Wesens,
1309 2881 1365 2917 daß
1385 2883 1418 2911 es
1456 2881 1520 2910 dem
1543 2878 1691 2915 Einzelnen
1729 2877 1774 2907 die
1794 2876 1920 2911 Freiheit
1958 2875 2043 2911 seines

1143 2923 1302 2958 Gewissens
1323 2919 1467 2955 überläßt.
1510 2919 1600 2949 Wenn
1621 2918 1697 2948 dann
1735 2917 1777 2947 im
1796 2916 1882 2951 Laufe
1901 2915 1949 2946 der
1980 2915 2044 2950 Zeit

1141 2963 1323 2999 verschiedene
1376 2959 1554 2997 evangelische
1605 2956 1948 2994 Kirchengemeinschaften
1996 2955 2043 2990 sich

1141 3002 1366 3040 hcrausgebildet
1385 3001 1484 3037 haben,
1509 2999 1538 3035 so
1557 2999 1590 3034 ist
1610 2998 1653 3029 die
1674 2999 1782 3034 Frage,
1807 3005 1840 3034 zu
1860 2996 1971 3031 welcher
1990 2996 2044 3027 Art

1142 3052 1200 3075 von
1237 3042 1504 3078 Portestantismus
1542 3048 1611 3070 man
1630 3039 1726 3075 halten
1746 3038 1808 3074 soll,
1853 3036 1970 3073 objektiv
2001 3036 2046 3066 be¬

1143 3084 1266 3121 rechtigt,
1310 3092 1343 3121 zu
1363 3083 1426 3113 dem
1464 3080 1622 3116 höhnischen
1661 3079 1740 3110 Tone
1761 3078 1835 3115 aber,
1879 3079 1928 3109 der
1966 3077 2048 3107 darin

1143 3126 1219 3162 liegt,
1245 3124 1341 3159 hatten
1361 3122 1422 3153 Sie
1442 3122 1501 3153 kein
1521 3121 1614 3157 Recht.
1657 3119 1745 3151 Giebt
1765 3122 1798 3149 es
1836 3119 1910 3149 denn
1939 3118 1970 3147 in
2002 3118 2048 3147 der

1145 3165 1324 3201 katholischen
1364 3163 1460 3198 Kirche
1500 3162 1572 3197 nicht
1592 3167 1683 3198 genau
1719 3159 1856 3196 dasselbe,
1889 3167 1911 3195 z.
1934 3158 1973 3189 B.
2006 3158 2049 3188 die

1147 3206 1234 3243 große
1257 3205 1408 3241 Spaltung
1429 3205 1478 3234 der
1496 3202 1620 3238 römisch-
1645 3200 1702 3231 nnd
1722 3198 2051 3237 griechisch-katholischen

1147 3246 1253 3282 Kirche,
1277 3246 1329 3276 den
1349 3243 1618 3280 AltkatholizisnluS
1637 3249 1667 3272 u.
1691 3242 1710 3277 s.
1734 3240 1795 3272 w.?

1205 3288 1275 3319 Das
1295 3285 1448 3323 Flugblatt
1469 3284 1526 3315 und
1560 3284 1634 3319 Herr
1652 3282 1709 3313 Dr.
1733 3281 1846 3317 Pichler
1868 3280 1958 3313 haben
1976 3280 2052 3311 dann

1147 3326 1329 3364 verschiedene
1347 3326 1376 3358 A
1385 3333 1406 3355 u
1417 3328 1435 3355 S
1445 3325 1456 3360 s
1464 3334 1485 3361 p
1493 3332 1509 3355 r
1519 3325 1540 3354 ü
1549 3324 1575 3359 ch
1585 3323 1599 3354 e
1627 3322 1805 3358 Luthers
1833 3321 1967 3358 gebracht,
2000 3329 2053 3351 um

1148 3367 1359 3404 nachznweisen,
1403 3366 1460 3400 daß
1480 3364 1524 3395 die
1544 3362 1761 3401 protestantische
1782 3362 1879 3397 Kirche
1919 3362 1963 3392 ein
1993 3370 2054 3392 ver¬

1148 3411 1270 3440 rottetes
1289 3407 1418 3444 Institut
1438 3406 1471 3441 ist
1490 3405 1549 3435 und
1568 3405 1620 3435 wir
1641 3404 1711 3439 nicht
1733 3403 1787 3434 viel
1808 3406 1879 3433 wert
1899 3402 1968 3438 sind.
1997 3402 2055 3433 Di«

1149 3448 1325 3485 Aussprüche
1346 3447 1403 3478 Dr.
1427 3445 1554 3482 Luthers,
1597 3445 1641 3476 die
1661 3445 1718 3475 Dr.
1741 3443 1855 3479 Pichler
1875 3443 1966 3474 citiert
1994 3442 2051 3480 hat,

1150 3490 1211 3526 sind
1234 3489 1352 3525 objektiv
1372 3487 1559 3518 vollkommen
1577 3485 1683 3523 richtig.
1725 3485 1803 3516 Aber
1824 3487 1881 3514 aus
1902 3484 1966 3514 dem
1998 3484 2056 3520 Zu¬

1150 3530 1355 3567 sammenhang
1376 3528 1438 3565 sind
1477 3528 1513 3565 sie
1534 3527 1656 3564 gerissen.
1698 3526 1763 3556 Und
1782 3525 1814 3555 in
1853 3524 1963 3560 welcher
1991 3524 2057 3560 Zeit

1150 3571 1268 3602 wurden
1289 3571 1324 3607 sie
1363 3569 1487 3607 gethan?
1525 3569 1571 3605 Zu
1592 3567 1667 3598 einer
1705 3566 1780 3603 Zeit,
1823 3573 1870 3596 wo
1902 3573 1971 3596 man
2004 3565 2057 3596 viel

1151 3610 1250 3641 derber
1267 3610 1300 3641 in
1319 3611 1367 3641 der
1386 3609 1465 3639 Rede
1484 3616 1554 3644 war,
1595 3615 1642 3639 wo
1662 3608 1718 3637 daS
1757 3606 1871 3643 sittliche
1889 3605 1977 3637 Leben
2009 3605 2060 3642 auf

1152 3652 1230 3682 einer
1249 3651 1308 3687 sehr
1346 3650 1491 3686 niedrigen
1513 3649 1603 3685 Stufe
1641 3649 1729 3684 stand.
1773 3648 1840 3680 Aus
1880 3648 1933 3677 den
1970 3647 2059 3677 vielen

1154 3691 1301 3728 Schriften
1320 3692 1379 3722 und
1399 3691 1519 3727 Briefen
1557 3689 1677 3725 Luthers
1696 3690 1763 3725 darf
1803 3696 1871 3718 man
1893 3687 1957 3722 doch
1989 3688 2060 3722 nicht

1152 3733 1196 3763 die
1236 3732 1355 3769 einzelne
1375 3732 1470 3767 Sache
1489 3731 1701 3768 herausgreifen
1721 3729 1782 3760 und
1804 3729 1904 3765 sagen:
1943 3728 1994 3759 So
2027 3728 2060 3764 ist

1154 3773 1205 3804 der
1233 3773 1332 3803 Mann
1370 3772 1507 3810 gewesen!
1547 3771 1630 3808 Rein,
1673 3779 1741 3801 man
1782 3770 1853 3805 muß
1893 3770 1947 3800 das
1979 3776 2061 3806 ganze

1155 3812 1374 3849 Charakterbild
1383 3812 1505 3848 Luthers
1517 3812 1680 3846 betrachten.
1703 3811 1761 3842 Bei
1774 3810 1836 3840 dem
1848 3809 2060 3846 Doppelehefall

1155 3854 1205 3890 hat
1224 3852 1327 3888 Luther
1345 3861 1403 3885 nur
1424 3855 1453 3890 so
1494 3853 1646 3889 gehandelt,
1689 3859 1739 3882 um
1761 3851 1842 3886 durch
1883 3851 1928 3881 ein
1961 3850 2060 3880 kleines

1155 3895 1202 3925 ein
1221 3894 1358 3930 größeres
1377 3893 1465 3924 Uebel
1483 3901 1517 3931 zu
1536 3893 1677 3929 verhüten.
1700 3892 1772 3928 Hier
1790 3891 1842 3926 hat
1860 3889 1963 3926 Luther
1975 3890 2063 3926 geirrt

1155 3935 1214 3966 und
1234 3935 1346 3972 gefehlt,
1370 3943 1400 3965 er
1419 3935 1501 3971 stand
1521 3934 1585 3965 aber
1603 3937 1687 3964 unter
1721 3933 1784 3964 dem
1805 3931 1946 3968 Einflüsse
1977 3931 2062 3966 seiner

1154 3976 1228 4013 Zeit,
1254 3976 1302 4007 der
1340 3979 1547 4007 monientanen
1565 3973 1763 4011 Verhältnisse.
1806 3973 1853 4009 In
1873 3972 1965 4007 seinen
1984 3972 2062 4003 Aus¬

1154 4016 1285 4053 sprüchen
1303 4017 1339 4052 ist
1355 4016 1427 4052 seine
1446 4015 1530 4052 Lehre
1550 4015 1619 4051 nicht
1640 4014 1793 4050 enthalten,
1835 4013 1911 4049 wohl
1933 4012 1998 4043 aber
2030 4012 2062 4043 in

2070 1130 2171 1167 seinem
2212 1128 2312 1159 kleinen
2332 1127 2544 1163 Katechismus.
2580 1125 2697 1160 Luthers
2716 1125 2815 1155 Worte
2849 1123 2912 1159 sind
2934 1124 2981 1159 für

2071 1174 2129 1201 uns
2147 1170 2389 1206 Mcnschenworte,
2433 1168 2530 1202 unsere
2550 1166 2645 1202 Kirche
2678 1165 2811 1202 hingegen
2830 1165 2905 1199 stellt
2925 1163 2973 1199 sich

2074 1212 2125 1247 auf
2143 1211 2252 1242 Gottes
2270 1211 2365 1247 Wort,
2390 1209 2450 1239 und
2471 1208 2574 1239 darum
2595 1207 2701 1238 können
2721 1205 2775 1236 wir
2803 1205 2881 1239 wohl
2900 1212 2978 1240 zuge-

2074 1252 2175 1289 strhen,
2220 1251 2274 1286 daß
2296 1251 2344 1282 der
2366 1250 2453 1286 große
2492 1250 2590 1279 Mann
2630 1247 2678 1283 sich
2698 1247 2728 1276 in
2748 1246 2801 1276 den
2841 1245 2980 1282 einzelnen

2076 1293 2196 1323 Stücken
2217 1291 2322 1322 einmal
2363 1291 2453 1327 geirrt
2472 1289 2530 1326 hat.
2574 1288 2648 1320 Aber
2687 1286 2768 1322 durch
2788 1286 2845 1322 sein
2879 1289 2979 1323 ganzes

2075 1333 2164 1364 Leben
2184 1333 2233 1368 hat
2253 1342 2282 1363 er
2301 1332 2443 1368 bewiesen,
2488 1330 2544 1366 daß
2564 1338 2592 1360 er
2611 1328 2654 1359 ein
2675 1337 2745 1365 ganz
2764 1328 2890 1363 anderer,
2934 1326 2977 1355 ein

2076 1374 2254 1410 sittenreiner,
2298 1371 2517 1408 charakterfester
2537 1371 2631 1401 Maim
2652 1370 2694 1405 ist.
2736 1368 2807 1399 Das
2826 1366 2980 1404 Flugblatt

2077 1415 2126 1450 hat
2146 1414 2274 1450 versucht,
2319 1413 2437 1449 unseren
2457 1410 2558 1446 Luther
2579 1409 2789 1446 herabzusetzen;
2830 1408 2886 1437 das
2920 1405 2986 1441 Hilst

2077 1456 2174 1492 Ihnen
2193 1454 2292 1490 nichts,
2318 1457 2376 1483 uns
2399 1452 2503 1489 schadet
2524 1455 2555 1482 eS
2574 1452 2671 1486 nichts.
2713 1450 2775 1480 Der
2795 1449 2895 1478 Mann
2915 1447 2982 1482 steht

2078 1496 2141 1531 doch
2160 1496 2191 1526 in
2212 1494 2298 1531 seiner
2317 1502 2424 1531 ganzen
2443 1491 2683 1528 Charaktergröße
2716 1490 2765 1520 als
2784 1489 2833 1519 der
2863 1487 2984 1522 deutsche

2077 1538 2175 1567 Mann
2195 1535 2251 1566 mit
2290 1535 2393 1571 seinem
2416 1533 2680 1568 kindlich-frommen
2702 1532 2808 1567 Herzen
2828 1537 2883 1559 vor
2915 1530 2983 1559 uns.

2078 1578 2120 1608 Er
2140 1585 2201 1607 war
2223 1576 2266 1606 ein
2285 1576 2383 1605 Mann
2404 1575 2456 1604 des
2480 1572 2610 1609 Gebetes,
2655 1572 2702 1601 der
2722 1570 2841 1605 heiligen
2862 1568 2983 1604 Schrift.

2081 1618 2164 1654 Diese
2173 1616 2302 1653 Achtung
2320 1615 2412 1651 lassen
2430 1615 2487 1645 wir
2506 1616 2563 1643 uns
2577 1612 2657 1648 durch
2676 1611 2765 1646 nichts
2777 1610 2981 1640 verkümmern.

2080 1658 2139 1689 Die
2159 1657 2366 1694 Kleinigkeiten
2408 1656 2496 1692 lassen
2515 1654 2568 1684 wir
2607 1654 2709 1690 gelten;
2749 1650 2851 1686 Luther
2871 1650 2906 1687 ist
2926 1649 2985 1680 kein

2080 1699 2207 1736 Heiliger
2225 1699 2352 1735 gewesen,
2400 1696 2432 1728 in
2453 1697 2500 1727 der
2520 1695 2638 1732 heiligen
2678 1692 2788 1729 Schrift
2816 1691 2903 1727 steht:
2942 1691 2986 1721 Es

2083 1741 2157 1776 giebt
2179 1740 2250 1770 keine
2271 1737 2414 1774 Heiligen.
2455 1736 2530 1767 Was
2550 1734 2651 1771 Luther
2670 1742 2738 1771 war,
2776 1740 2838 1762 war
2858 1740 2888 1762 er
2921 1739 2991 1768 ganz

2082 1782 2141 1811 und
2161 1780 2240 1817 groß.
2282 1779 2438 1815 Döllinger
2457 1777 2493 1813 ist
2531 1776 2633 1807 immer
2652 1774 2731 1810 mehr
2749 1774 2809 1804 und
2828 1772 2910 1808 mehr
2940 1780 2989 1808 zur

2082 1822 2284 1856 Anerkeimung
2303 1821 2350 1850 der
2373 1819 2543 1854 Bedeutung
2563 1815 2683 1852 Luthers
2702 1815 2873 1852 gekommen.
2910 1811 2987 1848 (Ab¬

2083 1861 2205 1892 warten!
2226 1861 2339 1896 rechts.)
2376 1859 2461 1896 Nein,
2485 1858 2532 1889 der
2552 1857 2647 1888 Mann
2666 1855 2700 1892 ist
2722 1855 2872 1892 gestorben,
2899 1853 2935 1884 da
2956 1852 2988 1888 ist

2083 1902 2171 1938 nichts
2190 1900 2269 1936 mehr
2287 1901 2480 1937 abzuwarten.

2140 1943 2234 1974 Wenn
2251 1941 2296 1972 die
2317 1940 2412 1976 Sache
2432 1941 2460 1976 so
2483 1939 2559 1976 steht,
2584 1939 2611 1974 so
2632 1938 2740 1968 werden
2760 1935 2814 1966 wir
2834 1939 2893 1966 uns
2913 1934 2985 1969 nicht

2085 1983 2179 2014 weiter
2199 1984 2301 2012 darum
2323 1981 2511 2017 bekümmern,
2555 1980 2609 2015 daß
2630 1987 2698 2009 man
2718 1978 2748 2008 in
2781 1975 2987 2013 Flugblättern

2087 2025 2137 2060 auf
2156 2023 2333 2060 verschiedene
2363 2020 2584 2058 protestantische
2604 2019 2771 2055 Theologen,
2815 2018 2859 2047 die
2881 2017 2910 2047 in
2932 2024 2991 2046 ver¬

2085 2065 2233 2101 schiedener
2250 2064 2339 2099 Weise
2360 2063 2536 2098 ausgetreten
2555 2061 2614 2097 sind
2635 2060 2693 2090 und
2713 2060 2762 2096 sich
2781 2057 2854 2093 nicht
2888 2057 2993 2088 immer

2088 2107 2137 2141 auf
2155 2105 2299 2142 positivem
2318 2103 2422 2135 Boden
2444 2102 2581 2137 befunden
2618 2101 2716 2137 haben,
2760 2098 2896 2135 hinweist.
2938 2098 2991 2133 Ich

2087 2147 2194 2182 stimme
2213 2145 2301 2181 diesen
2322 2144 2396 2179 nicht
2418 2143 2470 2181 bei,
2494 2143 2532 2178 ich
2553 2142 2620 2178 stehe
2640 2142 2691 2177 auf
2711 2140 2858 2177 positivem
2880 2137 2991 2169 Boden.

2087 2187 2162 2218 Aber
2181 2189 2213 2217 es
2232 2186 2300 2222 liegt
2320 2184 2388 2215 eben
2427 2184 2527 2221 gerade
2547 2183 2578 2213 in
2608 2182 2719 2218 unsenn
2752 2178 2992 2217 protestantischen

2090 2227 2234 2264 Glauben,
2277 2226 2333 2262 daß
2353 2233 2423 2255 man
2464 2225 2525 2255 dem
2547 2223 2694 2261 Einzelnen
2733 2223 2788 2252 das
2807 2223 2895 2252 Wort
2917 2220 2990 2255 nicht

2089 2268 2230 2304 verbietet,
2253 2267 2306 2297 wir
2326 2266 2418 2301 haben
2438 2263 2712 2301 Gewissensfreiheit.
2737 2261 2818 2293 Sind
2839 2262 2913 2292 denn
2923 2260 2991 2295 diese

2088 2310 2223 2342 Männer,
2266 2308 2334 2344 diese
2355 2307 2537 2343 Professoren
2556 2306 2605 2336 die
2626 2304 2729 2341 Kirche,
2772 2302 2816 2332 die
2850 2302 2995 2332 Vertreter

2090 2350 2200 2385 unserer
2219 2348 2336 2384 Kirche?
2355 2347 2447 2378 Nein!
2467 2346 2524 2378 Bei
2532 2346 2627 2382 Ihnen
2648 2345 2683 2381 ist
2701 2345 2746 2374 die
2760 2343 2856 2378 Sache
2877 2342 2991 2373 anders.

2089 2390 2202 2421 Wollen
2221 2389 2279 2419 Sie
2319 2396 2376 2419 von
2412 2388 2523 2423 unserer
2562 2385 2750 2421 Kirchenlchre
2783 2384 2874 2420 reden,
2920 2383 2995 2412 dann

2089 2430 2206 2465 nehmen
2228 2429 2284 2460 Sie
2321 2428 2386 2463 doch
2425 2428 2507 2463 unser
2525 2426 2697 2458 Bekenntnis
2717 2426 2778 2461 her;
2820 2424 2873 2460 erst
2914 2423 2990 2453 dann

2089 2471 2195 2501 können
2216 2471 2273 2501 Sie
2291 2471 2389 2506 sagen:
2410 2470 2465 2499 das
2485 2469 2518 2503 ist
2538 2466 2810 2504 ProtestanliSmns.

2145 2512 2238 2542 Wenn
2258 2511 2311 2541 wir
2334 2510 2389 2540 das
2429 2509 2502 2540 alles
2522 2509 2551 2545 so
2571 2505 2852 2545 zusammeunchmen
2872 2503 2931 2535 und
2952 2503 2996 2534 be¬

2090 2553 2212 2586 trachten
2232 2552 2316 2588 dann,
2340 2550 2396 2580 wie
2416 2549 2446 2580 in
2466 2549 2513 2579 der
2533 2549 2627 2585 Presse
2646 2547 2721 2578 alles
2754 2546 2860 2583 gezeigt
2881 2544 2996 2576 worden

2090 2592 2130 2629 ist,
2156 2593 2183 2628 so
2205 2592 2238 2627 ist
2257 2600 2291 2628 zu
2319 2593 2413 2627 sagen,
2436 2597 2506 2621 man
2527 2590 2591 2625 darf
2608 2588 2672 2624 doch
2702 2586 2775 2622 nicht
2794 2587 2873 2622 jeden
2893 2584 2997 2615 Artikel

2091 2634 2138 2663 der
2177 2633 2274 2668 Kirche
2315 2632 2382 2663 oder
2420 2632 2474 2662 den
2513 2629 2661 2666 Behörden
2691 2628 2868 2665 zuschreiben.
2910 2625 2999 2661 Unser

2093 2673 2344 2709 Kirchenrrglment
2367 2672 2419 2706 hat
2438 2670 2509 2707 nicht
2529 2671 2582 2701 den
2602 2670 2756 2707 geringsten
2775 2667 2874 2698 Anteil
2895 2674 2933 2697 an
2946 2667 2995 2696 der

2095 2715 2267 2750 Auflegung,
2290 2714 2334 2743 die
2357 2712 2417 2747 jetzt
2436 2712 2479 2742 im
2499 2711 2590 2741 Lande
2610 2710 2738 2745 künstlich
2758 2708 2894 2744 gezüchtet
2916 2706 2999 2736 wird.

2095 2754 2159 2784 Wir
2179 2754 2275 2789 wissen
2293 2751 2387 2787 nichts
2407 2759 2465 2782 von
2504 2751 2579 2781 einer
2596 2750 2654 2781 LoS
2673 2757 2729 2780 von
2749 2748 3006 2783 Rom-Bewegung

2098 2793 2155 2828 hier
2176 2794 2205 2822 in
2227 2793 2350 2828 Bayern.
2375 2792 2435 2821 Sie
2456 2792 2563 2821 können
2585 2791 2624 2820 im
2649 2798 2752 2825 ganzen
2772 2789 2865 2818 Lande
2899 2787 2998 2826 suchen,

2102 2833 2160 2862 Sie
2179 2832 2287 2862 lverden
2308 2830 2376 2861 aber
2397 2831 2488 2865 nichts
2509 2831 2610 2866 finden,
2654 2830 2684 2858 in
2705 2829 2794 2858 keiner
2834 2826 2998 2862 Gemeinde,

2093 2872 2244 2907 nirgends;
2264 2871 2319 2901 wir
2338 2870 2445 2900 wollen
2466 2869 2509 2899 die
2532 2869 2692 2905 Bewegung
2710 2867 2791 2903 nicht.

2151 2911 2242 2947 Wozu
2260 2912 2333 2941 denn
2355 2910 2451 2940 alles?
2468 2909 2534 2940 Wir
2554 2909 2661 2939 werden
2681 2908 2739 2938 Sie
2759 2907 2831 2942 nicht
2870 2906 3000 2940 bekehren

2091 2951 2149 2981 und
2169 2951 2227 2982 Sie
2246 2954 2305 2981 uns
2324 2951 2408 2985 nicht.
2450 2949 2508 2981 Sie
2530 2950 2618 2986 sagen,
2643 2948 2700 2979 Sie
2720 2947 2809 2983 haben
2830 2947 2874 2977 die
2894 2946 2994 2977 allein¬

2092 2992 2299 3028 seligmachende
2320 2992 2419 3025 Kirche
2451 2990 2511 3021 und
2551 2991 2603 3020 wir
2625 2989 2713 3026 sagen,
2757 2988 2812 3019 wir
2842 2987 2933 3022 haben
2954 2987 2997 3017 die

2092 3032 2169 3062 rein«
2187 3031 2282 3066 Lehre.
2316 3031 2376 3062 Die
2397 3031 2598 3067 Entscheidung
2617 3030 2691 3060 wird
2723 3029 2830 3059 einmal
2851 3037 2891 3059 an
2910 3028 3000 3058 einem

2095 3074 2202 3103 andern
2221 3073 2298 3108 Tage
2318 3072 2459 3103 kommen.
2501 3071 2613 3102 Wollen
2633 3071 2687 3101 wir
2706 3069 2769 3105 doch
2789 3069 2861 3104 nicht
2896 3069 2949 3099 mit
2969 3068 2999 3103 so

2096 3120 2165 3150 ganz
2185 3112 2405 3149 unfruchtbaren
2423 3111 2641 3148 Anfeindungen
2661 3114 2717 3141 uns
2757 3110 2812 3141 das
2832 3109 2920 3140 Leben
2939 3116 3000 3139 ver-

2096 3155 2208 3190 bittern,
2231 3154 2285 3184 wir
2304 3153 2399 3189 haben
2418 3152 2589 3189 wahrhaftig
2600 3152 2728 3187 Besseres
2749 3158 2781 3188 zu
2802 3150 2883 3185 thun.
2910 3149 3002 3180 Einen

2098 3195 2206 3232 Kampf
2227 3195 2329 3225 wollen
2349 3194 2405 3225 wir
2423 3194 2533 3230 führen,
2556 3193 2622 3223 aber
2641 3193 2720 3223 einen
2738 3191 2913 3227 Wettkampf
2939 3198 3001 3227 zum

2100 3237 2207 3272 Guten,
2250 3244 2299 3272 zur
2319 3234 2453 3272 sittlichen
2493 3234 2675 3270 Ausbüdung
2713 3234 2762 3264 der
2803 3232 2923 3263 Glieder
2956 3231 3004 3262 der

2100 3277 2205 3312 Kirche.
2240 3276 2305 3307 Wir
2324 3276 2458 3306 erkennen
2478 3283 2524 3311 an,
2567 3275 2621 3310 daß
2641 3274 2684 3304 bei
2703 3274 2802 3309 Ihnen
2821 3272 2879 3303 viel
2899 3272 2994 3303 Gutes

2099 3317 2144 3353 ist.
2186 3316 2309 3349 Gönnen
2330 3315 2390 3347 Sie
2410 3319 2469 3346 uns
2507 3315 2571 3351 doch
2590 3314 2659 3350 diese
2677 3314 2884 3350 Anerkennung
2921 3312 2997 3348 auch.

2102 3360 2210 3390 Davon
2229 3365 2289 3388 war
2308 3357 2369 3393 hier
2391 3356 2459 3388 aber
2479 3355 2508 3387 in
2529 3356 2581 3386 den
2618 3355 2709 3391 letzten
2728 3356 2826 3390 Tagen
2859 3353 2949 3390 nichts
2970 3361 3002 3391 zu

2103 3399 2212 3436 spüren.

2159 3439 2231 3474 Daß
2272 3442 2303 3469 es
2322 3439 2381 3476 jetzt
2403 3438 2445 3469 bei
2485 3440 2544 3468 uns
2573 3438 2603 3468 in
2643 3434 2832 3473 Deutschland
2875 3435 2928 3466 mit
2961 3435 3008 3466 der

2104 3479 2276 3516 Sittlichkeit
2295 3479 2367 3516 nicht
2388 3480 2417 3516 so
2437 3478 2542 3516 schlecht
2560 3478 2637 3515 steht,
2661 3478 2746 3513 dafür
2767 3480 2846 3514 zeugt
2867 3476 2912 3508 ein
2931 3476 3008 3508 Aus¬

2105 3521 2206 3558 spruch,
2251 3524 2332 3552 unter
2353 3521 2408 3551 den
2428 3519 2486 3550 Sie
2506 3518 2554 3555 sich
2574 3519 2677 3555 beugen
2697 3518 2812 3555 müssen,
2837 3517 2886 3549 der
2905 3516 3011 3548 Aus¬

2105 3561 2235 3598 spruch
2256 3561 2326 3592 des
2348 3561 2531 3597 Papstes,
2571 3561 2624 3590 den
2644 3560 2727 3596 dieser
2767 3566 2805 3588 an
2826 3559 2880 3589 den
2914 3557 3011 3594 Kaiser

2106 3602 2157 3638 hat
2178 3601 2306 3638 bestellen
2325 3601 2430 3638 lassen:

2166 3643 2253 3681 „Das
2273 3642 2353 3674 Land
2373 3642 2405 3673 in
2425 3644 2551 3678 Europa,
2575 3650 2619 3673 wo
2639 3641 2704 3676 noch
2724 3641 2821 3678 Zucht,
2866 3640 3013 3677 Ordnung

2107 3685 2165 3714 und
2186 3684 2333 3721 Disziplin
2356 3683 2482 3720 herrsche,
2527 3682 2639 3719 Respekt
2672 3691 2723 3712 vor
2762 3682 2810 3712 der
2851 3680 3008 3718 Obrigkeit,

2107 3725 2234 3762 Achtung
2253 3733 2306 3755 vor
2326 3724 2375 3754 der
2397 3724 2501 3759 Kirche,
2537 3725 2595 3753 und
2615 3731 2660 3754 wo
2680 3723 2753 3758 jeder
2794 3722 2933 3757 Katholik
2962 3730 3013 3751 un¬

2108 3767 2210 3803 gestört
2228 3766 2282 3800 frei
2320 3765 2422 3801 seinem
2444 3763 2580 3796 Glauben
2600 3764 2677 3795 leben
2696 3764 2791 3799 könne,
2825 3764 2882 3793 das
2901 3762 2939 3799 sei
2959 3763 3014 3793 das

2109 3806 2239 3843 Deutsche
2250 3807 2331 3842 Reich
2346 3807 2405 3836 und
2425 3806 2481 3836 das
2492 3806 2576 3835 danke
2595 3813 2624 3836 er
2647 3806 2709 3835 dem
2721 3804 2864 3839 deutschen
2876 3802 3010 3838 Kaiser."

2165 3848 2234 3878 Das
2254 3847 2314 3883 sind
2334 3846 2428 3882 schöne
2447 3845 2547 3877 Worte
2566 3846 2623 3876 und
2643 3845 2678 3880 sie
2709 3845 2770 3881 sind
2791 3845 2880 3879 wahr.
2917 3844 3008 3874 Wenn

2110 3888 2153 3919 die
2173 3887 2267 3923 Sache
2285 3888 2315 3923 so
2334 3887 2415 3924 steht,
2459 3886 2536 3917 wäre
2555 3889 2588 3916 es
2607 3886 2686 3917 dann
2706 3886 2778 3921 nicht
2799 3884 2892 3921 besser,
2935 3892 3017 3914 wenn

2110 3938 2179 3961 man
2199 3928 2253 3960 alle
2274 3929 2342 3965 diese
2363 3928 2522 3965 gehässigen
2535 3926 2750 3964 Anfeindungen
2770 3924 2932 3963 beseitigte?
2951 3924 3016 3956 Wir

2110 3970 2306 4006 Protestanten
2326 3969 2358 4000 in
2371 3969 2490 4004 Bayern
2509 3968 2613 3999 wollen
2634 3975 2688 3998 nur
2708 3967 2791 4003 unser
2811 3969 2897 4003 gutes
2918 3965 3010 4002 Recht,

2112 4011 2153 4042 die
2174 4010 2381 4046 Anerkennung
2401 4009 2512 4046 unserer
2533 4009 2638 4045 Kirche.
2660 4008 2738 4039 Man
2760 4006 2831 4043 achte
2853 4006 3016 4045 gegenseitig

3031 1122 3099 1159 seine
3120 1120 3226 1157 Rechte,
3271 1120 3346 1150 dann
3367 1119 3437 1150 wird
3459 1121 3490 1148 es
3511 1120 3562 1154 gut
3582 1116 3698 1148 werden.
3741 1114 3807 1145 Wir
3828 1113 3934 1145 wollen

3031 1163 3083 1193 mit
3102 1162 3204 1198 unfern
3226 1160 3400 1196 katholischen
3420 1158 3602 1195 Mitbürgern
3635 1157 3665 1187 in
3686 1155 3808 1193 Frieden
3842 1154 3930 1191 leben,

3031 1203 3095 1234 aber
3115 1202 3169 1233 wir
3188 1201 3292 1233 wolle»
3310 1204 3368 1232 uns
3388 1200 3454 1236 auch
3474 1199 3546 1235 nicht
3566 1207 3603 1229 an
3623 1197 3665 1228 die
3685 1196 3780 1228 Wand
3813 1193 3929 1226 drücken

3033 1243 3129 1279 lassen.
3361 1277 3598 1287 _

3286 1306 3677 1374 Kantone.

3385 1377 3556 1418 Luzern.

3090 1422 3141 1459 (©
3162 1421 3262 1457 Korr.)
3300 1420 3368 1451 Seit
3387 1420 3450 1450 dem
3479 1420 3570 1454 letzten
3601 1416 3771 1453 Spätherbst
3800 1415 3861 1451 sind
3895 1414 3939 1445 di«

3036 1463 3166 1494 Arbeiten
3187 1461 3235 1497 für
3254 1461 3492 1497 Reparatur
3511 1460 3562 1489 des
3573 1466 3589 1488 a
3599 1458 3611 1488 l
3622 1462 3632 1487 t
3642 1466 3655 1487 e
3664 1466 3684 1486 n
3704 1455 3938 1492 Rathauses

3037 1512 3084 1535 am
3103 1503 3275 1534 Kornmarkt
3294 1501 3323 1532 in
3343 1501 3506 1537 Luzern,
3525 1499 3636 1535 welches
3646 1498 3798 1534 Eigentum
3807 1497 3857 1526 der
3870 1495 3937 1526 Ein.

3038 1543 3287 1580 wohnergemeinde
3309 1542 3352 1578 ist,
3386 1542 3425 1571 im
3459 1540 3568 1576 Gange.
3607 1539 3706 1574 Dieses
3739 1537 3875 1572 Rathaus
3907 1535 3939 1571 ist

3037 1585 3106 1620 nicht
3124 1592 3182 1615 nur
3200 1584 3243 1614 ein
3263 1582 3515 1619 hochbedcutsamcS
3534 1579 3699 1616 historisches
3733 1578 3877 1614 Gebäude,
3910 1576 3941 1606 in

3037 1626 3097 1656 dem
3118 1625 3167 1661 sich
3193 1624 3318 1659 manches
3349 1623 3421 1658 nicht
3452 1621 3611 1657 unwichtige
3647 1619 3735 1650 Stück
3772 1618 3941 1654 Schweizer¬

3039 1666 3170 1702 geschichte
3189 1665 3335 1701 abgespielt
3354 1664 3411 1700 hat,
3433 1663 3549 1698 sondern
3570 1660 3633 1696 auch
3660 1661 3735 1690 eines
3764 1660 3813 1689 der
3842 1658 3938 1688 beden-

3039 1707 3157 1742 tendsten
3178 1705 3346 1737 Denkmäler
3365 1706 3413 1734 der
3426 1701 3640 1739 schweizerischen
3651 1698 3938 1736 Renaissance-Archi¬

3039 1747 3133 1778 tektur.
3173 1746 3248 1777 Sein
3267 1744 3466 1782 künstlerischer
3497 1743 3555 1773 und
3588 1740 3830 1777 kunsthistorischer
3860 1739 3940 1770 Wert

3042 1787 3074 1823 ist
3094 1789 3161 1818 über
3181 1787 3256 1823 jeden
3275 1786 3392 1822 Zweifel
3411 1785 3547 1821 erhaben;
3564 1783 3620 1820 jede
3630 1781 3857 1818 Kunstgeschichte
3869 1779 3944 1816 giebt

3042 1828 3138 1864 hievon
3158 1827 3293 1864 Zeugnis,
3313 1826 3364 1857 wie
3388 1826 3457 1861 nicht
3488 1825 3597 1855 minder
3627 1823 3670 1853 die
3702 1822 3792 1853 vielen
3823 1819 3943 1857 Besuche

3041 1868 3238 1905 kunstsinniger
3276 1866 3474 1903 Fachmänner,
3502 1864 3596 1899 welche
3632 1863 3706 1893 allen
3740 1861 3859 1893 Details
3892 1860 3941 1890 des

3042 1909 3212 1940 Bauwerkes
3230 1909 3315 1944 hohes
3333 1907 3393 1937 Lob
3412 1905 3537 1942 spenden.
3575 1904 3672 1939 Schon
3691 1904 3732 1933 im
3751 1902 3845 1937 Jahre
3866 1903 3941 1930 1895

3043 1950 3088 1986 hat
3107 1950 3155 1980 der
3175 1949 3312 1981 Stadtrat
3340 1948 3421 1982 durch
3454 1946 3512 1977 eine
3543 1943 3865 1981 Expertenkommission,
3899 1941 3943 1971 be¬

3042 1991 3146 2026 stehend
3167 1993 3223 2021 aus
3243 1990 3294 2019 den
3312 1988 3418 2024 Herren
3438 1987 3658 2022 Rcgicruugsrat
3683 1984 3765 2020 Reese
3795 1984 3824 2013 in
3844 1981 3942 2019 Basel,

3043 2031 3187 2066 Professor
3208 2030 3292 2064 Rahn
3311 2030 3339 2059 in
3359 2028 3461 2063 Zürich
3482 2028 3540 2057 und
3555 2025 3682 2062 Architekt
3694 2025 3731 2061 H.
3742 2032 3799 2055 von
3810 2022 3944 2060 Segesser

3044 2073 3071 2102 in
3092 2073 3205 2108 Luzern,
3225 2071 3273 2101 ein
3288 2070 3441 2104 Gutachten
3463 2068 3529 2099 über
3543 2067 3583 2097 die
3597 2065 3797 2101 Restauration
3816 2065 3866 2094 der
3885 2062 3946 2094 drei

3043 2112 3179 2149 Fassaden
3199 2111 3374 2142 ausarbeiten
3395 2109 3490 2145 lassen,
3510 2108 3619 2143 welches
3639 2107 3696 2137 eine
3719 2104 3857 2141 Ausgabe
3888 2110 3946 2135 von

3043 2157 3145 2189 80,000
3165 2152 3215 2189 Fr.
3235 2153 3265 2182 in
3284 2150 3418 2186 Anschlag
3438 2150 3541 2185 bringt.
3580 2147 3640 2182 Ruf
3669 2146 3756 2182 dieses
3787 2144 3946 2181 Gutachten

3046 2194 3093 2231 hin
3113 2195 3161 2230 hat
3179 2192 3226 2224 der
3245 2192 3487 2223 Bundcsrat
3505 2189 3563 2220 eine
3588 2187 3860 2219 Subvention
3890 2191 3949 2214 von

3047 2238 3148 2272 <0,000
3174 2233 3224 2271 Fr.
3255 2233 3394 2268 bewilligt,
3427 2234 3509 2262 unter
3540 2229 3752 2265 Bedingungen,
3784 2227 3828 2256 die
3860 2224 3951 2260 nichts

3046 2275 3164 2311 weniger
3183 2275 3254 2306 denn
3279 2273 3407 2305 drückend
3440 2272 3505 2302 oder
3536 2270 3618 2307 lästig
3651 2269 3721 2304 sind.
3761 2266 3818 2297 Sie
3851 2266 3949 2296 lauten

3044 2316 3180 2351 nämlich:
3202 2314 3280 2351 „Der
3299 2313 3438 2344 Stadtrat
3451 2311 3617 2347 verpflichtet
3637 2309 3695 2346 sich,
3714 2306 3868 2345 gegenüber
3887 2306 3946 2337 den»

3044 2355 3262 2393 eidgenössischen
3281 2355 3482 2389 Departement
3501 2353 3551 2382 deS
3572 2351 3695 2386 Innern,
3728 2349 3785 2383 daß
3816 2348 3872 2378 daS
3891 2346 3948 2377 Ge¬

3045 2397 3132 2428 bäude
3153 2397 3217 2433 stets
3241 2404 3296 2426 nur
3326 2402 3360 2431 zu
3400 2392 3504 2430 solchen
3544 2391 3697 2428 städtischen
3730 2388 3948 2424 Denvaltungs-

3026 2437 3151 2475 -Hvecken
3172 2437 3273 2472 bcuützt
3292 2435 3400 2467 lverdtn
3420 2433 3482 2470 soll,
3513 2433 3556 2463 die
3586 2433 3633 2463 der
3666 2429 3870 2466 künstlerischen
3889 2428 3950 2459 und

3044 2478 3212 2515 historischen
3229 2477 3396 2512 Bedeutung
3414 2475 3466 2505 des
3485 2473 3638 2504 Gebäudes
3669 2470 3843 2508 angemessen
3875 2469 3948 2505 sind.

3046 2519 3106 2550 Der
3126 2519 3265 2550 Stadtrat
3284 2516 3450 2551 verpflichtet
3470 2514 3519 2551 sich
3539 2514 3636 2550 ferner,
3657 2512 3712 2548 daß
3738 2512 3793 2543 das
3813 2509 3953 2541 Gebäude

3046 2560 3169 2591 niemals
3188 2558 3269 2594 durch
3288 2556 3408 2592 Aufbau
3428 2556 3503 2587 eines
3536 2553 3691 2590 Geschosses
3724 2552 3860 2583 erweitert
3891 2550 3952 2581 und

3046 2601 3101 2636 daß
3120 2601 3161 2631 im
3181 2599 3297 2635 übrigen
3315 2606 3354 2629 an
3373 2597 3432 2628 und
3459 2596 3490 2627 in
3521 2593 3672 2630 demselben
3704 2593 3776 2623 keine
3808 2590 3954 2626 baulichen

3048 2641 3285 2676 Veränderungen
3304 2644 3520 2674 vorgenommen
3540 2635 3647 2667 werden
3670 2634 3781 2670 dürfen,
3813 2633 3884 2668 ohne
3897 2631 3955 2667 daß

3049 2682 3141 2717 hiefür
3174 2681 3216 2711 die
3253 2679 3445 2714 Bewilligung
3483 2678 3533 2707 deS
3565 2675 3785 2712 eidgenössischen
3815 2673 3955 2710 Departe-

3052 2725 3158 2752 mentes
3177 2721 3227 2751 deS
3247 2719 3362 2754 Innern
3381 2716 3518 2753 ringeholt
3536 2715 3633 2747 wird."

3110 2761 3193 2796 Trotz
3211 2760 3299 2795 diesen
3319 2757 3511 2795 sachgemäßen
3539 2757 3597 2787 und
3625 2754 3852 2792 augenscheinlich
3871 2752 3960 2789 nichts

3052 2802 3171 2837 weniger
3190 2801 3238 2830 als
3259 2800 3373 2835 lästigen
3393 2799 3596 2833 Bedingungen
3621 2796 3669 2831 hat
3701 2796 3787 2831 s-üier
3817 2794 3883 2829 Zeit
3914 2793 3959 2823 ein

3050 2840 3254 2876 konservatives
3273 2838 3410 2874 Mitglied
3430 2838 3479 2868 deS
3499 2836 3615 2871 Großen
3640 2835 3809 2866 Stadtratcs
3840 2834 3882 2865 bei
3901 2833 3957 2864 Be¬

3049 2882 3196 2917 handlung
3216 2879 3298 2916 dieser
3308 2877 3522 2915 Angelegenheit
3540 2878 3590 2907 den
3610 2875 3693 2907 Übeln
3713 2874 3827 2910 Einfall
3846 2874 3956 2912 gehabt,

3049 2921 3090 2952 die
3110 2919 3397 2956 Bundessubvention
3417 2918 3465 2949 als
3486 2918 3530 2948 ein
3551 2916 3752 2954 „Linsenmus"
3783 2924 3817 2952 zu
3847 2915 3956 2952 bezeich¬

3048 2970 3109 2999 nen,
3129 2961 3240 2997 welcher
3260 2960 3404 2991 Ausdruck
3422 2960 3500 2989 dann
3518 2957 3672 2993 allerdings
3693 2964 3759 2987 vom
3770 2956 3958 2992 Präsidenten

3048 3003 3106 3033 und
3124 3001 3364 3038 Vicepräsidenten
3374 3001 3425 3030 des
3437 2999 3606 3030 Stadtrates
3615 2997 3839 3034 zurückgewlesen
3849 2997 3959 3028 wurde.

3051 3043 3144 3074 Wen»
3181 3043 3239 3074 «ine
3276 3041 3473 3078 Subvention,
3510 3040 3593 3076 durch
3630 3039 3725 3075 welche
3762 3038 3806 3068 die
3844 3036 3959 3069 volle

3048 3084 3194 3120 Hälfte
3213 3083 3260 3113 der
3278 3081 3380 3119 Kosten
3399 3080 3498 3118 gedeckt
3517 3080 3597 3117 wird,
3617 3080 3666 3110 als
3686 3080 3729 3110 ein
3750 3076 3957 3117 „LinscnmuS"

3049 3132 3081 3161 zu
3100 3124 3250 3161 bezeichnen
3269 3124 3310 3159 ist,
3330 3122 3446 3157 welchen
3459 3121 3574 3152 Namen
3587 3120 3709 3152 verdient
3719 3121 3798 3151 dann
3807 3120 3857 3150 der
3872 3118 3956 3157 „Bei¬

3051 3166 3130 3201 trag"
3152 3165 3202 3196 des
3221 3164 3353 3195 Kantons
3372 3171 3411 3193 an
3430 3163 3474 3193 die
3493 3162 3658 3198 Reparatur
3677 3161 3764 3198 dieses
3781 3160 3959 3196 hochbedeut¬

3052 3206 3146 3242 samen
3166 3204 3361 3236 Bauwerkes?
3401 3203 3459 3234 Ein
3481 3202 3580 3238 solcher
3599 3202 3716 3238 Beitrag
3737 3201 3855 3238 existiert
3878 3200 3960 3231 näm¬

3051 3246 3101 3282 lich
3122 3246 3193 3282 nicht
3211 3253 3267 3276 nur
3285 3244 3363 3281 nicht,
3384 3244 3500 3279 sondern
3521 3243 3569 3274 der
3598 3242 3713 3274 Kanton
3747 3242 3795 3278 hat
3828 3241 3878 3278 sich
3912 3241 3962 3277 für

3052 3287 3104 3317 den
3124 3287 3245 3324 Verzicht
3264 3286 3313 3322 auf
3333 3285 3376 3315 die
3394 3285 3454 3320 ihm
3479 3291 3527 3314 aur
3559 3286 3713 3320 genannten
3744 3281 3882 3314 Gebäude
3914 3289 3961 3317 zu-

3053 3327 3174 3364 stehcnde
3194 3327 3328 3357 Servitut
3347 3325 3590 3362 (Unterbringung
3615 3324 3665 3353 des
3683 3323 3778 3354 Ober-
3810 3323 3871 3353 und
3893 3322 3963 3353 Kri-

3055 3367 3275 3405 minalgerichts)
3295 3367 3360 3401 auch
3381 3366 3446 3401 noch
3465 3366 3518 3396 mit
3537 3367 3638 3399 60,000
3649 3364 3699 3400 Fr.
3719 3363 3849 3400 bezahlen
3862 3362 3961 3400 lassen,

3055 3409 3115 3444 also
3135 3416 3225 3446 genau
3245 3408 3296 3438 mit
3314 3404 3363 3438 8er
3383 3406 3520 3443 Summe,
3539 3405 3632 3441 welche
3658 3405 3700 3435 die
3732 3403 3899 3439 Reparatur
3931 3402 3963 3433 in

3057 3449 3201 3486 Anspruch
3219 3449 3321 3479 nimmt
3339 3448 3399 3478 und
3419 3454 3470 3478 um
3489 3446 3582 3482 welche
3601 3446 3636 3482 sie
3664 3446 3738 3481 hatte
3757 3442 3962 3481 bewerkstelligt

3058 3492 3168 3521 werden
3187 3490 3300 3527 können,
3318 3490 3378 3519 und
3397 3496 3472 3525 zwar
3493 3488 3560 3524 ohne
3578 3485 3786 3523 BundeShülfe.

3116 3531 3170 3567 Ich
3190 3530 3258 3567 habe
3275 3530 3361 3566 dieses
3382 3530 3474 3566 kleine,
3494 3528 3560 3559 aber
3585 3527 3647 3563 doch
3678 3527 3747 3563 recht
3779 3524 3965 3562 bezeichnende

3060 3572 3265 3603 Vorkommnis
3285 3570 3464 3607 nachträglich
3485 3568 3628 3605 erwähnen
3647 3568 3758 3605 wollen,
3778 3567 3842 3597 weil
3870 3569 3900 3598 cs
3922 3567 3965 3598 die

3061 3613 3147 3644 Rolle
3166 3613 3240 3649 zeigt,
3260 3611 3353 3648 welch-
3372 3612 3416 3642 die
3435 3609 3699 3647 Eidgenossenschaft
3717 3608 3777 3639 und
3796 3607 3894 3644 welche
3921 3607 3967 3638 die

3062 3655 3193 3685 Kantone
3212 3669 3248 3675 —
3267 3653 3336 3689 nicht
3356 3652 3418 3689 alle,
3438 3651 3505 3682 aber
3523 3650 3631 3687 zumeist
3657 3650 3753 3686 gerade
3785 3649 3828 3679 die
3861 3648 3968 3684 konser¬

3063 3696 3174 3725 vativen
3196 3708 3231 3715 —
3251 3694 3293 3725 bei
3311 3694 3360 3725 der
3380 3692 3544 3730 Erhaltung
3567 3690 3778 3729 schweizerischer
3797 3689 3968 3726 Knnstdenk-

3062 3735 3154 3766 niäler
3173 3733 3286 3771 spielen.

3475 3768 3564 3806 Uri.

3133 3817 3163 3852 A
3179 3820 3191 3852 t
3206 3820 3218 3851 t
3232 3816 3243 3851 i
3256 3815 3269 3851 l
3283 3815 3292 3850 i
3307 3815 3324 3852 o
3350 3814 3560 3857 Müller,
3589 3814 3643 3849 der
3668 3815 3839 3857 ungetreue
3864 3812 3971 3856 Buch¬

3063 3862 3166 3904 halter
3191 3861 3244 3896 der
3268 3859 3525 3905 Ersparniskasse
3551 3859 3620 3901 Uri,
3651 3858 3689 3901 ist
3713 3867 3764 3893 am
3791 3859 3848 3893 21.
3878 3856 3968 3897 Juni

3063 3907 3097 3943 in
3123 3905 3314 3950 Bellinzona
3340 3904 3495 3948 verhaftet
3521 3904 3585 3940 und
3611 3903 3728 3939 bereits
3769 3902 3844 3945 nach
3894 3902 3971 3939 Alt¬

3063 3952 3136 3996 dorf
3159 3950 3316 3995 verbracht
3342 3950 3484 3986 worden.
3536 3949 3578 3984 Er
3607 3948 3645 3991 ist
3669 3948 3752 3992 nicht
3789 3947 3866 3983 weit
3916 3956 3968 3992 ge¬

3064 3998 3214 4034 kommen.

225 4128 248 4199 ,
497 4124 813 4198 Ieuilketo«.

603 4220 713 4227 -
828 4202 955 4230 Nachdruck
968 4203 1085 4228 verdaten.

509 4254 594 4286 Die
621 4253 812 4291 „Haust".

208 4306 305 4344 Skizze
323 4307 382 4336 aus
400 4304 463 4335 dem
480 4303 676 4335 Bauernleben
695 4311 752 4334 von
772 4301 810 4334 A.
821 4302 1113 4341 Huggenberger.

264 4370 328 4401 Der
347 4368 491 4404 Eindruck,
512 4367 563 4398 den
583 4367 624 4397 die
642 4366 787 4403 Neuigkeit
819 4366 872 4402 auf
903 4366 946 4397 die
977 4366 1113 4403 einzelnen

207 4411 305 4447 macht,
325 4410 360 4445 ist
378 4408 552 4444 verschieden.
590 4408 650 4439 Der
669 4406 778 4443 Friedli
797 4406 865 4443 steht
884 4406 1030 4442 betroffen.
1065 4406 1112 4436 An

208 4453 260 4484 den
278 4451 330 4486 hat
348 4457 378 4481 er
395 4449 467 4485 nicht
484 4448 602 4486 gedacht.

265 4491 338 4521 Nun
357 4490 429 4525 weiß
448 4498 477 4521 er
495 4490 624 4527 plötzlich,
642 4497 756 4521 warum
787 4489 835 4520 der
861 4488 975 4520 Müller
994 4487 1114 4523 Lebrecht

208 4534 267 4570 ihm
287 4532 365 4568 heute
385 4531 458 4561 Mut
478 4531 632 4567 »»geredet:
653 4530 715 4561 Der
728 4529 958 4568 „Heinimucher"
978 4530 1037 4560 und
1049 4528 1114 4560 Leb-

209 4573 295 4607 rechtS
315 4572 405 4603 Vater
423 4572 512 4608 haben
532 4579 585 4602 vor
603 4571 671 4608 nicht
690 4571 790 4608 langer
810 4570 874 4607 Zeit
893 4571 971 4601 einen
997 4570 1114 4607 Prozeß¬

208 4613 314 4652 handel
332 4613 386 4644 mit
410 4612 542 4644 einander
575 4613 678 4649 gehabt,
706 4612 744 4642 da
776 4611 841 4647 thut
872 4619 942 4642 man
973 4611 1023 4647 sich
1051 4618 1116 4647 gem

209 4654 371 4692 gegenseitig
391 4653 469 4684 einen
489 4652 628 4689 Gefallen.
666 4653 753 4683 Denn
774 4652 830 4688 daß
849 4652 973 4688 Lebrecht
993 4652 1046 4682 das
1065 4651 1117 4682 mit

209 4697 271 4726 dem
292 4695 398 4732 jungen
419 4694 532 4726 Steknli
552 4694 626 4730 schon
645 4693 757 4731 gewußt
782 4693 838 4730 hat,
871 4694 927 4724 das
960 4693 1025 4729 sieht
1050 4700 1117 4723 man

208 4736 267 4772 jetzt
285 4737 340 4772 auf
357 4736 410 4767 den
429 4736 516 4773 ersten
533 4735 618 4767 Blick.

268 4775 337 4806 Den
355 4778 464 4808 andem
482 4777 554 4813 muß
574 4780 604 4808 eS
623 4776 793 4808 unerwartet
813 4775 948 4807 kommen.
969 4775 1046 4807 Man
1055 4773 1118 4812 hört

210 4813 371 4846 Ausdrücke
390 4817 440 4847 des
459 4818 624 4849 Staunens.

241 4896 254 4902 _
268 4853 333 4884 Der
352 4854 642 4892 Brunschhofer-Karl
667 4858 728 4894 hebt
747 4858 802 4889 den
826 4857 1002 4896 Zeigefinger
1029 4858 1057 4888 in
1077 4856 1119 4887 die

210 4896 300 4933 Höhe.
341 4894 455 4932 „Merkt
473 4897 536 4932 ihrs
555 4907 616 4930 nun
633 4899 711 4937 bald,
729 4902 796 4930 was
824 4899 874 4930 der
894 4887 1117 4936 heinimucher"

212 4938 243 4969 in
262 4936 351 4971 letzter
369 4934 434 4971 Zeit
452 4936 555 4968 immer
572 4939 642 4970 beim
659 4939 855 4977 Brüggliwirt
874 4944 962 4971 unten
990 4948 1023 4976 zu
1050 4939 1120 4976 thun

210 4976 311 5014 gehabt
330 4976 388 5007 und
408 4984 521 5008 waruin
540 4985 571 5007 er
589 4979 635 5015 hin
653 4980 714 5010 und
732 4980 836 5011 wieder
854 4981 932 5012 einen
945 4980 1121 5017 Doppelliter

211 5019 261 5056 hat
280 5017 381 5055 fliegen
399 5016 516 5053 lassen?
554 5016 618 5049 Gut
636 5018 742 5050 Wetter
759 5021 850 5052 wollt'
871 5020 1028 5059 erwachen,
1047 5020 1122 5057 sonst

211 5058 328 5095 nichts."

271 5100 353 5137 „Der
372 5099 485 5131 Stein«
504 5099 539 5135 ist
570 5099 663 5136 reich",
694 5101 783 5131 meint
815 5101 864 5132 der
897 5101 1120 5140 Glättli-Franz,

210 5141 307 5173 indem
327 5150 356 5173 er
374 5141 440 5177 nach
460 5142 522 5172 dem
543 5140 736 5177 Annenfriedli
754 5142 1000 5178 hinüberblinzelt.

270 5181 354 5219 „Und
373 5182 506 5218 woher
526 5182 601 5218 fraßt
618 5182 778 5219 niemand",
799 5182 912 5218 ergänzt
922 5182 1046 5219 Lebrecht
1054 5183 1121 5214 bos¬

209 5223 282 5260 haft.
322 5223 405 5260 „Und
425 5224 479 5254 wir
497 5223 677 5258 Brunnacher
700 5222 823 5259 Bursche
854 5223 961 5254 können
994 5223 1121 5255 Tauner-

210 5263 339 5301 kinder*)
357 5263 489 5302 heiraten,
510 5264 565 5295 das
584 5264 664 5300 heißt,
683 5271 766 5294 wenn
786 5263 822 5299 sie
842 5266 901 5294 uns
921 5263 1061 5299 nehmen."

269 5303 386 5341 „Gehen
404 5305 460 5336 wir
477 5305 600 5342 hinein",
618 5306 678 5342 sagt
697 5303 755 5341 jetzt
775 5303 886 5340 Friedli
904 5303 1051 5339 bestimmt.

268 5375 301 5412 *)
322 5375 476 5413 „Tauner"
497 5377 592 5415 heißen
602 5378 640 5409 im
651 5376 836 5408 Volksmund
848 5379 920 5407 etwa
929 5375 1121 5408 Kleinbauern

208 5412 269 5443 und
288 5412 452 5449 Taglöhner

1219 4107 1334 4144 „TStsch
1353 4107 1425 4143 muß
1444 4115 1474 4138 er
1492 4106 1579 4144 haben
1589 4105 1615 4136 l"
1637 4105 1699 4142 fügt
1720 4105 1771 4136 der
1802 4103 1994 4139 Weirrkaspar
2024 4111 2067 4140 ge¬

1158 4148 1267 4185 wichtig
1286 4148 1377 4185 hinzu.

1216 4189 1307 4220 Einer
1325 4189 1417 4226 hinter
1435 4189 1498 4220 dem
1517 4188 1621 4218 andern
1641 4187 1697 4223 setzt
1714 4187 1767 4224 sich
1785 4194 1847 4217 nun
1869 4187 1927 4217 daS
1954 4185 2067 4221 Trüpp-

1161 4230 1223 4266 chen
1233 4230 1264 4260 in
1274 4230 1446 4266 Bewegung.
1466 4229 1528 4260 Der
1538 4228 1761 4265 Glättli-Franz,
1780 4227 1831 4258 als
1840 4228 1889 4258 der
1898 4227 1973 4263 erste,
1991 4227 2068 4262 steigt

1161 4278 1219 4302 von
1239 4272 1288 4302 der
1306 4271 1458 4307 steinernen
1477 4270 1585 4306 Treppe
1603 4272 1661 4300 aus
1680 4269 1733 4305 auf
1762 4269 1805 4300 die
1835 4267 2068 4305 halbaufgebaute

1160 4311 1373 4349 Scheiterbeige.

1220 4352 1327 4389 „Steht
1344 4353 1411 4383 dort
1429 4352 1496 4390 an",
1515 4351 1574 4389 sagt
1593 4360 1622 4382 er
1640 4351 1711 4388 leise,
1733 4350 1794 4388 „die
1819 4349 1905 4386 Beige
1936 4350 1970 4384 ist
1999 4349 2069 4385 nicht

1162 4401 1232 4430 ganz
1252 4393 1448 4429 bombenfest."

1219 4434 1296 4464 Aber
1315 4434 1393 4470 schon
1411 4433 1446 4470 ist
1465 4434 1521 4470 jetzt
1540 4433 1587 4464 der
1606 4432 1797 4468 Weierkaspar
1820 4431 1907 4463 neben
1939 4431 1987 4466 ihn
2018 4429 2071 4467 auf

1163 4474 1207 4504 die
1226 4473 1353 4509 Scheiter
1372 4475 1518 4511 geklettert.
1558 4474 1667 4512 „Wart,
1685 4472 1897 4509 Heinimucher!
1937 4471 1996 4502 Dir
2012 4471 2071 4502 will

1163 4514 1202 4550 ich
1222 4513 1537 4550 S'Handwerk-"
1557 4522 1586 4546 er
1609 4514 1682 4545 redet
1711 4513 1784 4550 nicht
1814 4516 1882 4549 aus,
1913 4511 1956 4543 die
1987 4511 2071 4548 Beige

1163 4555 1226 4592 geht
1235 4555 1288 4586 mit
1299 4555 1414 4593 großem
1426 4555 1561 4591 Gepolter
1576 4555 1774 4586 auseinander.
1788 4553 1847 4584 Ein
1858 4552 1924 4584 Teil
1934 4552 2070 4589 derselben

1163 4595 1255 4633 ruscht
1266 4597 1297 4627 in
1316 4597 1369 4627 den
1387 4597 1512 4627 daneben
1532 4596 1707 4632 befindlichen
1718 4594 1882 4631 Kcllerhals
1895 4594 2033 4630 hinunter.

1223 4636 1282 4667 Die
1301 4636 1481 4674 Rachtbubcn
1500 4637 1609 4673 machen
1629 4637 1678 4673 sich
1697 4636 1819 4672 flüchttg,
1853 4634 1991 4671 sammeln
2023 4633 2071 4670 sich

1165 4677 1234 4708 aber
1263 4678 1347 4714 gleich
1378 4678 1481 4709 wieder
1512 4678 1603 4713 hinter
1634 4677 1696 4709 dem
1728 4675 1880 4712 Miststock.
1917 4675 1993 4710 Auch
2024 4675 2072 4705 der

1166 4718 1359 4755 Weierkaspar
1378 4719 1464 4756 hinkt,
1483 4718 1610 4754 nachdem
1630 4726 1659 4749 er
1677 4717 1809 4754 mühsam
1828 4720 1886 4747 aus
1897 4716 1959 4747 deni
1968 4715 2071 4747 Keller¬

1166 4759 1225 4796 loch
1246 4759 1501 4796 herausgekrochen,
1521 4759 1583 4789 deni
1603 4758 1727 4794 duftigen
1739 4757 1858 4791 Versteck
1876 4765 1910 4793 zu
1930 4757 1988 4787 und
2001 4757 2073 4792 giebt

1166 4799 1217 4838 sich
1236 4800 1301 4831 dort
1311 4800 1414 4837 Mühe,
1434 4800 1490 4835 sein
1510 4806 1561 4836 arg
1573 4799 1758 4836 zerknittertes
1769 4796 1965 4835 Strtfhütchm
1973 4797 2073 4829 wieder

1166 4841 1198 4872 in
1216 4840 1261 4871 die
1279 4841 1388 4876 richtige
1408 4839 1498 4876 Form
1516 4848 1551 4876 zu
1569 4840 1694 4877 bringm.

1223 4881 1289 4912 Alle
1306 4882 1402 4918 halten
1421 4881 1472 4918 sich
1491 4880 1557 4917 still.

1226 4922 1278 4953 Da
1297 4924 1357 4959 geht
1377 4923 1421 4953 die
1440 4922 1605 4958 Hausthüre
1636 4922 1680 4953 ein
1710 4921 1803 4957 wenig
1836 4920 1898 4957 auf.
1938 4920 2023 4957 „Wer
2041 4919 2075 4957 ist

1168 4963 1341 4999 draußen?"
1362 4962 1426 4998 läßt
1445 4963 1495 5000 sich
1515 4963 1571 4994 eine
1582 4962 1711 5000 näselnde
1721 4961 2074 4998 Madchenstimmehören.

1225 5004 1369 5036 Niemand
1388 5008 1448 5042 regt
1467 5004 1527 5041 sich.
1564 5004 1622 5035 Die
1641 5003 1739 5040 Thüre
1760 5003 1870 5040 schließt
1898 5002 1949 5040 sich
1975 5002 2075 5033 wieder

1169 5045 1231 5078 und
1249 5046 1294 5077 ein
1313 5045 1414 5082 Riegel
1432 5045 1504 5077 wird
1525 5044 1726 5082 vorgeschoben.

1230 5087 1319 5125 „Nun
1337 5086 1439 5118 wird's
1458 5086 1515 5117 mir
1534 5086 1599 5117 aber
1608 5094 1641 5122 zu
1659 5085 1789 5121 dumm",
1808 5085 1897 5115 meint
1906 5084 1954 5115 der
1963 5083 2075 5114 Annen¬

1170 5128 1267 5165 friedli
1286 5128 1352 5164 nach
1371 5127 1447 5158 einer
1467 5126 1556 5158 Weile
1587 5126 1646 5157 und
1677 5126 1740 5163 geht
1772 5124 1827 5160 auf
1854 5124 1898 5155 die
1918 5123 2014 5160 Thüre
2032 5132 2074 5161 zu.

1172 5169 1283 5206 „Wollt
1301 5170 1347 5205 ihr
1364 5168 1501 5205 kommen,
1521 5167 1551 5203 so
1569 5167 1631 5203 ist'S
1647 5166 1727 5202 recht.
1746 5166 1804 5202 Im
1816 5165 1926 5197 andern
1938 5164 2006 5201 Fall
2017 5164 2076 5202 geh'

1169 5210 1209 5247 ich
1228 5209 1341 5240 allein."

1228 5250 1287 5281 Die
1305 5249 1413 5280 andem
1434 5248 1528 5286 folgen
1542 5249 1626 5285 seiner
1635 5248 1852 5285 Aufforderung
1862 5247 1931 5284 ohne
1946 5247 2076 5278 weiteres.

1230 5290 1334 5328 „Hat'S
1346 5289 1394 5322 dir
1401 5293 1493 5321 etwas
1498 5290 1606 5327 gethan,
1615 5288 1728 5325 Kaspar
1735 5289 1771 5319 ?'
1787 5288 1866 5325 fragt
1873 5287 1996 5324 Lebrecht
2006 5287 2078 5324 leise.

1230 5331 1346 5368 „Macht
1364 5330 1481 5368 nichts",
1499 5331 1628 5362 erwidert
1646 5330 1701 5367 der,
1721 5329 1772 5367 sich
1782 5329 1826 5360 die
1836 5329 1941 5360 Stime
1960 5328 2077 5359 reibend.

1171 5370 1259 5408 „Hier
1279 5372 1337 5403 eine
1355 5371 1457 5409 Beule,
1476 5371 1550 5403 wird
1568 5371 1645 5409 schon
1663 5371 1765 5403 wieder
1786 5370 1913 5409 vergehn.
1942 5368 2007 5401 Und
2025 5369 2078 5401 den

1169 5412 1239 5449 Fuß
1258 5412 1313 5446 Hab
1333 5412 1370 5449 ich
1390 5411 1436 5443 ein
1455 5413 1544 5445 wenia
1564 5412 1756 5451 ausgerenkt."

2172 4101 2269 4140 „Zwei
2287 4101 2392 4138 Hinker
2425 4101 2508 4138 geben
2541 4100 2604 4136 auch
2637 4099 2681 4129 ein
2700 4099 2809 4136 Paar",
2844 4099 2941 4135 spottet
2973 4098 3021 4128 der

2115 4142 2416 4179 Brunschhofer-Karl,
2437 4141 2568 4177 während
2589 4140 2695 4177 Friedli
2714 4148 2775 4170 nun
2786 4139 2869 4175 festen
2880 4138 3020 4174 Schrittes

2115 4185 2158 4215 die
2177 4183 2286 4219 Treppe
2314 4183 2497 4220 hinaufsteigt
2529 4183 2587 4213 nnd
2606 4189 2643 4212 an
2662 4182 2706 4211 die
2724 4181 2821 4217 Thüre
2854 4180 2938 4216 pocht,
2971 4179 3024 4215 erst

2117 4225 2188 4262 leise,
2208 4225 2284 4255 dann
2303 4224 2478 4260 energkscher,
2496 4223 2587 4259 zuletzt
2605 4222 2659 4253 mtt
2677 4222 2729 4252 den
2750 4221 2954 4257 Schuhspitzen.

2173 4265 2284 4297 Wieder
2316 4264 2382 4301 hört
2413 4272 2483 4295 inan
2516 4264 2573 4294 eine
2598 4263 2846 4298 Madchenstimme
2867 4263 2908 4293 im
2926 4261 3022 4296 Haus¬

2118 4315 2201 4344 gang,
2227 4306 2293 4336 aber
2312 4306 2373 4337 eine
2394 4306 2503 4341 andere,
2525 4304 2652 4339 frischere.
2692 4304 2779 4340 „Wer
2798 4303 2832 4338 ist
2851 4302 3022 4337 draußen?"

2174 4346 2363 4384 „Aufmachen
2375 4345 2401 4375 l"
2422 4345 2484 4382 ruft
2502 4345 2611 4381 Fried«
2630 4345 2773 4381 gedänipft
2792 4344 2895 4380 zurück.

2174 4388 2307 4426 Sogleich
2327 4386 2401 4419 wird
2437 4387 2481 4418 ein
2501 4387 2603 4423 Riegel
2624 4385 2858 4422 zurückgeschoben
2898 4384 2956 4414 und
2978 4382 3022 4414 die

2117 4429 2210 4466 Thüre
2249 4428 2315 4463 halb
2356 4427 2490 4465 geöffnet.
2536 4427 2606 4464 „Du
2626 4426 2676 4461 bist
2707 4429 2739 4456 es
2760 4425 2833 4461 doch,
2878 4422 3021 4461 Friedli?"

2118 4473 2224 4504 kommt
2244 4472 2275 4500 eS
2295 4470 2325 4500 in
2346 4468 2558 4504 vertraulichem
2571 4468 2733 4505 Flüsterton
2754 4470 2811 4497 aus
2832 4466 2896 4496 deni
2910 4464 3024 4495 Dunkel

2118 4512 2167 4542 des
2188 4511 2393 4549 HauSganges.
2437 4510 2509 4542 Eine
2529 4509 2630 4547 weiche,
2655 4516 2759 4540 warme
2780 4507 2866 4543 Hand
2896 4504 2961 4542 faßt
2980 4505 3023 4536 die

2118 4552 2217 4592 seinige
2236 4552 2293 4582 und
2314 4551 2387 4588 zieht
2407 4550 2457 4587 ihn
2477 4550 2631 4582 vorwärts.

2178 4593 2243 4631 „Ist
2261 4592 2338 4629 recht,
2363 4592 2421 4627 daß
2443 4591 2489 4628 ihr
2508 4591 2620 4627 kommt,
2643 4590 2698 4620 wir
2717 4587 2853 4625 glaubten
2874 4586 2949 4623 bald,
2975 4585 3020 4622 ihr

2119 4635 2215 4666 wollet
2233 4634 2281 4664 der
2302 4633 2460 4669 Schwester
2498 4632 2570 4668 nicht
2588 4631 2691 4662 einmal
2721 4631 2764 4660 die
2785 4628 2846 4664 Ehr
2877 4627 3020 4663 anthun."

2178 4674 2245 4713 „Ist
2263 4674 2341 4712 recht,
2359 4674 2417 4709 daß
2431 4673 2476 4710 ihr
2490 4673 2611 4704 koinmt"
2626 4687 2661 4693 —
2676 4675 2706 4702 es
2719 4671 2752 4707 ist
2767 4669 2825 4704 ihm
2841 4669 2952 4705 immer,
2969 4668 3024 4698 das

2119 4716 2204 4747 Wort
2224 4716 2329 4746 komme
2349 4714 2423 4750 nicht
2444 4716 2501 4745 auS
2522 4714 2609 4750 ihrem
2629 4712 2742 4749 Herzen.
2776 4710 2820 4741 ES
2841 4710 2912 4747 «egt
2932 4711 3024 4740 etwas

2122 4756 2271 4794 Fremdes,
2296 4763 2465 4793 gezwungen
2486 4752 2682 4791 Freundliches
2700 4751 2794 4783 darin.

2180 4797 2271 4829 Sein«
2291 4796 2436 4834 Führerin
2476 4794 2564 4831 öffnet
2583 4801 2643 4825 nun
2681 4793 2724 4824 die
2745 4791 2934 4828 Stubenthür
2967 4791 3024 4821 und

2123 4839 2187 4870 tritt
2208 4840 2298 4868 etwas
2318 4836 2420 4875 zurück,
2445 4843 2495 4868 um
2515 4835 2557 4866 die
2577 4834 2670 4871 späten
2690 4833 2778 4870 Gäste
2798 4840 2839 4863 an
2859 4833 2908 4869 sich
2930 4831 3025 4863 vorbei

2121 4887 2155 4916 zu
2173 4879 2270 4915 lassen.

2182 4920 2233 4956 Ja,
2258 4921 2312 4950 daS
2331 4918 2467 4954 Luischen
2500 4917 2533 4952 ist
2551 4915 2645 4952 hübsch
2653 4915 2661 4945 I
2700 4915 2854 4951 Eigentlich
2889 4913 2920 4948 ist
2944 4915 2975 4943 eS
2996 4913 3026 4948 ja

2123 4961 2181 4992 kein
2201 4960 2331 4996 Luischen
2353 4959 2444 4995 mehr.
2470 4957 2568 4993 Schön
2586 4955 2688 4993 schlank
2708 4954 2869 4992 gewachsen,
2897 4953 2969 4989 weiß
2991 4953 3025 4987 sie

2123 5002 2199 5038 auch,
2241 5001 2293 5031 wie
2312 5000 2363 5036 sich
2383 5000 2428 5030 ein
2448 5000 2549 5036 junges
2569 4996 2702 5032 Mädchen
2724 4999 2824 5032 trage»
2864 4995 2935 5030 ,nuß
2968 4994 3025 5024 und

2124 5046 2189 5073 was
2207 5041 2251 5077 ihr
2271 5044 2321 5077 gut
2342 5039 2419 5077 steht.
2453 5040 2516 5076 Für
2535 5037 2611 5075 jeden
2630 5036 2833 5068 Eintretenden
2855 5035 2904 5071 hat
2925 5035 2959 5071 sie
2981 5035 3025 5064 ein

2125 5083 2309 5119 Scherzwort,
2332 5081 2394 5111 und
2414 5080 2473 5116 ihre
2493 5078 2667 5115 graublauen
2687 5076 2826 5114 Aeugleln
2847 5076 2949 5113 fliegen
2970 5082 3025 5105 von

2125 5124 2215 5155 einem
2233 5130 2298 5159 zum
2318 5121 2436 5152 andern.
2481 5119 2557 5159 „Die
2576 5118 2625 5156 hat
2643 5121 2695 5155 gut
2714 5117 2864 5155 steundlich
2885 5123 2917 5153 zu
2938 5115 3021 5153 sein",

2124 5164 2204 5195 denkt
2223 5162 2298 5194 einer
2317 5161 2378 5193 und
2398 5161 2448 5192 der
2458 5159 2568 5193 andere.
2592 5158 2683 5197 „Kein
2702 5157 2820 5196 einziger
2841 5159 2902 5195 sagt
2922 5156 3025 5187 dämm

2124 5203 2253 5242 nachher:
2270 5202 2340 5239 habt
2359 5202 2405 5239 ihr
2425 5201 2550 5239 «eschen!
2589 5200 2647 5233 Sie
2666 5200 2700 5237 ist
2720 5198 2859 5235 verkracht
2898 5199 2928 5230 in
2947 5197 3023 5235 mich,

2124 5246 2161 5284 sie
2180 5244 2274 5281 wußte
2293 5242 2375 5282 nicht,
2400 5245 2453 5275 wie
2472 5241 2551 5280 thun,
2574 5241 2621 5273 als
2640 5242 2679 5278 ich
2699 5240 2792 5272 kam."

2184 5285 2248 5319 Aus
2289 5286 2339 5317 der
2359 5283 2542 5322 geräumigen
2562 5282 2662 5315 Stube
2701 5282 2808 5314 konmlt
2842 5280 2901 5312 eine
2930 5279 3029 5316 feucht¬

2126 5335 2231 5359 warme
2251 5326 2324 5362 Luft.
2369 5325 2429 5356 Sie
2447 5324 2529 5359 riecht
2549 5325 2593 5355 ein
2612 5324 2704 5361 wenig
2743 5322 2808 5358 nach
2844 5322 2897 5352 den
2931 5320 3029 5352 Stall-

2126 5368 2254 5406 Neidern,
2277 5368 2321 5399 die
2341 5366 2380 5398 da
2400 5366 2459 5399 und
2479 5366 2544 5397 dort
2563 5373 2601 5396 an
2620 5364 2667 5396 der
2686 5363 2782 5395 Wand
2802 5362 2923 5401 hangen.

2182 5409 2230 5447 Zu
2250 5408 2356 5446 unterst
2377 5415 2414 5439 an
2435 5407 2497 5439 den»
2517 5405 2625 5445 langen,
2650 5404 2860 5440 harthölzernen
2881 5401 2965 5439 Tisch,
2990 5401 3031 5433 im

3067 4097 3258 4133 sogenannten
3278 4092 3475 4126 Brautwinkel
3495 4092 3549 4130 sitzt
3568 4093 3615 4125 der
3635 4092 3798 4129 Hochzeiter,
3843 4092 3889 4122 rin
3920 4098 3971 4122 an¬

3068 4138 3202 4175 gehender
3221 4136 3361 4174 Vierziger
3381 4136 3435 4166 mit
3467 4134 3652 4171 ungeheurem
3672 4133 3878 4170 Schnurrbart,
3923 4132 3971 4163 der

3069 4179 3123 4215 fast
3164 4178 3215 4209 wie
3235 4178 3292 4208 eine
3332 4180 3416 4207 unter
3435 4176 3482 4207 der
3521 4175 3595 4211 Rase
3627 4174 3843 4212 festgewachsene
3873 4172 3973 4208 Wurst

3071 4220 3223 4257 anzusehen
3244 4218 3285 4254 ist.
3309 4218 3388 4249 Man
3408 4218 3498 4248 meint
3517 4216 3595 4252 jeden
3609 4215 3780 4252 Augenblick,
3803 4223 3866 4245 nun
3885 4215 3973 4245 werde

3071 4269 3101 4291 er
3120 4261 3170 4296 sich
3192 4259 3327 4296 vergessen
3346 4259 3405 4289 und
3426 4258 3569 4292 abbeißen.
3592 4257 3658 4287 Den
3677 4257 3779 4293 stolzen
3798 4255 3970 4289 inännlichev

3071 4302 3207 4336 Schmuck
3225 4299 3427 4336 weggerechnet,
3473 4299 3545 4328 kann
3563 4306 3632 4328 man
3652 4305 3706 4328 von
3739 4297 3838 4331 diesem
3859 4295 3971 4330 Gesicht

3071 4342 3142 4377 nicht
3164 4341 3216 4372 viel
3236 4341 3325 4377 sagen,
3370 4339 3416 4369 als
3437 4338 3492 4374 daß
3513 4341 3545 4368 es
3577 4339 3643 4373 stets
3677 4336 3818 4373 denselben
3858 4336 3970 4373 gelang-

3071 4382 3185 4413 weilten
3206 4379 3348 4413 Ausdruck
3367 4379 3425 4414 hat.
3470 4378 3532 4416 Für
3553 4378 3650 4408 dumm
3670 4377 3741 4408 kann
3782 4378 3835 4407 den
3855 4376 3972 4412 MathlS

3072 4423 3153 4453 indes
3193 4421 3323 4452 niemand
3345 4420 3453 4457 halten;
3494 4427 3575 4450 wenn
3614 4426 3681 4449 man
3702 4418 3745 4449 die
3784 4417 3872 4449 neben
3914 4417 3972 4452 ihm

3071 4464 3180 4500 sitzende
3192 4462 3289 4493 Braut
3308 4461 3396 4496 näher
3415 4460 3531 4497 ansicht,
3555 4461 3658 4491 kommt
3680 4468 3749 4490 man
3769 4467 3817 4495 zur
3836 4458 3974 4494 Einsicht:

3072 4504 3157 4539 dieser
3177 4502 3286 4538 Mensch
3306 4502 3377 4537 muß
3397 4501 3509 4537 rechnen
3530 4501 3643 4531 können.
3686 4500 3744 4531 Die
3765 4499 3907 4535 Kathrine
3941 4499 3975 4536 ist

3071 4544 3142 4580 nicht
3171 4543 3243 4580 seine
3282 4544 3348 4579 erste
3377 4542 3467 4573 Liebe.
3510 4541 3606 4577 Schon
3639 4540 3692 4571 mit
3711 4540 3944 4578 zweiundzwanzi
3953 4548 3970 4577 g

3070 4585 3184 4621 Jahren
3203 4584 3252 4619 hat
3271 4592 3300 4616 er
3319 4586 3351 4614 es
3371 4582 3415 4613 bei
3433 4583 3482 4614 der
3501 4582 3615 4619 Tochter
3634 4581 3723 4618 seines
3742 4581 3904 4619 Nachbarn,
3927 4582 3979 4612 des

3073 4625 3284 4662 Hcrrcnbauers
3323 4623 3452 4660 versucht.
3495 4624 3569 4655 Aber
3588 4623 3631 4655 die
3671 4623 3777 4660 schützte
3816 4622 3981 4661 allzugroße

3072 4667 3189 4704 Jugend
3210 4674 3260 4698 vor
3300 4666 3357 4697 und
3380 4663 3503 4697 verlobte
3524 4664 3573 4701 sich
3612 4664 3670 4700 acht
3690 4665 3767 4702 Tage
3800 4664 3891 4700 später
3925 4662 3980 4694 mit

3074 4708 3137 4740 dem
3158 4708 3224 4739 eben
3244 4708 3481 4745 angekommenen
3500 4706 3604 4744 jungen
3624 4705 3729 4741 Lehrer.
3772 4704 3898 4740 Nachher
3918 4703 3977 4740 fing

3075 4749 3132 4786 sein
3151 4750 3223 4787 Herz
3243 4748 3283 4780 im
3292 4749 3364 4784 Lauf
3385 4749 3434 4780 der
3444 4747 3537 4784 Jahre
3557 4746 3620 4782 noch
3633 4744 3831 4783 neunzchnmal
3853 4743 3977 4779 ernstlich

3075 4791 3177 4828 Ferier,
3212 4789 3313 4825 erholte
3334 4788 3384 4825 sich
3404 4788 3471 4820 aber
3489 4787 3533 4818 bei
3565 4787 3688 4822 schwerer
3707 4785 3778 4820 Kost
3797 4785 3856 4814 und
3877 4783 3979 4815 Slrbeit

3075 4831 3206 4866 meistens
3226 4829 3343 4867 ziemlich
3364 4829 3446 4865 rasch.
3478 4827 3522 4858 Es
3543 4827 3602 4857 kam
3622 4826 3702 4863 sogar
3723 4833 3782 4861 vor,
3806 4824 3863 4860 daß
3884 4831 3914 4855 er
3934 4822 3976 4855 im

3074 4871 3147 4908 Lauf
3166 4872 3243 4902 eines
3280 4871 3408 4902 Monats
3428 4869 3484 4904 sein
3523 4866 3608 4898 Glück
3626 4874 3665 4896 an
3703 4865 3769 4902 zwei
3788 4864 3887 4896 Orten
3917 4872 3978 4895 ver¬

3076 4912 3170 4948 suchen
3191 4911 3295 4942 konnie.
3336 4910 3396 4944 Oft
3417 4908 3577 4939 wunderten
3598 4906 3644 4943 sich
3679 4907 3721 4937 die
3741 4905 3831 4942 Leute,
3870 4905 3926 4940 daß
3948 4913 3977 4936 er

3075 4953 3120 4984 nie
3141 4960 3179 4983 an
3200 4949 3410 4987 Gegenständen
3430 4949 3517 4984 seiner
3538 4948 3669 4984 Neigung
3689 4946 3864 4977 auskomme.
3905 4945 3978 4976 DaS

3075 5001 3136 5024 war
3156 4991 3221 5022 aber
3241 4999 3307 5028 ganz
3328 4989 3446 5024 einfach:
3485 4997 3517 5019 er
3537 4987 3616 5024 besaß
3637 4988 3682 5017 ein
3701 4986 3878 5023 Verzeichnis
3918 4993 3977 5017 von

3076 5031 3233 5069 sämtlichen
3252 5030 3474 5066 heiratsfähigen
3493 5028 3627 5064 Töchtern
3659 5029 3707 5059 der
3726 5028 3889 5064 Umgegend
3919 5027 3979 5058 und

3075 5074 3195 5110 benutzte
3215 5072 3271 5108 jede
3291 5071 3480 5108 Gelegenheit,
3505 5069 3554 5105 sich
3569 5069 3634 5101 über
3647 5070 3729 5100 deren
3742 5067 3932 5104 Verhältnisse
3946 5075 3981 5104 zu

3076 5113 3252 5150 erkundigen,
3298 5111 3390 5143 wobei
3410 5111 3469 5147 ihm
3509 5111 3565 5147 sein
3584 5111 3672 5142 Vater
3705 5108 3822 5147 geschickt
3842 5108 3981 5144 Beistand

3074 5155 3186 5191 leistete.
3222 5154 3277 5185 Wo
3297 5153 3340 5185 die
3361 5151 3508 5188 Auskunft
3527 5151 3637 5189 günstig
3657 5151 3771 5188 lautete,
3812 5150 3914 5182 wurde
3932 5149 3983 5182 der

3077 5194 3241 5231 betreffende
3279 5194 3373 5226 Name
3412 5192 3605 5230 unterstrichen
3643 5193 3703 5223 »«nd
3742 5190 3797 5223 mit
3827 5191 3905 5223 einer
3934 5189 3982 5223 be¬

3076 5236 3250 5275 zeichnenden
3286 5235 3360 5272 Zahl
3400 5234 3536 5271 versehen.
3576 5233 3622 5271 In
3662 5232 3735 5270 nicht
3775 5240 3846 5271 ganz
3886 5232 3988 5270 sichern

3078 5278 3182 5315 Fällen
3193 5276 3246 5314 gab
3267 5280 3297 5308 es
3318 5276 3364 5307 ein
3375 5275 3585 5314 Fragezeichen;
3606 5274 3706 5306 andere
3717 5273 3835 5307 wurden
3849 5273 3987 5306 unbarm¬

3079 5319 3169 5357 herzig
3190 5317 3369 5355 ansgelöscht.
3398 5317 3476 5348 Sein
3498 5317 3568 5353 Herz
3586 5316 3667 5352 besaß
3688 5314 3987 5353 merkwürdigerweise

3081 5360 3124 5390 die
3144 5359 3326 5397 Eig-nschast,
3366 5357 3414 5395 sich
3435 5358 3465 5389 in
3485 5357 3605 5396 weniger
3626 5360 3677 5395 gut
3697 5357 3822 5395 situierte
3843 5356 3988 5395 Personen

3079 5401 3124 5433 nie
3145 5408 3179 5439 zu
3198 5400 3340 5432 verlieben.
