3765 5350
201 110 465 153 Donnerstag,
489 109 560 150 2S.
581 108 787 153 Dezember
814 109 930 154 1932
982 111 1097 154 Blatt
1124 113 1151 154 5

2783 107 3092 153 Abendausgabe
3150 107 3203 144 JI2
3222 105 3339 146 2468

1438 114 1509 151 Der
1533 113 1668 161 Zürcher
1695 114 1833 163 Zeitung
1861 122 1940 158 153.
1952 118 2132 167 Jahrgang

366 579 610 608 Abonnemente:

149 625 231 651 Zürich
243 627 277 647 bei
288 628 325 648 der
334 628 517 650 Administration
533 631 584 651 oder
592 632 679 656 Ablage
699 645 727 652 ..
741 647 748 652 .
763 646 769 652 .
782 635 788 657 I

187 656 257 679 Durch
268 657 302 678 die
309 658 437 682 Austräger
447 659 484 678 ins
495 660 559 683 Haus
569 660 766 685 gebracht.

146 684 256 710 Schweiz
268 686 392 711 Bestellung
407 688 463 707 beim
476 688 774 713 Bollburca».

186 713 262 737 Bezug
279 715 342 735 unter
358 714 521 737 Privatadresse
540 716 705 738 ISIreiidand,.
720 732 726 737 .

147 739 265 761 Ausland
274 741 507 765 tausgen.Brit.Reich
546 741 572 762 U.
579 743 601 762 S.
608 743 644 766 A.)
652 744 775 767 Bestellung

241 766 286 786 und
299 767 349 786 Aus
353 765 410 786 tunst
424 765 477 787 über
490 767 560 789 Preis
574 768 629 788 beim
643 769 780 792 Postbureau

185 792 260 817 Bezug
274 794 338 814 unter
350 792 513 816 Privatadresse
528 795 776 818 (Streisbandt.

804 600 873 623 jBouil
887 600 969 624 Woaale
983 601 1066 625 Monet«
1078 601 1160 625 Monet,

786 633 818 658 gr.
836 634 879 654 2.60
916 634 961 654 6.80
1001 634 1055 654 12.50
1094 635 1152 654 25.—

791 679 803 686 .
835 663 878 683 3.80
916 664 960 682 8.00
1001 663 1056 683 16.20
1095 665 1148 683 31.-

795 706 805 715 ,
835 692 879 711 3.30
915 693 959 711 9.—
1001 692 1057 712 16.50
1094 693 1148 712 32.—

794 734 803 741 .
908 719 963 737 11.50
1000 719 1057 739 22.50
1095 720 1148 739 M.-

834 798 880 816 6.50
912 798 936 817 18
936 799 965 817 .-
1006 798 1019 817 3
1018 798 1029 817 ,
1031 799 1064 817 .50

1363 580 1463 636 und
1495 578 1861 652 schweizerisches
1891 573 2229 653 Handelsblatt

1564 664 1726 705 Täglich
1751 666 1779 695 S
1805 665 2027 705 Ausgaben

1221 717 1386 740 «w,Ni,nu.
1395 722 1549 744 «rpediiion:
1570 721 1733 746 F-allenslr.»
1789 722 1920 743 «rackeret:
1937 723 2069 746 «boelhestr.
2079 723 2241 746 »».Pollscher
2256 721 2367 747 VsN/LI««

1225 750 1501 780 F»ri,rae-«bleilungr
1510 754 1622 778 DoNIche<k
1632 752 1738 774 VIII,SSO,
1788 755 2001 778 Administration:
2009 756 2151 780 Lheaterstr.
2160 756 2185 779 S.
2199 770 2213 779 „
2260 754 2357 779 Vin/643

1373 795 1540 828 Lelebhoni
1562 795 1719 826 »7.100,
1741 796 1941 829 Sihlpostfach
1957 797 2015 824 Ar.
2027 798 2077 823 SV«
2089 798 2152 825 unv
2164 799 2212 823 92»

2704 577 2888 603 Annonce»,

2435 624 2476 645 Sie
2489 624 2617 649 einspaltige
2630 622 2764 649 tSrundzeila
2791 636 2800 643 .
2824 636 2833 643 -
2855 630 2870 647 -z
2888 630 2905 645 *
2922 632 2972 647 w-w
2988 632 3006 646 m

2433 657 2507 678 Lokale
2521 657 2795 682 Selchästsempiedlungen
2824 670 2832 675 -
2861 670 2866 676 .
2890 668 2903 677 .
2921 668 2934 678 .
2954 667 2967 676 .
2990 668 3003 677 .

2433 691 2545 716 Anzeigen
2559 691 2722 714 ausländische»
2735 689 2863 715 Ursprung»
2891 699 3002 710 ....

2432 724 2554 745 Reklamen,
2561 729 2600 746 per
2612 722 2671 749 Zeile
2858 737 2872 747 ^
2990 734 3001 743 .

2591 764 2884 789 Anuvureo-Ablelkung:
2898 764 3040 788 rheakerstr.
3052 762 3080 787 !*,
3093 761 3204 786 Dolilcheck
3212 762 3253 783 Ar.
3263 759 3382 783 VH1M25«

2780 798 2885 821 Filiale:
2903 797 3057 821 Bahnhosstr.
3075 799 3112 819 70

250 919 484 974 Politische
515 918 833 973 Arbeitszeit?

185 990 206 1016 V
221 991 284 1021 Vor
298 993 361 1021 dem
376 991 525 1027 Ausbruch
540 991 588 1020 der
603 989 836 1026 gegenwärtigen
845 989 933 1020 Wirt¬

144 1029 316 1066 schaftskrise
348 1030 410 1065 galt
439 1034 473 1058 es
498 1030 552 1058 den
574 1027 787 1064 sozialistischen
808 1028 935 1057 Gewerk¬

145 1067 281 1103 schaftern
297 1068 344 1097 als
361 1067 449 1104 sicher,
466 1067 521 1101 daß
541 1065 627 1100 ihnen
644 1066 688 1095 die
704 1064 935 1101 Ueberwindung

143 1105 213 1134 aller
239 1105 372 1142 früheren
395 1103 609 1140 Lohntheorien
638 1104 782 1139 gelungen
814 1103 861 1139 sei.
891 1102 934 1132 Es

144 1143 215 1177 habe
237 1143 285 1179 sich
311 1157 339 1160 —
362 1144 391 1179 so
416 1141 520 1171 meinte
544 1147 610 1169 man
641 1156 674 1160 —
705 1140 769 1169 eine
791 1139 934 1176 politische

142 1181 411 1217 Lohnbetrachtung
449 1178 693 1215 heransgebildet,
730 1179 845 1213 wonach
880 1180 934 1207 das

142 1218 365 1255 Lohnproblem,
380 1217 435 1246 wie
450 1216 494 1246 die
511 1216 662 1251 Regelung
678 1218 727 1247 des
744 1215 934 1252 Wirtschafts¬

144 1257 283 1293 prozesses
304 1257 343 1287 im
363 1261 483 1292 ganzen,
500 1255 565 1284 eine
584 1253 677 1289 Frage
697 1255 744 1283 der
763 1253 857 1289 Macht
877 1254 933 1282 und

143 1293 357 1331 Organisation
379 1293 418 1327 ist.
436 1292 492 1322 Die
510 1290 761 1327 Krisenereignisse
781 1292 870 1327 haben
890 1291 933 1319 be¬

143 1333 282 1367 kanntlich
297 1334 351 1363 das
370 1329 522 1365 Gegenteil
535 1329 681 1365 erwiesen,
697 1331 762 1358 was
779 1329 846 1358 aber
861 1328 934 1363 nicht

143 1376 201 1399 nur
232 1369 277 1399 die
299 1368 548 1404 Gewerkschaften,
581 1367 701 1402 sondern
733 1366 799 1401 auch
830 1366 934 1396 andere

143 1408 230 1437 Leute
249 1406 321 1442 nicht
339 1406 463 1443 hindert,
481 1411 541 1434 nun
560 1405 625 1439 auch
641 1405 685 1436 die
704 1403 798 1440 Frage
814 1403 862 1433 der
878 1403 934 1432 Be¬

144 1446 269 1481 messung
285 1446 332 1474 der
348 1442 525 1478 Arbeitszeit
539 1442 588 1472 als
602 1442 666 1472 eine
681 1441 824 1479 politische
841 1440 934 1478 Frage

144 1489 181 1518 zu
199 1482 369 1518 behandeln.

202 1519 265 1549 Das
289 1520 319 1556 ist
342 1518 439 1555 früher
462 1518 543 1554 schon
563 1517 718 1554 geschehen,
740 1517 808 1546 aber
830 1515 883 1545 mit
905 1516 934 1552 so

145 1558 300 1594 schlechtem
318 1557 432 1593 Erfolg,
451 1556 505 1591 daß
525 1562 596 1586 neue
616 1555 753 1591 Versuche
774 1554 936 1589 (insbeson¬

146 1598 211 1625 dere
227 1596 294 1631 nach
312 1597 364 1625 den
383 1594 588 1630 Erfahrungen
605 1594 656 1627 auf
674 1595 736 1622 dem
754 1592 870 1621 Gebiete
887 1593 935 1621 der

144 1632 429 1670 Lohnregulierung)
448 1638 521 1668 ganz
543 1630 747 1667 unbegreiflich
762 1630 830 1665 sind.
847 1629 936 1664 Nach¬

146 1672 208 1701 dem
229 1672 276 1701 der
296 1670 427 1706 Versuch,
457 1670 487 1697 in
516 1670 565 1698 der
593 1675 703 1704 ganzen
722 1667 936 1701 Weltindustrie

144 1710 200 1739 den
216 1708 425 1744 achtstündigen
442 1707 622 1741 Arbeitstag,
640 1706 726 1741 bezw.
745 1705 789 1735 die
805 1705 935 1739 achtund-

144 1746 384 1782 vierzigstündige
400 1743 612 1778 Arbeitswoche
625 1742 824 1779 einzuführen,
841 1743 870 1772 in
887 1745 935 1772 der

144 1776 319 1821 Haupssache
341 1782 503 1820 gescheitert
525 1781 565 1816 ist,
587 1780 647 1810 will
670 1782 726 1810 das
748 1779 935 1817 Internatio¬

145 1824 212 1852 nale
233 1822 417 1852 Arbeitsamt
442 1826 503 1849 nun
524 1819 570 1849 die
591 1817 740 1854 gesetzliche
763 1817 936 1847 Verkür-

144 1866 157 1894 z
169 1866 189 1889 u
200 1867 218 1889 n
230 1867 246 1895 g
265 1862 312 1890 der
332 1860 354 1888 A
367 1864 380 1886 r
393 1858 409 1886 b
422 1863 434 1885 e
448 1856 456 1885 i
468 1860 477 1886 t
489 1860 503 1886 S
516 1864 530 1892 z
539 1862 555 1884 e
568 1855 577 1884 i
589 1858 599 1885 t
616 1857 666 1891 auf
684 1856 700 1884 4
711 1856 727 1884 0
744 1855 771 1885 S
783 1858 793 1884 t
803 1862 822 1884 u
833 1863 852 1884 n
864 1855 881 1884 d
889 1861 905 1883 e
916 1861 935 1884 n

145 1898 177 1926 in
202 1899 249 1927 der
276 1897 374 1932 Woche
396 1895 547 1930 erreichen.
570 1894 657 1929 Sieht
682 1899 749 1923 man
774 1894 867 1923 davon
889 1893 935 1927 ab,

144 1935 203 1970 daß
221 1936 265 1964 die
283 1932 534 1970 Wirtschaftskrise
555 1931 584 1960 in
603 1932 654 1961 den
673 1930 786 1965 meisten
802 1930 935 1960 Ländern

146 1973 209 2003 eine
231 1971 385 2008 gewaltige
418 1969 579 1999 Reduktion
607 1970 654 2000 der
690 1968 866 2005 Arbeitszeit
892 1974 936 1997 er-

145 2014 287 2045 zwungen
308 2010 366 2045 hat,
399 2009 428 2044 so
457 2008 526 2044 stellt
558 2007 605 2042 sich
634 2008 688 2037 das
711 2006 856 2042 Ergebnis
887 2006 935 2034 der

144 2048 368 2085 Washingtoner
389 2042 740 2081 Arbeitszeitkonvention
759 2048 824 2073 vom
841 2043 936 2079 Jahre

147 2087 217 2115 1919
236 2085 291 2114 wie
311 2085 383 2120 folgt
401 2085 466 2113 dar:
484 2083 559 2119 Nach
576 2082 755 2117 Darstellung
773 2085 829 2111 von
845 2081 936 2118 sozia¬

147 2121 537 2160 listisch-gewerkschaftlicher
590 2120 675 2150 Seite
738 2119 838 2150 bilden
891 2118 938 2147 die

146 2160 425 2199 Arbeitszeitgesetze
453 2159 532 2194 jener
562 2157 700 2192 Staaten,
732 2158 777 2186 die
806 2158 850 2187 die
871 2155 937 2185 Wa¬

145 2200 313 2236 shingtoner
337 2197 524 2228 Konvention
556 2195 712 2232 ratifiziert
742 2195 843 2231 haben,
872 2194 938 2223 «ine

147 2237 300 2267 Karikatur
340 2236 430 2271 dieser
460 2234 656 2268 Konvention,
696 2236 752 2262 von
782 2233 830 2262 der
870 2233 937 2267 noch

146 2275 262 2311 laxeren
288 2273 400 2310 Praxis
428 2279 501 2308 ganz
530 2272 695 2308 abgesehen.
729 2271 790 2300 Der
813 2269 938 2305 einizige

147 2313 380 2349 Industriestaat,
412 2311 459 2340 der
496 2311 541 2340 die
565 2307 750 2339 Konvention
775 2307 937 2344 vorbehalt¬

148 2353 198 2380 los
247 2350 429 2386 ratifizierte,
482 2348 526 2377 die
576 2347 847 2383 Tschechoslowakei,
888 2345 937 2380 hat

147 2388 195 2426 sich
235 2389 279 2418 bei
324 2390 372 2418 der
413 2385 641 2422 Formulierung
681 2383 776 2421 seines
806 2381 938 2413 Arbeits-

149 2426 321 2463 zeitgesetzes
363 2424 433 2459 auch
473 2424 549 2459 nicht
590 2429 664 2458 ganz
705 2428 746 2450 an
787 2421 832 2450 die
871 2420 939 2449 Wa¬

148 2463 314 2500 shingtoner
331 2461 518 2493 Konvention
535 2461 677 2497 gehalten.
692 2459 777 2495 Diese
792 2457 939 2494 bestimmt,

148 2502 205 2537 daß
231 2500 439 2540 Ueberstunden
460 2499 511 2529 mit
533 2499 627 2529 einem
648 2497 857 2534 Lohnzuschlag
881 2499 938 2524 von

146 2539 321 2575 mindestens
342 2540 378 2568 25
400 2537 530 2573 Prozent
553 2536 671 2571 bezahlt,
687 2535 803 2564 werden
823 2533 940 2569 müssen,

147 2576 247 2611 ivelche
271 2576 468 2611 Bestimmung
490 2574 533 2604 im
552 2572 864 2609 tschechoslowakischen
885 2571 939 2600 Ar-

147 2613 365 2649 deitszeitgesetz
388 2613 469 2647 durch
499 2612 544 2641 die
573 2614 643 2645 vage
663 2610 832 2646 Forderung
859 2608 940 2637 einer

146 2650 320 2688 besonderen
340 2648 731 2684 Ueberstundenentlöhnung
750 2646 843 2681 ersetzt
864 2648 939 2673 wor¬

147 2690 201 2718 den
218 2688 256 2723 ist.
271 2688 317 2717 Da
335 2688 380 2716 die
396 2686 520 2721 übrigen
535 2683 795 2720 Industriestaaten
811 2684 856 2712 die
872 2681 937 2710 Wa¬

145 2725 314 2761 shingtoner
342 2723 529 2753 Konvention
556 2721 717 2757 überhaupt
742 2720 816 2755 nicht
842 2718 937 2754 ratifi¬

147 2764 255 2797 zierten
276 2760 518 2798 (Ratifikationen
536 2760 620 2788 unter
637 2758 800 2793 Vorbehalt
816 2757 874 2792 sind
893 2757 937 2785 be¬

148 2800 293 2836 langlos).
312 2799 424 2835 bestand
442 2799 517 2827 keine
535 2795 724 2832 Möglichkeit,
740 2795 788 2824 die
807 2794 937 2824 Arbeils-

148 2838 304 2874 zeilpraxis
328 2839 376 2867 der
399 2834 636 2871 ratifizierenden
657 2833 784 2862 Staaten
807 2839 841 2867 zu
862 2831 937 2860 kriti¬

146 2876 235 2910 sieren
252 2875 311 2904 und
332 2881 366 2910 zu
382 2873 592 2902 kontrollieren.
609 2871 664 2900 Die
682 2870 809 2907 formelle
824 2869 937 2899 Erledi¬

148 2919 227 2950 gung
267 2913 315 2942 der
354 2911 579 2947 Washingtoner
617 2907 805 2938 Konvention
841 2906 939 2948 besagt

148 2949 289 2985 natürlich
308 2956 358 2985 gar
374 2948 476 2983 nichts.
495 2948 554 2976 Ein
571 2947 725 2982 besonders
743 2943 938 2980 charakteristi¬

148 2989 224 3028 sches
245 2987 372 3024 Beispiel
393 2985 480 3015 bietet
501 2984 606 3021 China.
635 2984 678 3016 Es
710 2982 741 3018 ist
770 2982 835 3017 noch
865 2980 939 3015 nicht

150 3027 234 3062 lange
260 3026 318 3061 her,
340 3023 396 3058 daß
418 3024 467 3053 ein
488 3020 668 3056 Delegierter
689 3021 738 3050 der
765 3018 939 3055 chinesischen

149 3063 317 3100 Regierung
333 3062 380 3092 bei
396 3061 446 3090 der
460 3060 643 3095 Erörterung
658 3059 707 3088 der
722 3057 826 3092 Frage,
841 3057 877 3085 ob
896 3056 941 3084 die

149 3100 475 3135 Arbeitsbedingungen
491 3099 523 3128 in
539 3095 715 3132 chinesischen
731 3094 879 3130 Fabriken,
896 3093 942 3122 die

150 3139 340 3169 Ausländern
359 3137 493 3172 gehören,
512 3136 579 3164 oder
599 3135 631 3163 in
648 3132 765 3170 solchen,
787 3133 869 3161 deren
886 3130 941 3160 Be¬

149 3177 221 3213 sitzer
241 3176 383 3212 Chinesen
402 3174 471 3210 sind,
490 3173 576 3209 besser
595 3172 680 3207 seien,
702 3171 752 3205 auf
770 3170 819 3198 der
838 3168 941 3204 Inter¬

149 3215 325 3244 nationalen
354 3211 626 3247 Arbeitskonferenz
653 3210 701 3239 die
729 3207 861 3244 folgende
888 3206 941 3235 Er¬

150 3252 271 3287 klärung
289 3251 397 3286 abgab:

204 3289 297 3322 „Diese
316 3287 519 3319 Bedingungen
537 3284 593 3318 sind
610 3282 745 3316 ungefähr
761 3281 805 3309 die
820 3280 942 3314 gleichen.

151 3322 182 3355 Z.
193 3323 227 3351 B.
244 3323 272 3349 in
287 3325 333 3349 der
349 3318 643 3350 Vaumwollindustrie
659 3318 730 3344 wird
744 3316 846 3342 überall
862 3313 943 3346 zwöls

153 3356 284 3384 Stunden
303 3359 351 3387 pro
371 3353 481 3386 Schicht,
500 3353 529 3380 in
550 3351 616 3384 zwei
634 3350 772 3382 Schichten
790 3347 944 3381 gearbeitet.

154 3390 242 3417 Wenn
256 3389 310 3417 Sie
325 3389 404 3421 heute
420 3387 513 3419 China
531 3385 663 3417 besuchen,
679 3384 707 3417 so
720 3384 800 3415 sehen
813 3382 875 3413 Sie,
890 3381 943 3412 daß

153 3424 182 3451 in
203 3427 253 3451 den
274 3420 558 3453 Baumwollfabriken
581 3419 683 3445 Kinder
701 3420 756 3443 von
776 3416 869 3448 sieben,
890 3414 943 3446 acht

151 3459 210 3485 und
238 3464 311 3484 neun
335 3455 448 3489 Jahren
473 3452 626 3486 beschäftigt
648 3451 766 3482 werden,
790 3450 845 3477 und
871 3451 943 3481 zwar

153 3491 221 3523 nicht
241 3497 295 3518 nur
313 3490 445 3521 während
463 3489 510 3514 des
531 3485 648 3518 Tages."

207 3524 293 3561 Diese
316 3522 459 3560 Zustände
482 3520 609 3556 bestehen
631 3519 723 3548 neben
746 3517 826 3546 einer
848 3516 942 3553 gesetz-

152 3562 242 3605 lichen
266 3559 463 3597 „Regelung",
497 3559 544 3588 die
576 3558 620 3586 die
641 3555 862 3592 Beschäftigung
885 3557 944 3582 von

154 3598 284 3632 Kindern
307 3601 391 3629 unter
416 3596 550 3632 vierzehn
574 3595 690 3630 Jahren
716 3593 874 3629 imtersagt,
898 3591 944 3621 die

152 3637 337 3674 Nachtarbeit
361 3636 408 3672 für
430 3635 548 3670 Frauen
579 3633 638 3661 und
662 3630 852 3667 Jugendliche
882 3632 942 3657 ver¬

152 3677 241 3706 bietet
253 3677 311 3705 und
328 3675 372 3704 die
387 3671 565 3707 Arbeitszeit
581 3670 627 3706 für
641 3669 823 3704 Erwachsene
837 3667 943 3702 grimd-

153 3714 257 3750 sätzlich
291 3713 341 3748 auf
373 3711 434 3745 acht
464 3709 605 3740 Stunden
645 3706 746 3743 täglich
779 3704 943 3741 beschränkt.

153 3751 258 3788 Solche
285 3747 495 3786 Widersprüche
524 3746 583 3783 sind
614 3745 678 3775 eine
705 3737 755 3780 fast
776 3741 944 3779 allgemeine

973 887 1174 923 Erscheinung,
1205 893 1242 916 an
1272 888 1320 917 der
1351 893 1418 916 man
1450 887 1522 924 nicht
1551 888 1630 923 mehr
1651 887 1753 923 Anstoß

972 925 1084 954 nimmt.
1106 924 1175 955 Seit
1197 924 1363 960 jedermann
1384 925 1568 962 antisozialer
1591 925 1752 961 Gesinnung

972 961 1144 997 verdächtigt
1166 962 1249 997 wird,
1270 963 1317 992 der
1348 964 1400 991 den
1430 962 1642 999 sozialistischen
1671 962 1752 997 Herr¬

971 999 1065 1035 schern
1079 999 1118 1028 im
1133 999 1232 1030 Reiche
1248 1000 1296 1028 der
1310 1000 1563 1036 sozialpolitischen
1578 1000 1668 1029 Mode
1682 999 1755 1034 nicht

973 1037 1137 1072 bliirdlings
1155 1036 1345 1074 Gefolgschaft
1367 1038 1461 1073 leistet,
1479 1038 1577 1073 finden
1592 1045 1626 1069 es
1646 1036 1754 1072 manche

972 1074 1177 1110 Regierungen
1201 1074 1245 1110 für
1268 1074 1456 1118 zweckmäßig,
1481 1074 1531 1104 mit
1556 1075 1645 1110 dieser
1669 1074 1754 1104 Mode

972 1118 1007 1147 zu
1023 1112 1119 1148 gehen.
1137 1110 1193 1142 Sie
1209 1112 1387 1147 ratiiizieren
1403 1113 1455 1142 alle
1470 1113 1691 1142 Konventionen
1708 1113 1754 1141 der

970 1150 1235 1184 Internationalen
1283 1149 1606 1186 Arbeitsorganisation
1655 1149 1754 1178 bereit¬

973 1186 1064 1221 willig
1088 1188 1146 1216 und
1179 1186 1275 1222 zeigen
1304 1188 1352 1223 sich
1382 1187 1473 1223 jedem
1504 1186 1755 1223 sozialpolitischen

974 1224 1175 1261 „Fortschritt"
1193 1228 1336 1260 gewogen,
1351 1225 1415 1254 weil
1429 1226 1482 1254 das
1499 1225 1652 1261 sozusagen
1666 1224 1755 1258 nichts

972 1262 1061 1298 kostet.
1074 1262 1130 1292 Sie
1145 1262 1303 1297 überlassen
1318 1265 1351 1292 es
1365 1262 1470 1298 einfach
1485 1263 1538 1292 den
1553 1262 1754 1297 Regierungen

973 1300 1091 1329 anderer
1122 1300 1245 1334 Länder,
1276 1300 1321 1330 die
1352 1300 1654 1335 volkswirtschaftliche
1684 1299 1755 1328 Ver¬

973 1337 1060 1373 nunft
1078 1344 1127 1373 zur
1148 1337 1275 1372 Geltung
1293 1342 1328 1373 zu
1346 1337 1476 1373 bringen,
1496 1338 1552 1365 und
1571 1337 1605 1371 sie
1625 1336 1756 1372 glauben,

974 1374 1065 1404 damit
1087 1375 1205 1410 rechnen
1233 1381 1268 1410 zu
1300 1374 1410 1410 dürfen,
1439 1373 1494 1410 daß
1525 1373 1569 1404 die
1592 1372 1756 1409 allgemeine

972 1411 1123 1448 Regelung
1142 1413 1173 1448 ja
1191 1411 1254 1444 doch
1273 1412 1346 1448 nicht
1364 1413 1492 1447 zustande
1513 1412 1627 1441 komme.
1645 1411 1708 1440 Nur
1727 1411 1755 1445 so

972 1451 1044 1480 kann
1067 1456 1133 1479 man
1154 1455 1189 1481 es
1210 1447 1257 1485 sich
1278 1449 1414 1484 erklären,
1437 1449 1492 1484 daß
1516 1449 1558 1478 die
1579 1449 1755 1483 Vertretung

972 1489 1022 1517 der
1043 1486 1238 1524 italienischen
1259 1487 1426 1523 Regierung
1449 1488 1479 1516 in
1501 1487 1549 1516 der
1571 1484 1757 1521 Internatio¬

972 1525 1062 1554 nalen
1078 1524 1402 1561 Arbeitsorganisation
1423 1524 1469 1560 sich
1490 1523 1535 1560 für
1556 1524 1609 1556 den
1631 1523 1757 1558 neuesten

972 1562 1185 1598 sozialistischen
1204 1561 1521 1597 Arbeitszeitvorschlag
1539 1561 1682 1596 eingesetzt
1701 1560 1756 1593 hat.

973 1601 1016 1630 Es
1037 1599 1069 1636 ist
1087 1593 1197 1636 schwer,
1217 1599 1422 1635 anzunehmen,
1443 1598 1498 1634 daß
1520 1599 1564 1627 die
1588 1597 1757 1633 italienische

972 1638 1140 1673 Regierung
1164 1637 1235 1666 über
1265 1637 1313 1667 die
1347 1635 1605 1671 unvermeidlichen
1627 1635 1757 1669 Schäden

974 1676 1052 1705 einer
1083 1674 1271 1711 allgemeinen
1302 1673 1436 1711 gesetzlich
1467 1675 1655 1706 verordncten
1686 1672 1756 1701 Ver¬

973 1713 1095 1748 kürzung
1114 1713 1162 1742 der
1183 1711 1358 1747 Arbeitszeit
1378 1712 1428 1748 ans
1446 1711 1552 1747 vierzig
1573 1711 1712 1740 Stunden
1729 1709 1757 1738 in

970 1753 1022 1781 der
1036 1750 1134 1785 Woche
1148 1749 1333 1785 hinivegsche.

1029 1788 1073 1817 Es
1090 1788 1210 1824 handelt
1228 1787 1275 1823 sich
1297 1790 1331 1817 da
1350 1787 1415 1822 doch
1435 1786 1510 1821 nicht
1529 1793 1587 1816 nur
1606 1792 1657 1815 um
1673 1784 1758 1814 einen

973 1825 1038 1855 rein
1058 1824 1260 1861 mechanischen
1279 1825 1420 1860 Vorgang
1446 1826 1493 1854 der
1514 1823 1686 1857 Verteilung
1713 1824 1758 1851 der

973 1863 1177 1899 vorhandenen
1196 1862 1536 1898 Arbeitsgelegenheiten.
1552 1861 1625 1894 Auch
1640 1860 1685 1891 die
1703 1861 1758 1889 An¬

972 1900 1043 1937 sicht,
1071 1901 1135 1930 eine
1164 1900 1376 1936 gleichmäßige,
1405 1898 1573 1936 allgemeine
1601 1897 1759 1927 Reduktion

973 1941 1023 1968 der
1045 1938 1222 1974 Arbeitszeit
1243 1939 1336 1968 werde
1359 1938 1413 1967 das
1434 1935 1670 1972 Mißverhältnis
1692 1935 1758 1970 zwi¬

975 1976 1050 2012 schen
1075 1975 1253 2012 Produktion
1276 1976 1334 2005 und
1358 1974 1520 2008 Verbrauch
1544 1974 1707 2009 beseitigen,
1731 1972 1759 2007 ist

975 2014 1067 2050 falsch.
1091 2013 1153 2043 Wir
1177 2013 1271 2045 leiden
1296 2012 1370 2047 nicht
1391 2019 1428 2041 an
1452 2013 1528 2041 einer
1552 2010 1759 2045 Ueberproduk-

973 2051 1051 2085 tivn;
1082 2050 1234 2087 unzählige
1261 2050 1410 2086 Menschen
1451 2050 1541 2085 haben
1580 2048 1647 2084 noch
1675 2048 1759 2076 einen

976 2090 1128 2125 immensen
1158 2089 1390 2125 unbefriedigten
1420 2087 1538 2121 Bedarf.
1568 2087 1630 2116 Alle
1662 2084 1760 2120 Hände

975 2127 1096 2156 könnten
1116 2126 1174 2156 voll
1197 2126 1358 2161 beschäftigt
1379 2126 1503 2159 werden,
1523 2130 1572 2152 um
1593 2123 1685 2158 diesen
1705 2122 1759 2151 Be¬

974 2164 1040 2200 darf
1059 2171 1092 2200 zu
1113 2165 1211 2194 decken.
1230 2164 1287 2193 Die
1307 2163 1442 2198 aktuellste
1461 2162 1555 2198 Frage
1580 2161 1619 2196 ist,
1639 2159 1693 2189 lvie
1717 2160 1760 2188 die

972 2202 1096 2237 Deckung
1108 2203 1158 2231 der
1173 2201 1265 2230 vielen
1282 2200 1513 2235 unbefriedigten
1526 2198 1706 2234 Bedürfnisse
1718 2203 1760 2226 er¬

974 2239 1105 2275 möglicht
1123 2239 1239 2268 werden
1258 2240 1339 2268 kann.
1357 2236 1413 2267 Die
1430 2237 1592 2271 Verfechter
1612 2237 1659 2266 der
1677 2235 1760 2264 Vier¬

974 2277 1231 2313 zigstundenwoche
1248 2276 1366 2312 rechnen
1394 2282 1466 2311 ganz
1493 2274 1591 2309 falsch;
1621 2272 1680 2308 ihre
1698 2272 1761 2302 Me¬

975 2315 1059 2357 thode
1091 2314 1168 2350 führt
1204 2320 1253 2349 zur
1284 2312 1521 2348 Aushungerung
1552 2312 1600 2341 der
1633 2309 1760 2339 ärmeren

974 2352 1198 2389 Konsumenten.
1216 2351 1271 2381 Die
1291 2350 1471 2387 Produktion
1491 2348 1589 2378 würde
1609 2347 1712 2381 danach
1733 2347 1760 2382 so

975 2390 1123 2426 reguliert,
1140 2389 1197 2425 daß
1213 2388 1287 2422 nicht
1304 2388 1382 2423 mehr
1397 2388 1514 2423 erzeugt
1530 2386 1614 2420 wird,
1632 2386 1680 2414 als
1697 2387 1761 2413 tvas

971 2429 1020 2458 die
1036 2427 1241 2464 kaufkräftigen
1258 2426 1357 2460 Kreise
1373 2424 1567 2459 konsumieren
1583 2423 1701 2452 können.
1716 2422 1762 2451 Da

975 2467 1021 2495 die
1040 2464 1225 2501 Verkürzung
1248 2465 1296 2494 der
1318 2461 1495 2497 Arbeitszeit
1516 2461 1559 2491 die
1585 2460 1762 2496 Produktion

975 2502 1043 2538 noch
1060 2503 1138 2538 mehr
1156 2503 1309 2537 verteuert,
1324 2499 1444 2529 würden
1461 2498 1533 2535 diese
1550 2497 1648 2534 Kreise
1665 2497 1762 2526 immer

975 2540 1055 2575 inehr
1079 2537 1402 2575 zusanunenschmelzen,
1432 2537 1490 2566 und
1523 2536 1566 2565 die
1590 2534 1764 2569 Arbeitszeit

976 2577 1076 2612 müßte
1092 2578 1197 2607 immer
1212 2577 1318 2605 wieder
1336 2578 1394 2607 von
1409 2580 1515 2604 neuem
1532 2574 1677 2608 reduziert
1693 2574 1760 2600 wer-

976 2616 1040 2644 den.
1064 2614 1106 2644 Da
1127 2616 1176 2645 der
1200 2613 1405 2648 Unterkonsum
1422 2613 1470 2641 der
1490 2611 1601 2645 großen
1619 2608 1764 2645 Mehrheit

975 2654 1025 2681 der
1043 2651 1216 2688 Menschheit
1234 2651 1307 2685 nicht
1326 2649 1470 2684 bestritten
1489 2649 1603 2677 werden
1621 2648 1701 2680 kann,
1720 2653 1761 2675 er¬

976 2689 1079 2725 scheint
1092 2693 1123 2718 cs
1138 2689 1189 2719 als
1205 2695 1276 2724 ganz
1291 2688 1407 2722 absurd,
1420 2686 1466 2715 die
1482 2684 1697 2721 Absatzstockung
1713 2683 1762 2718 auf

975 2727 1081 2756 andere
1101 2726 1194 2762 Weise
1213 2725 1401 2754 überwinden
1423 2730 1459 2759 zu
1485 2722 1589 2752 wollen
1610 2723 1659 2751 als
1682 2713 1761 2754 durch

974 2762 1284 2798 Verbilligung
1305 2763 1352 2791 der
1374 2759 1563 2796 Produktion.
1583 2759 1640 2788 Die
1664 2758 1693 2787 in
1714 2759 1761 2787 der

975 2801 1125 2837 Industrie
1144 2800 1214 2830 aller
1233 2800 1346 2829 Länder
1367 2797 1574 2834 Beschäftigten
1595 2795 1697 2831 dürfen
1715 2795 1760 2830 sich

975 2838 1129 2874 angesichts
1150 2837 1238 2873 dieser
1258 2836 1393 2873 Tatsache
1412 2835 1486 2870 nicht
1506 2834 1557 2870 auf
1578 2835 1631 2863 den
1651 2832 1760 2862 Stand¬

975 2877 1060 2917 punkt
1076 2876 1181 2912 stellen:
1198 2879 1233 2904 es
1250 2875 1282 2910 ist
1299 2873 1490 2910 gleichgültig,
1507 2872 1561 2901 wie
1580 2871 1645 2907 hoch
1663 2870 1761 2906 unsere

977 2913 1157 2950 Erzeugnisse
1178 2919 1213 2948 zu
1231 2912 1324 2948 stehen
1350 2912 1485 2945 kommen,
1516 2912 1601 2938 wenn
1627 2914 1684 2938 nur
1709 2907 1762 2935 alle

976 2950 1311 2987 Arbeitsgelegenheiten
1341 2948 1428 2984 gleich
1460 2946 1612 2982 anfgeteilt
1640 2945 1762 2974 werden.

976 2990 1041 3019 Ans
1061 2989 1125 3018 dem
1151 2987 1324 3023 derzeitigen
1348 2984 1631 3020 Arbeitslosenelend
1656 2982 1761 3011 können

974 3028 1011 3062 sie
1030 3033 1086 3055 nur
1111 3025 1358 3065 herauskommen,
1386 3026 1471 3052 wenn
1495 3022 1558 3050 eine
1592 3018 1763 3056 wesentliche

975 3063 1181 3099 Verbilligung
1211 3064 1259 3092 der
1278 3061 1461 3098 Produktion
1486 3059 1654 3094 ermöglicht
1682 3057 1764 3086 wird.

976 3101 1034 3132 Bei
1048 3108 1104 3131 nur
1120 3100 1271 3136 tcilweiser
1288 3098 1475 3133 Ausnützung
1491 3097 1539 3126 der
1553 3094 1764 3130 Produktions¬

977 3139 1104 3174 anlagen
1123 3138 1155 3175 ist
1175 3140 1230 3167 das
1250 3137 1316 3173 auch
1338 3137 1417 3166 dann
1440 3135 1514 3168 nicht
1533 3132 1662 3169 möglich,
1682 3134 1765 3161 wenn

978 3176 1032 3207 mit
1049 3177 1097 3206 der
1110 3175 1295 3211 Verkürzung
1310 3176 1360 3204 der
1375 3172 1549 3207 Arbeitszeit
1563 3171 1628 3200 eine
1643 3170 1764 3205 entspre¬

978 3215 1079 3247 chende
1091 3213 1326 3248 Verminderung
1340 3212 1394 3243 des
1407 3210 1523 3245 Lolches
1537 3209 1623 3244 Hand
1639 3208 1670 3237 in
1684 3206 1766 3242 Hand

979 3252 1054 3288 geht.
1068 3252 1132 3281 Das
1148 3250 1203 3287 gilt
1216 3249 1359 3282 natürlich
1374 3248 1440 3283 auch
1456 3248 1500 3277 bei
1516 3249 1562 3276 der
1579 3244 1766 3280 Arbeitszeit¬

979 3289 1163 3324 verkürzung,
1184 3287 1229 3317 die
1248 3291 1305 3316 von
1324 3286 1419 3317 vielen
1435 3284 1592 3315 Betrieben
1614 3281 1767 3318 freiwillig,

978 3333 1036 3357 nur
1055 3318 1146 3356 unter'
1158 3326 1221 3356 dem
1239 3325 1367 3360 Zwange
1387 3324 1433 3352 der
1458 3321 1684 3357 Absatzstockung,
1702 3322 1766 3347 vor-

979 3370 1148 3401 genommen
1164 3362 1250 3393 wird.
1265 3362 1312 3397 In
1328 3361 1432 3396 diesem
1448 3359 1529 3396 Falle
1543 3359 1576 3394 ist
1593 3359 1662 3387 aber
1679 3356 1767 3392 jedem

980 3402 1114 3432 Betriebe
1128 3401 1195 3431 eine
1213 3400 1323 3436 gewisse
1339 3395 1554 3433 Beweglichkeit
1570 3394 1709 3430 gesichert;
1727 3394 1766 3430 so¬

977 3440 1047 3470 bald
1062 3439 1108 3476 sich
1123 3440 1170 3469 der
1187 3435 1445 3475 Auftragsbestand
1462 3436 1511 3464 des
1527 3432 1680 3463 Betriebes
1695 3425 1766 3466 hebt,

978 3479 1051 3508 kann
1080 3484 1110 3506 er
1138 3476 1230 3514 sofort
1256 3480 1308 3512 zur
1336 3473 1518 3502 rentableren
1545 3469 1766 3504 Betriebsweise

978 3514 1148 3550 übergehen.
1163 3513 1249 3549 Diese
1266 3511 1447 3548 Möglichkeit
1466 3509 1593 3546 gestattet
1615 3508 1682 3544 ihm,
1699 3506 1766 3541 Auf¬

979 3552 1062 3588 träge
1082 3558 1114 3587 zu
1133 3550 1335 3586 übernehmen,
1356 3549 1406 3584 auf
1426 3549 1469 3577 die
1486 3553 1518 3576 er
1539 3547 1583 3575 bei
1601 3546 1704 3581 starrer
1723 3550 1766 3579 ge¬

980 3589 1110 3626 setzlicher
1121 3588 1290 3625 Festlegung
1304 3589 1355 3617 der
1366 3584 1543 3620 Arbeitszeit
1554 3584 1608 3619 auf
1620 3583 1671 3613 ein
1682 3588 1766 3610 anor¬

979 3627 1041 3657 mal
1056 3627 1205 3662 niedriges
1220 3624 1293 3660 Maß
1310 3623 1465 3659 verzichten
1485 3621 1592 3656 müßte.

1036 3665 1127 3694 Wenn
1142 3663 1269 3698 einzelne
1287 3660 1474 3697 Industrielle
1488 3659 1534 3688 die
1548 3657 1694 3692 Meinung
1707 3659 1766 3685 ver¬

979 3704 1083 3737 treten,
1099 3702 1144 3732 die
1159 3700 1354 3733 Entwicklung
1371 3699 1421 3727 des
1437 3696 1606 3733 technischen
1621 3696 1767 3729 Apparats

979 3742 1029 3771 der
1051 3739 1202 3776 Industrie
1225 3736 1400 3774 rechtfertige
1422 3737 1488 3765 eine
1511 3732 1627 3763 weitere
1649 3731 1767 3762 Verkür¬

1791 893 1863 923 zung
1882 890 1929 919 der
1946 888 2131 924 Arbeitszeit,
2151 888 2179 924 so
2196 888 2338 917 bekunden
2353 887 2389 923 sie
2404 886 2494 916 damit
2510 886 2573 916 eine

1792 925 1962 962 imzulässig«
1981 925 2180 962 Einschätzung
2202 926 2276 961 ihrer
2293 925 2414 959 eigenen
2432 924 2574 960 Position.

1793 962 1866 998 Jene
1880 963 2309 999 Jndustrieunternehmungen,
2326 963 2369 992 die
2384 962 2429 998 sich
2446 963 2498 992 den
2515 968 2574 990 »ro¬

1791 1001 1916 1036 dernsten
1944 1001 2111 1036 technischen
2139 1002 2267 1036 Apparat
2295 1000 2435 1035 dienstbar
2464 999 2575 1033 mack-en

1792 1038 1919 1073 konnten,
1941 1039 2050 1073 machen
2072 1046 2127 1069 n»r
2156 1039 2240 1067 einen
2271 1037 2409 1073 geringen
2429 1036 2575 1069 Bruchteil

1793 1075 1838 1105 der
1856 1075 2005 1112 Industrie
2023 1082 2087 1110 aus,
2109 1075 2187 1111 selbst
2206 1075 2236 1104 tu
2256 1076 2310 1105 den
2330 1074 2483 1107 industriell
2506 1075 2575 1110 fort¬

1793 1113 2010 1149 geschrittensten
2025 1113 2168 1142 Ländern.
2185 1112 2258 1143 Weil
2274 1115 2309 1142 es
2326 1112 2488 1147 Maschinen
2504 1111 2575 1146 gibt,

1791 1150 1834 1180 die
1848 1152 1874 1186 so
1888 1155 1946 1182 und
1957 1151 1985 1187 so
2000 1150 2072 1179 viele
2088 1150 2295 1185 Arbeitskräfte
2306 1149 2473 1185 überflüssig
2487 1149 2573 1183 mach¬

1794 1189 1847 1221 ten,
1868 1189 1937 1220 kann
1960 1189 2033 1223 nicht
2051 1188 2096 1218 die
2116 1186 2291 1223 Arbeitszeit
2313 1187 2400 1216 vieler
2419 1185 2576 1216 Millionen

1793 1224 1948 1262 Menschen,
1965 1227 2054 1255 denen
2069 1226 2118 1255 ein
2135 1226 2202 1254 weit
2218 1223 2345 1260 weniger
2362 1224 2576 1253 vollkommener

1794 1263 1950 1299 technischer
1968 1264 2097 1298 Apparat
2114 1269 2165 1297 zur
2180 1258 2354 1298 Verfügung
2370 1262 2445 1297 steht,
2461 1261 2511 1296 auf
2527 1261 2576 1289 ein

1793 1300 1864 1334 Maß
1886 1300 2067 1336 herabgesetzt
2100 1300 2225 1333 werden,
2253 1302 2307 1328 das
2340 1300 2386 1327 der
2414 1298 2576 1333 Leistungs¬

1795 1337 1924 1373 fähigkeit
1959 1338 2006 1367 der
2032 1337 2208 1373 modernsten
2234 1338 2378 1371 Apparat«
2401 1336 2578 1371 entsprechen

1794 1375 1897 1404 würde.
1912 1376 1982 1405 Eine
2001 1376 2086 1411 solche
2101 1374 2304 1411 Herabsetzung
2323 1375 2369 1403 der
2384 1372 2577 1408 menschlichen

1793 1411 1956 1450 Leistungen
1969 1412 2048 1442 wäre
2064 1412 2231 1446 unhaltbar,
2247 1415 2331 1443 wenn
2347 1411 2418 1445 nicht
2434 1410 2498 1444 auch
2512 1409 2577 1439 eine

1794 1449 1893 1487 gleiche
1928 1450 2131 1487 Herabsetzung
2171 1451 2218 1479 der
2253 1447 2412 1486 Ansprüche
2446 1447 2578 1482 erfolgte.

1846 1502 1915 1532 Von
1928 1506 1980 1535 den
1995 1503 2177 1538 Verfechtern
2194 1502 2242 1530 der
2255 1500 2513 1536 vierzigstündigen
2526 1500 2578 1528 Ar¬

1795 1539 1960 1576 beitswoche
1975 1540 2048 1569 wird
2065 1539 2131 1576 auch
2147 1539 2221 1574 nicht
2237 1540 2358 1573 bedacht,
2375 1538 2429 1573 daß
2445 1538 2489 1567 die
2505 1537 2578 1567 Ver¬

1795 1578 1902 1614 teilung
1918 1580 1964 1608 der
1979 1576 2316 1613 Arbeitsgelegenheiten
2331 1575 2489 1611 überhaupt
2505 1574 2579 1609 nicht

1795 1615 1961 1652 schematisch
1977 1615 2109 1651 erfolgen
2127 1615 2207 1643 kanir.
2225 1609 2299 1643 Man
2318 1615 2388 1642 kann
2406 1612 2478 1647 nicht
2496 1612 2577 1641 über¬

1797 1652 1888 1688 flüssig
1911 1654 2100 1688 gewordenen
2120 1651 2251 1687 Drehern
2271 1651 2337 1680 eine
2362 1649 2580 1685 Beschäftigung

1795 1691 1841 1719 als
1853 1691 1957 1726 Gießer
1972 1691 2124 1726 zuweisen,
2138 1692 2196 1719 imd
2213 1689 2262 1724 auf
2275 1687 2320 1717 die
2332 1688 2517 1723 Umschulung
2532 1690 2579 1717 der

1795 1727 2001 1764 Arbeitskräfte
2020 1734 2053 1763 zu
2074 1728 2195 1760 warten,
2225 1725 2325 1755 würde
2353 1727 2405 1754 den
2424 1724 2579 1755 Betrieben

1795 1765 1866 1800 nicht
1880 1769 1930 1801 gut
1947 1764 2116 1795 bekommen.
2130 1764 2186 1793 Die
2200 1763 2368 1799 Versetzung
2385 1765 2431 1793 der
2448 1761 2579 1791 Arbeits¬

1797 1803 1872 1838 losen
1890 1810 1927 1832 an
1946 1804 2049 1831 andere
2063 1801 2171 1838 Posten
2185 1801 2217 1837 ist
2232 1802 2298 1830 aber
2316 1799 2390 1835 nicht
2404 1806 2459 1828 nur
2476 1800 2507 1828 in
2521 1799 2580 1829 die¬

1796 1841 1835 1877 ser
1857 1840 1976 1876 Hinsicht
1993 1840 2041 1868 ein
2061 1840 2122 1876 sehr
2143 1839 2320 1874 schwieriges
2339 1837 2491 1873 Problem;
2511 1836 2579 1872 auch

1796 1877 1839 1907 die
1857 1878 2112 1914 Wohnungsfrage
2131 1876 2162 1912 ist
2179 1876 2251 1911 nicht
2267 1876 2296 1912 so
2313 1874 2423 1911 einfach
2440 1880 2474 1909 zu
2493 1874 2580 1909 lösen.

1795 1915 1849 1945 Die
1865 1914 2101 1952 Uebersiödelung
2119 1917 2177 1942 von
2195 1913 2422 1947 Arbeitskräften
2441 1911 2470 1939 in
2486 1910 2581 1941 einem

1795 1953 1892 1988 Maße,
1909 1952 1964 1989 daß
1979 1954 2024 1981 die
2040 1950 2377 1986 Arbeitsgelegenheiten
2395 1948 2492 1984 richtig
2519 1952 2582 1977 ver¬

1798 1990 1859 2020 teilt
1879 1991 1946 2026 sind,
1964 1989 2062 2019 würde
2083 1990 2127 2019 die
2145 1987 2393 2023 Volkswirtschaft
2412 1985 2464 2016 mit
2485 1986 2581 2021 erheb¬

1798 2028 1892 2062 lichen,
1909 2027 2003 2063 wenig
2021 2026 2192 2056 rationellen
2206 2025 2365 2061 Ausgaben
2381 2023 2510 2058 belasten.
2526 2023 2581 2052 Die

1796 2065 2052 2101 Schwierigkeiten,
2070 2065 2115 2093 die
2133 2064 2186 2092 den
2202 2061 2499 2098 Industriebetrieben
2524 2065 2581 2089 aus

1796 2101 1875 2133 einer
1890 2103 1996 2138 starren
2012 2101 2213 2137 Regulierung
2228 2102 2275 2130 der
2293 2099 2469 2134 Arbeitszeit
2486 2099 2537 2134 auf
2552 2099 2581 2130 so

1799 2140 1941 2176 niedriger
1960 2139 2050 2175 Stufe
2066 2139 2224 2173 erwachsen
2241 2137 2369 2170 würden,
2388 2136 2485 2165 wären
2502 2136 2584 2164 kaum

1799 2178 1935 2214 geeignet,
1954 2177 1987 2214 sie
2010 2177 2053 2212 für
2073 2176 2138 2205 eine
2159 2175 2247 2205 aktive
2266 2173 2456 2209 Mitwirkung
2476 2179 2514 2202 an
2534 2173 2582 2202 der

1798 2216 1966 2252 Verteilung
1991 2217 2039 2244 der
2060 2212 2397 2249 Arbeitsgelegenheiten
2426 2216 2460 2247 zu
2491 2210 2582 2245 begei¬

1808 2253 1887 2288 stern.
1900 2253 1944 2282 Es
1959 2252 2036 2281 loäre
2047 2253 2097 2281 ein
2109 2250 2316 2286 beträchtlicher
2329 2240 2582 2284 bureaukratischer

1800 2291 1944 2325 Aufwand
1966 2290 2142 2324 nottvendig,
2165 2287 2237 2323 diese
2254 2285 2428 2321 Verteilung
2455 2285 2584 2320 durchzu¬

1802 2327 1909 2364 führen.
1928 2327 1992 2357 Wer
2012 2327 2060 2363 soll
2079 2325 2230 2361 feststellen,
2246 2324 2362 2358 welcher
2379 2322 2497 2353 Betrieb
2516 2321 2582 2357 noch

1800 2363 2004 2400 Arbeitskräfte
2026 2362 2212 2399 beschäftigen
2232 2362 2343 2396 könnte,
2362 2364 2445 2389 wenn
2466 2359 2510 2389 die
2531 2360 2583 2389 Ar¬

1799 2402 2075 2437 beitsbedingungen
2091 2403 2187 2430 derart
2201 2400 2269 2433 sind,
2281 2399 2338 2434 daß
2350 2398 2424 2428 keine
2434 2397 2583 2427 Betriebs¬

1802 2440 1911 2476 leitung
1946 2441 2053 2469 daraus
2084 2438 2171 2468 einen
2194 2435 2298 2471 Anreiz
2330 2436 2481 2472 gewinnen
2503 2435 2585 2467 kann,

1802 2479 1852 2508 den
1877 2475 2190 2514 Beschäftigungsgrad
2212 2475 2289 2511 ihres
2312 2472 2464 2503 Betriebes
2487 2478 2522 2508 zu
2541 2479 2584 2501 er¬

1802 2515 1914 2553 höhen?

1866 2568 1910 2597 Es
1946 2567 1977 2601 ist
2014 2566 2089 2597 nicht
2122 2564 2302 2601 einzusehen,
2335 2564 2391 2593 wie
2425 2568 2460 2593 es
2493 2561 2587 2591 volks¬

1804 2604 2008 2641 wirtschaftlich
2029 2603 2143 2640 nützlich
2165 2603 2224 2639 sein
2244 2603 2355 2636 könnte,
2373 2601 2459 2630 einen
2479 2600 2588 2635 großen

1801 2642 1930 2679 Apparat
1961 2641 2132 2678 einzusetzen
2167 2639 2212 2676 für
2245 2640 2309 2669 eine
2348 2633 2505 2674 Regelung,
2539 2637 2587 2665 die

1802 2680 1829 2713 ja
1871 2679 1934 2715 doch
1976 2685 2033 2708 nur
2076 2678 2123 2714 für
2167 2677 2213 2706 die
2252 2677 2354 2707 Tauer
2397 2678 2445 2705 der
2486 2680 2586 2710 gegen¬

1799 2717 1942 2753 wärtigen
1976 2714 2194 2753 Absatzstockung
2223 2715 2318 2750 gelten
2352 2714 2411 2750 sott.
2445 2712 2519 2742 Auch
2547 2711 2586 2740 im

1800 2753 2010 2791 sozialistischen
2030 2754 2121 2788 Lager
2140 2752 2252 2786 machen
2268 2752 2316 2787 sich
2337 2750 2473 2780 mitunter
2490 2749 2585 2778 Stim¬

1800 2799 1863 2822 men
1898 2791 2066 2825 bemerkbar,
2104 2790 2150 2821 die
2187 2790 2233 2819 die
2267 2788 2441 2824 Aufstellung
2478 2786 2585 2821 nnzett-

1799 2829 1931 2864 geinäßec
1953 2828 2163 2865 Forderungen
2194 2826 2268 2861 nicht
2301 2827 2405 2862 gerade
2436 2825 2486 2854 als
2520 2828 2584 2852 vor-

1800 2867 1901 2903 telhaft
1916 2866 2053 2898 erachten.
2078 2866 2125 2895 So
2151 2865 2216 2900 hieß
2241 2868 2275 2893 es
2294 2863 2335 2892 iin
2359 2862 2486 2898 Machest
2515 2861 2585 2889 1930

1800 2906 1847 2934 der
1876 2902 2183 2938 „Gewerkschaftlichen
2208 2900 2395 2936 Rundschau"
2433 2899 2584 2935 (Monats¬

1799 2942 1891 2978 schrift
1907 2945 1957 2974 des
1969 2939 2221 2977 Schweizerischen
2234 2936 2582 2974 Gewerkschaftsbundes)

1800 2980 1843 3009 bei
1861 2979 2052 3016 Besprechung
2070 2980 2118 3008 der
2137 2977 2301 3012 damaligen
2320 2976 2430 3011 Parole
2447 2975 2497 3009 ans
2513 2974 2584 3003 Ein¬

1802 3017 1924 3053 führung
1959 3018 2005 3046 der
2039 3012 2421 3050 vierundvierzigstündigen
2453 3011 2584 3041 Arbeits¬

1801 3056 1904 3088 woche:
1933 3054 2001 3088 „Bei
2025 3052 2155 3089 mancher
2179 3052 2260 3087 schön
2283 3051 2452 3085 klingenden
2474 3049 2585 3083 Parole

1803 3093 1850 3128 hat
1866 3092 1912 3128 sich
1929 3091 1960 3121 in
1973 3094 2026 3121 den
2041 3091 2136 3126 letzten
2150 3088 2352 3125 Jahrzehnten
2365 3085 2585 3123 herausgestellt,

1804 3130 1859 3165 daß
1878 3130 1912 3166 sie
1928 3129 2005 3163 mehr
2024 3129 2129 3163 schadet
2147 3128 2195 3156 als
2212 3126 2294 3162 nützt,
2312 3128 2400 3155 wenn
2417 3125 2451 3160 sie
2469 3130 2502 3159 zu
2519 3116 2585 3159 früh

1803 3168 2034 3205 heransgegeben
2054 3165 2154 3194 wird."
2197 3164 2270 3194 Man
2301 3163 2368 3197 solle
2396 3162 2448 3196 erst
2475 3160 2586 3190 einmal

1804 3205 1891 3241 dahin
1908 3204 2023 3237 wirken,
2048 3203 2106 3239 daß
2133 3202 2179 3231 die
2203 3199 2393 3237 achtstündige
2411 3197 2586 3233 Arbeitszeit

1804 3243 1935 3279 Tatsache
1958 3242 2083 3270 wird...
2113 3239 2171 3269 Die
2201 3237 2392 3275 sozialistische
2420 3235 2586 3271 Bewegung

1804 3280 1917 3316 braucht
1934 3280 1999 3309 aber
2020 3279 2120 3308 iinmer
2138 3276 2244 3306 wieder
2262 3281 2336 3305 neue
2355 3273 2588 3310 Kampfparolen,

1806 3318 1905 3347 immer
1925 3323 1995 3346 neue
2017 3314 2247 3350 Gelegenheiten,
2266 3312 2327 3348 ihre
2349 3312 2445 3347 Sorge
2465 3317 2513 3339 inn
2532 3311 2586 3339 das

1803 3354 2007 3390 Wohlergehen
2028 3354 2074 3383 der
2096 3350 2397 3386 Arbeitnehmerschaft
2416 3348 2586 3383 tvenigstens

1805 3393 1886 3427 durch
1911 3391 2084 3427 Ausstellung
2108 3395 2196 3419 neuer
2217 3389 2425 3424 Fovderimgen
2448 3392 2483 3420 zu
2504 3385 2588 3414 doku¬

1805 3431 1970 3460 mentieren.
1985 3427 2047 3464 Für
2060 3428 2095 3464 sie
2110 3427 2141 3462 ist
2155 3426 2222 3461 auch
2238 3426 2267 3455 in
2283 3425 2332 3453 der
2349 3425 2441 3459 Frag«
2456 3424 2501 3451 der
2514 3422 2587 3451 Ber-

1804 3467 1915 3504 teilung
1934 3469 1980 3497 der
2000 3462 2336 3499 Arbeitsgelegenheiten
2356 3461 2438 3497 durch
2453 3460 2517 3489 eine
2537 3460 2588 3488 all¬

1805 3505 1931 3540 gemeine
1955 3503 2138 3539 Verkürzung
2164 3502 2211 3530 der
2236 3499 2412 3534 Arbeitszeit
2434 3497 2508 3532 nicht
2540 3498 2587 3526 der

1805 3541 2109 3579 volkswirtschaftliche
2135 3538 2235 3575 Effekt,
2258 3537 2383 3575 sondern
2407 3537 2455 3565 der
2484 3533 2590 3570 partei¬

1805 3579 1949 3618 politische
1982 3576 2167 3613 maßgebend.
2201 3576 2256 3605 Die
2273 3571 2512 3610 Errungenschaft
2539 3573 2589 3601 des

1804 3617 1969 3654 politischen
1981 3616 2096 3651 Lohnes
2113 3615 2161 3650 hat
2177 3613 2223 3649 für
2238 3612 2283 3643 die
2299 3610 2514 3644 Arbeitnehmer
2532 3608 2589 3644 jeg¬

1801 3656 1869 3687 liche
1882 3652 2140 3690 Anziehungskraft
2155 3651 2301 3683 verloren;
2315 3655 2354 3678 an
2367 3650 2414 3679 der
2426 3646 2589 3683 politischen

1805 3691 1980 3728 Arbeitszeit
1992 3690 2091 3721 würde
2104 3689 2139 3726 sic
2152 3687 2284 3726 sicherlich
2299 3686 2374 3722 nicht
2387 3686 2465 3722 mehr
2478 3684 2590 3720 Freude

1803 3730 1928 3760 erleben.

2741 912 3269 960 Völkerbundssekretariat

2813 970 2898 1007 und
2926 968 3190 1006 Arbeitsamt

2667 1039 2748 1069 Genf,
2772 1037 2810 1064 29.
2834 1037 2899 1071 Tcz.
2924 1036 2956 1068 f:h
2982 1036 3049 1069 Läßt
3075 1036 3126 1062 das
3152 1032 3301 1068 scheidende
3329 1029 3405 1064 Jahr

2616 1074 2664 1101 alle
2689 1074 2790 1107 großen
2813 1073 2968 1105 politischen
2997 1074 3052 1099 und
3077 1070 3305 1104 wirifchafllichcn
3331 1069 3403 1099 Pro¬

2618 1111 2702 1138 bleme
2728 1113 2775 1138 ves
2798 1109 3007 1138 Völkerbundes
3034 1109 3063 1135 in
3089 1109 3133 1134 der
3160 1107 3296 1139 Schwebe,
3321 1106 3346 1137 so
3373 1104 3404 1132 ist

2615 1150 2646 1174 es
2668 1146 2750 1180 dafür
2772 1147 2818 1178 seit
2841 1149 2902 1173 dem
2925 1145 3019 1178 Herbst
3040 1144 3184 1178 gelungen,
3205 1142 3246 1170 die
3271 1140 3403 1174 zcinveife

2617 1183 2711 1215 ebenso
2734 1182 2866 1216 schwierig
2888 1181 3059 1215 scheinenden
3081 1180 3190 1213 Fragen
3210 1181 3256 1207 der
3277 1178 3406 1204 internen

2620 1218 2816 1253 Organisation
2847 1222 2905 1245 und
2939 1218 2985 1244 der
3012 1215 3193 1249 Oberleitung
3229 1215 3275 1241 der
3310 1213 3406 1240 beiden

2617 1254 2896 1283 Völkerbundsämter
2914 1253 3075 1286 abzuklären
3094 1253 3148 1280 und
3165 1258 3196 1285 zu
3216 1251 3304 1277 einem
3322 1251 3405 1282 guten

2617 1291 2678 1319 Teil
2705 1292 2776 1323 schon
2798 1291 2922 1323 praktisch
2945 1297 2977 1323 zu
3004 1290 3084 1321 lösen.
3122 1288 3219 1316 Damit
3242 1287 3331 1318 durfte
3356 1285 3405 1316 auf

2617 1328 2710 1360 Jahre
2738 1327 2840 1356 hinaus
2871 1328 2929 1354 eine
2960 1325 3191 1358 Konsolidierung
3219 1326 3265 1351 der
3293 1322 3407 1354 vielfach

2618 1363 2674 1395 sehr
2713 1363 2840 1391 delikaten
2882 1362 3065 1395 Verhältnisse
3103 1361 3210 1390 erreicht
3247 1360 3310 1391 sein.
3353 1359 3406 1387 Die

2618 1400 2800 1433 Neuerungen
2833 1400 2924 1431 setzte»
2959 1399 3061 1431 infolge
3095 1398 3143 1426 des
3179 1396 3406 1428 überraschenden

2618 1435 2711 1463 Todes
2745 1435 2841 1464 Albert
2881 1435 3015 1463 Tbonias'
3053 1440 3120 1467 ganz
3161 1435 3328 1460 unerwartet
3366 1433 3406 1460 im

2618 1472 2792 1501 Arbeitsamt
2813 1472 2866 1499 ein.
2890 1471 3021 1504 Zunächst
3044 1471 3148 1502 mischte
3172 1470 3217 1502 sich
3242 1469 3284 1496 die
3308 1468 3407 1500 Diplo¬

2620 1509 2702 1535 matie
2723 1509 2766 1536 ein
2790 1509 2845 1535 und
2868 1508 2958 1534 wollte
2981 1508 3024 1534 die
3046 1507 3183 1536 Neuwahl
3208 1509 3256 1534 des
3279 1505 3407 1532 ArbeitS-

2620 1544 2827 1573 amtsdtrektors
2862 1543 3096 1577 hinausschieben,
3129 1549 3176 1571 um
3211 1542 3244 1576 sic
3282 1542 3332 1568 niit
3360 1543 3407 1568 der

2621 1580 2701 1612 Wahl
2736 1582 2784 1608 dcS
2816 1586 2906 1608 neuen
2933 1579 3185 1612 Generalsekretärs
3221 1581 3268 1605 des
3297 1577 3408 1605 Völker¬

2621 1618 2727 1644 bundes
2751 1617 2902 1648 verquicken
2927 1622 2959 1649 zu
2985 1616 3097 1643 können.
3120 1615 3191 1643 DieS
3217 1614 3316 1648 gelang
3341 1615 3407 1640 aber

2620 1652 2844 1685 glücklicherweise
2863 1651 2941 1686 nicht,
2960 1653 3024 1680 weil
3046 1651 3088 1679 die
3108 1651 3226 1684 britische
3248 1650 3408 1681 Regierung

2619 1693 2668 1716 den
2686 1689 2843 1722 bisherigen
2862 1688 3012 1722 englischen
3022 1688 3203 1722 Vizcdirektor
3221 1688 3268 1715 des
3280 1687 3409 1713 "Arbeits¬

2621 1728 2719 1757 amtes,
2748 1724 2852 1759 Harold
2880 1724 2989 1758 Butler,
3018 1724 3085 1756 nicht
3114 1730 3175 1757 zum
3205 1723 3301 1754 Objekt
3330 1722 3408 1749 eines

2619 1761 2835 1794 diplomatischen
2851 1760 3076 1794 Intrigenspiels
3095 1761 3199 1792 machen
3216 1759 3300 1792 lassen
3318 1760 3409 1785 wollte

2622 1799 2678 1825 und
2711 1798 2751 1826 die
2784 1796 2930 1831 Mehrzahl
2965 1800 3012 1824 der
3042 1796 3145 1824 kleinen
3179 1796 3235 1824 und
3269 1795 3410 1822 mittleren

2622 1834 2740 1863 Staaten
2766 1834 2803 1861 im
2832 1834 3081 1865 Verwaltungsrat
3107 1833 3239 1865 ebenfalls
3265 1833 3311 1859 der
3337 1830 3411 1858 Mei¬

2621 1877 2696 1903 nung
2720 1875 2820 1901 waren,
2840 1871 2894 1902 daß
2918 1870 2977 1896 eine
2998 1868 3224 1902 Komplizierung
3246 1870 3292 1896 der
3315 1868 3410 1895 bevor-

2621 1905 2757 1938 steheitdcn
2783 1905 2954 1939 Neuwahlen
2979 1905 3165 1936 unerwünscht
3188 1905 3232 1938 sei.
3259 1904 3302 1931 So
3328 1904 3409 1931 rückte

2621 1942 2690 1974 Herr
2717 1943 2855 1970 Butler
2883 1949 2945 1976 zum
2973 1942 3098 1970 Direktor
3124 1944 3173 1969 des
3200 1940 3409 1968 Arbeitsamtes

2621 1982 2677 2011 vor,
2693 1978 2823 2010 während
2843 1979 2885 2006 die
2904 1978 3003 2011 Frage,
3022 1980 3052 2006 ob
3071 1979 3116 2006 der
3133 1977 3410 2010 Vizedirektorposten

2622 2014 2723 2043 wieder
2741 2021 2772 2048 z»
2793 2015 2905 2047 besetzen
2925 2015 2961 2046 sei
2982 2014 3041 2047 (auf
3060 2015 3112 2042 den
3130 2014 3310 2046 Deutschland
3330 2013 3411 2040 einen

2621 2050 2793 2084 berechtigten
2810 2050 2949 2084 Anspruch
2967 2051 3066 2082 erbebt,
3084 2052 3129 2077 der
3149 2051 3213 2077 aber
3232 2053 3285 2077 ans
3305 2049 3410 2076 andern

2621 2087 2790 2120 gewichtigen
2807 2088 2943 2115 Gründen
2960 2092 3014 2114 von
3033 2086 3161 2118 Spanien
3178 2086 3275 2119 strittig
3293 2085 3410 2117 gemacht

2622 2124 2699 2156 ivtrd»
2727 2123 2813 2151 wobei
2836 2124 2901 2156 auch
2926 2123 2968 2150 die
2995 2123 3121 2153 Wünsche
3146 2127 3192 2150 der
3219 2122 3410 2155 Arbeitgeber-

2623 2161 2678 2187 nnd
2693 2159 3009 2192 Arbeitnehmergrnppe
3025 2157 3187 2188 verschieden
3203 2157 3326 2191 gerichtet
3344 2157 3412 2190 sind)

2625 2197 2687 2224 oder
2709 2196 2794 2229 dessen
2813 2196 2961 2229 Aufgaben
2982 2196 3013 2224 in
3036 2196 3124 2224 einem
3146 2195 3272 2228 gewissen
3285 2194 3412 2222 'Turnus

2621 2236 2674 2259 von
2701 2233 2763 2265 fünf
2789 2232 3003 2265 gleichgestellten
3030 2231 3245 2260 Subdirrktoren
3271 2230 3411 2264 ausgeübt

2624 2269 2734 2296 werden
2755 2269 2846 2300 sollen,
2869 2269 2902 2296 in
2926 2270 2973 2296 der
2994 2268 3245 2301 Januar-Tagung
3269 2269 3320 2294 des
3344 2267 3413 2295 Vcr-

2621 2305 2841 2338 waltungsrates
2862 2312 2926 2338 zum
2945 2304 3073 2337 Austraq
3095 2304 3214 2332 kommen
3236 2303 3333 2337 dürfte.

2667 2351 2726 2379 Mit
2747 2352 2792 2379 der
2813 2350 2896 2384 Wahl
2918 2351 3037 2379 Butlers
3058 2354 3119 2378 war
3142 2349 3258 2384 zugleich
3280 2352 3331 2378 das
3356 2349 3411 2378 Eis

2620 2388 2762 2421 gebrochen
2782 2388 2826 2421 für
2845 2391 2898 2416 das
2919 2387 3068 2416 Vorrückcn
3089 2389 3135 2415 des
3158 2387 3317 2421 bisherigen
3338 2388 3413 2419 fran¬

2621 2425 2744 2458 zösischen
2759 2425 2914 2457 Adjunkten
2930 2425 2969 2454 im
2984 2424 3334 2458 Völkerbundssekretariat
3352 2431 3414 2457 zum

2622 2461 2862 2497 Generalsekretär.
2892 2462 2943 2491 Tic
2961 2462 3068 2494 Person
3088 2463 3135 2489 des
3156 2461 3246 2494 Herrn
3265 2461 3290 2487 A
3300 2466 3316 2488 v
3327 2468 3339 2487 e
3349 2468 3366 2488 n
3378 2467 3393 2488 o
3404 2460 3415 2487 l

2622 2499 2692 2532 hatte
2710 2500 2789 2527 dabei
2807 2500 2851 2526 nie
2871 2500 2916 2529 ein
2934 2498 3088 2533 Hindernis
3107 2499 3234 2531 gebildet;
3255 2498 3297 2524 die
3317 2498 3414 2531 Regie¬

2624 2543 2730 2569 rungen
2765 2537 2794 2564 in
2828 2537 2929 2564 Berlin
2965 2537 3024 2563 und
3050 2536 3123 2563 Rom
3158 2536 3251 2569 wußte
3278 2535 3331 2563 Sir
3350 2534 3415 2562 Eric

2622 2573 2799 2602 Drummond
2820 2574 2904 2605 dafür
2929 2579 2963 2606 zu
2985 2573 3140 2605 gewinnen,
3170 2572 3264 2599 indem
3296 2578 3324 2598 er
3354 2573 3416 2598 dem

2624 2617 2711 2638 neue»
2737 2610 2867 2642 dentschen
2893 2609 3212 2643 Nntergeneralsekretär,
3232 2609 3281 2636 Dr.
3306 2609 3417 2636 Tren¬

2624 2647 2844 2680 delenburg,
2875 2648 2918 2674 die
2945 2647 3129 2681 Oberleitung
3158 2647 3205 2674 der
3233 2646 3416 2678 Wirtschafts-

2620 2685 2678 2712 nnd
2698 2684 2950 2717 Finanzabteiliing
2972 2685 3029 2711 und
3047 2686 3106 2711 dem
3125 2690 3212 2711 iicuc»
3233 2683 3415 2715 italienischen

2624 2721 2666 2748 ein
2688 2721 2875 2749 Avancement
2897 2726 2959 2754 zum
2982 2720 3363 2752 Generalsckrctäradjlinkton
3389 2720 3418 2744 in

2624 2759 2745 2791 Aussicht
2767 2759 2853 2791 stellte.
2894 2758 2938 2791 In
2964 2758 3033 2790 diese
3055 2758 3290 2785 Kombinationen
3316 2756 3418 2789 brachte

2623 2795 2697 2822 dann
2726 2796 2766 2822 die
2790 2795 2851 2827 zähe
2876 2795 3041 2828 Forderung
3062 2796 3109 2821 der
3132 2794 3236 2822 kleinen
3262 2795 3318 2820 und
3344 2794 3418 2820 mitt¬

2620 2833 2693 2860 leren
2721 2833 2847 2864 Staaten,
2874 2833 2917 2859 die
2944 2832 3079 2863 ebenfalls
3106 2831 3185 2858 einen
3212 2831 3414 2863 Generalsckre-

2619 2869 2808 2901 täradfunktcn
2826 2871 2879 2896 a»s
2901 2869 2978 2901 ihren
2997 2869 3103 2901 Reihen
3120 2867 3336 2900 beanspruchten,
3354 2868 3414 2893 eine

2621 2906 2856 2940 vorübergehende
2881 2906 3087 2938 Erschwerung,
3125 2904 3215 2932 wobei
3250 2905 3293 2931 die
3317 2905 3417 2937 Frage,

2619 2944 2728 2977 tvelcher
2753 2946 2806 2970 von
2831 2945 2882 2970 den
2908 2943 3004 2970 beiden
3031 2942 3173 2975 schließlich
3201 2941 3264 2973 auch
3288 2946 3343 2968 von
3368 2943 3415 2968 der

2620 2980 2800 3014 italienischen
2827 2980 2987 3013 Regierung
3022 2979 3185 3012 akzepiertcn
3212 2978 3415 3010 Gcneralsckre-

2621 3018 2867 3050 tärstellvcrtrctern
2891 3017 2971 3044 einen
2994 3015 3124 3048 Vorrang
3147 3016 3235 3048 haben
3260 3015 3330 3047 solle,
3354 3014 3417 3041 nock,

2622 3056 2698 3086 heute
2714 3054 2781 3087 nicht
2796 3055 2892 3087 restlos
2909 3054 3010 3087 geklärt
3027 3054 3063 3086 ist.
3087 3053 3141 3080 Sir
3155 3053 3222 3080 Eric
3236 3051 3417 3080 Drummoiid

2623 3093 2696 3119 denkt
2713 3093 2775 3119 aber
2792 3091 2865 3124 wohl
2881 3092 2927 3119 als
2944 3089 3115 3124 Engländer,
3131 3090 3184 3122 daß
3202 3093 3231 3118 cs
3249 3089 3335 3115 damit
3353 3088 3417 3117 noch

2622 3129 2692 3156 keine
2718 3128 2781 3157 Eile
2810 3128 2877 3160 habe
2902 3142 2935 3148 —
2960 3128 3014 3154 wie
3042 3134 3069 3154 er
3096 3129 3166 3153 denn
3194 3126 3336 3158 vorläufig
3363 3128 3415 3152 den

2620 3171 2707 3193 neuen
2724 3165 2873 3198 Italiener,
2889 3164 2971 3196 Prof.
2986 3165 3013 3196 P
3025 3164 3034 3191 i
3044 3165 3053 3190 l
3064 3170 3079 3190 o
3090 3166 3098 3189 t
3109 3166 3119 3189 t
3129 3164 3147 3195 i,
3161 3170 3218 3191 nur
3236 3169 3298 3194 zum
3316 3163 3415 3189 ttnter-

2620 3202 2844 3235 generalsekrctär
2860 3204 3003 3232 ernannte,
3020 3207 3067 3230 um
3083 3201 3130 3232 ihn
3148 3201 3196 3232 erst
3207 3200 3305 3232 später,
3315 3199 3355 3226 bei
3367 3200 3414 3225 der

2621 3240 2794 3272 Ernennung
2817 3239 2880 3271 auch
2902 3242 2950 3266 des
2976 3239 3089 3271 zweiten
3112 3236 3414 3268 Gencralsekretärstclt-

2623 3278 2780 3307 vcrtreters,
2798 3283 2857 3308 z»m
2876 3275 2992 3309 gleichen
3013 3275 3094 3306 Rang
3113 3274 3252 3301 vorrückcn
3273 3279 3305 3305 zu
3326 3273 3418 3305 lasse».

2621 3314 2757 3346 Vielleicht
2772 3314 2880 3340 werden
2897 3312 2966 3344 diese
2983 3312 3190 3343 Ernennungen
3207 3310 3270 3338 aber
3287 3310 3335 3341 erst
3351 3315 3414 3337 vom

2622 3358 2708 3377 neuen
2733 3350 2966 3383 Generalsekretär
2987 3348 3095 3377 Avenol
3119 3348 3181 3379 nach
3203 3349 3263 3374 dem
3284 3345 3415 3374 Rücktritt

2625 3388 2677 3415 Sir
2697 3387 2781 3415 Erics
2802 3391 3024 3420 vorgenommen.
3060 3385 3169 3412 Avenol
3190 3385 3285 3411 könnte
3308 3384 3418 3415 einigen

2624 3425 2699 3453 Wert
2721 3425 2820 3457 daraus
2843 3425 2930 3456 legen,
2961 3423 3003 3449 die
3030 3422 3144 3454 Wahlen
3177 3422 3264 3454 seiner
3294 3421 3415 3452 nächsten

2627 3461 2803 3489 Mitarbeiter
2820 3462 2889 3493 nicht
2910 3467 2977 3493 ganz
2996 3462 3050 3487 aus
3071 3460 3116 3485 der
3136 3458 3217 3491 Hand
3236 3457 3326 3490 seines
3347 3458 3417 3485 Vor¬

2626 3500 2746 3531 gängers
2762 3505 2794 3531 zu
2808 3499 2980 3530 empfangen.
3003 3496 3163 3529 Jedenfalls
3181 3494 3297 3527 scheinen
3313 3494 3419 3522 Drum-

2628 3539 2711 3565 mand
2733 3536 2790 3563 und
2809 3535 2867 3568 sein
2889 3534 3050 3566 Nachfolger
3070 3533 3179 3561 Avenol
3210 3533 3240 3559 in
3269 3531 3345 3558 einer
3375 3537 3419 3563 ge¬

2624 3574 2723 3605 radezu
2749 3572 2940 3605 musterhaften
2964 3571 3017 3598 Art
3042 3571 3099 3597 und
3123 3569 3209 3600 Weise
3232 3568 3416 3595 miteinander

2626 3616 2658 3642 zu
2677 3610 2868 3643 harmonieren
2888 3610 2919 3637 in
2939 3610 2998 3637 dem
3016 3607 3168 3641 Bestreben,
3187 3608 3237 3633 den
3256 3605 3417 3637 Ucbergang

2629 3653 2675 3679 zur
2697 3653 2785 3674 neuen
2806 3645 2990 3677 Oberleitung
3014 3647 3061 3671 des
3084 3643 3284 3671 Sekretariates
3306 3642 3336 3669 in
3360 3645 3419 3673 per¬

2625 3685 2738 3714 soneller
2756 3684 2812 3710 und
2832 3682 2966 3715 sachlicher
2985 3680 3099 3714 Hinsicht
3118 3679 3250 3713 möglichst
3268 3678 3416 3710 reibungs¬

2625 3722 2669 3750 los
2695 3727 2728 3754 zu
2754 3720 2886 3754 gestallcn.
2919 3718 3020 3751 Hierzil
3052 3717 3146 3751 gehört
3179 3716 3249 3749 auch,
3282 3716 3336 3748 daß
3369 3716 3417 3742 der

265 3856 597 3900 Traumwandel
624 3854 695 3901 auf
721 3852 842 3892 Cuba

541 3921 560 3950 i.

314 3967 546 4001 Cndänische
569 3963 792 3999 Landschaft

205 4023 261 4052 Ein
291 4021 431 4055 tropischer
462 4017 653 4049 Wolkcnbruch
682 4016 769 4049 stäubt
798 4014 866 4042 über
895 4014 948 4040 den

157 4062 273 4095 Asphalt
302 4065 355 4087 von
385 4058 529 4090 Havanna,
559 4055 690 4087 während
720 4053 762 4079 die
790 4052 858 4084 Taxi
887 4057 948 4084 zum

158 4097 385 4133 Nachtschnellzug
406 4101 455 4123 vor
476 4097 536 4122 dem
557 4091 773 4125 Hauptbahnhof
796 4090 948 4123 ansfahren.

157 4138 211 4165 Die
232 4137 324 4164 Räder
346 4134 460 4168 pflügen
480 4131 559 4164 durch
581 4129 747 4163 gurgelndes
770 4128 870 4161 Wasser
891 4127 949 4154 und

157 4176 200 4202 die
222 4172 421 4207 Scheinwerfer
440 4169 591 4202 beleuchten
607 4166 851 4201 Regenvorhänge.
869 4164 950 4191 Gott¬

160 4212 206 4240 lob
239 4212 291 4244 daß
317 4212 361 4238 der
385 4209 515 4240 Eingang
551 4206 595 4233 ein
626 4204 806 4239 schirmendes
830 4202 951 4234 Vordach

158 4249 364 4283 herausschiebt,
394 4249 472 4274 unter
502 4243 613 4276 welches
643 4244 688 4271 der
717 4242 787 4274 Taxi
816 4240 947 4274 schlüpfen

160 4288 237 4321 kann,
262 4293 344 4315 wenn
369 4287 400 4313 cs
424 4285 475 4311 den
502 4281 654 4315 Reisenden
679 4280 736 4308 und
760 4271 831 4313 seine
855 4277 949 4311 Koffer

157 4325 297 4354 ausladet.

209 4363 254 4397 In
276 4361 372 4394 diesem
394 4359 508 4392 größten
527 4356 661 4389 Bahnhof
680 4360 734 4382 von
753 4354 835 4382 Euba
856 4353 884 4386 ist
905 4354 950 4380 der

157 4400 271 4428 Betrieb
292 4400 358 4431 nicht
376 4400 443 4426 eben
454 4393 654 4425 eindrucksvoll.
672 4393 772 4425 Einige
782 4390 948 4425 Kopfgeleise

159 4438 259 4471 weisen
281 4438 309 4465 in
332 4438 373 4464 die
394 4435 519 4466 Provinz
542 4431 625 4464 dieser
647 4431 846 4462 langczogcnc»
867 4427 950 4460 Insel

160 4476 274 4508 hinaus,
290 4479 336 4502 der
351 4473 466 4507 größten
480 4474 527 4499 der
542 4470 673 4497 "Antillen.
691 4468 749 4500 Ans
763 4467 852 4494 einem
865 4465 949 4498 dieser

161 4513 266 4545 Geleise
303 4513 364 4544 stcht
399 4511 442 4536 ein
477 4507 613 4543 museales
648 4504 870 4538 Dampfrößlein,
902 4503 950 4530 als

160 4551 245 4579 Denk-
261 4551 318 4578 und
334 4548 482 4581 "Rührstück.
497 4547 579 4574 Teim
596 4544 640 4573 als
659 4544 740 4577 erstes
756 4546 835 4570 unter
850 4540 951 4574 seines¬

161 4588 275 4621 gleichen
300 4587 399 4621 fauchte
422 4588 452 4612 es
474 4585 539 4617 einst
561 4583 627 4611 über
651 4579 825 4613 cubanischen
845 4578 950 4606 Boden.

161 4626 295 4654 Daneben
322 4626 385 4652 aber
414 4623 475 4655 steht
503 4622 559 4654 sein
586 4617 737 4652 titanischer
763 4615 884 4648 Urenkel,
909 4615 951 4643 die

161 4660 489 4696 Pullman-Lokomotive.
505 4658 575 4690 Noch
591 4658 652 4690 ruht
667 4657 708 4689 sie,
724 4656 787 4682 aber
804 4656 833 4682 in
847 4653 951 4686 kurzem

161 4701 233 4728 wird
254 4701 286 4733 sie
308 4699 422 4734 heulend
444 4697 521 4729 durch
542 4696 584 4723 die
605 4695 685 4727 Nacht
707 4692 832 4725 brausen,
852 4692 897 4719 als
918 4691 951 4716 ob

163 4738 195 4770 sic
216 4739 264 4765 den
288 4742 389 4770 ganzen
409 4735 557 4762 Canadian
576 4731 685 4766 Pacific
703 4730 793 4763 hinter
811 4729 854 4762 sich
873 4728 952 4760 hätte.

211 4776 263 4804 Die
284 4774 410 4808 Estacion
432 4771 578 4799 Terminal
598 4772 645 4797 des
665 4766 838 4800 cubanischen
857 4765 951 4798 Bahn-

164 4815 248 4846 netzcs
271 4813 364 4846 schiebt
387 4810 465 4842 ihren
486 4807 679 4841 Bahnhoskopf
703 4806 751 4837 tics
773 4805 803 4832 in
824 4806 876 4832 das
899 4803 952 4829 alte

164 4850 301 4882 Havanna
326 4848 429 4886 hinein.
455 4845 545 4879 Gleich
570 4845 658 4875 einem
682 4841 870 4872 Kabelbündcl
894 4844 953 4867 ver¬

165 4887 259 4921 laufe»
284 4889 380 4915 darum
405 4885 447 4913 die
473 4883 681 4917 Schienenwege
705 4880 753 4912 auf
776 4880 864 4907 einem
886 4877 953 4905 Via¬

165 4926 225 4953 dukt
248 4926 308 4957 hoch
332 4925 398 4952 über
421 4923 471 4949 den
495 4920 688 4952 Dockschuppen
711 4924 758 4945 um
780 4918 830 4944 den
853 4915 953 4948 Hafcii-

167 4963 221 4990 belt
243 4963 339 4995 herum
361 4962 419 4989 und
439 4960 506 4987 über
526 4957 570 4985 die
591 4957 689 4989 vielen,
711 4955 824 4982 blanken
843 4952 953 4986 Petrol¬

167 5000 276 5033 speicher
303 5000 420 5032 hinweg,
443 4999 499 5024 aus
525 4995 611 5023 denen
637 4994 679 5021 die
709 4991 898 5020 Lokomotiven
925 4990 954 5017 in

168 5037 248 5064 Cuba
269 5035 397 5071 gefüttert
419 5035 536 5066 werden,
558 5038 606 5060 um
628 5033 674 5066 erst
707 5030 819 5063 nachher
852 5028 880 5055 ln
910 5027 953 5054 die

980 3827 1180 3860 verschiedenen
1220 3824 1379 3857 Provinzen
1420 3819 1769 3854 anSeinanderzuzweigen.

983 3867 1054 3899 Jetzt
1078 3865 1142 3892 aber
1166 3863 1283 3891 donnert
1309 3865 1355 3888 der
1379 3861 1440 3893 Zug
1468 3860 1644 3893 geradewegs
1667 3857 1697 3884 in
1719 3857 1770 3884 den

984 3903 1066 3936 Osten
1086 3903 1198 3936 hinaus,
1216 3900 1291 3926 durcb
1309 3899 1351 3926 die
1369 3896 1522 3930 kubanische
1543 3896 1644 3924 Ebene.

1034 3941 1090 3968 Der
1132 3935 1405 3972 Pullman--Mulatte
1449 3934 1538 3968 richtet
1583 3932 1685 3960 bereits
1728 3931 1770 3958 die

983 3976 1235 4012 Schlafbaldachine
1260 3976 1314 4002 ein.
1358 3973 1533 4006 Jedermann
1559 3970 1628 4004 zieht
1655 3969 1699 4002 sich
1725 3969 1770 4002 auf

985 4017 1042 4050 sein
1058 4016 1122 4043 Bett
1141 4013 1230 4048 zurück
1247 4013 1305 4040 und
1325 4011 1419 4043 knüpft
1434 4016 1489 4037 von
1505 4010 1606 4042 Innen
1623 4011 1675 4035 den
1690 4006 1771 4033 dicke»

986 4054 1092 4087 «grünen
1115 4052 1248 4084 Vorhang
1273 4056 1313 4083 zu.
1347 4049 1419 4076 Man
1452 4048 1501 4080 sitzt
1534 4053 1592 4074 nun
1625 4046 1654 4072 in
1686 4045 1770 4071 einen,

987 4091 1100 4119 niedcrn
1120 4090 1249 4122 Zeltbett,
1273 4088 1324 4115 das
1350 4087 1438 4113 etwas
1463 4083 1588 4118 schwankt
1614 4082 1671 4111 imd
1695 4081 1770 4108 einen

985 4129 1100 4161 tveichen
1123 4125 1215 4160 Pfühl
1249 4126 1293 4152 als
1319 4124 1468 4155 Unterlage
1501 4122 1554 4154 hat.
1599 4121 1653 4148 Die
1688 4119 1769 4151 sieben

985 4167 1094 4198 Sachen
1113 4166 1209 4195 bringt
1231 4169 1295 4190 man
1327 4161 1358 4188 in
1380 4161 1475 4189 Netzen
1504 4161 1561 4186 und
1591 4159 1641 4191 aus
1663 4155 1771 4189 Bügeln

988 4207 1077 4237 »Hier,
1103 4203 1144 4230 die
1168 4208 1208 4229 an
1232 4201 1282 4228 den
1310 4198 1436 4227 Wänden
1462 4196 1548 4230 dieses
1573 4196 1668 4229 Zeltes
1695 4200 1772 4226 ange¬

987 4242 1074 4271 bracht
1094 4241 1157 4274 sind.

1036 4278 1091 4306 Am
1108 4279 1228 4309 Morgen
1243 4275 1300 4308 sind
1316 4274 1372 4301 wir
1387 4273 1460 4306 schon
1476 4272 1542 4300 weit
1559 4272 1588 4298 in
1606 4269 1687 4298 Cuba
1704 4268 1772 4296 drin.

985 4317 1082 4345 Santa
1099 4316 1185 4343 Clara
1203 4320 1264 4347 zum
1279 4311 1401 4344 Beispiel
1415 4325 1448 4330 —
1463 4309 1554 4342 wärbst
1570 4309 1631 4335 dort
1646 4307 1713 4339 nicht
1730 4306 1771 4332 ein

986 4353 1063 4382 edles
1082 4352 1267 4380 Tabakkrant?
1284 4365 1318 4370 —
1339 4349 1369 4382 ftt
1389 4348 1474 4380 längst
1491 4346 1593 4374 vorbei.
1613 4345 1684 4376 Auch
1701 4343 1773 4376 Za;a

988 4390 1031 4419 dcl
1047 4390 1141 4418 Medio
1157 4391 1214 4417 und
1228 4385 1402 4421 Jalabonico
1416 4386 1473 4418 sind
1486 4384 1612 4417 verpaßt;
1626 4385 1683 4410 wer
1696 4380 1773 4412 weiß,

988 4430 1022 4456 ob
1044 4428 1111 4460 diese
1130 4425 1300 4459 Ortschaften
1319 4424 1347 4457 so
1370 4421 1549 4454 merkwürdig
1567 4421 1626 4453 sind
1646 4419 1697 4448 wie
1718 4419 1771 4450 ihre

988 4465 1114 4494 Namen?
1143 4463 1278 4497 Schlagen
1298 4461 1352 4489 wir
1373 4462 1429 4488 lins
1451 4460 1493 4487 die
1517 4459 1599 4486 Karte
1620 4462 1674 4484 von
1694 4456 1771 4482 Cuba

988 4504 1045 4536 ans.
1072 4502 1122 4531 Die
1139 4501 1225 4535 Insel
1240 4500 1332 4533 gleicht
1350 4498 1378 4530 ja
1397 4497 1484 4524 einem
1501 4497 1611 4528 langen,
1628 4493 1773 4527 geschwun¬

989 4547 1075 4574 genen
1101 4540 1180 4572 Fisch,
1217 4539 1261 4565 der
1294 4537 1344 4563 mit
1376 4535 1427 4563 den
1450 4532 1680 4568 Schwanzflossen
1713 4530 1773 4562 nach

989 4578 1066 4611 Haiti
1083 4578 1138 4604 und
1153 4574 1282 4610 Jamaika
1299 4573 1397 4602 wedelt
1415 4573 1472 4599 und
1488 4570 1539 4599 mit
1553 4571 1612 4598 dem
1628 4567 1698 4602 Kops
1713 4567 1774 4599 nach

989 4614 1096 4648 Mexiko
1129 4612 1380 4644 biniibcrschnappl.
1422 4610 1557 4641 Havanna
1594 4607 1687 4634 könnte
1722 4607 1771 4632 das

988 4652 1068 4685 Auge
1089 4652 1153 4684 sein,
1173 4650 1227 4677 das
1249 4647 1366 4682 ziemlich
1386 4647 1449 4674 weit
1472 4651 1535 4674 vom
1556 4643 1703 4675 Nasenbug
1722 4642 1771 4674 sitz:

992 4691 1049 4718 und
1073 4689 1134 4722 nach
1158 4687 1273 4721 Florida
1297 4685 1470 4719 hinaufäugt.
1495 4683 1548 4709 Am
1569 4682 1674 4709 andern
1699 4679 1773 4706 Ende

991 4727 1063 4760 aber,
1091 4727 1118 4754 in
1141 4727 1186 4752 der
1211 4724 1293 4752 Mitte
1318 4722 1442 4755 zwischen
1465 4722 1515 4747 den
1539 4717 1773 4751 Schwanzflossen,

990 4766 1056 4796 liegt
1069 4763 1221 4794 Santiago,
1234 4765 1276 4788 wo
1293 4761 1329 4793 ich
1344 4759 1398 4791 jetzt
1414 4757 1547 4791 hinsahre.
1561 4757 1625 4783 Von
1640 4755 1772 4787 Havanna

991 4803 1053 4832 nach
1074 4801 1216 4831 Santiago
1238 4799 1324 4831 spann
1346 4797 1391 4829 sich
1411 4796 1455 4823 ein
1478 4794 1543 4827 Weg
1571 4793 1600 4826 so
1629 4792 1694 4819 weil
1723 4792 1773 4817 wie

991 4839 1114 4872 zwischen
1128 4836 1226 4870 Zürich
1242 4837 1297 4863 und
1315 4834 1403 4862 Wien.
1416 4833 1469 4861 Die
1486 4832 1559 4864 Züge
1576 4829 1704 4862 brauchen
1722 4828 1774 4854 bei¬

993 4877 1060 4909 nahe
1083 4877 1113 4902 2l
1133 4875 1265 4903 Stunden
1286 4872 1352 4901 und.
1364 4873 1394 4900 cs
1419 4871 1512 4904 fahre»
1535 4875 1586 4896 nur
1608 4868 1689 4894 deren
1710 4865 1771 4899 zwei

992 4915 1028 4942 im
1049 4913 1115 4946 Tag.

1040 4951 1092 4983 Ich
1115 4949 1230 4982 käenpste
1252 4947 1318 4976 mich
1340 4946 1446 4978 liegend
1471 4946 1500 4972 in
1523 4942 1564 4970 die
1588 4941 1696 4969 Kleider
1718 4940 1773 4967 »nd

993 4989 1077 5020 mache
1100 4988 1161 5016 mich
1187 4988 1216 5013 in
1236 4986 1280 5012 der
1301 4982 1540 5016 Pullmantoilctte
1560 4981 1664 5013 sauber,
1687 4978 1772 5010 gleich¬

991 5025 1071 5060 zeitig
1088 5025 1137 5052 mit
1151 5024 1223 5061 sechs
1238 5023 1300 5050 oder
1314 5022 1370 5054 acht
1385 5020 1554 5054 gurgelnden
1568 5021 1626 5046 und
1642 5016 1773 5052 scisendc»

1808 3818 1965 3845 Cnbanern.
1986 3817 2069 3844 Dann
2090 3817 2194 3849 spanne
2224 3815 2259 3846 ich
2288 3813 2376 3839 meine
2404 3812 2591 3839 Kinokamcra.
2606 3812 2610 3842 |

1808 3855 1911 3887 Später
1931 3854 2001 3883 wird
2022 3856 2073 3881 das
2093 3853 2173 3881 Land
2192 3854 2248 3880 aus
2267 3850 2445 3883 Viehweiden
2465 3848 2592 3881 bestehen.

1809 3892 1896 3921 Wenn
1928 3899 1991 3920 man
2029 3894 2078 3918 das
2105 3891 2184 3918 Meer
2215 3891 2263 3916 des
2285 3887 2464 3921 Zuckerrohrs
2496 3886 2591 3918 filmen

1810 3930 1874 3964 will,
1899 3931 1963 3962 muß
1987 3935 2051 3957 man
2074 3931 2105 3956 es
2129 3927 2227 3960 vorher
2251 3928 2307 3953 tun.
2330 3925 2384 3957 Im
2408 3923 2521 3956 übrigen
2546 3923 2591 3955 hat

1809 3974 1873 3995 man
1898 3968 1967 4000 Zeit.
2007 3966 2076 3998 Nach
2099 3964 2241 3997 Santiago
2267 3962 2377 3996 gelangt
2402 3968 2466 3989 man
2490 3960 2537 3993 erst
2562 3960 2591 3987 in

1809 4005 1887 4039 tiefer
1909 4004 1998 4037 Nacht,
2021 4007 2076 4031 und
2102 4002 2148 4030 bis
2172 4002 2256 4034 dahin
2281 4000 2356 4033 zählt
2377 4001 2424 4027 der
2445 3998 2505 4031 Tag
2529 3998 2592 4029 noch

1810 4043 1913 4075 manche
1930 4043 2049 4070 Sinndc.
2065 4041 2139 4072 Jene
2157 4040 2206 4067 des
2225 4039 2371 4070 Morgens,
2388 4037 2429 4063 die
2447 4035 2509 4064 noch
2526 4035 2592 4062 leid¬

1810 4080 1856 4112 lich
1879 4080 1926 4108 lau
1952 4080 2013 4113 sind,
2038 4079 2093 4107 und
2117 4078 2146 4105 in
2170 4077 2256 4104 denen
2275 4082 2344 4103 «nan
2366 4081 2412 4101 am
2435 4073 2518 4105 besten
2541 4073 2591 4099 alle

1810 4121 1879 4145 etiva
1905 4118 1994 4150 nötige
2019 4114 2181 4144 Denkarbeit
2205 4113 2323 4145 erledigt.
2365 4111 2426 4140 Wer
2447 4110 2526 4142 weiß,
2558 4111 2592 4136 vb

1810 4163 1875 4183 man
1893 4156 1988 4188 später,
2003 4157 2074 4181 etwa
2092 4152 2281 4186 nachmittags,
2297 4155 2378 4177 wenn
2397 4149 2437 4176 die
2455 4147 2522 4179 Hitze
2541 4148 2592 4173 den

1811 4193 1951 4225 Menschen
1970 4192 2021 4219 >vie
2041 4191 2090 4219 mit
2110 4190 2199 4221 Kissen
2218 4187 2333 4222 umgibt,
2351 4187 2401 4213 mit
2421 4185 2506 4220 seiner
2525 4184 2592 4213 Ver¬

1811 4232 1891 4263 nunft
1911 4229 1972 4260 noch
1991 4231 2078 4257 etwas
2099 4234 2131 4260 zu
2150 4229 2201 4253 tun
2221 4227 2307 4254 haben
2326 4224 2392 4252 will.

1856 4268 1908 4295 Um
1927 4267 1977 4295 mir
1995 4268 2041 4293 der
2059 4264 2238 4293 Kinokamera
2257 4263 2303 4293 ans
2323 4262 2366 4288 die
2384 4259 2540 4293 Landschaft
2560 4265 2592 4291 z»

1810 4304 1915 4340 lauern,
1933 4306 2057 4332 wandere
2077 4304 2112 4335 ich
2131 4302 2274 4329 rückwärts
2291 4300 2371 4331 durch
2386 4299 2429 4325 die
2446 4298 2593 4329 Pnllman-

1811 4348 1914 4375 wagen,
1933 4347 1987 4369 von
2010 4342 2095 4368 denen
2117 4339 2189 4372 jeder
2210 4338 2287 4365 einen
2309 4337 2417 4363 "Rainen
2436 4335 2516 4367 trägt.
2536 4334 2593 4361 Der

1811 4380 1897 4407 meine
1924 4379 1994 4411 heißt
2026 4376 2203 4411 „Wigwam",
2229 4376 2273 4403 der
2300 4373 2398 4407 nächste
2426 4371 2593 4404 „Lncrccia".

1811 4416 1862 4445 Am
1886 4417 1975 4449 letzten
1998 4416 2100 4448 Wogen
2126 4414 2154 4446 ist
2178 4413 2220 4440 die
2250 4411 2323 4440 Türe
2356 4410 2418 4440 nach
2449 4409 2594 4437 rückwärts

1811 4456 1891 4487 offen.
1918 4455 1989 4482 Man
2006 4454 2073 4480 kann
2092 4452 2134 4478 die
2151 4450 2257 4482 Geleise
2273 4447 2498 4481 davonschlüpfen
2516 4446 2593 4479 seht»

1813 4494 1866 4519 und
1890 4493 1938 4525 auf
1962 4490 2141 4524 Filnimotive
2161 4491 2275 4515 warten.
2296 4486 2350 4518 Ich
2372 4486 2449 4517 spähe
2472 4484 2524 4511 wie
2547 4484 2592 4510 ein

1810 4528 2003 4562 JägerSmann
2036 4528 2097 4554 nach
2129 4527 2174 4552 der
2207 4525 2290 4557 besten
2321 4523 2511 4555 Palmgrnppc
2543 4520 2592 4548 mit

1810 4566 1993 4600 Stro.hhtttten
2010 4567 2066 4592 und
2083 4563 2188 4595 Kühen,
2202 4561 2267 4594 nach
2283 4562 2328 4588 der
2347 4558 2593 4590 eindrucksvollsten

1809 4602 2017 4637 Zuckersiederei,
2048 4603 2179 4633 umgeben
2211 4603 2265 4626 von
2295 4598 2501 4630 unabsehbaren
2531 4595 2593 4627 Fel¬

1810 4643 1874 4669 dern
1911 4640 2066 4672 hellgrünen
2102 4637 2213 4669 Rohres
2248 4636 2286 4668 (so
2319 4635 2381 4662 eine
2412 4632 2594 4667 Zuckerfabrik

1811 4679 1895 4711 pflegt
1919 4679 1962 4710 sich
1983 4677 2032 4704 mit
2052 4673 2275 4709 süßlich-faulem,
2295 4672 2434 4705 würzigen
2455 4671 2524 4702 Dust
2546 4676 2594 4696 an-

1812 4713 1994 4748 znkttndigen),
2010 4714 2073 4741 oder
2090 4713 2152 4743 nach
2170 4711 2296 4744 Mulden,
2313 4710 2356 4737 die
2373 4709 2421 4736 mit
2439 4708 2515 4740 jenen
2533 4706 2593 4734 klei¬

1812 4760 1871 4784 nen,
1894 4751 2030 4785 buschigen
2054 4749 2332 4782 Magerlandpalmen
2357 4747 2444 4779 besetzt
2465 4745 2528 4777 sind,
2549 4744 2592 4770 die

1811 4790 1852 4817 die
1871 4789 2023 4821 cubanische
2043 4787 2198 4819 Landschaft
2219 4788 2246 4820 so
2266 4786 2322 4818 sehr
2343 4783 2501 4817 bezeichnen.
2518 4781 2593 4809 Aber

1812 4828 1852 4855 die
1872 4828 1977 4859 richtige
1997 4827 2108 4857 Gruppe
2133 4824 2228 4850 konimt
2249 4822 2311 4853 noch
2331 4822 2427 4848 immer
2447 4819 2520 4847 nicht.
2540 4819 2593 4845 Die

1813 4863 1991 4898 Zuckerfabrik
2014 4863 2043 4895 ist
2066 4862 2133 4894 nicht
2156 4867 2224 4893 ganz
2248 4861 2307 4891 das,
2329 4861 2392 4886 was
2417 4857 2451 4889 ich
2475 4856 2592 4887 brauche.

1811 4902 1922 4934 Endlich
1948 4901 2035 4929 werde
2062 4899 2096 4930 ich
2124 4898 2167 4925 ei»
2196 4898 2284 4930 wenig
2312 4894 2489 4928 ungeduldig,
2516 4893 2592 4920 denke

1813 4940 1869 4967 eine
1895 4937 2015 4967 Sekunde
2040 4944 2074 4964 an
2099 4936 2223 4965 anderes,
2255 4934 2310 4962 und
2341 4947 2374 4952 —
2408 4931 2537 4964 schwapp!
2561 4945 2594 4949 —

1814 4977 1888 5009 fliegt
1921 4977 1952 5007 sie
1975 4974 2075 5004 vorbei,
2107 4972 2149 5000 die
2181 4972 2266 4999 ideale
2288 4971 2512 5003 Palmengnippe
2541 4969 2594 4994 mit

1813 5013 1975 5048 Slrohhiilie
2001 5016 2058 5041 und
2083 5009 2189 5044 Kühen,
2224 5011 2304 5037 bevor
2343 5008 2378 5040 ich
2413 5008 2443 5041 sie
2478 5005 2595 5040 schießen

2606 3811 2612 3833 s
2630 3808 2705 3836 kann.
2739 3807 2811 3835 Oder
2836 3807 2912 3837 auch:
2944 3806 2988 3832 die
3023 3808 3107 3838 guten
3131 3804 3206 3836 Ziele
3240 3803 3340 3835 hänfen
3373 3801 3420 3835 sich

2629 3845 2728 3878 Schlag
2745 3845 2796 3877 aus
2815 3844 2923 3877 Schlag,
2942 3843 3038 3871 Reiter
3056 3842 3106 3869 mit
3126 3842 3226 3873 großen
3244 3841 3418 3867 Sombreros

2629 3884 2759 3915 sprengen
2773 3883 2822 3913 aus
2838 3882 3010 3913 Feldwegen.
3028 3880 3110 3907 Geier
3126 3880 3221 3910 kreise»
3238 3884 3274 3904 an
3290 3880 3341 3903 den
3356 3877 3418 3908 Zug

2631 3924 2720 3949 Heran.
2741 3920 2782 3947 Cs
2803 3920 2931 3953 gelingen
2951 3918 3090 3950 Ticsblicke
3112 3918 3141 3944 in
3165 3917 3243 3949 flache
3264 3915 3347 3942 Täler
3367 3914 3420 3941 mit

2629 3958 2730 3991 Wasser
2756 3958 2812 3984 und
2835 3954 3123 3989 Tropenwaldinseln.
3154 3952 3418 3986 Fassadenstädrchen

2631 3996 2680 4023 mit
2702 3995 2845 4026 Cowboys
2866 3994 2927 4021 und
2950 3993 3040 4020 einem
3061 3992 3149 4025 Hotel,
3180 3992 3232 4018 das
3265 3997 3318 4017 nur
3352 3988 3420 4023 zwei

2632 4033 2722 4062 Meter
2746 4033 2832 4066 Front
2855 4033 2911 4059 bat.
2932 4045 2965 4050 —
2987 4031 3049 4058 Nur
3070 4029 3193 4063 schwärzt
3216 4028 3260 4061 sich
3285 4029 3351 4054 eben
3373 4028 3421 4053 der

2631 4069 2759 4103 Himmel.
2780 4069 2831 4097 Die
2853 4070 2953 4098 Sonne
2976 4067 3060 4095 bleibt
3079 4066 3201 4099 versteckt,
3223 4066 3279 4093 und
3301 4066 3344 4091 die
3367 4063 3422 4091 Ka¬

2632 4115 2705 4135 mera
2723 4107 2788 4140 muß
2807 4107 2848 4140 ihr
2864 4106 3029 4137 Blendauge
3047 4104 3148 4137 öffnen,
3163 4104 3191 4135 so
3208 4102 3273 4130 weit
3289 4103 3322 4133 sic
3343 4103 3421 4131 kann,

2632 4147 2687 4172 und
2698 4144 2770 4174 nicht
2784 4144 2886 4171 einmal
2902 4144 2929 4176 so
2944 4143 3015 4169 wird
3033 4143 3064 4175 sie
3080 4144 3111 4168 cS
3126 4140 3217 4173 richtig
3231 4140 3350 4172 plastisch
3364 4140 3423 4167 und

2630 4182 2823 4210 eindrucksvoll
2846 4180 2973 4214 erfassen;
3006 4180 3076 4207 denn
3110 4178 3178 4210 Licht
3211 4178 3268 4205 und
3291 4176 3424 4209 Schatten

2632 4220 2729 4254 fehlen.
2762 4220 2845 4247 Dann
2870 4219 2969 4246 komnit
3004 4217 3049 4244 ein
3072 4216 3223 4249 Regenguß
3256 4215 3315 4242 und
3347 4215 3423 4246 schon

2632 4258 2710 4287 bricht
2731 4257 2771 4285 die
2791 4256 2889 4285 Sonne
2909 4255 3010 4283 wieder
3031 4254 3115 4286 durch.
3135 4250 3424 4283 Wunderbarerweise

2632 4297 2740 4327 tauchen
2759 4294 2813 4325 jetzt
2830 4298 2904 4325 zwar
2921 4292 2962 4319 die
2978 4292 3094 4324 gleichen
3111 4292 3168 4318 und
3185 4289 3305 4323 ähnliche
3322 4289 3421 4316 Bilder

2631 4334 2779 4360 wiederum
2802 4332 2857 4363 auf,
2879 4336 2934 4357 nur
2954 4330 3010 4358 viel
3032 4328 3150 4362 schöner:
3170 4328 3204 4361 sie
3227 4328 3343 4361 glänzen
3365 4327 3422 4358 jetzt

2631 4374 2683 4398 von
2708 4369 2809 4401 Wasser
2831 4369 2887 4396 und
2912 4367 3000 4397 lachen
3025 4368 3053 4393 in
3076 4365 3157 4398 heller
3180 4366 3287 4393 Sonne.

2677 4408 2742 4435 Das
2763 4406 2834 4439 hätte
2858 4406 2893 4436 ich
2914 4405 2968 4431 mir
2990 4404 3057 4434 nicht
3076 4403 3192 4435 gedacht,
3213 4403 3266 4434 daß
3289 4402 3371 4430 Cuba
3393 4402 3421 4434 so

2631 4445 2695 4477 flach
2719 4444 2763 4476 sei.
2788 4441 2947 4472 Manchmal
2971 4442 3062 4470 erhebt
3086 4440 3132 4472 sich
3155 4441 3201 4466 der
3225 4439 3324 4467 Boden
3349 4444 3422 4473 zwar

2630 4482 2673 4509 ein
2694 4480 2794 4513 wenig,
2811 4480 2876 4508 aber
2896 4485 2952 4507 nur
2971 4479 3039 4505 eben
3059 4480 3086 4512 so
3107 4478 3176 4511 hoch,
3196 4477 3250 4508 daß
3274 4484 3340 4504 man
3361 4477 3425 4506 noch

2630 4519 2697 4550 nicht
2721 4523 2775 4545 von
2800 4518 2887 4544 einem
2911 4516 3001 4549 Hügel
3026 4515 3155 4549 sprechen,
3186 4515 3252 4543 aber
3281 4515 3348 4547 auch
3380 4514 3423 4540 die

2630 4555 2785 4588 Landschaft
2813 4555 2879 4586 nicht
2910 4553 2986 4586 mehr
3014 4553 3107 4580 Ebene
3136 4559 3244 4581 nennen
3273 4552 3350 4580 kann.
3378 4552 3425 4584 In

2629 4595 2679 4620 den
2700 4592 2819 4620 Mulden
2836 4590 2962 4625 zwischen
2980 4592 3031 4618 den
3050 4590 3224 4618 Bodenwelle
3242 4589 3343 4618 rinnen
3360 4590 3424 4622 jetzt,

2630 4631 2659 4657 in
2683 4631 2730 4657 der
2755 4628 2911 4662 Regenzeit,
2934 4628 3006 4654 viele
3031 4627 3114 4655 kleine
3147 4626 3336 4660 Wasscrläuse,
3369 4626 3423 4653 wie

2630 4668 2713 4700 Bäche
2735 4668 2763 4695 in
2782 4667 2855 4693 einer
2875 4665 3126 4698 Frühlingswiese.
3146 4665 3224 4693 Statt
3243 4665 3290 4692 der
3310 4664 3423 4692 Weiden

2630 4705 2715 4738 stehen
2744 4703 2844 4738 freilich
2870 4703 2964 4734 kleine,
2992 4702 3111 4735 buschige
3138 4703 3350 4736 Palmgruppen
3377 4708 3423 4728 ain

2630 4742 2707 4774 Bach,
2725 4741 2781 4770 und
2797 4742 2838 4768 die
2855 4740 2943 4774 Wiese
2963 4740 3059 4774 besteht
3077 4742 3132 4768 aus
3148 4741 3268 4767 brauner
3283 4739 3355 4766 Erde
3372 4738 3422 4766 mit

2630 4779 2776 4811 Stoppeln.

2678 4817 2731 4844 Die
2752 4815 2825 4848 Orte,
2843 4816 2884 4843 die
2904 4815 3113 4849 vorbeisliegen,
3133 4815 3250 4848 bestehen
3271 4816 3324 4841 aus
3343 4812 3423 4846 Holz¬

2631 4854 2752 4881 baracken
2773 4854 2822 4881 mit
2842 4853 3076 4886 Säulenfronten,
3097 4859 3143 4880 um
3161 4853 3240 4880 weite
3262 4851 3421 4884 Grasplätze

2631 4892 2733 4923 herum.
2761 4890 2813 4918 Sie
2837 4891 2894 4923 sind
2920 4889 3099 4922 merkwürdig
3125 4892 3254 4917 benannt:
3279 4889 3421 4916 Guaraca-

2631 4929 2712 4960 bnlla,
2738 4928 2914 4961 Caibagu-ln,
2938 4928 3096 4961 Taguasco,
3122 4927 3283 4959 Payabacca
3305 4940 3338 4945 —
3362 4927 3420 4958 son¬

2631 4967 2744 4994 derbare
2765 4966 2941 4994 Ortsnainc»
2961 4966 3019 4998 sind
3040 4965 3116 4996 alles,
3137 4968 3198 4992 was
3219 4968 3273 4992 von
3293 4964 3345 4991 den
3365 4962 3423 4995 In-»

2632 5004 2750 5032 diancrn
2767 5004 2846 5037 übrig
2864 5004 2903 5039 ist,
2921 5004 2964 5031 die
2982 5003 3049 5037 einst
3065 5002 3134 5037 diese
3150 5002 3235 5036 Insel
3252 5000 3421 5036 bewohnten.
