3212 4606
223 165 407 189 snonncmcnt:

176 202 216 225 Bei
233 200 289 224 allen
300 199 445 228 Doilbuitauf

161 235 234 263 franko
262 235 321 259 durch
343 232 377 256 die
397 237 460 261 zanje

246 266 375 295 Schweiz-

194 303 222 324 IS
232 301 325 325 Mona»
344 299 381 326 gr.
392 299 428 321 <6.

208 330 222 352 6
233 328 327 353 ÜJionate
344 328 381 356 Fr.
406 328 429 350 8.

161 362 205 390 Für
212 362 285 391 Zürich
299 368 322 384 u.
332 360 461 389 Um^evung

190 396 223 419 bei
238 397 272 420 der
292 394 433 422 ttrpkdltion:

199 431 214 450 s
223 429 316 452 Monate
336 428 372 453 Fr.
383 427 405 449 b.
417 438 445 443 —

201 459 214 479 3
225 457 318 481 Monate
337 456 373 483 Fr.
383 455 444 479 3.00

187 514 235 541 Für
251 514 289 537 das
309 512 439 536 Ausland

163 544 266 566 abonnire
275 547 327 565 man
337 540 377 570 gef.
387 540 420 563 bei
428 540 462 562 der

162 571 217 600 Post
223 581 231 589 -
238 568 462 601 Zeilungsesredilion

161 600 187 624 in
196 599 271 627 Zürich
286 599 335 622 oder
344 597 418 621 direkte
429 595 462 619 bei

192 628 232 651 den
241 627 355 657 Verlegern
364 623 434 654 selbst.

1447 124 1723 198 •M181.

1168 662 1257 694 Druck
1275 664 1331 691 und
1351 660 1458 698 Verlag
1477 667 1533 691 von
1552 657 1651 692 Srell,
1671 654 1756 694 Füßli
1774 658 1830 686 und
1851 655 1950 690 Comp.

2695 139 2933 174 Znsertionsgebühr:

2664 180 2709 206 Dir
2727 178 2834 208 üspallige
2854 176 2965 208 Petttzeil«

2707 208 2756 232 oder
2770 208 2832 230 deren
2846 206 2923 230 Raum

2745 236 2772 258 15
2782 234 2882 262 Rappen.

2664 291 2858 321 Korrespondenzen
2878 290 2922 319 sind
2937 295 2966 313 eur

2701 320 2732 343 die
2749 318 2873 343 Redakti
2884 325 2931 344 on,

2665 348 2767 378 Inserate
2781 350 2875 377 dagegen
2890 354 2918 371 an
2932 344 2967 370 die

2732 376 2899 403 itrpcdition

2675 412 2712 430 oft
2726 402 2957 435 N.'Zürcker-Zeitung

2735 440 2760 463 zu
2777 431 2897 460 adreffiren.

2692 461 2884 492 Ankündigungen
2898 465 2939 484 von

2665 491 2842 516 Medikamenten
2867 488 2968 516 bedürfe»

2684 521 2720 543 der
2731 518 2903 546 Genehmigung
2914 518 2948 541 der

2699 546 2934 578 Mcdizinaldirektion.

2664 604 2737 633 Briefe
2746 604 2788 627 und
2796 603 2878 628 Gelder
2884 601 2967 631 frank».

119 791 281 883 Letzte
301 792 561 868 Nummer
579 792 651 866 im
673 795 733 865 1.
749 789 1029 877 Semester.

451 952 710 998 Wochenschau.

179 1033 234 1064 Die
254 1032 443 1067 Intervention
460 1031 488 1061 in
509 1030 611 1067 Mexiko
641 1029 670 1066 ist
689 1027 756 1064 nicht
773 1028 941 1067 aufgegeben;
970 1028 1032 1059 viel¬

121 1077 194 1114 mehr
213 1077 271 1114 geht
289 1078 342 1105 aus
360 1076 405 1105 der
425 1076 510 1111 letzten
529 1072 663 1112 offiziellen
679 1071 827 1110 Erklärung
845 1073 890 1101 der
908 1071 1031 1112 französi¬

119 1118 188 1156 schen
203 1117 354 1157 Regierung
373 1118 475 1152 hervor,
495 1115 546 1151 daß
566 1121 612 1144 vor
633 1114 719 1145 Allem
739 1113 841 1150 Mexiko
861 1115 959 1144 erobert
976 1120 1032 1144 und

119 1161 239 1191 alsdann
258 1162 308 1189 das
327 1158 497 1196 rnexikanische
514 1157 585 1188 Bolk
609 1165 657 1187 um
684 1155 750 1193 seine
767 1155 905 1194 Meinung
933 1157 1034 1194 befragt

119 1209 226 1235 werden
244 1202 332 1240 muffe.
361 1202 482 1237 Umsonst
502 1200 565 1231 wies
579 1200 661 1234 Jules
675 1199 762 1237 Favre
780 1199 808 1229 in
821 1201 865 1230 der
878 1198 1034 1236 Legislative

120 1247 168 1283 auf
187 1247 227 1277 die
248 1245 385 1284 getäuschte
399 1244 562 1281 Erwartung
582 1242 635 1280 hin,
655 1243 705 1280 daß
723 1244 773 1271 das
786 1241 954 1279 mexikanische
966 1241 1037 1272 Bolk

120 1290 167 1327 sich
187 1298 267 1329 gegen
285 1289 387 1326 Zuare;
416 1290 469 1317 und
495 1287 539 1323 für
569 1286 604 1315 die
625 1284 771 1324 Franzosen
798 1283 913 1314 erklären
938 1286 1035 1320 werde;

118 1334 236 1371 umsonst
257 1332 305 1371 hob
325 1341 351 1363 er
370 1333 472 1369 hervor,
501 1329 550 1367 daß
571 1338 622 1360 nur
642 1329 694 1359 eine
713 1327 885 1365 mexikanische
915 1325 1035 1362 Faktion,

117 1379 168 1406 den
189 1375 363 1414 Emigranten
382 1374 411 1404 in
429 1373 541 1411 Koblenz
560 1381 604 1411 zur
624 1371 682 1410 Zeit
704 1371 751 1400 des
769 1368 949 1407 französischen
962 1365 1036 1396 Kon¬

118 1422 197 1448 vents
217 1417 402 1456 vergleichbar,
430 1415 476 1446 mit
508 1417 551 1445 der
581 1413 763 1452 französischen
781 1409 918 1444 Invasion
937 1409 1037 1438 einver¬

116 1461 226 1499 standen
245 1459 289 1496 sei;
309 1459 423 1497 umsonst
435 1460 534 1489 betonte
551 1466 579 1487 er
597 1456 636 1486 die
651 1452 784 1485 Garantie
802 1452 847 1487 für
859 1449 898 1480 die
912 1449 1036 1488 Zukunst,

117 1503 207 1533 welche
228 1503 328 1540 Juarez
357 1502 385 1532 in
404 1503 448 1531 der
466 1499 584 1531 Kaution
603 1492 817 1527 Nordamerika'«
845 1491 967 1531 gegeben;
996 1492 1036 1522 die

119 1546 246 1575 Antwort
264 1547 307 1574 der
328 1543 478 1582 Regierung
498 1548 573 1571 war:
599 1537 705 1574 Mexiko
723 1536 769 1573 hat
787 1538 842 1565 uns
862 1534 905 1571 seit
923 1535 1034 1574 zwanzig

121 1587 227 1624 Jahren
246 1586 346 1625 gezeigt,
363 1585 416 1620 daß
436 1587 464 1613 cs
478 1582 557 1613 Alles
578 1579 718 1617 verspricht,
737 1585 813 1608 wenn
833 1581 861 1607 es
881 1578 953 1614 muß,
971 1578 1035 1609 aber

118 1629 171 1659 kein
184 1628 266 1660 Wort
280 1629 369 1663 haltet,
389 1627 477 1659 sobald
497 1628 526 1654 es
543 1626 594 1653 den
604 1622 709 1654 Rücken
727 1620 775 1658 frei
793 1621 852 1658 hat;
871 1621 949 1657 daher
968 1620 1034 1651 keine

118 1671 340 1709 Unterhandlung
352 1669 400 1701 mit
414 1669 514 1706 Juarez
532 1668 588 1696 und
601 1674 645 1695 am
659 1662 860 1700 allerwenigsten
880 1662 915 1693 im
928 1662 1034 1701 Augen¬

116 1714 185 1751 blick,
203 1721 246 1743 wo
266 1713 353 1750 unsere
367 1710 535 1749 Waffenehre
555 1708 584 1739 in
597 1706 701 1743 Gefahr
722 1705 760 1743 ist.
794 1704 854 1736 Mit
866 1707 923 1735 dem
935 1704 1033 1738 Iecker-

114 1758 186 1793 scheu
205 1755 336 1791 Anleihen
355 1753 458 1791 verhält
476 1755 506 1782 eö
526 1751 572 1788 sich
592 1752 653 1786 nach
672 1752 717 1780 der
735 1747 884 1786 Erklärung
903 1749 948 1777 des
960 1747 1032 1786 Hrn.

114 1798 238 1829 Billault
257 1795 303 1827 wie
322 1796 403 1834 folgt:
424 1794 570 1826 Miramon
583 1792 634 1830 gab
648 1793 705 1822 dem
719 1789 933 1828 Schweizerhaus
946 1789 1031 1822 Iccker

113 1842 162 1877 für
182 1841 201 1869 3
220 1838 366 1870 Millionen
390 1837 438 1874 Fr.
456 1835 608 1874 Baarschast
638 1835 674 1863 75
693 1831 841 1865 Millionen
860 1831 908 1868 Fr.
927 1831 1031 1863 Anwei¬

115 1883 217 1921 sungen
236 1880 283 1918 auf
301 1881 351 1911 den
369 1879 442 1919 Zoll.
478 1878 562 1912 Jeder
583 1876 747 1913 Kaufmann,
766 1876 809 1904 der
829 1876 883 1904 100
902 1873 949 1911 Fr.
967 1875 1030 1913 Zoll

115 1934 148 1964 zu
166 1925 259 1963 zahlen
277 1923 356 1960 habe,
387 1922 447 1958 solle
465 1923 514 1950 den
532 1919 636 1957 fünften
655 1917 733 1953 Theil
753 1917 799 1947 mit
817 1916 905 1953 diesem
925 1916 1030 1955 Papier,

114 1970 166 1997 das
186 1967 274 2000 Iccker
292 1965 399 2003 beliebig
417 1963 562 2001 anbringen
583 1961 666 1999 möge,
685 1960 805 1997 bezahlen
823 1959 931 1990 können.
981 1959 1043 1990 So-

115 2012 172 2040 kam
186 2012 236 2039 das
250 2008 348 2046 Papier
366 2007 395 2037 in
408 2005 481 2037 Kurs
499 2009 555 2034 und
569 2003 622 2040 also
637 2003 696 2040 auch
717 2002 744 2032 in
757 2001 916 2040 französische
927 2001 1029 2039 Hände,

115 2053 180 2083 aber
198 2055 228 2081 cd
248 2050 280 2088 sei
298 2049 368 2080 reine
388 2048 608 2084 Verläumdung,
636 2049 694 2075 waö
727 2043 851 2080 „Times"
881 2044 944 2074 über
971 2044 1029 2074 eine

116 2093 295 2133 Spekulation
315 2091 499 2130 hochgestellter
518 2089 665 2127 Franzosen
683 2087 768 2126 gesagt
786 2087 858 2123 habe.
897 2085 955 2117 Wie
971 2089 1030 2117 dem

115 2139 179 2168 aber
197 2137 259 2173 auch
278 2134 318 2171 sei,
347 2134 372 2171 so
397 2132 459 2170 habe
478 2131 627 2168 Frankreich
657 2137 708 2160 von
729 2128 838 2167 Anfang
866 2137 903 2158 an
930 2129 1031 2167 erklärt,

114 2180 168 2217 daß
197 2180 248 2209 alle
268 2176 482 2209 Reklamationen
512 2173 592 2212 seiner
613 2172 797 2211 Angehörigen
823 2170 957 2209 schließlich
985 2174 1030 2201 der

115 2223 245 2261 Prüfung
275 2220 344 2251 einer
363 2215 701 2257 Liquidationskommission
728 2214 908 2251 unterworfen
929 2215 1030 2243 werden

115 2263 226 2296 muffen.

170 2305 226 2334 Die
245 2304 353 2338 Pariser
371 2305 393 2330 Ir
399 2305 583 2336 orr»sp--»d»nz
602 2305 648 2326 des
668 2301 770 2332 Genfer
782 2301 923 2334 Journals
943 2300 1031 2336 spricht

111 2347 161 2378 mit
180 2345 250 2375 einer
270 2341 386 2381 gewissen
396 2338 582 2376 Behaglichkeit
601 2343 653 2368 von
672 2339 716 2367 der
734 2338 826 2374 harten
847 2337 922 2374 Nuß,
941 2340 1029 2376 welche

111 2388 151 2419 die
170 2385 316 2423 Konferenz
346 2388 399 2412 von
425 2380 499 2412 Nom
526 2382 575 2410 den
600 2379 735 2410 Tuilcricn
762 2387 793 2416 zu
822 2379 921 2409 knacken
950 2381 1029 2418 geben

111 2432 206 2461 werde.
239 2426 283 2460 In
296 2425 407 2457 Rennes
427 2423 458 2460 sei
475 2425 520 2453 der
532 2421 609 2459 Krieg
628 2420 745 2460 zwischen
764 2422 807 2451 der
821 2420 960 2458 Präfektur
972 2429 1027 2452 und

111 2477 171 2504 dem
190 2467 334 2510 Erzbischof
361 2466 456 2497 bereits
484 2465 531 2502 auf
549 2464 609 2495 Tod
637 2467 691 2495 und
720 2462 801 2494 Leben
829 2464 1028 2502 ausgebrochen.

112 2516 175 2547 Der
193 2520 273 2551 ganze
288 2510 357 2540 Abel
383 2509 449 2546 stehe
474 2507 522 2544 auf
539 2510 585 2537 der
603 2506 680 2537 Seite
707 2507 753 2536 der
777 2505 924 2544 Prälaten;
950 2506 1029 2541 dafür

113 2558 209 2597 spreche
229 2554 289 2590 auch
308 2552 348 2582 die
360 2549 592 2590 Zusammenkunft
609 2549 638 2579 in
656 2548 762 2587 Luzern,
780 2548 817 2577 die
836 2549 880 2578 als
899 2549 943 2578 der
956 2548 1027 2580 Wie¬

113 2598 238 2638 derschein
249 2599 295 2627 der
305 2594 443 2631 röuiischen
455 2591 672 2629 Denionstration
685 2590 817 2629 bezeichnet
830 2593 932 2621 werden
943 2591 1024 2628 dürfe.

169 2647 224 2680 Im
242 2640 393 2680 Königreich
413 2640 556 2678 Hannover
582 2639 697 2675 erhalten
718 2639 775 2668 laut
793 2637 875 2668 einem
894 2638 1028 2675 amilichett

113 2688 243 2721 Ausweis
258 2686 312 2717 900
322 2682 554 2719 Bolksschullehrer
567 2681 672 2720 jährlich
685 2680 750 2718 nicht
763 2681 835 2718 mehr
847 2682 890 2711 als
905 2682 958 2710 112
972 2680 1028 2718 Fr.,

114 2730 198 2763 wobei
218 2730 251 2768 sie
280 2728 305 2757 in
329 2729 373 2757 der
392 2725 461 2763 Kehr
490 2724 530 2754 bei
548 2726 597 2753 den
615 2723 727 2754 Bauern
746 2722 901 2761 cinquartirt
919 2726 1029 2754 werden.

116 2776 174 2804 300
193 2773 283 2809 Lehrer
300 2770 446 2800 bekommen
464 2767 569 2805 jährlich
590 2767 645 2796 375
658 2766 719 2803 Fr.;
738 2765 859 2803 dieselben
872 2765 970 2803 müssen
981 2766 1028 2803 sich

114 2819 189 2847 dann
209 2815 271 2845 aber
288 2812 334 2849 auf
353 2811 437 2850 eigene
456 2809 549 2847 Kosten
567 2808 669 2846 nähren
686 2810 741 2838 und
761 2807 869 2846 logiren.

169 2862 231 2892 Vor
250 2862 306 2891 dem
326 2857 494 2893 italienischen
514 2856 672 2894 Parlament
696 2855 759 2894 liegt
784 2857 828 2885 der
847 2856 962 2892 Vertrag
982 2855 1030 2886 mit

112 2902 266 2943 Frankreich
285 2901 348 2931 über
361 2901 409 2929 den
423 2897 738 2933 Mont-Cenis-Tunncl,
758 2897 839 2935 deffen
852 2897 1030 2936 Ausführung

112 2952 155 2978 der
168 2944 326 2982 Regierung
340 2941 465 2973 Italiens
484 2940 628 2977 überlasten
641 2940 679 2977 ist.
718 2939 774 2971 Die
786 2939 880 2978 Kosten
893 2939 1030 2977 vertheilen

112 2990 159 3028 sich
178 2987 241 3025 nach
260 2987 304 3015 der
316 2982 516 3019 Gebietslänge.
549 2981 635 3014 Jeves
650 2982 724 3020 Jahr
743 2981 780 3012 im
792 2982 858 3015 Juli
879 2982 966 3020 findet,
984 2983 1032 3012 wie

113 3031 210 3062 bereits
240 3028 328 3067 früher
358 3024 516 3061 uiilgetheilt,
546 3022 601 3053 eine
619 3023 746 3061 Prüfung
765 3026 808 3054 der
831 3024 955 3055 Arbeiten
973 3026 1032 3061 statt

112 3077 168 3105 und
187 3080 267 3103 wenn
285 3068 346 3106 diese
365 3067 450 3098 in“18
471 3066 579 3103 Jahren
599 3065 663 3104 nicht
681 3066 758 3104 fertig
775 3070 893 3105 werden,
921 3068 947 3106 so
966 3069 1032 3098 kann

113 3112 265 3154 Frankreich
285 3119 337 3141 von
355 3110 441 3148 seinen
462 3107 688 3146 Verpflichtungen
706 3108 883 3146 zurücklrcten,
913 3110 1031 3147 weßhalb

113 3163 142 3190 cs
163 3159 223 3196 auch
242 3155 286 3187 bis
305 3154 384 3192 dahin
411 3161 463 3183 nur
481 3151 521 3182 die
533 3151 631 3189 Zinsen
651 3158 703 3182 von
722 3152 772 3181 den
789 3151 936 3190 Baukosten
954 3154 1031 3192 zahlt,

113 3201 153 3232 die
173 3200 226 3238 ihm
246 3195 459 3236 vertragsgemäß
477 3194 599 3234 zufallen.

171 3248 238 3279 Das
258 3246 324 3284 letzte
344 3242 407 3282 Heft
426 3245 468 3273 der
489 3240 675 3280 „italienischen
693 3239 803 3272 Revue"
825 3241 961 3279 behandelt
978 3242 1028 3280 fol-

430 3339 595 3391 Feoillrton
622 3344 705 3378 1862
707 3368 714 3378 .

481 3421 543 3451 30.
561 3419 662 3456 Juni.

113 3469 181 3498 1377
201 3472 244 3499 An
258 3468 349 3499 diesem
363 3467 446 3502 Tage,
464 3464 614 3499 Dienstag»,
633 3467 704 3493 ward
717 3462 745 3492 in
765 3463 836 3494 Ulm
854 3462 903 3492 mit
922 3462 1026 3497 größter

202 3506 376 3543 Feierlichkeit
393 3508 439 3535 der
458 3504 539 3537 erste
557 3504 767 3535 Grundstein
786 3510 853 3537 zum
872 3503 1026 3535 Münster

201 3556 229 3578 in
250 3547 290 3577 die
306 3548 382 3581 Tiefe
402 3545 511 3582 gesenkt.

118 3594 180 3621 1422
198 3594 250 3623 Die
280 3591 453 3626 Eidgenoffen
481 3598 558 3625 zogen
588 3592 649 3621 nach
678 3590 811 3622 schwerem
840 3589 968 3623 Äamvke,
996 3596 1024 3617 tn

197 3634 316 3666 welchem
336 3632 404 3660 3000
423 3639 502 3667 gegen
517 3631 614 3665 21,000
626 3632 788 3662 Lombarden
802 3629 882 3660 sieben
897 3630 1023 3661 Stunden

198 3677 258 3708 lang
287 3671 400 3704 stritten,
425 3677 475 3701 von
503 3673 633 3702 Arbebo
664 3670 699 3699 im
727 3669 814 3702 Tessin
842 3670 1024 3703 thalaufwärt»

198 3713 294 3745 zurück,
313 3714 363 3741 den
376 3713 488 3746 Mangel
506 3719 539 3740 an
552 3710 683 3744 Einigkeit
694 3709 772 3739 bitter
785 3710 931 3743 beklagend.
958 3711 1026 3740 Um¬

200 3749 267 3784 sonst
285 3754 352 3783 hatte
371 3753 416 3782 der
434 3752 606 3784 Pannerberr
622 3750 734 3784 Peter
753 3751 831 3782 Colt
841 3750 873 3779 in
893 3755 945 3779 von
957 3750 1024 3784 Zug

197 3789 268 3821 nebst
286 3789 371 3821 einem
398 3792 481 3825 seiner
498 3792 596 3824 Söhne
613 3791 665 3823 sein
692 3790 762 3819 edle»
782 3789 849 3821 Blut
875 3788 1024 3824 vergvffen;

197 3830 229 3862 sie
248 3831 394 3861 bewahrten
414 3834 461 3862 da»
479 3832 601 3866 Panner,
618 3832 685 3863 nicht
703 3833 752 3859 de»
773 3830 853 3864 Sieg.

108 3877 179 3905 1522
198 3874 264 3906 stard
283 3873 311 3901 in
335 3873 477 3910 Stuttgart
500 3876 583 3911 Jvh.
604 3874 788 3908 Reuchlin,
804 3875 851 3903 der
868 3876 1026 3908 auegezeich-

198 3918 258 3943 nete
287 3912 340 3941 und
369 3915 541 3949 hochgelehrte
559 3914 709 3948 Humanist.
747 3914 786 3945 Er
812 3920 867 3943 war
894 3913 938 3943 der
965 3912 1025 3944 erste

197 3951 352 3985 Bearbeiter
369 3952 413 3981 der
427 3955 581 3989 bedra.schen
597 3954 763 3986 Grammatik
775 3955 829 3984 und
843 3953 945 3983 wandte
959 3953 1026 3987 seine

196 3990 338 4025 Krnnlniß
365 3990 446 4025 dieser
472 3994 592 4029 Sprache
620 4002 667 4030 zur
695 3994 854 4029 Auslegung
881 3995 927 4023 de»
954 3995 1024 4023 alten

194 4033 375 4064 Testamentes
391 4038 438 4060 an.
461 4032 548 4067 Durch
568 4035 635 4070 feine
649 4034 737 4069 feinen
751 4033 890 4068 klassischen
905 4034 1025 4067 Siudien

199 4086 226 4091 —
244 4073 293 4100 den
306 4072 407 4105 Homer
426 4071 521 4101 kannte
538 4081 564 4102 er
583 4075 737 4110 auswendig
753 4089 782 4095 —
793 4075 846 4104 und
866 4074 934 4107 seine
948 4081 1025 4109 ganze

194 4110 327 4146 gründlich
354 4110 581 4145 wiffenschaftliche
600 4115 732 4149 Richtung
760 4115 808 4143 wie
835 4116 912 4147 durch
939 4121 1024 4145 leinen

191 4151 286 4184 Streit
308 4150 361 4179 mit
384 4152 445 4179 dem
472 4152 605 4185 getauften
631 4156 724 4190 Juden
743 4153 907 4188 Pfefferkorn
936 4154 1024 4183 wurde

194 4199 222 4221 er
252 4191 297 4219 der
323 4190 499 4223 Vorkämpfer
527 4193 573 4221 de»
591 4194 795 4227 Humanismus
817 4195 870 4224 und
889 4201 934 4222 ein
953 4194 1025 4227 krüf»

193 4237 263 4266 »iger
284 4230 455 4261 Vorarbeiter
472 4231 516 4259 der
535 4231 733 4265 Reformation.

103 4275 173 4303 1817
195 4275 260 4308 starb
288 4280 315 4303 in
342 4274 464 4303 Dresden
490 4275 536 4303 der
553 4275 675 4308 treffliche
693 4278 863 4312 Mineraloge
881 4281 936 4308 und
955 4278 1022 4309 füch.

193 4315 264 4349 fische
281 4315 413 4349 Bergrath
426 4315 593 4345 Abraham
608 4316 751 4347 Gottlvb
765 4319 914 4349 Werner.
935 4319 1023 4349 Durch

193 4362 251 4384 «ine
269 4355 327 4387 tiefe
342 4354 467 4389 Neigung
480 4362 508 4389 zu
523 4354 702 4390 Mineralogie
715 4358 769 4386 und
782 4359 914 4392 Bergbau,
932 4358 1023 4389 welche

192 4394 275 4429 längst
293 4393 319 4425 in
339 4394 421 4428 seiner
440 4394 553 4430 Familie
570 4397 691 4431 heimisch
709 4402 783 4432 war,
803 4404 833 4432 zu
853 4397 949 4431 seinem
968 4399 1024 4430 Be»

1097 787 1176 826 gente
1195 785 1307 823 Stoffe:
1341 784 1442 820 „Ueber
1470 783 1511 813 die
1539 779 1733 820 philosophische
1760 779 1840 811 Kritik
1859 779 1895 810 im
1923 778 2012 817 Allge¬

1096 829 1197 860 meinen
1235 830 1287 858 und
1323 826 1362 857 die
1396 825 1478 858 Kritik
1506 824 1606 864 Hegel»
1638 823 1674 854 im
1702 822 1864 860 Besondeni.
1921 821 2013 859 Briefe

1095 874 1141 903 der
1160 869 1325 909 Proscfforen
1343 869 1447 900 Allievo
1467 869 1522 899 und
1542 865 1645 904 Ferri."
1689 864 1866 902 „Berhältniß
1892 866 1937 895 der
1958 865 2011 903 He¬

1096 913 1262 954 gelianischen
1295 911 1374 950 Logik
1407 919 1453 951 zur
1486 908 1648 948 Schullogik,
1676 914 1730 938 von
1767 907 1846 945 Prof.
1881 906 2010 937 Allievo."

1099 957 1200 993 „Ueber
1221 955 1259 985 die
1288 954 1404 992 Reform
1431 955 1477 984 des
1508 951 1668 990 öffentlichen
1697 949 1869 986 Unterrichts.
1908 949 2014 980 Gedan¬

1096 1001 1141 1030 ken
1171 1001 1217 1028 des
1248 996 1444 1036 Abgeordneten
1476 994 1530 1026 vo.
1561 993 1683 1030 Sacchi."
1737 992 1921 1029 „Erörterung
1949 992 2013 1021 über

1097 1041 1228 1078 Eontzenö
1248 1039 1453 1077 Winderungen
1472 1040 1518 1068 der
1531 1036 1626 1068 Gelten
1646 1042 1699 1065 von
1712 1033 1793 1071 Prof.
1806 1032 1965 1064 Bertollini"
1983 1041 2014 1063 rc.

1155 1088 1200 1121 Zn
1214 1086 1428 1124 Konstantinopel
1447 1085 1528 1123 findet
1546 1082 1663 1120 nächsten
1683 1080 1789 1111 Monat
1805 1079 2016 1118 eine-Konferenz

1098 1136 1143 1162 der
1161 1129 1337 1166 Großmächte
1359 1128 1423 1157 über
1442 1126 1481 1156 die
1500 1122 1736 1163 Angelegenheiten
1755 1121 1890 1152 Serbiens
1909 1122 1978 1158 statt.

1154 1177 1209 1211 Im
1227 1175 1333 1211 Westen
1358 1177 1403 1203 der
1422 1170 1540 1209 Schweiz
1567 1170 1640 1206 trägt
1657 1177 1722 1199 man
1742 1168 1788 1204 sich
1808 1168 1857 1198 mit
1875 1170 1921 1198 der
1938 1167 2018 1205 Hoff,

1099 1228 1184 1257 nung,
1196 1218 1249 1255 daß
1261 1219 1306 1246 der
1318 1214 1430 1252 Transit
1442 1221 1504 1244 vom
1516 1211 1699 1251 französischen
1712 1210 1812 1241 Süden
1824 1211 1885 1248 nach
1896 1209 2018 1247 Deutsch¬

1097 1264 1162 1295 land
1181 1261 1245 1291 über
1264 1257 1338 1295 Gens
1356 1263 1412 1288 und
1430 1257 1469 1287 die
1483 1255 1600 1293 Schweiz
1620 1253 1738 1288 erhalten
1757 1254 1811 1283 und
1829 1252 1939 1288 dadurch
1957 1251 2018 1289 auch

1099 1304 1141 1335 ein
1159 1302 1265 1339 besserer
1283 1300 1384 1338 Ertrag
1412 1299 1457 1336 für
1473 1298 1514 1330 die
1532 1295 1677 1334 Westbahn
1705 1294 1789 1334 erzielt
1808 1297 1910 1324 werden
1928 1293 2017 1325 könne.

1408 1372 1686 1423 Schweiz.

1156 1460 1392 1494 Bundesstadt.
1415 1458 1510 1496 jKorr.
1531 1462 1595 1487 vom
1610 1456 1674 1492 28.)
1715 1454 1772 1490 Für
1791 1455 1833 1484 die
1852 1455 2015 1493 Konferenz,

1098 1503 1193 1541 welche
1214 1505 1262 1532 den
1279 1504 1302 1532 1.
1317 1501 1384 1535 Juli
1404 1506 1495 1538 wegen
1515 1502 1559 1529 der
1580 1498 1746 1533 Expedition
1766 1495 1830 1533 nach
1846 1497 1944 1531 Japan
1958 1497 2014 1533 hier

1097 1547 1253 1584 stattßnbeil
1283 1544 1364 1578 wird,
1397 1543 1485 1580 haben
1515 1543 1556 1572 die
1585 1540 1764 1577 betreffenden
1795 1540 1926 1569 Kantone
1957 1539 2014 1575 ihre

1095 1588 1333 1625 Repräsentanten
1366 1593 1428 1624 zum
1449 1584 1533 1621 Theil
1561 1583 1659 1613 bereits
1691 1584 1820 1616 ernannt,
1852 1584 1909 1611 und
1942 1589 2014 1619 zwar

1096 1631 1197 1668 Zürich
1222 1631 1294 1666 Hrn.
1325 1626 1529 1664 Nationalrath
1555 1626 1642 1663 Fierz,
1665 1625 1744 1656 Bein
1763 1625 1839 1659 Hrn.
1857 1624 2015 1653 Komman¬

1095 1676 1163 1704 dant
1184 1672 1360 1710 Gaiiguillct,
1384 1669 1468 1707 Bafel
1487 1670 1561 1704 Hrn.
1591 1667 1753 1704 Rathshcrr
1773 1666 1883 1702 Jmhof,
1906 1664 2015 1700 Außer¬

1095 1718 1198 1754 rhoden
1212 1716 1284 1751 Hrn.
1298 1715 1492 1745 Laiidainman
1513 1712 1614 1746 Suter,
1639 1710 1691 1739 St.
1716 1709 1822 1740 Gallen
1842 1708 1916 1742 Hrn.
1939 1706 2015 1737 Bär-

1095 1760 1190 1797 iocher,
1214 1757 1360 1795 Präsident
1371 1759 1418 1786 des
1439 1752 1679 1790 kaufmännischen
1700 1749 1923 1784 Direktoriums,
1939 1749 2038 1783 Frei..

1094 1803 1165 1839 bürg
1184 1802 1255 1838 Hrn.
1277 1798 1448 1833 Staatsrath
1471 1796 1610 1832 Schaller,
1635 1794 1742 1824 Waavt
1762 1793 1836 1827 Hrn.
1858 1791 2016 1821 Audemars

1094 1843 1242 1881 S.euchatel
1260 1843 1333 1877 Hrn.
1364 1840 1473 1875 Pcrrct,
1497 1837 1645 1874 Präsident
1664 1836 1711 1865 der
1734 1836 1832 1864 Union
1850 1833 2014 1872 Horlogere.

1094 1887 1150 1917 Die
1170 1884 1408 1921 Repräsentanten
1428 1888 1486 1912 von
1508 1880 1634 1913 Glarus,
1657 1877 1787 1915 Aargau,
1810 1876 1947 1914 Thurgau
1961 1883 2016 1906 und

1095 1929 1172 1962 Genf
1190 1927 1248 1964 sind
1277 1926 1342 1963 noch
1373 1924 1446 1961 nicht
1474 1921 1629 1960 bezeichnet.
1656 1937 1690 1941 —
1711 1920 1759 1950 An
1788 1919 1830 1950 die
1850 1918 2017 1954 Expedition

1094 1977 1200 2001 werben
1222 1968 1269 2006 sich
1297 1969 1360 1998 laut
1379 1965 1473 2002 bisher
1506 1964 1727 2001 eingega-igene»
1759 1962 1938 1999 Meldungen
1965 1970 2017 1991 an¬

1094 2012 1223 2050 schließen
1253 2010 1319 2049 zwei
1350 2007 1507 2046 Schweizer
1530 2006 1560 2036 in
1584 2005 1701 2042 Pinang
1723 2005 1753 2034 in
1773 2007 1820 2034 der
1847 2004 1927 2039 Nähe
1959 2008 2017 2034 von

1094 2056 1274 2092 Singapure.
1302 2051 1370 2090 zwei
1401 2050 1451 2086 auf
1482 2049 1621 2082 Manilla,
1653 2047 1711 2078 drei
1732 2047 1762 2076 in
1788 2046 1938 2085 Shangai,
1973 2047 2017 2076 ein

1096 2095 1300 2135 Schaffhauser,
1334 2094 1377 2123 ein
1400 2092 1449 2123 St.
1467 2092 1577 2128 Gallcr,
1608 2090 1650 2119 ei»
1672 2090 1777 2123 Genfer
1797 2091 1855 2119 und
1878 2089 1923 2118 ein
1943 2088 2018 2124 Zür¬

1096 2140 1160 2178 cher.
1181 2138 1222 2170 In
1242 2137 1319 2173 Genf
1338 2136 1369 2170 ist
1384 2135 1442 2166 eine
1472 2131 1718 2171 wissenschaftlich«
1749 2132 1867 2162 Sektion
1889 2131 1919 2160 in
1940 2131 2019 2161 Vor¬

1095 2180 1250 2217 bereitung,
1280 2178 1374 2216 welche
1395 2177 1436 2207 die
1463 2175 1633 2211 Expedition
1663 2172 1862 2212 mitzumachen
1893 2172 2012 2211 gedenkt.

1096 2224 1143 2254 An
1174 2221 1339 2259 Geschenken
1368 2220 1426 2257 sind
1451 2219 1480 2248 ln
1505 2221 1549 2249 der
1581 2217 1667 2254 letzten
1696 2216 1761 2251 Zeit
1798 2216 1896 2246 wieder
1927 2216 2017 2253 eingc-

1097 2273 1206 2303 gangcn
1228 2268 1284 2294 von
1312 2264 1378 2299 HH.
1401 2262 1490 2299 Bally
1521 2263 1579 2290 und
1600 2259 1753 2296 Schmltter
1776 2260 1807 2288 in
1829 2259 1930 2289 Aarau
1959 2258 2018 2289 eine

1095 2307 1171 2342 Kiste
1191 2304 1244 2335 mit
1265 2304 1415 2341 elastischen
1444 2302 1600 2335 Geweben,
1629 2307 1685 2332 von
1706 2294 1812 2340 Vrien^
1843 2303 1901 2331 und
1922 2302 2018 2335 Inter-

1095 2348 1187 2383 lachen
1206 2347 1273 2384 zwei
1289 2346 1385 2381 Kisten
1408 2345 1565 2383 enthaltend
1596 2344 1802 2382 Schnitzereien,
1826 2342 2018 2382 Kirschwasser

1094 2391 1150 2418 und
1172 2393 1267 2417 andere
1287 2387 1433 2423 Liqueure,
1465 2387 1627 2418 Stickereien
1649 2388 1705 2416 und
1728 2387 1876 2422 Teppiche;
1896 2390 1953 2417 von
1970 2388 2037 2416 der.

1095 2429 1257 2468 Negierung
1288 2433 1343 2459 von
1378 2429 1497 2468 Aargau
1535 2430 1592 2460 eine
1620 2429 1788 2466 geologische
1824 2428 2015 2466 Sammlung,

1095 2472 1151 2502 eine
1170 2471 1244 2507 Kiste
1265 2471 1316 2501 mit
1336 2472 1452 2506 Karten,
1483 2472 1613 2508 Bildern,
1645 2470 1913 2509 wissenschaftlichen
1933 2470 2015 2501 Wer¬

1090 2515 1137 2544 ken
1156 2515 1213 2543 und
1234 2513 1458 2550 Schulmitteln;
1475 2519 1534 2545 von
1551 2515 1626 2550 Hr».
1656 2513 1791 2548 Hoinmel
1811 2516 1868 2543 und
1890 2512 1966 2550 Esser
1985 2513 2017 2543 in

1094 2556 1193 2587 Aarau
1222 2555 1266 2584 cln
1294 2556 1530 2593 mathematisches
1567 2555 1855 2593 ZeichnungSbesteck;
1885 2560 1942 2586 von
1971 2558 2018 2586 der

1095 2599 1208 2627 Soeiele
1229 2599 1280 2626 des
1299 2599 1430 2628 Sciences
1451 2599 1482 2628 in
1497 2598 1645 2636 Neuchatel
1664 2599 1682 2627 2
1705 2600 1804 2628 Bande
1825 2598 2014 2636 wissenschaft¬

1094 2642 1173 2680 licher
1193 2641 1323 2671 Arbeiten
1345 2642 1398 2672 mit
1417 2642 1579 2673 Gravüren.
1611 2640 1781 2679 Schließlich
1813 2642 1877 2679 noch
1897 2642 1940 2672 die
1959 2642 2017 2672 Be¬

1094 2684 1233 2721 merkung,
1255 2684 1305 2720 daß
1326 2684 1368 2714 die
1393 2684 1473 2722 durch
1505 2684 1678 2722 vcrschievene
1709 2683 1823 2714 Blätter
1854 2692 2011 2722 gegangene

1096 2726 1191 2764 Notiz,
1211 2729 1240 2756 es
1256 2732 1341 2756 werde
1361 2729 1408 2757 der
1427 2727 1473 2760 für
1493 2728 1536 2757 die
1556 2726 1723 2762 Expedition
1755 2726 1913 2764 ausgesetzte
1943 2727 2013 2757 Kre¬

1094 2770 1133 2799 dit
1153 2777 1200 2799 um
1222 2769 1265 2799 ein
1286 2770 1479 2800 Bedeutendes
1502 2769 1691 2809 überschritten
1713 2772 1831 2804 werden,
1853 2768 2014 2807 unbegrün¬

1096 2814 1137 2842 det
1164 2811 1205 2848 ist.

1152 2859 1278 2893 Zürich.
1318 2857 1376 2888 Am
1405 2858 1518 2897 Freitag
1548 2859 1647 2890 Abend
1677 2860 1771 2888 wurde
1805 2858 1848 2889 bei
1880 2858 2016 2897 Wetzikon

1098 2901 1140 2932 ein
1160 2901 1319 2938 73jähriger
1340 2901 1473 2937 Hausirer
1501 2906 1568 2933 Vom
1598 2902 1689 2939 letzten
1718 2901 1860 2940 Bahnzug
1892 2901 2016 2932 abwärts

1097 2943 1260 2980 überfahren
1280 2949 1334 2972 und
1357 2942 1488 2981 getödtct.
1530 2945 1571 2975 Es
1594 2944 1702 2983 geschah
1741 2952 1777 2974 an
1807 2944 1881 2975 einer
1912 2944 2015 2981 Stelle,

1098 2992 1140 3015 wo
1163 2985 1208 3022 sich
1235 2985 1275 3014 ein
1304 2985 1466 3024 Uebergang
1497 2986 1564 3017 über
1596 2986 1638 3017 die
1666 2986 1760 3023 Bahn
1791 2987 1915 3022 befindet.
1956 2987 2017 3017 Der

1098 3030 1152 3060 alte
1173 3029 1277 3063 Mann,
1297 3030 1352 3064 der,
1374 3028 1428 3058 wie
1449 3032 1477 3059 es
1501 3028 1607 3067 scheint,
1632 3032 1720 3060 etwas
1742 3029 1866 3060 benebelt
1887 3029 2014 3067 gewesen,

1098 3074 1171 3110 hatte
1190 3075 1240 3101 den
1260 3071 1399 3108 nahenden
1418 3072 1482 3109 Zug
1510 3070 1645 3110 überhört
1697 3072 1738 3103 Er
1768 3075 1861 3104 wurde
1883 3072 2016 3111 übrigens

1099 3115 1147 3152 erst
1168 3122 1211 3143 am
1232 3114 1375 3152 folgenden
1397 3113 1523 3151 Morgen
1543 3115 1743 3153 aufgefunden.

1157 3162 1299 3199 Schwyz.
1341 3161 1410 3192 Bon
1430 3161 1590 3198 Einstedeln
1610 3162 1681 3192 wird
1698 3162 1742 3192 ein
1757 3162 1931 3200 däjähriger,
1954 3162 2017 3192 aber

1099 3206 1196 3242 im.mer
1216 3203 1279 3242 noch
1299 3208 1435 3234 munterer
1456 3204 1514 3233 und
1543 3203 1662 3241 rüstiger
1694 3204 1816 3243 Schütze,
1847 3205 1900 3240 Hr.
1922 3204 1955 3237 I.
1976 3204 2015 3235 A.

1100 3246 1254 3278 Sleinauer
1274 3246 1312 3278 die
1333 3246 1420 3283 Fahrt
1439 3245 1502 3284 nach
1524 3245 1676 3283 Frankfurt
1698 3246 1871 3286 mitmachen.

1184 3333 1241 3365 rufe
1269 3331 1434 3366 bingesührl,
1460 3331 1549 3360 wurde
1579 3338 1606 3361 er
1634 3330 1679 3360 ein
1708 3331 1906 3367 scharfsinniger
1930 3332 2019 3363 Beob¬

1185 3375 1278 3406 achter,
1298 3372 1416 3404 welchem
1428 3373 1474 3400 das
1488 3372 1556 3400 tobte
1571 3370 1675 3402 Gestein
1696 3372 1755 3402 laut
1767 3374 1822 3403 und
1841 3372 2017 3405 vernebmlich

1185 3413 1227 3441 die
1251 3411 1383 3447 allmülige
1401 3411 1553 3446 Gestaltung
1580 3412 1625 3440 der
1644 3411 1715 3441 Erde
1732 3412 1801 3443 kund
1820 3415 1889 3448 gab,
1912 3414 1970 3442 und
1987 3412 2018 3442 in

1183 3453 1241 3480 dem
1269 3452 1365 3481 kleinen
1385 3451 1514 3483 Umkreise
1539 3457 1592 3481 von
1618 3451 1746 3486 Freiberg
1775 3452 1901 3483 erkannte
1924 3460 1951 3482 er
1969 3456 2018 3482 mit

1184 3493 1242 3520 dem
1262 3493 1346 3523 Blicke
1372 3492 1446 3522 eines
1465 3492 1570 3523 Sehers
1598 3492 1636 3519 die
1656 3491 1820 3527 Grundzüge
1840 3499 1915 3523 eines
1934 3492 2021 3527 allge»

1183 3537 1289 3560 meinen
1303 3531 1418 3566 Gesetzes
1437 3534 1479 3560 der
1494 3531 1730 3565 Gebirgsbildung,
1751 3532 1799 3560 wie
1818 3533 1862 3561 der
1882 3533 2018 3564 berühmte

1183 3569 1303 3604 sibirische
1322 3571 1449 3604 Reisende
1467 3571 1560 3604 Pellas
1580 3579 1608 3600 cs
1626 3569 1654 3599 in
1673 3569 1752 3605 jenen
1767 3571 1913 3607 Gegenden
1932 3579 2017 3607 genau

1183 3608 1208 3642 so
1222 3611 1344 3643 vorfand.
1365 3612 1404 3643 Er
1420 3611 1447 3643 ist
1459 3612 1504 3641 der
1519 3611 1673 3646 Begründer
1687 3612 1732 3640 der
1744 3617 1846 3641 neuern
1860 3612 2016 3647 Geognvst«.

1182 3648 1255 3680 Sein
1271 3651 1456 3684 berühmtester
1469 3652 1583 3684 Schüler
1597 3657 1651 3680 war
1662 3651 1809 3687 Alexander
1820 3658 1845 3680 v.
1859 3652 2017 3685 Humboldt.

1095 3693 1161 3720 1831
1182 3692 1246 3723 starb
1257 3695 1300 3722 der
1314 3696 1368 3724 edle
1381 3695 1527 3730 preußisch«
1540 3695 1757 3729 Staatemmlster
1771 3696 1796 3730 H
1806 3703 1889 3728 etur.
1904 3697 2016 3732 Fried.

1180 3733 1272 3762 Kart
1299 3735 1477 3770 Freiherr
1505 3742 1531 3767 v.
1550 3737 1681 3771 Stein,
1710 3737 1743 3763 74
1763 3737 1849 3771 Jahre
1877 3740 1926 3768 alt.
1962 3739 2014 3769 Um

1180 3774 1219 3802 die
1238 3773 1393 3808 Ncugedurk
1413 3776 1573 3811 Preußens,
1591 3776 1619 3813 ja
1638 3777 1829 3809 Deutschlands
1848 3778 1968 3807 bemühte
1986 3786 2015 3808 er

1180 3811 1224 3843 sich
1243 3812 1294 3842 mit
1311 3815 1403 3848 ebenso
1423 3816 1473 3845 viel
1490 3817 1565 3848 Liede
1585 3817 1625 3847 als
1646 3816 1778 3851 Einsicht;
1802 3820 1862 3846 ader
1887 3820 1949 3849 auch
1969 3821 2014 3847 ihn

1180 3852 1291 3886 versetzte
1309 3853 1351 3881 die
1368 3854 1550 3892 selbstsüchtige
1561 3858 1728 3889 Diplomatt«
1746 3856 1776 3886 in
1793 3858 1834 3885 die
1848 3857 1952 3889 Reihen
1970 3860 2014 3886 der

1182 3891 1350 3925 Getäuschten
1368 3894 1424 3922 und
1443 3894 1649 3927 Träumenden.

1147 4007 1369 4044 Frankfurt.
1394 4007 1447 4038 Die
1460 4009 1562 4044 diesige.
1578 4012 1648 4039 1064
1663 4013 1756 4043 Mann
1771 4012 1858 4048 starke,
1872 4013 2017 4049 Schützen,

1095 4052 1245 4089 gesellschast
1264 4054 1307 4086 hat
1324 4053 1372 4082 da»
1386 4053 1480 4083 Motto
1494 4054 1541 4083 de»
1554 4056 1764 4090 «idgendssischen
1778 4058 2016 4092 Schützenverein»

1094 4101 1208 4132 adoptirt
1226 4101 1280 4127 und
1297 4099 1342 4131 auf
1362 4099 1418 4130 ihre
1436 4099 1594 4130 prachtvolle
1610 4105 1679 4129 neue
1701 4102 1796 4136 Fahne
1813 4103 1915 4138 gesetzt:

1232 4143 1311 4177 »Ued'
1330 4144 1398 4178 Aug'
1417 4148 1468 4172 und
1487 4145 1566 4178 Hand
1586 4143 1656 4178 für'»
1675 4145 1851 4177 Vaterland."

1146 4194 1203 4230 Für
1232 4194 1280 4224 da»
1307 4193 1419 4227 deutsche
1437 4192 1612 4228 Schützenfest
1636 4197 1745 4223 werden
1773 4197 1814 4226 die
1842 4199 2014 4234 Nürnberger

1093 4240 1218 4274 Schützen
1246 4240 1287 4269 alb
1305 4239 1458 4272 Ehrengabe
1487 4245 1563 4267 einen
1594 4238 1722 4268 silbernen
1741 4239 1826 4271 Pokat
1845 4241 1884 4269 im
1905 4243 2014 4274 Werth«

1092 4291 1142 4314 von
1171 4285 1222 4311 400
1240 4283 1269 4318 fl.
1297 4283 1444 4315 einsenden.
1479 4283 1603 4317 Derselbe
1627 4281 1657 4314 ist
1684 4289 1737 4312 von
1766 4286 1824 4312 dem
1843 4285 1930 4314 Gold,
1957 4291 2012 4316 und

1093 4330 1298 4362 Süberarbeiler
1316 4330 1408 4362 Herrn
1428 4329 1501 4360 Wich
1530 4335 1558 4357 in
1586 4330 1630 4358 der
1650 4327 1736 4363 Form
1763 4329 1808 4357 der
1837 4329 2012 4365 Nürnberger

1093 4374 1272 4406 Thorlhürme
1290 4373 1447 4408 auegesührl
1465 4376 1520 4402 und
1538 4372 1604 4402 wird
1622 4379 1703 4407 gegen
1723 4372 1739 4398 5
1759 4371 1844 4407 Maaß
1862 4374 1961 4403 ballen.

2136 773 2273 806 Waadt.
2316 773 2378 803 Der
2397 768 2581 805 Vordertheil
2614 769 2660 797 der
2680 765 2846 802 Hirondelle
2865 764 2899 799 ist
2918 761 2966 794 um
2987 761 3006 792 4

2080 818 2141 854 Fuß
2155 817 2276 857 gehoben
2288 818 2345 846 und
2358 815 2391 853 sie
2404 815 2474 844 wird
2486 811 2627 850 nächstens
2643 810 2673 840 in
2688 810 2767 840 einen
2779 808 2870 845 Hafen
2884 803 3006 846 gebracht

2080 862 2187 891 werden
2207 858 2324 891 können.

2139 907 2239 940 Genf.
2281 904 2462 941 Neuerdings
2484 901 2517 939 ist
2539 901 2583 931 ein
2615 897 2805 936 wuthkranker
2835 896 2922 932 Hund,
2949 895 3006 924 auö

2081 949 2236 986 Frankreich
2256 946 2531 985 herübergekoinmen
2554 944 2610 974 und
2631 943 2681 978 hat
2703 936 2823 979 mehrere
2843 939 2942 974 Hunde
2956 944 2987 975 ge

2082 988 2174 1030 bissen,
2198 991 2279 1022 bevor
2300 998 2327 1021 er
2348 989 2378 1019 in
2398 988 2494 1026 Pency
2517 986 2602 1025 erlegt
2622 985 2727 1015 wurde.

2395 1079 2709 1123 Ausland.

2141 1171 2305 1200 Amerika.
2345 1169 2411 1199 Aus
2425 1172 2485 1199 dem
2500 1167 2773 1207 Shenondah-Thal
2793 1166 2825 1196 in
2840 1163 3008 1203 Virginien,

2086 1220 2129 1242 wo
2149 1214 2196 1242 der
2216 1211 2407 1248 unionzstische
2430 1212 2553 1243 General
2573 1211 2670 1242 Banks
2692 1210 2735 1241 die
2759 1209 2911 1240 bekannten
2933 1205 3009 1237 Ver-

2085 1255 2151 1291 luste
2174 1254 2259 1289 erlitt,
2282 1254 2330 1290 hat
2348 1262 2414 1283 man
2437 1254 2559 1291 Berichte
2578 1255 2624 1284 des
2647 1252 2788 1284 Generals
2803 1251 2937 1286 Fremont
2957 1248 3006 1279 bis

2084 1305 2145 1335 zum
2168 1297 2214 1326 11.
2237 1296 2322 1332 Juni,
2345 1298 2399 1325 aus
2419 1297 2503 1325 denen
2524 1295 2707 1333 hervorgeht,
2747 1295 2801 1328 daß
2832 1296 2879 1323 der
2908 1292 3009 1323 wieder

2085 1339 2228 1374 verstärkte
2260 1338 2380 1374 Banks,
2413 1338 2495 1375 sowie
2536 1338 2577 1368 die
2609 1338 2745 1368 Generale
2782 1338 2917 1372 Fremont
2947 1335 3007 1365 und

2085 1381 2208 1419 Shields
2230 1381 2277 1418 sich
2300 1380 2487 1417 fortwährend
2509 1380 2562 1409 mit
2590 1380 2774 1417 wechselndem
2802 1378 2890 1410 Glück
2920 1383 3009 1415 gegen

2083 1425 2126 1455 die
2145 1424 2275 1454 Rebellen
2303 1427 2385 1454 unter
2404 1423 2514 1459 Jackson
2536 1421 2658 1459 schlugen
2687 1425 2744 1452 und
2776 1421 2829 1459 daß
2859 1421 2890 1451 in
2918 1421 3010 1457 diesen

2083 1467 2239 1499 erbitterten
2259 1466 2401 1501 Kämpfen
2427 1466 2502 1496 beide
2524 1464 2620 1501 Theile
2642 1464 2698 1494 viel
2716 1465 2805 1501 Leute,
2828 1465 2871 1494 die
2892 1461 3009 1494 Bündi-

2082 1508 2152 1548 schen
2174 1508 2370 1547 insbesondere
2390 1508 2459 1539 viele
2477 1506 2622 1544 Offiziere,
2646 1505 2783 1536 verloren.

2149 1556 2376 1589 Veutskülard.
2434 1553 2589 1590 Berlin,
2625 1553 2661 1583 26
2728 1553 2829 1583 Baron
2860 1551 3010 1591 Schleinitz

2081 1599 2149 1629 wird
2170 1598 2275 1629 Viktor
2294 1596 2435 1629 Emanuel
2455 1597 2496 1627 die
2518 1596 2728 1633 Anerkennung
2754 1597 2802 1625 des
2824 1592 3008 1633 Königreichs

2083 1641 2192 1674 Italien
2213 1644 2269 1671 von
2291 1641 2395 1671 Seiten
2416 1638 2566 1676 Preußens
2587 1638 2785 1676 übcrbriiige»,
2809 1637 2907 1673 sobald
2927 1635 3011 1672 Ruß¬

2084 1682 2148 1713 land
2167 1682 2308 1719 denselben
2338 1682 2487 1720 Entschluß
2510 1681 2601 1719 gefaßt
2621 1682 2708 1717 haben
2731 1680 2813 1710 wird.
2868 1678 2973 1717 (Gal.)

2139 1746 2176 1751 —
2216 1729 2291 1759 Man
2324 1728 2470 1765 versichert,
2500 1727 2554 1763 daß
2577 1729 2623 1757 der
2650 1727 2811 1764 Einmarsch
2843 1724 3014 1763 preußischer

2085 1771 2219 1805 Truppen
2247 1771 2275 1801 in
2289 1771 2386 1808 Hessen
2414 1769 2502 1807 sofort
2533 1769 2605 1799 einer
2632 1769 2830 1807 militärischen
2867 1769 3012 1807 Gegende¬

2085 1810 2269 1849 monstration
2300 1817 2355 1843 von
2393 1813 2472 1843 Seite
2510 1811 2663 1849 OestreichS
2692 1813 2748 1841 und
2781 1811 2921 1849 einzelnen
2949 1808 3013 1847 süd¬

2084 1855 2220 1893 deutschen
2243 1856 2366 1886 Staaten
2388 1856 2501 1893 gerufen
2522 1853 2605 1892 hätte.

2141 1902 2352 1936 Oesterreich.
2395 1902 2498 1933 Wien
2551 1901 2608 1931 Am
2637 1901 2685 1931 27.
2714 1905 2741 1931 d.
2774 1899 2885 1931 erklärte
2917 1899 3011 1933 Ritter

2090 1944 2269 1983 Schmerling
2290 1946 2328 1975 im
2348 1944 2648 1983 Abgeordnetenhaus,
2679 1944 2722 1973 die
2742 1944 2905 1982 Regierung
2926 1943 3013 1973 werde

2084 1987 2163 2018 Alles
2186 1988 2233 2018 ins
2254 1988 2337 2019 Werk
2356 1988 2443 2026 setzen,
2464 1995 2512 2017 um
2534 1986 2578 2017 die
2608 1986 2637 2016 V
2649 1986 2849 2024 erständigung
2879 1985 2933 2015 mit
2951 1986 3014 2016 Un¬

2087 2038 2155 2069 garn
2176 2031 2376 2069 anzubahnen:
2408 2032 2454 2060 der
2477 2031 2541 2061 Ton
2562 2031 2607 2059 der
2626 2027 2816 2067 Versöhnung
2852 2031 2937 2058 werde
2958 2027 3013 2057 alle

2085 2072 2144 2109 ihre
2163 2073 2252 2103 Akten
2273 2073 2419 2111 begleiten,
2439 2073 2484 2103 die
2505 2071 2675 2109 Grundlage
2705 2073 2753 2101 der
2783 2070 3013 2108 Verständigung

2085 2115 2120 2152 sei
2140 2116 2204 2146 aber
2223 2115 2439 2152 unabänderlich
2460 2116 2501 2146 die
2523 2114 2694 2153 Verfassung
2728 2113 2802 2152 (also
2835 2114 2877 2144 die
2895 2113 3014 2149 Zentra¬

2089 2157 2230 2196 lisation).

2105 2235 2399 2276 Telegraphische
2424 2234 2626 2272 Depeschen
2657 2234 2720 2265 der
2744 2233 2797 2266 9t.
2828 2233 2874 2272 Z.
2904 2233 2990 2271 Ztg.

2140 2288 2190 2327 Pa
2202 2290 2391 2322 lerm29.
2427 2290 2488 2328 Zur
2502 2288 2681 2327 Einweihung
2695 2290 2742 2319 dcS
2754 2287 3013 2327 Scheibenschießens

2083 2337 2139 2375 sind
2158 2339 2204 2368 der
2223 2336 2307 2375 Prinz
2327 2336 2458 2375 Humbert
2478 2337 2533 2367 und
2555 2334 2699 2367 Garibaldi
2715 2335 2813 2374 gestern
2825 2334 3013 2372 unvermuthet

2084 2384 2255 2423 eingetroffen
2274 2385 2330 2415 und
2350 2386 2453 2414 werden
2481 2383 2627 2421 demselben
2656 2383 2817 2420 beiwohnen.
2858 2381 3009 2415 Illumina¬

2083 2431 2138 2462 tion
2157 2432 2222 2469 fand
2242 2432 2309 2471 statt.
2348 2430 2495 2463 Garibaldi
2524 2431 2571 2469 hat
2598 2430 2638 2462 die
2656 2430 2843 2469 Bevölkerung
2871 2428 3009 2468 harangirt

2083 2481 2138 2510 und
2155 2488 2203 2519 zur
2223 2479 2359 2518 Eintracht
2379 2480 2512 2518 ermahnt.

2140 2526 2269 2559 Turin.
2308 2526 2375 2558 Das
2388 2526 2504 2565 Budget,
2529 2528 2579 2557 wie
2598 2530 2626 2557 es
2638 2534 2700 2557 vom
2713 2525 2901 2563 Ministerium
2921 2532 3013 2564 vorge¬

2083 2575 2135 2613 legt
2154 2576 2262 2605 worden
2282 2574 2313 2612 ist
2333 2576 2423 2606 wurde
2449 2574 2498 2605 mit
2518 2574 2575 2604 215
2604 2583 2685 2613 gegen
2714 2575 2751 2604 81
2772 2573 2915 2606 Stiulmen
2933 2581 3015 2610 ange¬

2083 2631 2216 2653 nommen.

2139 2668 2232 2707 Briefe
2250 2673 2302 2700 aus
2328 2669 2432 2707 Mexiko
2456 2676 2518 2699 vom
2533 2670 2560 2699 1.
2579 2668 2653 2701 Juni
2682 2668 2822 2707 bestätigen
2852 2668 2891 2699 die
2910 2666 3014 2707 Affaire

2083 2722 2143 2747 vom
2155 2717 2202 2748 18.
2222 2716 2282 2748 Der
2308 2716 2422 2755 Pfarrer
2449 2716 2586 2748 Miranda
2615 2715 2684 2747 wird
2705 2716 2734 2746 in
2751 2715 2877 2755 geheimer
2895 2714 3015 2752 Mission

2083 2764 2143 2802 nach
2162 2764 2312 2802 Frankreich
2343 2764 2466 2802 gesendet.
2495 2762 2552 2795 Die
2577 2761 2711 2795 Generale
2740 2762 2848 2800 CobaS,
2877 2765 2934 2794 und
2953 2762 3013 2802 Zu-

2083 2811 2160 2850 loaga
2178 2811 2267 2849 haben
2292 2810 2398 2849 Mexiko
2419 2810 2557 2849 verlassen.

2140 2858 2201 2889 Der
2222 2858 2342 2898 Rückzug
2363 2860 2409 2890 der
2428 2857 2580 2898 Franzosen
2598 2859 2659 2895 nach
2678 2856 2800 2896 Orizaba
2818 2865 2878 2888 war
2891 2857 2920 2889 in
2938 2860 3014 2897 guter

2082 2904 2220 2944 Ordnung
2239 2907 2294 2937 und
2314 2907 2380 2942 ohne
2399 2905 2561 2945 beunruhigt
2579 2914 2611 2944 zu
2631 2907 2737 2937 werden
2757 2912 2806 2936 vor
2837 2905 2885 2943 sich
2916 2912 3013 2945 gegan¬

2082 2961 2139 2991 gen,
2158 2952 2185 2991 so
2204 2952 2297 2991 ersieht
2315 2962 2379 2984 man
2398 2956 2451 2984 aus
2471 2955 2530 2984 dem
2549 2951 2717 2991 TagSbefehl
2736 2959 2792 2983 von
2804 2951 2938 2993 Lorencez,
2955 2955 3014 2983 der¬

2082 2999 2146 3038 selbe
2164 2999 2222 3030 lobt
2241 2999 2279 3030 die
2299 2999 2435 3031 Soldaten
2465 3000 2510 3038 für
2539 2999 2580 3030 die
2607 2998 2726 3038 Beweise
2755 3006 2809 3030 von
2836 2999 2927 3038 Muth
2957 3000 3015 3030 und

2082 3046 2228 3085 Tapferkeit
2247 3050 2301 3077 und
2320 3047 2379 3086 hebt
2398 3048 2516 3085 hervor,
2548 3046 2589 3078 die
2618 3047 2770 3086 Franzosen
2798 3046 2864 3085 seien
2887 3046 3016 3085 getäuscht

2083 3096 2188 3125 worden
2208 3101 2261 3125 von
2280 3094 2444 3134 denjenigen,
2462 3094 2554 3133 welche
2572 3094 2651 3132 ihnen
2669 3093 2732 3133 Tag
2753 3094 2799 3132 für
2812 3094 2876 3133 Tag
2896 3093 3014 3126 vormal¬

2082 3145 2134 3179 ten,
2152 3141 2204 3180 daß
2226 3142 2259 3179 sie
2280 3148 2332 3172 von
2351 3143 2398 3172 der
2415 3140 2604 3180 Bevölkerung
2623 3141 2758 3180 Puebla's
2788 3142 2937 3181 angerufen
2955 3143 3013 3172 und

2091 3188 2139 3220 mit
2156 3188 2348 3228 Begeisterung
2366 3189 2571 3228 ausgenommen
2588 3189 2708 3220 würden.
2735 3188 2791 3221 Die
2803 3189 3015 3227 Verbindungen

2084 3235 2200 3274 zwischen
2221 3235 2343 3275 Orizaba
2361 3237 2416 3267 und
2434 3236 2569 3275 Veracruz
2586 3236 2644 3274 sind
2661 3236 2813 3276 hergestellt.

2137 3340 2493 3384 Älloimeineiits-Äiizeige
2515 3341 2566 3373 des
2591 3340 2789 3382 „Münchener
2810 3340 2953 3384 Punsch."

2156 3401 2297 3434 Nächsten»
2315 3400 2417 3432 kommt
2433 3402 2463 3431 in
2478 3399 2652 3433 Deutschland
2671 3404 2756 3431 etwa»
2769 3408 2815 3436 zur
2826 3401 3012 3436 Vollendung,

2087 3452 2142 3475 was
2165 3448 2228 3478 auch
2258 3446 2353 3475 wieder
2379 3452 2434 3476 nur
2461 3453 2521 3476 «ine
2541 3446 2667 3479 Halbheit
2685 3445 2734 3480 ist,
2751 3445 2865 3477 nämlich
2882 3448 2930 3476 da»
2949 3446 3013 3477 erste

2086 3490 2223 3523 Semester
2236 3491 2317 3523 dieses
2332 3492 2445 3527 Jahres.
2471 3489 2622 3525 Deßwegen
2640 3492 2748 3522 machen
2762 3492 2811 3521 wir
2824 3491 3013 3525 aufmerksam,

2084 3533 2132 3568 daß
2152 3535 2202 3567 alle
2222 3535 2419 3568 Postämter
2437 3536 2484 3565 de»
2502 3534 2636 3568 deutschen
2655 3535 2793 3570 Julandes
2812 3543 2864 3565 wie
2882 3539 2945 3567 auch
2963 3537 3012 3566 de»

2085 3579 2281 3613 ausländischen
2319 3580 2507 3611 Deutschland»
2547 3580 2792 3615 halbjährige
2823 3581 3012 3616 Bestellungen

2084 3627 2246 3656 annehmen.
2286 3625 2345 3655 Das
2363 3625 2439 3656 Blatt
2458 3624 2584 3657 erscheint
2601 3625 2707 3659 täglich,
2726 3630 2775 3654 mit
2789 3627 2948 3657 Ausnahme
2965 3627 3011 3656 der

2084 3669 2269 3704 Wochentage.

2153 3714 2258 3749 Indem
2276 3713 2327 3743 wir
2345 3717 2406 3745 auch
2427 3716 2504 3745 heuer
2522 3715 2592 3745 nicht
2609 3715 2705 3745 umhin
2719 3714 2833 3747 können,
2852 3714 2921 3745 allen
2935 3717 3013 3745 deut¬

2084 3757 2152 3791 schen
2180 3759 2308 3790 Brüdern
2337 3761 2407 3792 recht
2437 3759 2585 3794 vergnügte
2611 3760 2772 3794 Hundstage
2801 3767 2830 3794 zu
2860 3760 3011 3794 wünschen,

2083 3803 2160 3837 fügen
2180 3810 2232 3833 wir
2251 3810 2305 3833 nur
2323 3805 2388 3836 noch
2407 3804 2456 3837 bei,
2474 3801 2524 3836 daß
2544 3805 2590 3832 der
2609 3803 2747 3837 .Punsch"
2766 3806 2828 3836 auch
2847 3811 2876 3834 tn
2890 3805 3009 3840 Zukunft

2083 3846 2112 3876 in
2141 3848 2253 3884 Bayern
2280 3847 2450 3882 halbjäbrlich
2478 3854 2534 3878 nur
2563 3850 2584 3876 1
2605 3849 2639 3884 fl.
2666 3848 2752 3879 kostet.
2797 3849 2841 3884 In
2869 3849 3011 3884 Preußen,

2085 3892 2210 3924 Oestreich
2229 3893 2284 3922 und
2301 3894 2347 3922 der
2366 3894 2488 3927 Schweiz
2506 3894 2628 3927 erfolgen
2646 3893 2686 3923 die
2705 3894 2834 3928 üblichen,
2852 3897 2929 3927 mehr
2947 3897 3009 3924 oder

2084 3937 2198 3972 weniger
2219 3939 2440 3972 gerechtfertigten
2457 3937 2660 3973 Postzuschläge.
2687 3939 2801 3968 Odwobl
2821 3939 2869 3972 sich
2886 3941 2927 3969 die
2940 3939 3012 3975 Hrr-

2085 3980 2294 4017 steUungskosten
2321 3988 2373 4012 von
2393 3983 2465 4019 Jahr
2484 3991 2514 4019 zu
2533 3983 2605 4019 Jahr
2624 3982 2753 4018 steigern,
2773 3986 2857 4017 haben
2877 3985 2928 4014 wir
2946 3984 3008 4016 doch

2083 4026 2154 4056 keine
2172 4027 2319 4061 Erhöhung
2339 4030 2385 4058 de»
2404 4028 2511 4061 Preise»
2531 4031 2658 4057 etnireten
2678 4027 2770 4062 taffen,
2787 4031 2858 4058 denn
2878 4045 2911 4050 —

2083 4071 2146 4101 wir
2166 4071 2282 4102 wollen
2301 4072 2414 4109 Friede
2433 4072 2533 4108 habe«
2554 4071 2613 4101 mit
2636 4073 2756 4108 unfern
2780 4074 3007 4106 Abonnenten.

2339 4167 2532 4209 Wiederholte
2553 4167 2751 4213 Reinerkung.

2081 4224 2120 4252 die
2148 4230 2210 4253 man
2239 4226 2278 4253 bei
2303 4225 2350 4253 der
2378 4222 2585 4259 Vergeßlichkeit
2611 4226 2655 4254 der
2677 4226 2821 4260 Menschen
2852 4228 2923 4260 nicht
2948 4229 3007 4259 übel

2428 4271 2544 4300 nehmen
2564 4270 2649 4299 wolle.

2080 4312 2167 4343 Man
2193 4313 2382 4343 abonnire
2403 4313 2456 4343 bei
2482 4315 2553 4343 den
2577 4313 2785 4349 Postämtern
2812 4320 2887 4352 und
2914 4324 3012 4352 zwar

2079 4356 2241 4392 dießmal,
2260 4359 2313 4387 als
2328 4359 2365 4392 zu
2377 4359 2515 4393 Anfang
2528 4359 2629 4388 «ine«
2641 4361 2765 4390 Halden
2781 4361 2935 4398 Jahre»,
2947 4370 3011 4394 nur

2446 4402 2643 4441 halbjährig.
