2208 2953
142 99 166 121 9
166 98 383 122 mwii«I«m|Ikm|S

163 124 241 152 Franko
258 123 318 151 durch
331 123 365 148 dir

250 143 344 178 Schweiz

133 200 136 201 .
171 181 352 210 MOsWDMch«

185 213 224 240 LA

130 243 391 274 Slnrückun-A-rdötzr:

120 278 167 301 Der
180 276 252 300 Raum
266 276 321 298 eiuer
334 275 404 302 Pettt-

157 304 216 331 Aeile
224 303 237 327 4
244 302 294 331 Kr).
302 305 327 325 L.
336 305 364 325 v.

118 364 228 392 Briefe».
244 364 301 387 Geld
316 364 403 391 Franks.

119 431 378 488 Sonntag

1816 96 1994 120 BaOaLde»,«»

875 380 1133 419 Emm-drerßrgster
1151 376 1307 419 Iahrga»-.

710 486 793 515 Druck
811 486 865 514 und
883 485 985 520 Verlag
1006 489 1060 514 von
1074 485 1162 520 Orell,
1184 485 1266 520 Füßli
1283 487 1336 514 und
1356 485 1450 519 Comp.

1764 201 1876 229 Gdgland,
1893 201 2009 232 Frankreich
2019 208 2046 225 rc.

1762 229 1812 252 u.-.
1817 227 1963 256 überseeischen
1970 228 2048 252 Lander

1760 256 1804 289 Hr.
1821 258 1852 288 H.
1868 257 1903 285 A.
1917 258 2048 282 IU-nwdre

1810 288 1939 317 Brandgasse
1952 289 1987 319 28,

1781 320 1785 324 '
1817 316 1842 338 iu
1851 310 1985 344 Ettäßdutg.

1759 364 1833 391 Briefe
1846 370 1869 388 u.
1885 364 1940 388 Geld
1956 364 2046 392 Frank-*

1545 434 1610 476 dm
1635 435 1674 475 9.
1693 433 1889 476 November
1917 434 2043 476 1821.

459 634 721 674 Schweiz.

168 720 229 750 Aus
249 721 329 750 einem
348 722 488 752 Leitartikel
506 724 549 751 der
569 723 703 759 „Revue",
725 723 825 759 welcher
843 730 894 751 nur
913 722 974 759 zwei
991 723 1048 755 Par

117 763 178 792 teien
198 762 224 791 in
246 764 320 797 Genf
336 764 439 798 erblickt,
473 765 619 800 entnehmen
649 766 697 794 wir
725 766 762 794 die
790 764 915 802 Angabe,
946 764 993 799 daß
1022 765 1060 793 ein

117 805 218 838 Aufruf
242 814 276 834 an
295 807 333 837 die
359 807 583 843 katholischen
604 808 715 843 Wähler
741 817 770 844 zu
791 808 855 838 einer
875 807 1060 843 besondern

118 847 394 885 Wahlversammlung
414 850 497 879 keinen
517 850 610 885 Erfolg
630 851 707 884 hatte.

169 889 245 924 Diese
262 891 398 926 Nachricht
417 893 461 926 hat
479 896 532 921 unS
550 893 599 920 mit
617 893 777 928 Vergnügen
797 892 896 927 erfüllt.
941 892 1000 922 Alle
1023 894 1059 926 of¬

118 933 188 967 fenen
207 932 351 968 politischen
371 934 502 970 Parteien,
536 936 567 963 ob
585 935 653 972 zwei,
682 935 714 963 ob
734 935 801 969 drei,
830 936 863 964 ob
888 934 949 970 noch
978 935 1057 968 mehr,

117 974 196 1008 haben
217 975 268 1007 ihre
287 976 472 1013 Berechtigung
493 977 519 1005 in
538 977 603 1006 einer
616 977 753 1010 Republik,
774 979 812 1006 die
831 977 969 1012 wesentlich
990 977 1060 1011 selbst

116 1017 196 1051 nichts
217 1019 308 1047 anders
328 1018 358 1053 ist
376 1019 418 1047 als
437 1019 474 1047 die
495 1020 552 1053 freie
570 1020 724 1055 Diskussion
754 1020 815 1050 über
843 1019 878 1048 die
899 1019 1057 1055 öffentlichen

115 1060 201 1095 Dinge
220 1061 278 1089 oder
297 1063 344 1089 das
363 1061 436 1096 Reich
456 1064 497 1090 der
516 1062 675 1098 öffentlichen
689 1062 830 1098 Meinung.
860 1063 936 1098 Nicht
954 1063 995 1090 der
1014 1067 1059 1095 po¬

114 1101 207 1137 litische
225 1103 325 1139 Kampf
342 1111 382 1131 an
410 1105 475 1132 und
495 1104 551 1137 für
570 1105 629 1139 sich
650 1105 678 1139 ist
697 1105 845 1140 gefährlich,
873 1106 938 1134 denn
956 1108 987 1132 da
1006 1106 1059 1132 der¬

114 1144 176 1179 selbe
195 1144 239 1178 sich
259 1153 310 1177 nur
336 1146 398 1174 über
418 1146 554 1182 öffentliche
573 1147 663 1182 Dinge
682 1148 773 1182 ergeht,
796 1148 820 1180 so
839 1147 915 1183 findet
934 1154 959 1176 er
972 1146 1059 1181 früher

116 1188 173 1216 oder
192 1186 274 1222 später
296 1189 356 1219 seine
371 1189 530 1225 Erledigung
551 1189 578 1217 in
597 1191 651 1222 depi
670 1189 848 1225 gemeinsamen
861 1189 990 1224 Interesse,
1011 1192 1058 1216 daS

115 1228 152 1257 die
171 1237 248 1266 ganze
268 1231 431 1265 Gesellschaft
447 1230 657 1268 zusammenhält.
689 1231 741 1260 Die
760 1231 859 1264 Gefahr
878 1231 933 1260 kam
952 1235 1005 1260 von
1022 1231 1058 1266 je¬

113 1271 155 1306 her
176 1275 228 1300 und
248 1271 341 1300 kommt
359 1273 410 1309 jetzt
430 1274 490 1308 noch
512 1277 565 1302 von
583 1274 631 1301 den
648 1273 827 1309 fremdartigen
841 1273 999 1306 Elementen,
1020 1274 1058 1301 die

115 1314 140 1341 in
159 1314 197 1341 die
216 1314 316 1345 Politik
334 1315 604 1352 hineingeschmuggelt
623 1317 720 1344 werden
750 1318 800 1343 und
829 1315 870 1344 als
899 1315 939 1343 ein
963 1314 1056 1350 solches

114 1356 231 1385 Element
251 1357 391 1393 bezeichnen
414 1359 461 1386 wir
493 1362 541 1386 vor
560 1358 630 1386 allen
649 1359 695 1386 den
714 1357 856 1393 kirchlichen
876 1358 1058 1386 Ultramonta-

113 1400 227 1432 niSmuS,
246 1401 288 1428 der
309 1401 336 1429 in
356 1400 432 1434 seiner
451 1399 503 1430 Art
521 1400 558 1429 die
577 1409 642 1437 ganz
662 1400 751 1435 gleiche
771 1400 850 1429 Rolle
867 1398 949 1434 spielt,
971 1399 1057 1435 welche

114 1444 174 1477 auch
195 1445 236 1471 der
257 1442 443 1479 Sozialismus
464 1443 554 1479 spielen
575 1442 679 1478 möchte.
713 1442 791 1472 Einer
820 1442 868 1470 wie
897 1444 940 1470 der
967 1444 1057 1470 andere

111 1484 167 1513 will
192 1485 230 1514 die
257 1484 462 1522 eigentümliche
488 1484 665 1520 Entwicklung
694 1486 736 1513 der
760 1484 965 1520 Völkerschaften
990 1484 1057 1519 nicht

109 1534 162 1557 nur
180 1526 264 1560 leiten,
300 1528 406 1558 sondern
424 1527 516 1563 fesseln.
559 1527 625 1557 Eine
643 1528 718 1562 Zeit,
752 1527 798 1556 wie
816 1528 853 1555 die
871 1526 986 1562 unsrige,
1018 1527 1056 1554 die

107 1576 162 1599 nur
179 1569 227 1601 auf
241 1568 443 1608 Oeffentlichkeit
461 1570 564 1604 beruht,
593 1569 631 1597 die
649 1570 712 1606 nach
731 1570 810 1598 einem
829 1568 978 1598 nationalen
998 1567 1055 1597 Va¬

108 1610 218 1644 terland,
240 1613 301 1646 nach
322 1612 386 1641 einer
405 1611 559 1642 Jedermann
579 1611 741 1648 ersichtlichen
756 1611 865 1645 Freiheit
885 1610 967 1645 strebt,
989 1610 1054 1638 kann

109 1653 141 1681 in.
158 1653 230 1686 ihren
246 1652 360 1686 Zwecken
373 1655 446 1688 durch
467 1655 547 1690 nichts
562 1654 632 1688 mehr
646 1653 768 1689 gehemmt
781 1656 832 1682 und
845 1651 1054 1688 zurückgeworfen

109 1698 216 1729 werden,
238 1696 279 1722 als
293 1696 367 1732 durch
380 1696 433 1725 eine
444 1695 594 1731 Herrschaft,
610 1696 652 1732 hie
663 1696 711 1726 auf
720 1695 825 1731 Zwang
836 1697 888 1723 und
900 1695 1053 1731 Geheimniß

109 1737 210 1772 beruht.
249 1737 305 1765 Der
325 1738 532 1773 Ultramontane,
554 1739 601 1767 wie
620 1741 661 1766 der
682 1738 810 1773 Sozialist
830 1737 911 1771 haben
931 1737 983 1766 kein
998 1737 1054 1765 Va¬

110 1780 218 1812 terland,
239 1779 315 1813 jedem
336 1779 393 1815 geht
412 1781 461 1815 sein
481 1781 584 1817 System
605 1780 729 1814 darüber;
760 1780 790 1815 sie
808 1779 890 1815 haben
915 1780 981 1814 nicht
1001 1779 1054 1808 ein¬

110 1822 162 1851 mal
182 1822 233 1850 eine
254 1822 379 1856 Familie;
410 1822 441 1855 sie
460 1823 545 1858 folgen
571 1822 637 1851 beide
656 1821 796 1858 unbedingt
825 1822 889 1856 ihrer
909 1821 1054 1858 Hierarchie

112 1867 160 1894 und
182 1866 270 1899 opfern
288 1865 323 1893 die
338 1865 506 1901 Wirklichkeit
525 1866 598 1900 ihren
617 1865 796 1902 kategorischen
809 1864 951 1900 Begriffen.
978 1865 1053 1897 Jeder

109 1907 226 1941 Patriot,
249 1909 290 1936 der
310 1907 350 1935 ein
370 1907 507 1942 wirkliches
528 1908 671 1937 Vaterland
691 1907 760 1942 liebt,
789 1908 831 1936 der
849 1907 897 1941 auf
915 1907 965 1935 eine
984 1907 1053 1935 Ver¬

110 1949 241 1987 besserung
260 1949 346 1979 reeller
366 1949 533 1986 Bedürfnisse,
556 1951 603 1983 auf
621 1950 673 1979 eine
689 1949 864 1984 Entwicklung
885 1948 1053 1985 menschlicher

111 1991 237 2026 Zustände
266 1992 383 2028 ausgeht,
414 1992 479 2021 kann
507 1991 550 2027 sich
578 1992 655 2027 daher
685 2000 738 2021 nur
763 1991 858 2026 freuen,
889 1997 963 2020 wenn
994 1991 1053 2026 diese

109 2032 377 2070 Zwangsrichtungen
396 2033 466 2068 mehr
484 2039 535 2062 und
554 2034 625 2067 mehr
642 2034 722 2069 außer
741 2034 780 2062 die
799 2033 897 2067 Politik
916 2033 1052 2069 hinauSge-

108 2074 213 2111 schyben
238 2079 345 2106 werden.
394 2076 461 2112 Lasse
479 2084 539 2104 man
561 2076 598 2104 die
617 2075 716 2104 Beiden
735 2075 779 2111 sich
810 2084 853 2104 um
872 2079 918 2104 den
936 2075 1053 2109 Himmel

107 2117 224 2152 streiten,
251 2119 311 2148 aber
327 2118 365 2148 die
384 2118 456 2149 Welt
474 2117 564 2154 gehört
582 2118 661 2146 weder
685 2118 732 2146 den
750 2117 905 2151 Fanatikern
923 2119 986 2155 noch
1005 2119 1051 2147 den

110 2158 278 2196 Phantasten.

162 2238 198 2283 ^
215 2243 348 2283 Zürich.
382 2243 613 2279 Winterthur,
638 2245 666 2273 7.
689 2244 761 2273 Nov.
796 2242 878 2276 Heute
903 2244 989 2272 rvurde
1014 2242 1051 2272 die

105 2293 168 2318 neue
187 2286 282 2316 Brücke
299 2296 330 2324 zu
348 2287 408 2321 Töß
425 2286 501 2325 durch
520 2289 568 2316 den
585 2286 708 2316 Direktor
725 2286 766 2314 der
786 2284 1051 2320 öffentlichen,Arbei¬

105 2331 156 2362 ten,
178 2328 247 2362 Hrp.
269 2329 335 2359 RR.
356 2330 437 2366 Benz,
458 2332 511 2358 und
529 2330 576 2358 den
596 2326 848 2364 Straßeninspektor,
865 2327 935 2360 Hrn.
956 2327 1050 2361 Oberst

104 2369 260 2406 Pestalozzi,
289 2370 324 2405 iyr
342 2371 444 2406 Beisein
467 2373 535 2400 einer
554 2370 720 2405 Abordnung
738 2371 780 2398 deö
801 2368 969 2401 StadtratheS
995 2372 1048 2397 von

104 2411 278 2446 Winterthur,
301 2415 355 2443 und
371 2415 415 2442 deS
435 2413 661 2447 GemeinderatheS
680 2412 710 2449 zu
729 2412 806 2447 Töß,
828 2411 902 2446 sowie
921 2410 989 2439 einer
1008 2410 1048 2438 be¬

104 2456 241 2487 deutenden
255 2452 355 2489 Anzahl
364 2455 406 2483 der
418 2455 575 2489 Einwohner
588 2458 631 2484 der
642 2455 797 2491 Umgegend,
817 2456 870 2483 dem
890 2451 1047 2489 öffentlichen

105 2495 220 2529 Verkehr
239 2494 389 2531 übergeben.
395 2523 397 2527 .
414 2523 417 2530 .
425 2496 485 2529 Dje.
496 2496 672 2533 Einweihung
691 2504 747 2525 war
765 2495 820 2526 eine
838 2493 952 2531 einfache,
981 2494 1048 2529 Herz

102 2541 157 2568 und
179 2537 302 2573 Gemüth,
313 2536 518 2573 ansprechende;.
532 2541 598 2570 denn
616 2542 664 2568 daS
682 2538 801 2576 herrliche
820 2538 904 2573 Werk,
932 2539 979 2566 das
999 2545 1048 2570 un-

101 2577 166 2616 sejrm
177 2603 182 2607 .
195 2576 304 2614 Lqnton
335 2585 379 2614 zur
397 2578 501 2614 Zierde,
531 2581 578 2609 den
596 2581 733 2611 Erbauern
769 2588 816 2618 zur
834 2580 903 2613 Ehre
931 2579 1047 2617 gereicht,

100 2623 192 2662 spricht
219 2622 248 2661 ty
275 2620 366 2656 seinem
392 2619 620 2658 kühngesprengten
639 2622 735 2662 Bogen
765 2624 819 2652 und
845 2622 923 2659 dessen
952 2621 1054 2657 soliden.

100 2664 307 2698 Fundamenten,
326 2662 367 2691 die
385 2664 433 2690 den
451 2661 576 2696 wildesten
595 2662 710 2699 Fluthen
726 2664 800 2700 Trotz
819 2653 920 2707 bieten^,
940 2663 984 2698 für
994 2662 1048 2704 .sich

99 2705 176 2741 selbst
193 2706 244 2735 und
263 2704 326 2740 seine
344 2703 461 2740 Meister.
508 2703 570 2733 Wir
587 2704 720 2745 wünschen
738 2705 903 2742 namentlich,
932 2705 983 2741 daß
1009 2705 1049 2735 die

100 2745 299 2783 eindringlichm
319 2745 412 2776 Worte
435 2746 486 2785 detz
498 2745 568 2780 Hrn.
588 2744 656 2775 RR.
678 2746 766 2787 Benz,
795 2747 936 2789 öffentliche
959 2747 1047 2778 Werke

99 2788 179 2825 durch
199 2787 370 2824 muthwillige
388 2786 555 2828 Schädigung
575 2788 642 2824 nicht
659 2795 690 2823 zu
709 2789 836 2826 verletzen,
854 2791 938 2829 durch,
955 2790 1046 2824 unfern

1099 599 1193 628 ganzen
1212 592 1323 620 Kanton
1342 590 1385 626 für
1404 591 1539 626 Straßen,
1561 591 1650 626 Wege,
1671 590 1792 627 Brücken,
1811 593 1929 628 Bauten,
1949 593 2048 629 Pflan¬

1098 641 1196 670 zungen
1215 641 1243 663 u.
1264 633 1283 668 s.
1303 641 1338 662 w.
1358 633 1422 669 nicht
1441 634 1467 666 so
1485 633 1559 669 leicht
1578 633 1722 669 verklingen
1741 635 1872 672 möchten;
1899 639 1976 669 denn,
1997 635 2048 665 wie

1099 684 1122 704 er
1140 675 1228 711 richtig
1249 676 1376 711 bemerkte,
1397 675 1498 712 spiegelt
1515 675 1560 710 sich
1580 678 1620 704 der
1640 675 1782 713 öffentliche
1795 677 1867 711 Geist
1884 680 1927 706 deS
1945 678 2046 707 Volkes

1098 717 1158 752 auch
1177 718 1249 746 darin
1270 717 1399 753 ehrenhaft
1419 718 1461 752 ab,
1491 717 1540 751 daß
1559 720 1587 746 eS
1614 717 1677 751 seine
1700 718 1885 755 gemeinsamen
1906 720 1995 749 Werke
2012 728 2046 757 zu

1097 759 1200 796 schätzen
1220 763 1273 788 und
1293 768 1324 796 zu
1343 760 1449 795 schützen
1470 759 1544 794 weiß.

1151 802 1253 831 Bern.
1291 802 1339 833 Im
1357 801 1495 831 Oberland
1524 802 1553 836 ist
1578 802 1625 836 auf
1653 805 1696 831 den
1726 803 1874 839 wiederholt
1905 804 2045 839 gefallenen

1098 843 1195 879 Schnee
1213 844 1250 873 die
1267 844 1344 873 Kälte
1371 846 1396 878 so
1421 844 1517 880 streng,
1542 844 1588 873 wie
1611 852 1673 874 man
1701 845 1732 878 sie
1752 845 1876 882 Anfangs
1896 846 2045 875 November

1097 887 1159 920 noch
1179 885 1255 920 selten
1282 885 1381 915 erlebte.
1419 887 1467 918 Im
1488 885 1583 915 Bödeli
1609 887 1672 923 liegt
1696 889 1738 916 der
1756 889 1856 926 Schnee
1881 887 1943 917 über
1970 889 2045 919 einen

1097 928 1154 963 Fuß
1175 928 1220 962 tief
1236 929 1288 957 und
1308 927 1371 958 viele
1390 928 1493 957 Bäume
1511 929 1564 963 sind
1583 929 1726 965 gebrochen.

1151 970 1420 1000 Graubündten.
1460 971 1501 1003 In
1520 971 1618 1005 Tarasp
1640 971 1685 1006 hat
1712 981 1771 1001 man
1800 981 1856 1002 nun
1884 974 1945 1010 auch
1970 974 2043 1003 einen

1096 1013 1202 1050 ziemlich
1222 1013 1316 1047 starken
1337 1013 1484 1048 Säuerling
1504 1014 1643 1049 gefunden,
1668 1018 1710 1043 der
1738 1015 1764 1043 in
1784 1015 1870 1050 diesem
1889 1016 2046 1052 Augenblick

1095 1062 1136 1084 der
1153 1055 1297 1090 chemischen
1310 1055 1501 1091 Untersuchung
1521 1056 1669 1091 unterliegt.
1697 1057 1767 1085 Man
1781 1057 1810 1093 ist
1824 1059 1960 1093 gesonnen,
1982 1059 2043 1095 auch

1094 1098 1154 1131 diese
1172 1097 1275 1127 Quelle
1294 1097 1353 1132 noch
1373 1097 1509 1134 sorgfältig
1538 1107 1568 1134 zu
1596 1099 1682 1135 fassen.
1720 1099 1808 1135 Außer
1836 1104 1877 1128 der
1906 1100 2043 1129 bekannten

1096 1139 1247 1176 Salzquelle
1266 1140 1310 1174 hat
1329 1140 1425 1174 Tarasp
1445 1142 1505 1174 auch
1527 1142 1590 1177 noch
1610 1141 1663 1169 eine
1681 1142 1905 1178 Schwefelquelle.
2001 1156 2021 1181 j

1151 1182 1176 1215 <?
1212 1182 1307 1218 Aarg
1320 1191 1373 1211 au.
1413 1183 1451 1210 Es
1466 1183 1495 1219 ist
1506 1184 1546 1211 ein
1561 1183 1710 1218 Ausspruch
1730 1184 2060 1221 MontalambertS,.

1094 1227 1137 1254 deS
1158 1225 1295 1253 bekannten
1314 1225 1591 1259 Jesuiten-FreundeS:
1623 1226 1698 1257 »Die
1721 1227 1867 1264 katholische
1890 1228 2043 1263 Konfession

1095 1269 1152 1303 geht
1170 1268 1249 1301 Hand
1269 1268 1297 1296 in
1316 1269 1391 1300 Hand
1410 1268 1459 1296 mit
1476 1269 1516 1297 der
1535 1264 1704 1304 Zivllisation
1722 1271 1775 1298 und
1793 1270 1824 1305 sie
1844 1270 1874 1303 ist
1885 1273 1927 1306 es,
1948 1271 1987 1299 die
1999 1279 2042 1299 am

1093 1310 1191 1344 meisten
1210 1313 1265 1338 dem
1284 1310 1433 1347 Fortschritt
1452 1310 1556 1346 huldigt
1574 1316 1627 1339 und
1646 1312 1774 1345 denselben
1788 1313 1934 1344 befördert.«
1969 1313 2044 1341 Dar¬

1094 1352 1155 1381 über
1174 1353 1228 1388 gibt
1245 1361 1301 1381 nun
1327 1355 1374 1381 daS
1394 1355 1591 1389 „Evenement
1616 1354 1654 1381 du
1673 1355 1794 1391 Peuple«
1826 1356 1941 1391 folgende
1960 1356 2043 1389 That-

1094 1396 1175 1430 jache,
1195 1396 1233 1423 die
1252 1395 1293 1423 als
1314 1396 1484 1424 Kommentar
1503 1396 1585 1431 gelten
1603 1397 1687 1425 kann:

1147 1437 1196 1465 Ein
1215 1437 1306 1472 junger
1326 1437 1446 1470 Jsraelite
1466 1445 1521 1465 war
1539 1439 1587 1466 mit
1604 1439 1673 1467 einer
1690 1439 1840 1475 Katholikin
1861 1441 2038 1477 versprochen.

1093 1479 1148 1508 Dir
1163 1479 1317 1516 bürgerliche
1335 1479 1465 1516 Trauung
1484 1480 1628 1515 befriedigte
1651 1480 1690 1509 die
1707 1481 1817 1514 fromme
1835 1482 1949 1518 Christin
1974 1485 2044 1515 nicht

1092 1523 1145 1549 und
1165 1521 1195 1555 sie
1216 1522 1348 1556 verlangte
1368 1521 1427 1555 nach
1446 1523 1501 1550 dem
1520 1522 1662 1558 kirchlichen
1681 1524 1786 1560 Segen,
1805 1525 1849 1553 der
1868 1525 1939 1560 ihren
1959 1534 2040 1555 neuen

1093 1564 1179 1591 Stand
1199 1564 1294 1595 weihen
1314 1564 1395 1598 sollte.
1423 1565 1479 1593 Der
1491 1564 1654 1601 Bräutigam
1672 1569 1771 1595 wandte
1789 1566 1836 1603 sich
1856 1576 1889 1595 an
1910 1568 1983 1596 einen
1998 1567 2043 1596 ka¬

1092 1605 1223 1640 tholischen
1243 1605 1369 1640 Pfarrer,
1389 1608 1431 1635 der
1451 1606 1577 1642 natürlich
1595 1606 1665 1640 jeden
1684 1608 1772 1644 Segen
1800 1610 1960 1645 verweigerte
1985 1613 2041 1638 und

1091 1650 1150 1680 nach
1171 1647 1247 1682 seiner
1275 1656 1370 1684 ganzen
1392 1646 1521 1684 Stellung
1547 1650 1702 1685 verweigern
1721 1652 1816 1684 mußte.
1865 1651 1937 1680 Vom
1957 1652 2042 1687 Pfar¬

1090 1697 1129 1719 rer
1157 1691 1219 1726 ging
1247 1691 1295 1718 das
1327 1691 1419 1727 gleiche
1438 1690 1536 1727 Gesuch
1570 1699 1604 1720 an
1633 1693 1680 1720 den
1700 1693 1846 1729 Erzbischof
1872 1698 1925 1723 von
1955 1695 2042 1725 Paris

1090 1735 1141 1760 und
1161 1736 1213 1761 von
1233 1732 1287 1765 ihm
1307 1733 1424 1768 gelangte
1444 1736 1471 1761 eS
1490 1741 1524 1761 an
1543 1736 1588 1761 den
1607 1734 1699 1769 Papst.
1739 1735 1859 1764 Ueberall
1885 1739 1927 1765 der
1949 1737 2040 1771 gleiche

1090 1773 1218 1809 Entscheid
1240 1790 1276 1795 —
1300 1774 1353 1803 eine
1379 1775 1536 1814 abschlägige
1562 1776 1698 1806 Antwort.
1737 1778 1798 1806 DaS
1822 1778 1902 1813 junge
1920 1778 2041 1813 Ehepaar

1090 1816 1193 1846 erklärte
1212 1816 1275 1853 sich,
1296 1816 1344 1852 daß
1365 1816 1418 1851 ihm
1438 1818 1526 1852 Segen
1547 1817 1637 1853 Segen
1663 1818 1711 1854 sei,
1738 1819 1869 1855 gleichviel
1892 1820 1986 1849 komme
2012 1828 2041 1849 er

1089 1861 1139 1887 aus
1164 1859 1231 1888 einer
1257 1858 1420 1897 katholischen
1440 1860 1530 1895 Kirche
1560 1863 1620 1888 oder
1647 1865 1695 1889 aus
1725 1862 1791 1890 einer
1810 1863 1956 1899 Synagoge
1983 1864 2040 1891 und

1090 1903 1190 1930 wandte
1210 1901 1255 1939 sich
1277 1901 1325 1929 mit
1342 1902 1396 1930 dem
1418 1902 1530 1937 Gesuche
1550 1910 1584 1931 an
1602 1905 1648 1931 den
1662 1903 1866 1938 Groß^bbiner.
1894 1905 1962 1934 Aber
1975 1907 2039 1941 auch

1089 1943 1178 1972 wieder
1197 1946 1238 1971 der
1259 1943 1349 1979 gleiche
1369 1944 1497 1979 Entscheid
1517 1960 1551 1964 —
1571 1944 1624 1973 eine
1643 1945 1799 1982 abschlägige
1819 1946 1954 1975 Antwort.
1985 1946 2039 1976 Ein

1089 1986 1171 2021 Papst
1198 1986 1241 2015 deS
1270 1985 1350 2014 XIX.
1372 1985 1584 2021 Jahrhunderts,
1615 1989 1658 2015 der
1685 1987 1732 2023 sich
1760 1987 1921 2025 Statthalter
1941 1988 2040 2023 Christi

1089 2030 1181 2063 nennt,
1201 2029 1242 2058 der
1262 2030 1315 2057 uns
1335 2028 1406 2057 einen
1428 2028 1495 2057 Gott
1512 2030 1554 2057 der
1572 2026 1642 2058 Liebe
1659 2032 1710 2058 und
1720 2030 1807 2060 Vater
1826 2031 1889 2060 aller
1902 2031 2037 2068 Menschen

1088 2069 1258 2106 geoffenbarct
1275 2073 1327 2099 und
1346 2070 1386 2100 ein
1406 2069 1519 2106 Priester
1533 2071 1685 2107 JehovahS,
1705 2072 1788 2110 stehen
1805 2072 1838 2108 sie
1857 2073 1922 2109 nicht
1935 2073 1983 2109 auf
1993 2076 2035 2102 der

1088 2112 1192 2148 gleichen
1215 2112 1318 2147 Stufe?
1352 2113 1412 2141 DaS
1437 2112 1515 2148 junge
1542 2113 1662 2148 Ehepaar
1686 2111 1773 2143 würde
1798 2114 1877 2147 feinet
1895 2114 2038 2150 Verlegen¬

1088 2155 1139 2189 heit
1163 2156 1271 2190 dadurch
1297 2158 1431 2192 entzogen,
1462 2156 1511 2188 daß
1538 2155 1582 2190 fich
1604 2155 1647 2184 ein
1665 2156 1850 2190 Befreundeter
1868 2157 1909 2190 für
1926 2156 1958 2192 sie
1987 2157 2038 2186 mit

1086 2201 1141 2227 dem
1160 2196 1266 2233 gleichen
1285 2197 1392 2232 Gesuche
1411 2205 1444 2226 an
1462 2199 1509 2225 den
1531 2196 1683 2234 berühmten
1707 2198 1923 2235 protestantischen
1942 2199 2037 2231 Predi¬

1087 2239 1129 2276 ger
1149 2239 1319 2276 Coquerel
1337 2241 1453 2273 wandte,
1473 2240 1525 2274 der,
1546 2239 1593 2272 frei
1611 2245 1665 2270 von
1689 2240 1843 2277 kleinlichten
1864 2240 2036 2277 Rücksichten;

1086 2282 1123 2311 die
1141 2280 1242 2316 schönen
1263 2280 1512 2316 bedeutungsvollen
1533 2281 1626 2311 Worte
1645 2283 1743 2316 sprach:
1775 2281 1857 2319 „Laßt
1879 2283 1919 2312 die
1935 2282 2038 2319 jungen

1085 2323 1158 2353 Leute
1174 2330 1207 2359 zu
1224 2322 1275 2351 mir
1292 2322 1428 2352 kommen!
1460 2322 1538 2352 Mein
1560 2324 1629 2353 Gott
1646 2323 1675 2358 ist
1692 2323 1754 2360 reich
1774 2331 1808 2352 an
1827 2324 1901 2353 Liebe
1926 2327 1980 2353 und
2008 2333 2036 2354 er

1086 2365 1130 2398 hat
1147 2364 1210 2401 mich
1229 2364 1394 2401 beauftragt,
1417 2365 1467 2394 alle
1486 2365 1623 2403 Menschen
1641 2372 1671 2401 zu
1689 2364 1779 2401 segnen
1791 2367 2042 2402 und.insbesondere,

1082 2406 1135 2442 die,
1153 2407 1191 2435 die
1210 2407 1254 2440 für
1273 2406 1358 2440 seinen
1377 2407 1468 2443 Segen
1488 2407 1597 2442 flehen."

1137 2445 1252 2485 Welcher
1277 2452 1331 2479 von
1356 2449 1439 2483 diesen
1461 2449 1557 2477 Dreien
1581 2448 1651 2481 stand
1677 2449 1735 2477 dem
1760 2449 1846 2486 Geiste
1865 2450 1960 2486 Christi
1990 2459 2037 2480 am

1084 2490 1215 2526 nächsten?
1234 2506 1270 2512 —
1297 2490 1418 2527 Christus
1437 2493 1533 2519 nannte
1550 2489 1594 2527 sich
1614 2497 1672 2522 am.
1678 2490 1782 2527 liebsten
1803 2492 2032 2530 »Mensch-nsohn«

1085 2535 1137 2562 und
1159 2543 1181 2563 er
1200 2540 1257 2562 war
1283 2533 1326 2563 der
1344 2532 1424 2567 Sohn
1452 2536 1494 2560 des
1515 2530 1630 2567 Vater-,
1659 2533 1703 2561 der
1734 2533 1786 2563 alle
1803 2534 1906 2571 Mensch
1910 2542 1948 2564 err
1970 2535 2041 2570 seine.

1083 2576 1179 2605 Kinder
1199 2580 1285 2604 nennt.

1122 2618 1171 2652 7—
1209 2616 1265 2647 An'
1272 2616 1311 2645 die
1335 2614 1470 2650 erledigten
1489 2614 1823 2653 Regietungörath-stellen
1848 2618 1894 2652 hat
1915 2619 1958 2648 der
1978 2619 2033 2648 Gr.

1081 2659 1160 2695 Rath
1178 2659 1217 2688 die
1230 2658 1298 2693 HH.
1318 2656 1455 2694 Fürsprech
1476 2656 1647 2688 Blattner
1671 2662 1723 2688 und
1742 2660 1950 2689 Stadtammann
1970 2662 2034 2694 Ha¬

1084 2709 1193 2731 nauer
1212 2703 1344 2732 ernannt...
1371 2696 1426 2733 Für
1453 2704 1501 2728 den
1521 2700 1549 2728 in
1569 2703 1611 2730 der
1629 2697 1745 2739 Sitzung-
1763 2706 1825 2732 vom
1842 2705 1870 2731 7.
1897 2703 2035 2736 ablehnen¬

1081 2747 1126 2771 den
1144 2743 1211 2775 Hrn.
1226 2741 1364 2777 Fürsprech
1381 2743 1409 2771 S
1420 2745 1494 2771 uter
1512 2745 1600 2773 wurde
1611 2743 1662 2777 Hr.
1677 2742 1810 2784 Fürftrrech
1828 2745 1960 2782 Hauser
1979 2749 2048 2779 von,

1078 2782 1193 2824 Zürzach
1212 2783 1256 2814 inS
1274 2774 1443 2821 Öbergericht
1462 2782 1585 2822 gewählt.
1591 2781 1597 2817 ;
1748 2794 1759 2813 ?
