2182 2953
147 72 383 97 Vorausbezahlung;

122 105 164 131 Für
182 106 201 124 O
224 102 310 124 Monate
329 102 399 128 franko

119 136 178 162 durch
193 135 225 157 die
239 138 299 161 ganze
309 133 401 161 Schweiz

208 165 267 192 Frkn.
283 167 309 186 8.

149 201 180 227 Ja
189 199 222 221 der
229 196 296 220 Stadt
304 196 375 223 Zürich

210 231 226 258 F
228 231 270 253 rkn.
284 230 306 250 8
308 246 313 252 .

135 270 390 302 Einrückungsgebühr:

168 313 211 336 Der
225 312 295 334 Raum
307 311 364 334 einer

124 344 228 374 Petitzeile
248 345 285 364 «L
307 342 403 370 Rappen.

125 378 195 405 Briefe
209 377 248 399 und
260 375 314 399 Geld
325 376 403 404 franko.

107 442 322 501 Freitag

817 368 1115 417 Mfllnddreißigjter
1143 363 1317 416 Jahrgang.

700 498 781 529 Druck
800 498 851 528 und
869 498 965 534 Verlag
984 503 1033 526 von
1051 497 1139 532 Orell,
1161 496 1240 532 Füßli
1258 496 1311 526 und
1332 496 1424 532 Comp.

1789 67 1955 93 Desteuunge«

1729 99 1766 125 für
1787 100 1819 122 die
1838 100 1954 128 Schweiz
1973 100 2015 123 und

1731 130 1868 159 Deutschland
1877 137 1903 155 rc.
1919 131 2015 160 besorgen

1730 164 1771 188 alle
1779 164 1898 193 Postämter
1910 165 1969 191 durch
1984 165 2016 188 die

1730 197 1847 229 Leitungs
1858 212 1872 218 -
1882 198 2016 229 Expedition

1730 235 1774 258 der
1782 234 1843 262 Post
1852 234 1875 257 in
1884 234 1971 262 Zürich;
1981 234 2017 262 für

1731 266 1838 295 England.
1852 266 1967 293 Frankreich
1975 267 2017 289 und

1730 299 1762 322 die
1776 299 1922 327 überseeischen
1940 299 2017 323 Länder

1763 334 1796 359 G.
1808 334 1844 359 A.
1856 334 1986 360 Alerandre

1787 370 1811 393 in
1822 369 1956 400 Straßburg.

1471 432 1643 511 AIW
1670 445 1730 487 17.
1750 443 1884 496 August
1911 442 2042 488 18SS.

439 660 700 698 Schweiz.

157 775 358 809 Liebessteuer
377 775 423 807 für
437 775 562 804 Wallis.
602 775 652 805 Die
662 775 753 811 gestern
765 774 886 807 erwähnte
897 773 1052 809 Empfangs¬

106 819 199 854 anzeige
213 817 290 845 lautet
302 821 350 845 aus
363 818 415 846 dem
428 817 607 854 Französischen
621 817 732 854 übersetzt
746 816 868 851 wörtlich:

602 860 704 895 Sitten,
725 861 771 888 den
793 859 836 888 13.
851 859 950 894 August
971 857 1048 886 1855.

159 905 197 933 An
215 903 252 931 die
267 901 403 932 Redaktion
421 903 462 931 der
475 904 560 932 Neuen
574 903 813 938 Zürcher-Zeitung.
847 902 932 931 Meine
944 900 1048 937 Herren!

106 950 151 982 Im
170 948 262 977 Namen
287 947 327 975 der
344 946 424 981 Opfer
449 947 492 976 der
515 946 669 982 schrecklichen
698 947 875 982 Katastrophe,
904 946 986 979 welche
1014 945 1050 974 die

105 992 240 1025 Bewohner
259 995 306 1018 von
328 990 395 1024 Visp
414 991 465 1018 und
485 991 526 1018 der
544 990 684 1026 Umgegend
704 989 820 1024 betroffen
841 989 899 1022 hat,
930 988 1050 1023 versichere

105 1034 137 1066 ich
158 1034 205 1062 Sie
225 1034 268 1060 des
287 1032 476 1068 Dankgefühlö,
506 1034 553 1060 das
573 1037 623 1061 uns
643 1033 705 1066 Ihre
724 1031 936 1066 Bereitwilligkeit
951 1031 981 1059 en
1000 1031 1049 1060 Er¬

105 1076 207 1112 öffnung
227 1077 289 1104 einer
302 1075 557 1112 Unterstützungsliste
571 1074 695 1111 einflößte.
729 1076 795 1104 Dem
809 1073 917 1109 Unglück
930 1073 989 1101 wird
1006 1072 1052 1107 auf

103 1119 186 1153 diesem
205 1119 266 1154 Weg
292 1119 342 1147 eine
370 1119 443 1154 große
460 1118 603 1153 Linderung
632 1118 737 1153 (grand
762 1117 970 1151 soulageinent)
997 1122 1049 1143 ver¬

102 1162 191 1198 schafft.
229 1163 319 1195 Indem
332 1161 366 1196 ich
379 1162 463 1195 Ihnen
484 1163 526 1189 den
541 1160 667 1196 Empfang
687 1161 737 1196 der,
758 1161 800 1188 der
817 1159 957 1194 Regierung
978 1158 1048 1187 über¬

102 1206 208 1240 machten
226 1206 270 1240 Fr.
290 1205 344 1232 500
362 1207 411 1232 und
432 1206 472 1232 der
493 1205 536 1239 Fr.
560 1204 619 1235 100.
642 1204 716 1233 Gabe
734 1205 777 1231 des
792 1202 979 1232 GrütlivereinS
999 1207 1047 1229 von

103 1248 267 1282 Manchester,
292 1247 447 1283 bescheinige,
470 1246 558 1280 ersuche
578 1246 609 1279 ich
629 1246 696 1278 Sie,
719 1247 759 1274 der
778 1246 871 1281 letztcrn
891 1244 980 1280 uns.rn
998 1244 1047 1272 leb¬

101 1291 183 1326 haften
203 1291 277 1320 Dank
295 1289 483 1326 auszusprechen
509 1290 561 1318 und
580 1290 681 1325 zugleich
703 1289 739 1318 die
759 1288 932 1324 Versicherung
951 1286 1047 1323 unserer

102 1334 289 1363 vollkommenen
309 1333 478 1369 Hochachtung
497 1339 526 1368 zu
547 1331 715 1367 genehmigen.

333 1375 386 1411 Für
405 1376 451 1402 das
469 1375 515 1402 mit
534 1376 584 1402 dem
606 1373 730 1410 Empfang
750 1375 802 1401 und
822 1373 863 1400 der
883 1372 1045 1408 Verkeilung

415 1419 455 1446 der
475 1418 566 1447 Gaben
586 1417 736 1452 beauftragte
755 1415 964 1450 Zentralkomite:

377 1462 429 1490 Der
443 1460 589 1495 Präsident:
609 1459 824 1494 DeSepibuS,
842 1457 1007 1491 Staatsrath.

151 1504 238 1539 Unsere
253 1504 334 1534 Geber
353 1504 431 1539 haben
451 1503 502 1536 also
522 1506 566 1531 mit
582 1503 633 1531 dem
647 1502 730 1532 Dank,
753 1502 794 1529 der
808 1501 881 1536 ihnen
896 1508 956 1536 ganz
972 1499 1044 1527 allein

97 1547 192 1583 gehört,
214 1547 316 1583 zugleich
336 1548 383 1574 das
403 1545 569 1580 Bewußtsein,
597 1544 645 1579 daß
665 1544 715 1579 ihre
735 1544 826 1573 Gaben
845 1543 906 1577 nicht
927 1542 1045 1577 erfolglos

95 1590 158 1624 find,
179 1589 281 1623 sondern
302 1593 347 1617 kas
362 1588 468 1624 Unglück
488 1596 515 1623 zu
529 1587 663 1620 erleichtern
677 1586 816 1621 vermögen.
849 1587 909 1614 Das
924 1586 951 1620 ist
963 1585 1042 1618 Alles,

96 1636 151 1660 was
172 1634 212 1659 der
230 1631 443 1666 Menschenfreund
463 1630 576 1664 verlangt
594 1629 645 1656 und
665 1628 797 1663 verlangen
817 1628 890 1656 kann.

151 1674 234 1703 Gerne
253 1673 353 1707 erfüllen
373 1672 418 1700 wir
436 1672 494 1704 noch
513 1673 559 1700 den
578 1670 686 1706 Auftrag
707 1671 748 1698 des
770 1669 886 1705 Walliser
905 1669 1040 1702 Komits's,

93 1719 147 1744 dem
163 1715 333 1745 Grütliverein
354 1722 402 1743 von
421 1714 574 1748 Manchester
592 1721 620 1747 zu
640 1713 741 1740 danken.
780 1712 836 1741 Wir
856 1713 935 1745 haben
954 1711 1041 1739 bereits

93 1761 139 1788 den
168 1758 212 1787 11.
232 1758 328 1793 August
357 1756 401 1791 auf
427 1759 473 1784 das
495 1755 642 1791 Zartgefühl
673 1755 840 1791 hingewiesen,
872 1755 919 1782 das
948 1754 974 1782 in
1001 1755 1042 1781 der

94 1801 270 1836 Schnelligkeit
300 1801 367 1835 liegt,
397 1799 440 1827 mit
469 1800 563 1834 welcher
591 1799 628 1826 die
652 1798 788 1834 Schweizer
817 1804 865 1825 von
894 1796 1042 1831 Manchester

94 1846 134 1872 der
154 1843 277 1878 Aermsten
302 1842 366 1877 ihrer
382 1842 533 1870 Landsleute
562 1848 610 1869 von
633 1841 700 1874 Visp
721 1840 855 1875 gedachten.
896 1840 964 1874 Visp
992 1841 1042 1866 und

96 1887 241 1921 Manchester
268 1899 300 1904 —
330 1885 367 1913 die
393 1884 585 1919 Industriestadt
614 1884 664 1912 und
693 1885 740 1910 da-
767 1883 913 1917 Hirtenthal
942 1897 974 1902 —
1001 1882 1043 1908 wie

96 1929 200 1958 kommen
220 1929 257 1957 die
276 1927 430 1964 zusammen?
467 1927 517 1955 Die
537 1927 653 1955 Antwort
672 1925 717 1958 auf
733 1924 793 1959 diese
813 1926 894 1960 Frage
914 1924 976 1952 kann
996 1931 1045 1951 nur

94 1972 132 2003 ein
151 1972 287 2008 Schweizer
312 1970 389 2005 lösen.
428 1970 475 1998 Am
504 1969 582 2006 letzten
611 1968 675 2004 cidg.
696 1968 819 2003 Schießen
847 1967 874 1997 in
895 1967 1043 2001 Solothurn

94 2024 144 2044 war
164 2019 189 2044 e-
208 2016 253 2051 Hr.
276 2014 455 2047 Nationalrath
475 2012 553 2048 Trog,
584 2012 679 2044 welcher
706 2011 733 2039 in
757 2010 809 2046 sehr
832 2009 1044 2039 ausdrucksvoller

94 2058 170 2093 Weise
188 2059 234 2087 den
253 2056 424 2092 Zaubersaden
443 2055 570 2090 verfolgte,
603 2054 696 2085 welcher
717 2055 763 2081 das
782 2052 955 2089 schweizerische
975 2053 1044 2082 Aus¬

94 2103 151 2131 land
172 2103 215 2130 mit
234 2103 286 2129 dem
300 2099 477 2133 Gabentempel
496 2096 634 2132 verknüpft.
676 2096 714 2126 ES
734 2097 762 2132 ist
785 2097 825 2124 der
846 2096 931 2132 gleiche
945 2096 1038 2131 Faden,

95 2146 133 2174 der
151 2145 208 2177 auch
228 2143 376 2178 Manchester
396 2143 446 2170 und
467 2141 534 2174 Visp
555 2140 693 2173 verbindet,
717 2140 756 2167 der
777 2140 860 2175 gleiche
881 2140 981 2174 Faden,
1003 2139 1043 2166 der

96 2189 136 2217 den
156 2196 238 2217 armen
267 2187 436 2215 verwundeten
456 2184 585 2213 Soldaten
614 2184 654 2210 der
683 2181 851 2217 afrikanischen
870 2182 964 2218 Legion
993 2183 1042 2209 und

96 2232 137 2259 den
155 2231 278 2266 rusfischen
299 2226 637 2265 Feldmarschalllieutenant,
657 2226 705 2253 den
725 2224 884 2260 Goldgräber
904 2231 953 2253 von
971 2224 1043 2252 Kali¬

95 2273 185 2308 fornien
207 2275 258 2302 und
277 2275 321 2301 den
342 2270 516 2307 Goldhändler
544 2269 571 2298 in
590 2268 693 2297 London
723 2275 755 2295 an
784 2268 821 2295 die
847 2267 942 2303 grünen
960 2268 1041 2302 Berge

95 2319 142 2344 und
161 2318 197 2346 die
216 2316 332 2352 silbernen
345 2314 428 2350 Flüsse
446 2313 497 2341 und
518 2312 555 2340 die
575 2311 665 2339 blauen
680 2310 750 2339 Seen
771 2311 822 2338 und
840 2311 876 2338 die
890 2310 950 2345 stille
964 2309 1042 2344 Dorf,

98 2358 167 2392 schule
185 2360 301 2392 erinnert,
322 2366 361 2386 wo
382 2358 428 2385 alle
447 2356 499 2385 vier
516 2355 543 2383 in
563 2355 608 2382 den
628 2353 731 2389 gleichen
749 2352 852 2382 Bänken
872 2352 961 2388 saßen!
1001 2353 1040 2380 An

99 2401 146 2430 dem
163 2402 332 2438 Zauberfaden
352 2401 430 2436 hängt
449 2400 501 2427 eine
520 2397 668 2432 unsichtbare
688 2395 786 2430 Glocke,
808 2396 845 2424 die
864 2397 909 2424 den
931 2394 985 2430 Ruf
1001 2397 1041 2422 der

96 2445 199 2480 Freude,
229 2448 274 2474 wie
300 2447 340 2473 der
360 2444 454 2473 Trauer
483 2442 509 2470 in
538 2441 584 2469 alle
604 2441 698 2475 Fernen
729 2438 802 2474 trägt.
843 2438 1040 2473 Wahrscheinlich

93 2487 160 2522 saßen
180 2491 216 2517 die
237 2488 387 2518 Grütliauer
406 2493 454 2514 von
474 2484 624 2517 Manchester
644 2482 701 2510 eben
721 2482 754 2510 im
774 2482 864 2510 Verein
886 2480 1037 2516 beisammen,

93 2532 131 2558 als
149 2532 186 2560 die
206 2530 359 2561 Trauertöne
378 2532 419 2558 der
438 2527 525 2557 Glocke
544 2526 687 2561 erklangen;
715 2524 798 2559 schnell
819 2524 979 2560 verständigte
999 2523 1039 2557 sich

91 2573 129 2609 ihr
147 2574 223 2609 feine-
242 2573 329 2610 Gehör
359 2574 403 2601 mit
430 2572 471 2600 der
489 2570 640 2604 Bedeutung
663 2568 709 2596 -der
729 2566 798 2595 Töne
824 2569 875 2596 und
896 2567 963 2601 Rath
988 2569 1038 2594 und

91 2615 173 2651 That,
204 2618 273 2647 Liebe
293 2618 343 2645 und
363 2614 438 2652 Hülfe
466 2620 518 2641 war
538 2611 616 2641 Eine-
641 2610 693 2639 und
714 2609 832 2644 dasselbe.
872 2609 966 2639 Sollen
995 2609 1040 2636 wir

90 2667 141 2687 nun
159 2661 204 2689 den
219 2659 387 2689 Grütlianern
407 2665 457 2686 von
470 2654 619 2690 Manchester
639 2653 742 2686 danken,
763 2652 788 2687 so
801 2652 892 2681 danken
908 2652 954 2681 wir
966 2652 1038 2687 ihnen

89 2702 194 2738 weniger
213 2701 253 2735 für
273 2702 323 2737 ihre
342 2700 431 2732 Gabe,
451 2697 494 2734 als
513 2697 553 2734 für
573 2698 611 2725 l\t
631 2696 775 2731 Erhaltung
795 2697 836 2723 der
855 2697 922 2724 edlen
943 2695 1038 2724 Natur-

87 2745 187 2780 anlage,
205 2745 245 2773 die
260 2744 288 2779 sie
308 2742 333 2779 so
348 2741 401 2778 sehr
414 2741 532 2778 befähigt,
553 2740 622 2776 jeden
636 2738 853 2775 Schicksalsschlag
863 2738 929 2774 ihrer
941 2738 1038 2774 Heimat

85 2786 258 2824 mitzufühle«.
916 2785 919 2813 -
942 2785 954 2813 V

1143 604 1266 637 Zürich.
1306 604 1370 633 Laut
1396 602 1473 631 einem
1492 600 1726 637 Zirkularschreiben
1753 601 1796 629 des
1825 600 1930 637 Zürcher
1950 598 2041 638 ReAe-

1089 646 1261 682 rungSrathS,
1292 646 1307 674 b
1320 645 1422 680 treffend
1444 645 1484 673 die
1502 644 1626 680 Beisteuer
1648 651 1682 672 an
1702 643 1740 676 dje
1758 643 1892 679 reformirte
1911 643 1994 679 Kirche
2011 643 2040 672 in

1089 689 1190 725 Luzern,
1212 688 1276 724 zählt
1290 689 1378 724 letztere
1390 687 1512 716 dermalen
1523 686 1561 714 00
1573 687 1709 721 reformirte
1721 687 1778 715 oder
1791 686 1943 720 paritätische
1954 687 2042 722 Haus¬

1089 732 1226 768 haltungen
1251 731 1296 760 mit
1321 731 1376 759 257
1395 730 1531 765 Personen.
1570 730 1630 759 Von
1649 729 1738 765 Zürich
1765 729 1826 758 wird
1846 736 1878 757 an
1898 729 1936 757 die
1955 729 2048 762 bisher.-

1088 775 1266 811 beisteuernden
1280 775 1394 804 Kantone
1414 775 1453 803 die
1466 775 1613 811 Einladung
1632 774 1733 811 gestellt,
1755 774 1792 803 die
1805 773 1907 810 srühern
1921 773 2042 809 Beiträge

1090 819 1131 847 bis
1150 818 1221 846 1859
1241 818 1327 847 wieder
1347 815 1503 860 zuzi^chern.

1142 876 1176 882 —
1214 861 1279 894 Vom
1300 860 1520 894 Pfäfflkoner
1539 857 1742 894 Gefangfest
1767 858 1795 893 ist
1821 862 1872 887 uns
1890 866 1920 895 zu
1940 859 1980 886 der
1999 859 2041 887 be¬

1088 904 1148 932 reits
1168 903 1363 940 angeküvdigten
1385 904 1457 933 Gabe
1477 904 1534 938 (Fr.
1557 902 1617 930 148.
1641 902 1690 937 50)
1710 902 1766 936 noch
1789 901 1829 930 ein
1848 901 1970 937 Nachtrag
1990 907 2049 931 von.

1088 947 1135 982 Fr.
1156 946 1199 979 14,
1222 947 1262 975 als
1282 946 1396 978 Resultat
1410 947 1456 974 der
1476 945 1633 980 Sammlung
1654 944 1720 973 eines
1739 944 1844 972 kleinern
1864 944 1960 979 Zirkels
1973 945 2041 980 Fest-

1088 989 1202 1023 feiernder
1228 988 1405 1026 zugekommen.
1445 989 1491 1023 Hr.
1512 988 1662 1024 Hornberger
1681 987 1791 1023 begleitet
1809 986 1870 1022 diese
1889 986 2048 1023 Nachzügler,

1087 1032 1130 1061 ins
1148 1032 1226 1067 Lager
1246 1038 1293 1060 von
1314 1031 1382 1066 Visp
1402 1031 1446 1060 mit
1465 1031 1593 1067 folgenden
1613 1029 1805 1066 humoristischen
1820 1030 1936 1059 Reimen:

1249 1080 1293 1108 Ihr
1306 1080 1390 1107 Reiter,
1405 1080 1440 1107 ihr
1454 1080 1555 1108 silbernen
1570 1079 1700 1106 Retterlein,

1248 1114 1269 1137 O
1286 1114 1357 1141 reitet,
1375 1121 1386 1136 o
1400 1115 1459 1137 reitet
1472 1114 1507 1136 ins
1523 1113 1603 1137 Wallis
1618 1113 1705 1139 hinein,

1250 1148 1307 1171 Dort
1320 1148 1394 1175 hauset
1408 1148 1441 1170 ein
1457 1148 1529 1175 Feind,
1545 1147 1603 1174 heißt
1616 1147 1713 1173 Jammer
1727 1147 1769 1169 und
1786 1146 1856 1174 Noth,

1249 1182 1297 1204 Den
1313 1181 1386 1209 greifet
1399 1181 1434 1207 ihr
1448 1188 1475 1203 an
1491 1182 1532 1203 und
1548 1180 1621 1204 treibet
1635 1180 1673 1206 ihn
1687 1180 1743 1207 fort,

1250 1215 1298 1238 Nur
1311 1214 1434 1242 möchten'-,
1451 1216 1490 1242 daß
1506 1217 1526 1237 eS
1543 1214 1563 1240 so
1578 1213 1635 1237 käme
1649 1214 1708 1241 fein,

1248 1249 1299 1272 Eu'r
1313 1248 1491 1276 hunderttausend
1508 1247 1594 1271 Alliirte
1608 1247 1658 1274 sein.

1138 1290 1237 1318 Bern.
1277 1290 1327 1319 Die
1348 1289 1498 1326 französische
1512 1289 1758 1319 Nationalakademie
1772 1288 1813 1323 für
1826 1289 1955 1322 Ackerbau,
1978 1289 2040 1318 Ma¬

1084 1332 1228 1366 nufakturen
1248 1333 1415 1368 und.Handel
1436 1333 1479 1368 hat
1499 1334 1542 1360 den
1562 1332 1633 1365 durch
1648 1332 1709 1365 seine
1724 1332 1942 1368 ausgezeichneten,
1965 1330 2040 1368 groß¬

1084 1375 1178 1409 artigen
1198 1375 1340 1411 Leistungen
1361 1382 1393 1403 lm
1409 1375 1509 1404 Gebiete
1529 1376 1573 1403 der
1594 1374 1761 1411 galvanischen
1776 1375 1939 1411 Vergoldung
1953 1374 2039 1408 iühm-

1084 1418 1146 1452 lichst
1166 1417 1298 1445 bekannten
1317 1419 1381 1453 Hrn.
1403 1418 1434 1453 F.
1458 1418 1563 1446 Wilmot
1583 1426 1611 1452 zu
1631 1417 1680 1446 St.
1701 1418 1798 1449 Immer
1824 1420 1895 1446 unter
1914 1419 1953 1446 die
1971 1416 2040 1452 Zahl

1085 1460 1148 1493 ihrer
1167 1459 1389 1496 Ehrenmitglieder
1409 1460 1606 1495 ausgenommen.

1139 1516 1169 1521 —
1209 1502 1273 1531 Laut
1292 1503 1345 1530 dem
1365 1501 1628 1537 Solothurner-Blatt
1657 1501 1702 1534 soll
1726 1501 1764 1530 die
1790 1509 1846 1530 vom
1866 1501 1963 1537 bischöfl
1996 1502 2040 1530 ba-

1084 1544 1179 1580 selschen
1200 1544 1337 1579 Domsenat
1356 1546 1395 1572 der
1415 1545 1560 1581 Regierung
1580 1551 1628 1573 von
1649 1545 1716 1574 Bern
1732 1544 1929 1581 vorgeschlagene
1942 1545 2040 1573 Kandi¬

1083 1588 1208 1623 datenliste
1229 1587 1268 1621 für
1287 1587 1324 1615 die
1344 1588 1458 1623 erledigte
1468 1588 1555 1617 Stelle
1573 1588 1640 1616 eines
1661 1587 1791 1620 bernischen
1805 1588 2040 1623 nicht-rcsidirendcn

1082 1630 1223 1663 Domherrn
1246 1637 1293 1658 von
1313 1631 1354 1658 der
1372 1631 1467 1659 Berner
1489 1630 1631 1666 Regierung
1651 1630 1799 1666 vollständig
1820 1630 1954 1665 verworfen
1973 1638 2038 1658 wor¬

1081 1672 1125 1700 den
1141 1671 1200 1705 sein.

1133 1713 1367 1742 Unterwalden.
1407 1713 1462 1749 Für
1482 1714 1528 1741 das
1547 1713 1805 1742 Winkelrieddeukmal
1829 1715 1882 1750 sind
1903 1715 1966 1747 nicht
1986 1722 2036 1743 we¬

1080 1757 1149 1792 niger
1169 1757 1209 1784 als
1230 1756 1246 1783 9
1266 1756 1375 1785 Modelle
1395 1756 1573 1792 eingegangen,
1596 1757 1667 1784 unter
1685 1759 1761 1784 denen
1774 1757 1811 1785 die
1826 1764 1875 1785 von
1890 1758 1972 1786 Dorer
1986 1761 2036 1786 aus

1080 1801 1193 1834 Aargau,
1215 1798 1316 1833 Schlött
1336 1806 1385 1827 von
1406 1798 1481 1831 Bafel
1500 1800 1550 1826 und
1571 1799 1651 1828 Keifer
1673 1806 1720 1827 von
1742 1800 1799 1834 Zug
1820 1801 1858 1828 die
1878 1800 1955 1833 meiste
1972 1800 2037 1834 Auf¬

1081 1841 1239 1874 merksamkeit
1259 1841 1302 1875 auf
1321 1841 1362 1876 sich
1381 1841 1472 1877 ziehen.
1512 1842 1570 1870 Das
1596 1848 1645 1870 von
1666 1842 1747 1870 Dorer
1775 1842 1837 1876 stellt
1863 1845 1907 1871 den
1928 1842 2037 1871 Winkel-

1081 1883 1131 1911 ricd
1152 1884 1258 1918 sterbend
1277 1885 1333 1917 dar,
1356 1884 1399 1911 wie
1419 1892 1443 1911 er
1463 1891 1517 1912 vom
1537 1883 1741 1920 Schlachtsänger
1761 1885 1903 1920 Halbsutter
1926 1886 2037 1923 bekränzt

1082 1927 1160 1960 wird;
1181 1927 1227 1954 das
1249 1933 1296 1954 von
1317 1925 1416 1959 Schlött
1437 1926 1489 1962 gibt
1509 1928 1553 1955 den
1573 1927 1712 1962 sterbenden
1731 1928 1843 1963 Helden,
1866 1928 1911 1957 wie
1931 1937 1970 1962 er,
1993 1929 2039 1964 auf

1083 1969 1157 1997 einem
1176 1969 1275 2004 Hausen
1294 1969 1428 2004 zerknickter
1447 1969 1543 2004 Sperre
1574 1971 1624 1997 und
1653 1970 1729 1999 einem
1754 1971 2036 2008 darniedergeworfenen

1082 2012 1182 2047 Krieger
1203 2011 1308 2047 liegend.,
1330 2011 1375 2042 aus
1385 2012 1429 2039 den
1444 2012 1494 2047 ihm
1508 2013 1675 2045 nacheilenden
1689 2013 1894 2049 Kampfgenossen
1909 2014 2033 2049 hinblickt,

1080 2053 1122 2082 dcr
1144 2053 1187 2082 mit
1214 2054 1478 2090 hochgeschwungenem
1497 2055 1670 2090 Morgenstern
1698 2056 1874 2091 dahrrstürmt;
1907 2058 1953 2085 das
1986 2064 2035 2086 von

1080 2096 1162 2131 Keifer
1180 2096 1260 2125 drückt
1278 2097 1304 2125 in
1324 2098 1365 2126 der
1384 2098 1534 2132 Enthebung
1558 2098 1599 2125 der
1624 2097 1670 2132 auf
1693 2098 1769 2126 einem
1789 2098 1966 2134 Speerbündel
1987 2107 2035 2128 von

1079 2139 1136 2175 zwei
1155 2139 1360 2175 Kampfgenossen
1380 2141 1523 2176 getragenen
1542 2139 1620 2175 Leiche
1640 2140 1803 2169 Wiukclrteds
1831 2149 1887 2170 vom
1907 2142 2036 2177 Schlacht¬

1079 2181 1127 2217 feld
1147 2181 1183 2210 die
1204 2182 1350 2218 Verehrung
1371 2184 1412 2210 des
1431 2182 1599 2211 Vaterlandes
1619 2182 1660 2217 für
1678 2185 1723 2211 den
1737 2184 1820 2212 Retter
1834 2189 1893 2213 aus.
1915 2185 2035 2215 Sämmt-

1080 2224 1135 2259 liche
1156 2224 1204 2252 drei
1226 2225 1356 2261 Eingaben
1376 2225 1469 2253 werden
1489 2224 1515 2253 in
1528 2225 1613 2261 Bezug
1634 2225 1677 2260 aus
1689 2226 1849 2263 künstlerische
1864 2228 2033 2265 Ausführung

1081 2267 1171 2295 belobt.

1136 2309 1271 2338 GlaruS.
1311 2309 1362 2338 Die
1376 2309 1488 2339 Glarner
1501 2310 1611 2346 Zeitung
1625 2309 1735 2345 sammelt
1746 2312 1850 2347 zugleich
1865 2312 1905 2347 für
1924 2313 1962 2341 die
1976 2320 2031 2342 vom

1078 2351 1173 2387 Wasser
1195 2352 1357 2388 beschädigten
1378 2352 1539 2388 Rheinthaler
1565 2355 1616 2381 und
1643 2354 1680 2381 die
1699 2361 1757 2382 vom
1776 2355 1904 2384 Erdbeben
1925 2356 2032 2391 heimge-

1077 2393 1170 2430 suchten
1182 2394 1307 2429 Walliser.
1348 2395 1487 2431 „Uebcrall,
1508 2395 1533 2428 so
1553 2395 1608 2432 sagt
1627 2397 1673 2424 das
1688 2397 1771 2429 Blatt,
1793 2398 1836 2431 hat
1855 2399 1896 2426 der
1912 2398 2033 2434 Hülflruf

1077 2437 1145 2472 schon
1173 2437 1309 2474 Erhörung
1338 2437 1468 2474 gefunden,
1500 2437 1594 2467 überall
1626 2438 1700 2473 öffnet
1729 2440 1769 2475 sich
1797 2441 1834 2469 die
1853 2440 2031 2477 eidgenössische

1077 2481 1244 2515 Bruderhand
1265 2489 1292 2516 zu
1313 2481 1398 2509 milder
1409 2480 1544 2516 Beisteuer,
1566 2480 1664 2511 überall
1683 2482 1784 2511 beweist
1802 2483 1843 2518 fich
1864 2484 1958 2517 wieder,
1980 2485 2030 2520 daß

1077 2522 1137 2550 über
1166 2524 1217 2551 dem
1237 2523 1357 2560 Unglücke
1387 2524 1422 2551 die
1445 2524 1537 2560 Herzen
1566 2524 1627 2553 aller
1652 2525 1788 2562 Schweizer
1816 2526 1857 2562 sich
1886 2527 2031 2565 einträchtig

1076 2565 1160 2601 finden
1179 2567 1229 2594 und
1250 2567 1296 2595 das
1316 2566 1364 2594 alte
1377 2566 1468 2595 Wort:
1491 2565 1701 2603 „Schweizertreu
1720 2584 1752 2589 —
1772 2568 1831 2604 ewig
1845 2568 1908 2596 neu"
1930 2584 1965 2591 —
1986 2570 2029 2606 sich

1076 2608 1162 2637 immer
1188 2609 1275 2637 wieder
1304 2608 1489 2643 bewahrheitet..
1523 2610 1588 2644 Auch
1615 2610 1652 2638 bei
1679 2614 1728 2639 uns
1752 2610 1809 2643 darf
1831 2612 1884 2639 und
1904 2613 1967 2640 wird
1988 2616 2030 2642 der

1076 2651 1254 2688 eidgenössische
1272 2651 1390 2687 Hülfcruf
1416 2651 1479 2684 nicht
1505 2652 1550 2681 leer
1576 2653 1708 2688 verhallen.
1746 2654 1843 2685 Immer
1862 2655 1920 2690 noch
1942 2656 1985 2692 hat
2001 2664 2030 2684 st

1075 2693 1102 2722 in
1122 2694 1206 2729 diesem
1225 2702 1310 2730 engen,
1339 2694 1397 2722 aber
1418 2694 1556 2732 gesegneten
1577 2695 1656 2731 Thale
1674 2695 1712 2723 ein
1732 2695 1794 2729 Echo
1814 2696 1946 2732 gefunden,
1968 2700 2028 2732 auch

1074 2736 1146 2772 heute
1174 2736 1235 2765 wird
1264 2740 1289 2765 eS
1318 2736 1450 2772 geschehen.
1490 2738 1555 2768 Gott
1579 2737 1614 2772 sei
1632 2737 1713 2771 Dank,
1744 2737 1797 2774 find
1823 2740 1870 2769 vir
1896 2741 1920 2769 in
1942 2740 2028 2775 diesem

1073 2780 1155 2814 Jahre
1173 2786 1218 2808 vor
1235 2779 1443 2816 Heimsuchungen
1463 2782 1505 2809 der
1523 2780 1646 2810 Elemente
1666 2780 1776 2816 bewahrt
1794 2783 1895 2812 worden
1914 2786 1966 2812 und
1989 2785 2029 2814 die

1073 2822 1204 2859 Industrie
1223 2823 1267 2858 hat
1284 2822 1345 2858 nicht
1365 2822 1510 2860 aufgehört,
1540 2822 1666 2859 Derdicvst
1686 2826 1736 2853 und
1756 2823 1904 2862 Wohlstand
1922 2835 1952 2863 zu
1973 2835 2029 2855 ver-
