2745 3484
213 72 334 104 Vorau
335 70 451 108 sbezah
453 71 545 109 lung.

179 127 530 162 Jährlich.64
547 126 601 161 Btz.

179 163 215 194 Vi
228 161 378 195 rteljährlich
391 180 481 188 .....
495 163 529 189 16
547 161 600 197 Btz.

367 244 803 393 Reue

1198 94 1312 144 Nro.
1351 97 1439 146 15.

2050 69 2161 102 Einrü
2165 68 2259 106 ckung
2262 67 2418 107 Sgebühr.

1983 124 2033 153 Die
2051 125 2201 155 Petit-Zeile
2220 128 2235 152 S
2247 123 2475 157 Zürcher-Kreuzer.

2033 159 2121 188 Brief«
2139 166 2186 186 und
2206 160 2298 188 Gelder
2318 158 2427 187 franko.

230 538 407 587 Freitag

1899 533 1974 570 den
2000 530 2036 571 4.
2066 531 2254 577 Februar
2281 530 2415 572 1842.

852 619 945 644 (Druck
967 618 1018 642 und
1041 618 1138 645 Verlag
1159 623 1210 641 von
1232 617 1344 644 Sreii,
1366 617 1467 643 Hiitzli
1488 617 1539 640 und
1561 617 1800 643 Compagnie.)

178 728 252 756 Dies«
268 729 379 755 Zeitung
396 727 516 753 erscheint
530 724 689 750 wöchentlich
706 724 775 746 drei
792 724 871 746 Mal:
897 724 1058 749 Montag,
1075 723 1253 746 Mittwoch
1269 723 1321 745 und
1336 722 1494 749 Freitag.
1524 721 1580 744 All«
1595 721 1724 748 Anzeigen
1739 721 1837 744 «erden
1859 721 1935 747 daher
1950 721 2035 747 schnell
2058 722 2092 744 im
2108 722 2247 746 Publikum
2263 720 2411 747 verbreitet»
2432 720 2474 746 für

447 768 604 795 diejenigen»
624 766 710 791 welch«
732 767 758 789 in
780 766 838 792 r««i
858 765 1158 792 aufeinanderfolgenden
1179 765 1319 787 Nummern
1338 765 1490 791 erscheinen,
1511 764 1574 786 wird
1595 764 1641 786 da»
1662 764 1746 790 »weite
1766 762 1829 786 Mal
1849 762 1871 785 M
1890 764 1928 785 kr.
1949 769 1993 789 per
2013 764 2080 787 Zeile
2100 763 2209 789 bejahlt.

216 864 314 893 Viktor
333 864 429 900 Hugo,
458 863 485 892 in
514 863 594 897 seinen
617 870 664 891 »eu
686 862 920 899 herauSgcgebencn
940 859 1075 896 „Briefen
1097 866 1154 889 vom
1176 858 1307 893 Rhein,"

176 910 233 945 sagt
247 915 299 938 von
316 909 362 937 den
379 907 564 944 Schweizern:
585 906 673 943 „Und
694 906 768 940 diese«
783 906 856 936 Volk
876 920 912 927 —
933 906 1018 934 immer
1039 904 1098 938 »och
1121 905 1181 938 steht
1200 906 1227 932 e«
1249 904 1303 936 auf¬

176 954 242 985 recht
269 952 317 989 da,
346 953 488 990 gewachsen
518 951 594 986 seiner
614 951 815 987 Bestimmung,
846 950 883 979 die
904 950 953 985 ihm
974 949 1091 986 zwischen
1112 948 1158 978 den
1180 948 1231 977 vier
1251 947 1305 978 Ko¬

176 998 251 1032 lossen
275 998 320 1026 de«
341 997 519 1028 Kontinente«
540 996 697 1033 angewiesen
717 996 763 1029 ist:
795 996 833 1024 ein
854 995 956 1031 starker,
984 995 1065 1029 fester,
1087 992 1305 1027 unverwüstlicher

177 1042 426 1080 (iinpönetrakile)
446 1041 519 1073 Kern
541 1040 785 1076 der.Zivilisation;
807 1039 845 1069 ein
858 1040 1046 1075 Zufluchtsort
1065 1038 1108 1066 der
1121 1038 1305 1073 Wissenschaft,

176 1087 232 1117 eine
252 1088 389 1123 Freistätte
409 1087 453 1116 de«
475 1086 648 1121 Gedankens,
670 1086 709 1115 ein
731 1085 800 1118 fester
817 1085 885 1121 Hort
905 1092 984 1121 gegen
1004 1083 1150 1119 ungerechte
1164 1081 1304 1118 Eingriffe,

176 1132 231 1162 eine
251 1132 331 1169 Burg
352 1131 394 1166 für
415 1132 497 1166 Recht
527 1131 580 1161 und
602 1131 678 1165 Ehre.
720 1129 785 1159 Seit
812 1129 988 1164 sechshundert
1007 1127 1127 1161 Jahren,
1158 1126 1249 1155 mitten
1278 1125 1304 1154 in

175 1176 222 1206 de»
243 1177 434 1214 Bewegungen
457 1177 595 1211 Europas,
626 1174 745 1205 inmitten
774 1174 840 1202 einer
866 1174 956 1208 herbe»
985 1172 1091 1205 Natur,
1121 1170 1217 1199 blieben
1245 1169 1306 1203 diese

173 1222 270 1258 großen
285 1222 497 1257 Bergbewohner
519 1221 651 1257 gleichsam
674 1218 715 1247 der
730 1217 862 1253 Augapfel
882 1216 925 1245 der
938 1215 1112 1251 Vorsehung,
1134 1214 1209 1249 stark,
1231 1213 1306 1249 ernst,

173 1266 243 1299 frisch
266 1266 320 1294 und
341 1266 408 1300 klar,
430 1266 478 1294 wie
499 1264 537 1293 die
558 1264 662 1299 Berge,
684 1264 730 1295 auf
748 1262 829 1290 denen
850 1261 884 1295 sie
903 1261 1010 1296 geboreli
1032 1258 1154 1293 wurden;
1181 1265 1230 1287 nur
1250 1257 1305 1286 dem

173 1310 260 1344 Gesetz
282 1310 325 1338 der
344 1308 580 1345 Nothwendigkeit
598 1307 791 1341 unterworfen,
809 1305 837 1334 in
858 1305 934 1333 allem
954 1302 1061 1332 Andern
1083 1301 1237 1339 eifersüchtig
1261 1304 1309 1335 auf

171 1355 225 1390 ihre
245 1353 488 1390 Unabhängigkeit,
520 1351 607 1382 lebend
630 1353 681 1386 fort
700 1350 753 1379 und
776 1351 827 1383 fort
846 1349 884 1378 ein
907 1348 995 1382 starke«
1017 1348 1192 1384 Volksleben,
1223 1348 1255 1378 ob
1275 1348 1306 1382 sie

172 1403 201 1428 «S
229 1400 276 1428 mit
302 1400 432 1433 absoluten
456 1397 627 1430 Monarchien
655 1396 715 1426 oder
735 1394 825 1433 trägen
847 1393 1030 1427 Aristokratien
1050 1392 1108 1422 oder
1129 1391 1303 1425 wühlerischen

173 1444 359 1474 Demokratien
382 1451 413 1480 zu
435 1445 499 1478 thun
523 1445 627 1477 hatten,
647 1441 709 1477 stolz
729 1440 763 1469 im
784 1439 882 1473 Genuß
904 1438 948 1467 des
969 1439 1043 1471 ersten
1063 1438 1124 1466 aller
1137 1436 1242 1472 Rechte,
1263 1435 1304 1464 der

175 1489 304 1525 Freiheit,
326 1488 378 1517 und
400 1488 567 1523 sichergestellt
588 1486 659 1520 durch
682 1483 825 1521 Erfüllung
848 1483 890 1512 der
910 1484 985 1517 ersten
1006 1483 1067 1511 aller
1089 1482 1233 1517 Pflichten,
1263 1481 1305 1509 der

171 1534 296 1562 Arbeit."

210 1578 320 1607 Bern.
359 1577 409 1611 Im
424 1576 611 1609 Departement
626 1573 669 1602 des
683 1573 783 1602 Doubs
798 1572 826 1605 ist
839 1571 932 1600 bereit«
946 1570 988 1604 für
1002 1573 1151 1606 2,900,006
1167 1572 1212 1606 Fr.
1232 1577 1304 1606 „zur

170 1620 328 1658 Gründung
349 1621 416 1650 einer
432 1621 579 1653 Eisenbahn
600 1618 675 1650 durch
696 1617 743 1645 das
763 1617 949 1649 DoubSthal"
972 1615 1167 1649 unterschrieben
1190 1614 1303 1643 worden.

170 1667 259 1699 Dieser
279 1666 346 1702 Zug
368 1663 457 1694 würde
477 1664 594 1699 zwischen
610 1661 722 1693 Altkirch
740 1661 794 1689 und
808 1660 991 1690 Montbeliard
1005 1659 1159 1695 wenigstens
1174 1662 1190 1686 8
1207 1658 1300 1688 Stun¬

169 1711 216 1739 den
239 1710 302 1745 lang
324 1708 384 1738 über
405 1706 639 1743 Schweizerboden
660 1707 748 1743 gehen.
789 1704 1010 1738 Lachauxdefond«
1038 1706 1082 1738 hat
1103 1703 1209 1738 deßhalb
1229 1704 1302 1737 schon

170 1757 243 1783 8000
266 1756 312 1790 Fr.
332 1752 538 1787 unterschrieben.
578 1750 636 1780 Der
666 1749 815 1784 Stadtrath
845 1755 896 1779 von
924 1751 1059 1784 Pruutrut
1087 1751 1130 1784 hat
1158 1746 1199 1781 für
1226 1748 1299 1777 einen

168 1799 282 1834 Beitrag
303 1801 354 1827 von
379 1799 479 1832 10,000
500 1794 752 1831 Schweizerfranken
774 1794 907 1831 gestimmt.

209 1843 227 1877 f
247 1843 386 1879 Luzern.
429 1840 482 1870 Sie
502 1841 606 1875 wissen,
629 1839 677 1873 daß
698 1838 810 1875 LuzernS
833 1838 928 1872 neueste
942 1837 1096 1874 Regierung
1116 1837 1167 1871 ihre
1183 1836 1299 1865 Staats-

171 1888 316 1924 verfaffung
337 1889 412 1915 unter
432 1885 480 1914 den
501 1884 755 1919 schmeichelhaftesten
773 1883 969 1919 Erwartungen
991 1889 1037 1918 zur
1051 1882 1165 1916 Einsicht
1184 1881 1228 1909 des
1243 1881 1300 1915 heil.

172 1933 276 1962 Vaters
303 1932 362 1964 nach
384 1930 456 1960 Rom
484 1928 599 1966 gesendet
620 1931 673 1964 hat.
715 1928 779 1957 Mer
799 1926 888 1962 prüfen
909 1928 970 1962 soll,
1001 1934 1044 1955 um
1064 1933 1096 1962 zu
1116 1926 1206 1960 loben,
1237 1924 1301 1952 wird

171 1978 233 2011 auch
263 1976 348 2005 tadeln
376 1973 483 2010 dürfen,
516 1982 575 2010 mag
600 1974 642 2002 der
663 1972 721 2008 heil.
741 1973 828 2001 Vater
848 1972 951 2008 gedacht
972 1972 1063 2006 haben.
1101 1969 1154 1999 Die
1175 1971 1301 1998 Antwort

169 2021 295 2056 desselben
319 2021 381 2056 liegt
403 2020 474 2053 schon
494 2027 613 2055 geraume
634 2017 698 2052 Zeit
719 2017 743 2046 in
767 2017 813 2046 den
837 2016 951 2053 Hände»
977 2015 1019 2044 des
1040 2014 1301 2052 RegierungSrathS;

168 2068 227 2096 aber
248 2068 275 2094 es
296 2065 356 2098 fand
380 2064 486 2098 derselbe
507 2065 568 2096 noch
590 2063 654 2095 nicht
677 2060 716 2095 für
737 2065 801 2099 gut,
823 2062 883 2095 auch
906 2062 937 2096 sie
956 2060 981 2089 in
997 2060 1059 2095 seine
1073 2058 1217 2096 gedruckte»
1232 2058 1301 2087 Ver¬

167 2110 336 2147 handlungen
364 2110 562 2145 aufzuuehmrn.
603 2107 663 2136 Wir
691 2107 777 2141 wisse»
805 2106 915 2141 indessen
943 2108 993 2135 auS
1018 2107 1092 2141 guter
1112 2104 1224 2138 Quelle,
1254 2101 1301 2135 daß

167 2155 211 2184 der
225 2156 309 2190 Pabst
327 2162 361 2184 an
382 2154 426 2183 der
438 2161 539 2190 ganzen
555 2153 716 2187 Verfassung
732 2151 815 2185 nicht«
830 2152 930 2187 belobt,
950 2149 993 2179 als
1007 2149 1045 2178 die
1057 2151 1118 2186 gute
1131 2148 1301 2183 Gesinnung,

167 2200 208 2229 die
235 2200 332 2229 daraus
353 2199 553 2233 hervorleuchte,
585 2197 638 2227 und
659 2196 697 2225 die
717 2196 777 2232 ihn,
808 2196 839 2224 da
860 2196 918 2229 noch
940 2195 1005 2229 nicht
1026 2194 1118 2223 alles
1140 2194 1234 2228 gethan
1257 2191 1300 2226 sei,

166 2252 199 2282 zu
227 2244 269 2273 der
290 2245 454 2280 Erwartung
482 2242 634 2278 berechtige,
665 2241 714 2275 daß
741 2249 800 2269 man
822 2241 912 2273 seinem
933 2239 1085 2273 väterlichen
1105 2238 1204 2274 Herzen
1226 2236 1299 2268 durch

168 2297 254 2319 neue
270 2288 406 2319 Urkunden
429 2287 488 2316 bald
509 2288 575 2316 volle
590 2286 767 2322 Beruhigung
788 2286 866 2322 geben
889 2284 980 2313 werde.
1019 2283 1080 2312 Wir
1099 2284 1189 2318 haben,
1202 2282 1242 2311 nie
1261 2282 1301 2309 be¬

165 2334 262 2371 greifen
296 2332 412 2368 können,
445 2332 491 2361 wie
523 2332 592 2366 selbst
624 2330 865 2367 geschichtskundige
896 2328 1108 2359 Staatsmänner
1141 2328 1187 2361 auf
1214 2325 1300 2356 RomS

167 2379 267 2415 Freude
287 2385 321 2407 an
342 2377 409 2407 einer
425 2375 681 2411 Staatsverfassung
702 2374 793 2412 zählen
815 2375 942 2410 konnten,
964 2373 990 2402 in
1011 2374 1111 2406 welcher
1131 2372 1185 2401 dem
1201 2370 1301 2400 Staate

164 2423 255 2452 immer
285 2423 348 2454 noch
376 2420 533 2458 wenigstens
559 2420 608 2449 das
629 2420 712 2454 Recht
739 2419 782 2448 der
803 2419 917 2455 Einsicht
935 2419 961 2448 in
983 2418 1107 2452 kirchliche
1126 2417 1225 2450 Erlasse
1243 2422 1300 2444 Vor¬

167 2468 300 2503 behalten,
322 2467 359 2495 die
381 2466 493 2502 Freiheit
516 2464 559 2494 der
580 2464 869 2500 Meinungsäußerung
890 2464 1023 2500 gesichert,
1044 2462 1082 2491 die
1096 2459 1301 2496 Loekäuflichkeit

164 2510 211 2540 deS
230 2510 377 2545 Zehnden«
396 2509 598 2547 gewährleistet,
620 2509 656 2538 die
679 2509 855 2544 Fendallasten
876 2509 1055 2545 aufgehoben,
1080 2506 1128 2535 das
1150 2503 1299 2541 Vermögen

167 2555 209 2583 der
230 2555 383 2588 Geistlichen
406 2554 449 2582 der
469 2554 645 2590 Besteuerung
669 2555 842 2588 unterworfen
864 2552 920 2582 und
940 2551 978 2580 die
992 2551 1144 2585 Geistliche»
1166 2549 1239 2585 selbst
1260 2549 1300 2578 der

167 2599 306 2630 weltlichen
329 2598 547 2628 Gerichtsbarkeit
567 2598 708 2632 unterstellt
730 2598 794 2633 sind.
834 2597 946 2627 Werden
968 2595 1087 2630 dieselben
1108 2603 1162 2624 nun
1184 2594 1242 2624 bald
1263 2601 1299 2622 er¬

165 2644 260 2674 kennen
275 2652 282 2673 :
304 2643 351 2676 daß
372 2642 415 2671 der
430 2642 515 2678 Weg,
537 2642 584 2671 den
601 2643 632 2676 sie
646 2643 849 2680 cingeschlagen,
871 2640 998 2672 entweder
1011 2643 1086 2669 unter
1101 2639 1148 2669 den
1163 2639 1300 2676 Pantoffel

165 2689 225 2719 oder
244 2695 291 2725 zur
313 2686 495 2722 Verketzerung
517 2684 607 2720 führt?

207 2748 243 2755 —
283 2733 300 2750 *
323 2731 373 2765 Im
390 2730 532 2766 Eingang«
546 2728 590 2758 des
604 2730 898 2771 regAruugsräthlichen
911 2729 1070 2766 Schreiben«
1085 2736 1117 2757 an
1132 2728 1179 2758 den
1194 2728 1299 2765 Hochw.

166 2778 274 2813 Bischof
290 2783 343 2806 von
365 2775 447 2810 Basel
469 2774 533 2803 wird
554 2773 593 2803 die
611 2774 808 2812 Umwandlung
830 2775 875 2804 de«
890 2774 1149 2813 Erziehungswesen«
1170 2775 1219 2802 mit
1237 2775 1298 2802 aus¬

165 2822 326 2857 schließlicher
345 2819 581 2856 Beaufsichtigung
601 2818 643 2848 der
656 2814 830 2854 Landschulen
852 2819 928 2855 durch
950 2818 988 2849 die
1001 2818 1237 2854 Pfarrgeistlichkeit
1257 2825 1298 2854 ge¬

165 2864 271 2902 rühmt;
301 2866 370 2895 dann
398 2866 457 2894 aber
483 2863 526 2893 der
545 2864 653 2901 Hochw.
674 2863 801 2899 Oberhirt
824 2872 856 2902 zu
884 2865 932 2894 den
952 2865 1035 2898 bisher
1056 2866 1117 2897 (au«
1138 2863 1234 2898 Furcht
1254 2869 1299 2891 vor

165 2909 359 2946 Hindernissen,
390 2909 429 2939 die
449 2910 506 2939 aber
526 2908 583 2944 fetzt
600 2908 719 2946 gänzlich
740 2910 852 2943 entfernt
872 2910 947 2944 seien)
969 2908 1157 2943 unterlassenen
1178 2906 1298 2941 Kirchen-

165 2953 332 2986 visitationen
354 2954 397 2984 der
417 2951 527 2991 Diözese
547 2956 683 2991 ermahnt,
704 2953 790 2983 indem
811 2953 849 2984 die
870 2954 946 2990 durch
968 2952 1005 2982 die
1025 2959 1087 2982 neue
1108 2951 1297 2989 Gesetzgebung

165 2995 210 3025 der
224 2996 394 3031 Geistlichkeit
414 2998 585 3036 angrwiesen«
604 2999 728 3033 erhabene
741 2998 873 3037 Stellung
886 2998 1056 3036 Begegnung
1076 2996 1138 3026 aller
1151 2996 1297 3029 Gebrechen

165 3040 240 3074 durch
262 3040 300 3069 die
320 3042 403 3080 einzig
423 3044 597 3080 gesetzmäßige
618 3043 739 3074 Stimme
758 3043 804 3073 de«
824 3043 980 3079 Oberhirten
1001 3041 1145 3078 erfordere,
1164 3041 1234 3077 und,
1254 3041 1297 3070 ob¬

164 3086 235 3121 wohl
267 3085 310 3113 der
334 3084 423 3122 größt«
443 3086 522 3123 Theil
542 3088 585 3117 der
605 3087 774 3123 Geistlichkeit
795 3089 839 3124 sich
859 3088 902 3118 der
922 3086 1072 3123 freudigsten
1093 3086 1234 3123 Zeugnisse
1253 3084 1297 3114 de«

163 3133 245 3168 hohen
269 3129 523 3166 Erziehungsrathe«
547 3140 581 3169 zu
606 3134 720 3167 erfreuen
747 3134 827 3170 habe,
856 3136 883 3162 es
909 3132 1058 3170 gleichwohl
1079 3131 1203 3168 Einzelne
1223 3133 1297 3160 unter

162 3176 211 3206 den
234 3174 386 3208 Geistlichen
407 3175 482 3210 gebe,
501 3177 593 3211 welche
614 3177 661 3207 den
684 3177 923 3215 Anforderungen,
944 3176 984 3206 die
1002 3177 1042 3211 ihr
1061 3176 1198 3211 erhabener
1211 3174 1298 3208 Beruf

161 3229 196 3252 an
218 3222 250 3258 sie
270 3219 348 3256 stelle,
368 3218 439 3254 nicht
459 3218 585 3254 durchau«
604 3221 633 3252 in
653 3222 733 3258 ihrem
753 3221 870 3253 Mandel
889 3229 923 3259 zu
942 3221 1100 3257 entsprechen
1120 3220 1239 3256 scheinen.
1308 3204 1315 3263 j

1384 873 1419 879 —
1458 859 1535 887 Heber
1556 857 1593 886 die
1615 857 1727 895 Sitzung
1748 857 1792 886 deS
1813 857 1865 887 Gr.
1880 857 1984 892 Rathe«
2004 864 2060 887 vom
2081 859 2125 886 24.
2141 857 2226 893 Jan.,
2256 857 2281 886 in
2302 856 2404 888 welcher
2424 856 2463 885 dir

1347 902 1539 938 Jesnitenfrage
1559 902 1710 935 einstweilen
1732 903 1807 935 fallen
1828 903 1933 939 gelassen
1956 902 2057 938 wurde,
2079 902 2195 936 berichtet
2215 901 2257 931 der
2276 899 2465 933 Waldstädter-

1345 948 1401 976 bote
1416 948 1476 979 noch
1493 946 1624 983 folgendes
1640 946 1759 982 Nähere:
1779 946 1857 982 „Der
1873 945 1968 981 frühere
1987 948 2091 983 Antrag
2112 946 2200 975 wurde
2221 953 2278 975 vom
2297 945 2467 981 Kanzleitisch

1343 989 1551 1028 zurückgezogen.
1591 991 1758 1027 Gleichzeitig
1779 990 1865 1020 wurde
1885 991 1922 1019 ein
1944 990 2084 1024 Schreiben
2106 990 2150 1019 de«
2172 990 2412 1027 ErziehungSrath«
2428 996 2467 1018 er¬

1344 1034 1439 1071 öffnet,
1471 1035 1497 1065 in
1525 1035 1642 1070 ivelchem
1670 1035 1776 1069 derselbe
1800 1035 1847 1064 den
1874 1035 2112 1072 Jesuiten-Antrag
2140 1036 2182 1064 al«
2202 1035 2240 1064 ein
2261 1035 2417 1069 Mißtrauen
2438 1034 2466 1062 in

1345 1079 1422 1114 dessen
1450 1080 1576 1115 bisherige
1605 1080 1779 1114 Wirksamkeit
1807 1080 1895 1109 deuten
1922 1080 1993 1115 will,
2026 1079 2079 1108 und
2100 1079 2139 1108 die
2159 1080 2346 1116 Versicherung
2368 1078 2468 1115 abgibt,

1345 1131 1370 1152 er
1394 1123 1474 1152 werde
1502 1124 1568 1156 nicht
1594 1125 1759 1161 ermangeln,
1790 1125 1849 1156 noch
1877 1132 1922 1154 vor
1950 1124 2004 1153 dem
2033 1123 2107 1154 Ende
2135 1124 2178 1152 de«
2200 1123 2374 1158 Schuljahres
2394 1123 2465 1152 einen

1346 1167 1517 1202 umfassenden
1538 1168 1642 1201 Bericht
1662 1167 1721 1198 über
1742 1169 1778 1198 die
1806 1166 1899 1203 höher»
1926 1168 2115 1203 Lehranstalten
2137 1168 2190 1197 und
2211 1168 2275 1205 dazu
2295 1168 2406 1205 zugleich
2428 1166 2466 1195 die

1347 1213 1430 1247 Frage
1459 1213 1648 1248 beantworten,
1681 1213 1811 1247 inwiefern
1838 1213 1876 1242 die
1895 1212 2063 1251 Einführung
2086 1213 2129 1242 der
2148 1213 2268 1247 Jesuiten
2289 1221 2323 1242 an
2345 1212 2467 1246 derselben

1346 1254 1385 1290 für
1401 1256 1439 1284 die
1453 1256 1644 1291 Wissenschaft,
1665 1257 1690 1289 so
1711 1258 1757 1286 wie
1776 1255 1816 1290 für
1836 1258 1875 1286 die
1895 1258 2036 1292 katholische
2056 1257 2278 1293 Jugendbildung
2297 1256 2461 1294 zweckmäßig

1345 1300 1376 1335 sei
1393 1301 1454 1330 oder
1473 1301 1556 1335 nicht,
1577 1300 1733 1338 demzufolge
1753 1309 1778 1330 er
1798 1303 1947 1338 beantrage:
1979 1302 2026 1331 de»
2046 1303 2262 1338 Jesuitenantrag
2282 1310 2333 1332 von
2353 1304 2372 1330 S
2391 1301 2464 1331 Mit¬

1343 1345 1458 1382 gliedern
1481 1345 1524 1374 des
1547 1345 1601 1375 Gr.
1616 1344 1709 1380 RathS
1729 1346 1879 1380 einstweilen
1900 1347 1947 1379 auf
1966 1347 2008 1380 sich
2030 1347 2139 1379 beruhen
2159 1354 2189 1382 zu
2204 1347 2289 1380 lassen.
2329 1346 2371 1380 In
2386 1346 2466 1374 einem

1344 1389 1461 1423 Berichte
1490 1390 1533 1419 deS
1561 1389 1605 1420 Kl.
1622 1389 1712 1423 RathS
1738 1398 1771 1420 an
1804 1389 1851 1419 den
1879 1390 1986 1424 Großen
2015 1390 2100 1419 wurde
2121 1390 2163 1419 der
2183 1392 2288 1427 Antrag
2310 1389 2354 1419 de«
2377 1389 2464 1425 Erzie-

1344 1437 1509 1471 hungSrathS
1523 1433 1700 1469 unterstützt."
1740 1435 1781 1469 In
1804 1434 1845 1463 der
1860 1435 2010 1470 Diskussion
2026 1436 2165 1471 empfahlen
2181 1435 2219 1464 die
2232 1436 2299 1472 Hrn.
2312 1436 2463 1470 Portmann

1344 1479 1396 1508 und
1415 1480 1501 1521 Hautt
1515 1479 1553 1508 die
1567 1479 1703 1514 Jesuiten,
1723 1479 1770 1509 den
1785 1480 1889 1516 Antrag
1905 1479 1949 1508 des
1965 1480 2207 1516 ErziehungSrath«
2222 1480 2260 1508 die
2278 1480 2348 1516 Hrn.
2363 1478 2457 1514 Mohr,

1346 1524 1474 1560 Elmigrr,
1496 1523 1611 1560 Vincenz
1633 1523 1810 1559 Rütlimann,
1835 1523 1974 1561 Siegwart
1993 1525 2045 1552 und
2067 1524 2140 1558 Kost.

1381 1569 1451 1602 Auch
1471 1568 1512 1597 der
1530 1567 1715 1596 Dionvellisto
1735 1568 1869 1597 Vaudois
1890 1569 1920 1602 ist
1933 1569 1973 1597 der
1989 1569 2139 1606 Meinung,
2158 1570 2206 1597 mit
2221 1569 2275 1598 dem
2289 1569 2464 1601 entworfenen

1344 1613 1495 1650 Preßgesetze
1515 1613 1584 1642 wäre
1604 1613 1642 1642 die
1659 1613 1783 1651 geringste
1797 1613 1883 1643 Kritik
1897 1613 2068 1649 hinreichend,
2091 1613 2138 1642 da«
2153 1614 2257 1643 Verbot
2272 1613 2340 1642 eine«
2354 1612 2467 1642 Blatte«

1342 1665 1373 1694 zu
1394 1657 1550 1695 begründen.

1378 1702 1465 1739 Zug.
1494 1702 1599 1736 (Korr.)
1628 1701 1774 1738 Jüngsthin
1790 1702 1875 1731 wollte
1889 1702 1928 1731 ein
1944 1702 2327 1739 luzernerischerPolizeidiener
2341 1701 2394 1731 eine
2407 1703 2467 1730 An¬

1342 1747 1399 1782 zahl
1421 1747 1605 1782 Heimathloser
1632 1745 1692 1775 über
1719 1747 1756 1775 die
1777 1746 1881 1783 Grenze
1908 1748 1968 1781 nach
1992 1747 2044 1776 dem
2065 1746 2100 1777 K.
2120 1746 2185 1783 Zug
2208 1747 2305 1780 weisen.
2345 1747 2389 1775 An
2409 1746 2465 1774 der¬

1343 1791 1422 1824 selben
1444 1790 1500 1825 stieß
1519 1798 1544 1818 er
1563 1792 1609 1824 auf
1628 1791 1698 1820 einen
1717 1791 1963 1828 Zugerlandjäger,
1984 1791 2024 1820 der
2044 1793 2103 1820 eben
2125 1792 2186 1825 auch
2208 1791 2241 1819 im
2261 1791 2379 1828 Begriffe
2400 1797 2464 1824 war,

1343 1835 1396 1864 eine
1412 1834 1514 1868 Schaar
1534 1834 1608 1869 dieser
1623 1834 1812 1872 Unglücklichen
1834 1837 1879 1869 auf
1897 1836 2085 1872 luzernerische«
2101 1835 2196 1865 Gebiet
2210 1843 2241 1871 zu
2255 1835 2341 1872 jagen.
2381 1834 2464 1864 Beide

1341 1879 1676 1915 Kantonsrepräsentanten
1705 1880 1802 1913 stritten
1832 1887 1886 1908 nun
1915 1880 1990 1916 lange
2012 1881 2055 1915 hin
2077 1879 2130 1908 uud
2151 1882 2210 1915 her,
2238 1880 2321 1909 indem
2341 1876 2409 1913 jeder
2429 1893 2465 1900 —

1341 1924 1507 1958 dienstgetreu
1522 1938 1559 1944 —
1574 1924 1619 1953 den
1635 1926 1783 1962 Uebergang
1800 1925 1936 1961 vollziehen
1953 1924 2005 1953 und
2019 1924 2127 1961 zugleich
2142 1924 2232 1953 wieder
2246 1924 2352 1959 hindern
2368 1923 2462 1952 wollte.

1341 1968 1413 2001 Nach
1435 1968 1534 2004 langem
1555 1968 1629 2003 Hin-
1649 1968 1703 1997 und
1723 1969 1850 2004 Herredc»
1873 1968 1977 1997 wurden
1998 1970 2028 2003 sie
2047 1967 2142 2003 endlich
2163 1969 2248 2005 einig,
2278 1968 2316 1997 die
2336 1965 2464 2004 Unglück¬

1341 2012 1414 2046 lichen
1437 2014 1495 2041 eben
1516 2014 1593 2047 gehen
1615 2020 1646 2048 zu
1668 2013 1760 2048 lassen,
1780 2013 1866 2047 wohin
1887 2016 1913 2041 eS
1934 2012 2009 2046 ihnen
2031 2011 2131 2041 beliebe.

1377 2056 1429 2086 Die
1449 2056 1547 2086 Basler
1566 2057 1686 2092 Zeitung
1708 2056 1809 2091 enthebt
1830 2056 1955 2090 deutschen
1976 2056 2102 2086 Blättern
2123 2055 2275 2093 folgende«:
2295 2056 2378 2092 „Die
2397 2057 2464 2085 Aar-

1339 2109 1417 2137 gauer
1437 2101 1611 2137 Klosterfrage
1630 2102 1674 2136 soll
1697 2100 1851 2137 neuerding«
1872 2101 2041 2137 Gegenstand
2064 2100 2263 2135 diplomatischer
2277 2100 2461 2132 Kommunika¬

1340 2146 1425 2175 tionen
1445 2146 1493 2174 mit
1512 2145 1567 2174 dem
1582 2146 1698 2175 Vororte
1716 2145 1759 2174 der
1771 2145 1974 2182 schweizerischen
1990 2145 2241 2183 Eidgenossenschaft
2251 2146 2387 2182 geworden
2402 2145 2462 2179 sein.

1341 2190 1404 2220 Eine
1418 2190 1508 2219 andere
1522 2190 1740 2227 Angelegenheit,
1762 2190 1866 2225 welche,
1887 2190 1934 2219 wie
1954 2191 2091 2225 verlautet,
2113 2190 2181 2224 nicht
2201 2190 2299 2219 minder
2319 2189 2462 2226 dringende

1340 2235 1539 2272 Vorstellungen
1566 2243 1599 2264 an
1631 2235 1677 2264 den
1700 2236 1802 2265 Vorort
1829 2234 1962 2269 vrranlaßt
1988 2235 2074 2271 hätte,
2104 2234 2133 2267 ist
2160 2234 2197 2263 die
2218 2236 2400 2271 Ausbreitung
2421 2234 2463 2263 der

1340 2280 1563 2314 kommunistischen
1585 2279 1685 2309 Sekten
1706 2279 1731 2309 in
1752 2278 1934 2313 verschiedenen
1956 2278 2094 2308 Kantonen
2117 2279 2159 2307 der
2182 2278 2319 2317 Schweiz;
2339 2287 2398 2308 man
2418 2279 2463 2313 soll

1340 2324 1473 2358 bestimmte
1487 2324 1624 2358 Kenntniß
1645 2324 1728 2353 davon
1750 2323 1848 2360 haben,
1869 2324 1917 2358 daß
1931 2323 1973 2352 der
1986 2323 2132 2360 antisoziale
2145 2323 2364 2354 Kommuni«mu«
2379 2323 2460 2358 Genf,

1339 2369 1478 2403 Baselland
1506 2369 1560 2398 und
1580 2369 1687 2405 Lugano
1712 2376 1743 2406 zu
1770 2377 1848 2399 neuen
1870 2369 2131 2405 Ausgangspunkten
2157 2367 2197 2401 für
2217 2369 2280 2402 seine
2299 2367 2461 2399 verderbliche

1339 2413 1521 2450 Propaganda
1541 2415 1689 2448 ausersehen
1709 2415 1779 2448 habe.
1824 2413 1894 2443 Dem
1914 2413 2080 2447 Vernehmen
2101 2413 2164 2446 nach
2182 2414 2263 2447 haben
2283 2411 2462 2445 »'»«besondere

1340 2458 1377 2487 die
1390 2458 1539 2495 Vorgänge
1559 2458 1612 2487 und
1627 2459 1752 2488 Umtriebe
1771 2459 1797 2487 in
1813 2458 1887 2491 Genf
1906 2458 1961 2487 eine
1979 2457 2115 2494 energische
2130 2457 2297 2493 Vorstellung
2313 2462 2366 2487 von
2383 2455 2462 2485 Seite

1341 2503 1383 2532 deS
1404 2502 1659 2533 Tuilerienkabinet«
1680 2511 1725 2540 zur
1746 2503 1828 2539 Folge
1846 2503 1970 2539 gehabt."

1376 2546 1448 2577 Man
1471 2548 1572 2582 schreibt
1593 2551 1644 2577 «ns
1658 2551 1710 2577 au«
1723 2547 1803 2581 Basel
1818 2554 1875 2577 vom
1893 2551 1915 2575 1.
1930 2547 2021 2582 Febr.:
2040 2544 2111 2581 „In
2126 2545 2195 2574 einer
2208 2545 2330 2583 gestrige»
2345 2544 2459 2580 Sitzung

1339 2594 1382 2627 hat
1408 2591 1452 2620 der
1471 2593 1726 2630 VerwaltungSrath
1753 2592 1795 2621 der
1814 2589 2276 2626 Dampfschifffahrts-Gesellschaft,
2302 2588 2410 2619 Re'nard
2430 2588 2460 2617 de

1337 2636 1468 2674 Bussiere,
1489 2637 1605 2668 Oswald
1621 2636 1759 2668 Gebrüder
1778 2636 1831 2666 und
1844 2635 1953 2670 Komp.,
1974 2635 2000 2663 in
2021 2636 2105 2672 Folge
2124 2635 2213 2672 großer
2241 2634 2368 2663 erlittener
2389 2633 2459 2663 Ver¬

1338 2681 1396 2715 luste
1417 2681 1456 2711 die
1475 2681 1637 2717 Liquidation
1659 2681 1812 2717 beschlossen.
1850 2680 1977 2716 Dagegen
1999 2679 2097 2714 erfährt
2117 2687 2192 2715 man,
2217 2678 2266 2713 daß
2286 2678 2325 2708 die
2344 2677 2459 2712 Dampf¬

1338 2726 1651 2762 schifffahrt-Gesellschaft
1678 2726 1744 2762 „die
1763 2724 1843 2755 Adler
1862 2723 1905 2753 de«
1925 2724 2113 2760 Oberrhein«"
2140 2724 2178 2752 ein
2203 2723 2295 2752 dritte«
2319 2723 2412 2757 Schiff
2432 2722 2459 2751 in

1337 2770 1400 2800 Bau
1420 2773 1529 2808 gegeben
1551 2773 1612 2806 hat,
1633 2772 1767 2806 bestimmt,
1787 2769 1834 2798 wie
1854 2768 1905 2803 ihre
1925 2768 2022 2798 andern
2038 2768 2150 2804 Schiffe,
2171 2767 2210 2797 die
2232 2768 2410 2802 Schnellfahrt
2431 2765 2458 2795 in

1337 2815 1416 2844 einem
1436 2815 1498 2853 Tag
1517 2822 1571 2845 von
1591 2815 1670 2851 Basel
1691 2816 1729 2844 bi«
1750 2813 1845 2850 Mainz
1865 2821 1897 2850 zu
1918 2815 2047 2847 machen."

1375 2859 1635 2896 Schaffhansen.
1674 2860 1733 2889 Wie
1758 2859 1809 2895 hier
1834 2858 1872 2887 die
1893 2857 1972 2894 Sage
1997 2859 2074 2893 geht,
2106 2857 2151 2891 soll
2177 2857 2226 2886 mit
2246 2856 2378 2890 Nächstem
2397 2855 2458 2889 auch

1336 2904 1387 2933 eine
1407 2903 1531 2941 Revision
1562 2905 1604 2934 der
1624 2905 1779 2940 Verfassung
1812 2902 1857 2932 de«
1882 2902 1917 2933 K.
1940 2901 2132 2937 Schaffhausen
2159 2901 2193 2930 im
2222 2900 2277 2931 Gr.
2296 2899 2385 2934 Rathe
2413 2906 2459 2936 zur

1337 2947 1454 2983 Sprache
1481 2950 1599 2987 gebracht
1626 2949 1735 2979 werden.
1773 2946 1974 2984 Beschränkung
1995 2946 2037 2975 der
2057 2945 2238 2980 Wahlsreiheit
2258 2945 2296 2974 bei
2316 2944 2455 2979 Besetzung

1336 2992 1378 3022 der
1397 2993 1625 3030 Gerichtsstände,
1643 2993 1797 3029 Besoldung
1816 2992 1860 3021 der
1879 2989 2178 3026 Großrathsmitglieder
2197 2992 2248 3019 au«
2267 2988 2322 3018 dem
2344 2987 2457 3018 Staats-

1336 3045 1406 3067 aerar
1425 3046 1459 3068 an
1480 3038 1519 3069 di«
1540 3038 1628 3069 Stelle
1647 3038 1690 3067 der
1710 3037 1793 3071 bisher
1812 3043 1863 3066 von
1885 3036 1931 3065 den
1953 3033 2113 3066 Gemeinden
2142 3035 2274 3071 bezahlten
2293 3030 2458 3067 Reisegelder

1336 3082 1389 3111 und
1409 3082 1568 3121 Aufhebung
1589 3083 1632 3112 de«
1652 3082 1770 3112 Verbot«
1790 3080 1832 3110 der
1845 3080 1997 3116 Znlassnng
2019 3087 2068 3109 von
2084 3078 2235 3108 Advokaten
2255 3084 2300 3107 vor
2319 3076 2366 3105 den
2386 3074 2457 3109 hiesi¬

1334 3135 1383 3164 gen
1403 3126 1614 3164 Gerichttstellen
1639 3127 1714 3163 sollen
1741 3126 1778 3155 die
1798 3124 1907 3155 Motive
1926 3132 1958 3161 zu
1978 3123 2021 3153 der
2040 3122 2151 3154 Motion
2172 3122 2265 3151 bilden.
2304 3120 2379 3156 Geht
2397 3117 2459 3153 diese

1335 3171 1426 3207 durch,
1446 3172 1471 3206 so
1492 3172 1522 3207 ist
1544 3172 1732 3207 Schaffhausen
1753 3171 1795 3199 der
1814 3169 1892 3198 vierte
1911 3169 2038 3205 Kanton,
2059 3168 2103 3197 der
2123 3167 2157 3197 im
2176 3166 2253 3199 Lauf«
2272 3164 2350 3199 diese«
2369 3163 2458 3198 Jahr«

1333 3216 1385 3246 eine
1404 3215 1530 3254 Revision
1552 3217 1595 3247 der
1615 3217 1773 3253 Verfassung
1792 3213 1943 3245 vornimmt.
2250 3209 2348 3244 (Ba«l.
2366 3208 2419 3243 Z.)
