1884 2362
1351 74 1374 91 «'■i:
1380 76 1401 90 ■*■€

1310 140 1536 236 l8o

1753 114 1757 124 ;
1764 125 1767 128 -

159 493 399 542 Dienstag

1278 500 1339 540 dm
1367 505 1425 544 -8.
1450 498 1680 548 SeptWber.

267 620 379 647 Gedruckt
402 624 446 650 und
470 619 496 651 zu
523 619 596 648 finden
622 621 644 643 In
666 623 704 644 der
724 621 899 652 Buchhandlung
922 622 967 646 von
986 622 1093 654 Lrell,
1118 620 1213 652 Füßti
1236 626 1290 648 und,
1304 625 1499 656 Compagnie.

109 666 114 681 r
209 674 246 688 .
274 684 278 688 /
291 675 307 682 —
335 675 338 681 ■
538 664 566 682 ...
619 664 622 666 '
626 674 630 681 ■
650 675 653 680 ■
653 675 659 680 »
661 675 694 682 .....
718 676 722 682 11
781 675 790 682 .1
845 674 850 681 -
862 670 864 685 >
1171 671 1198 685 ^»
1201 678 1203 685 1
1204 670 1228 686 11»
1240 691 1243 694 _
1255 668 1257 686 '
1267 680 1280 686 i.
1281 680 1300 693 T
1306 680 1307 686 i
1317 673 1320 676 '
1332 668 1337 671 '
1369 676 1406 695 «i
1417 692 1419 695 i
1428 672 1431 674 '
1446 671 1467 696 ^
1770 678 1773 690 ;

17 696 181 734 Frankreich
194 699 253 735 (der
265 700 366 732 Kaiser
376 701 407 731 in
419 698 540 732 Aachen.
579 697 805 738 Merkwürdiger
818 700 923 733 Artikel
934 707 991 732 aus
1000 704 1061 732 dem
1075 704 1187 740 Argus.
1227 701 1381 742 Teuflische
1392 703 1541 741 Bcsheit).
1581 703 1751 744 Batavifche

18 734 158 772 Republik
168 735 353 773 (verworfene
365 736 594 775 Entschädigung
606 741 654 767 dce
665 737 812 774 Erbstatth
817 739 930 777 altere).
971 737 1211 775 Gro'ßbrittanien
1221 740 1342 782 (Allianz
1355 743 1409 773 mit
1422 742 1581 782 Rußland).
1607 742 1750 784 Schwtij.

275 810 600 845 Frankreich.
905 814 986 853 durch
1010 815 1052 847 die
1077 815 1256 847 unermüdete
1271 814 1429 855 Erfüllung
1444 815 1533 848 seiner
1550 808 1762 854 Dienstpflicht'

56 847 100 882 In
118 850 178 877 dem
195 853 250 879 von
271 854 330 879 uns
342 850 447 886 letzthin
469 849 660 886 angeführten
673 851 812 888 Gespräch
828 853 864 885 ei-
906 854 962 889 auf
984 856 1031 883 der
1053 852 1199 890 äussersten
1228 853 1321 888 Rhede
1339 857 1390 884 dcö
1411 855 1493 888 Kaps
1511 854 1614 887 Chinee
1636 860 1751 893 zugezv-

16 889 77 916 ncs.
85 883 472 921 Frankfurter-Kaufmanns
489 887 545 918 mit
561 888 650 919 einem
666 889 863 929 französischen
905 899 958 930 gen
973 891 1050 924 hatte
1058 912 1069 925 ,
1089 891 1235 930 verlangte
1251 892 1295 922 die
1307 890 1516 927 SchiffSa.mee
1534 892 1588 922 wie
1598 892 1652 924 mit
1661 891 1751 923 Einer

16 922 269 958 Unterpräfekten',
291 923 348 961 sind
365 924 449 960 bcyde
467 924 599 960 bemüht,
633 925 681 962 sich
704 926 863 964 weehfelfei-
906 929 1057 964 Stimme,
1071 929 1127 966 daß
1140 933 1186 960 der
1200 928 1340 967 Leichnam
1354 929 1456 961 wieder
1469 929 1682 968 ausgegraben,
1691 931 1750 961 tin¬

16 959 60 998 tig
75 963 130 990 den
147 961 222 992 Ball
245 962 439 1001 zuzuwcrfcn:
470 963 540 997 Daß
556 963 679 1000 nämlich
699 966 743 997 die
757 967 789 996 in
807 967 863 997 die«
904 967 936 998 in
954 967 1044 998 einem
1063 965 1208 1004 bleyernrn
1227 969 1311 1006 Sarg
1331 967 1388 1002 auf
1401 966 1559 1002 erwähnter
1573 966 1670 999 Stelle
1685 965 1751 997 bev-

16 1000 72 1035 sein
90 997 230 1033 Gespräch
246 999 435 1043 angeführten
453 1000 733 1040 antigallikanischen
749 1002 864 1039 Schrif-
903 1004 1000 1044 gesetzt
1009 1006 1130 1038 werde»
1141 1004 1237 1042 sollte,
1280 1010 1343 1038 waö
1365 1003 1432 1044 auch
1454 1005 1542 1043 sofort
1557 1003 1749 1044 bewerkstelu-

15 1040 61 1067 ten
83 1034 240 1070 (worunter
260 1036 310 1074 sich
339 1037 509 1076 namentlich
541 1039 609 1076 auch
639 1043 693 1072 das
717 1041 863 1077 berühmte
905 1047 952 1083 get
967 1047 1076 1075 wurde.

15 1073 115 1108 Buch:
139 1075 333 1107 Napoleon
351 1077 654 1114 Bonaparte^und
674 1083 741 1111 das
767 1080 864 1115 fran-
943 1085 1031 1119 (lnter
1052 1085 1103 1112 den
1120 1081 1365 1121 ausgezeichneten
1388 1081 1547 1119 Personen,
1574 1079 1672 1119 welche
1695 1079 1751 1119 sich

63 1110 166 1144 fische
187 1110 278 1142 Volk
296 1112 430 1150 befindet)
451 1120 506 1147 von
527 1113 689 1153 geftheuten
710 1116 863 1158 Franzose»
905 1116 1015 1154 seither
1028 1113 1551 1156 AnkunftdeeKaiserNapoleons
1571 1118 1602 1150 in
1617 1117 1749 1155 Aachen

1841 964 1843 986 '
1852 968 1867 986 A

1731 1737 1746 1752 r
1773 1750 1782 1753 -

14 1297 91 1332 rrlcht
111 1298 139 1332 so
159 1298 214 1332 tref
231 1298 339 1333 herab,
360 1303 547 1341 wohlwissend
568 1306 624 1344 daß
639 1306 863 1347 Schmähschrift
882 1307 887 1313 '
904 1307 1059 1346 Marschall
1079 1309 1195 1340 rann
1211 1315 1254 1348 e,6
1278 1312 1337 1340 und
1358 1307 1402 1340 die
1421 1307 1559 1341 Generale
1574 1305 1605 1340 D
1619 1307 1729 1340 fitot

15 1339 62 1367 teil
80 1338 129 1366 der
147 1337 220 1370 Lohn
244 1340 294 1368 dce
316 1339 449 1373 Ruhmes
468 1341 559 1378 sind",
579 1344 678 1380 u.f.f.
769 1347 776 1378 .
903 1346 1088 1381 Mortirr,
1115 1344 1385 1383 Caulincourt,
1412 1343 1587 1383 Möneey.,
1616 1347 1747 1389 Eugei.

54 1372 97 1409 In
113 1373 203 1404 einem
216 1374 353 1413 neuerlich
365 1384 399 1415 zu
410 1379 517 1414 Paris,
538 1386 652 1411 unterm
664 1382 760 1413 Titel:
789 1383 860 1416 Ein
904 1383 1191 1420 Deauharnois,
1212 1385 1429 1421 Lauriston,
1450 1386 1552 1420 Rapp
1574 1387 1632 1415 und
1653 1380 1747 1420 Caf-

15 1410 147 1450 Wenig
175 1417 252 1443 vom
266 1413 536 1452 Vergangnen,
560 1418 860 1458 einWenigvom
906 1420 1055 1457 farelli;
1076 1428 1132 1454 von
1143 1422 1344 1462 auswärtigen
1359 1423 1519 1459 Gesandten
1537 1421 1747 1459 beyderfra«-

15 1448 353 1489 Eegenwär.tigen,
380 1452 575 1487 erschienenen.
585 1458 765 1494 Pamphlete,
787 1458 861 1496 heißt
903 1457 1035 1498 zösifchen
1053 1457 1210 1496 Republik:
1231 1459 1401 1500 Diejenigen
1416 1465 1463 1492 der
1474 1460 1547 1498 Höfe
1559 1465 1615 1490 von
1629 1460 1745 1494 Wien,

16 1492 48 1517 es
70 1487 171 1518 neben,
184 1491 318 1518 anderm:
351 1491 506 1529 »umlonst
526 1492 651 1529 möchten
673 1495 754 1530 unsre
769 1495 862 1533 Nack)-
904 1497 1044 1534 Neapel
1065 1501 1121 1528 und
1142 1497 1338 1534 Lissabon,
1359 1502 1414 1530 und
1430 1496 1530 1536 endlich
1548 1499 1674 1532 mehrere
1685 1498 1748 1534 ruf-

12 1525 89 1556 barn
109 1524 194 1562 durch
217 1524 329 1563 allerley
352 1525 483 1565 künstlich
509 1532 724 1570 aufgeworfene
748 1534 863 1572 Zweifel
904 1535 983 1577 fische
1002 1538 1058 1566 und
1081 1528 1240 1572 polnische,,
1269 1537 1350 1575 meist
1371 1535 1635 1572 Militärpersonen.
1679 1537 1749 1570 Wie

15 1561 100 1599 (über
126 1563 168 1594 die
191 1563 435 1603 Rechlmäßigkeit
454 1569 502 1597 der
524 1569 600 1599 Titel
626 1578 660 1609 zu
667 1597 675 1608 ,
686 1576 755 1610 dem,
770 1580 861 1603 neuen
904 1574 961 1606 viel
980 1573 1056 1605 eitele
1073 1574 1331 1613 Denuuthuvgen,
1350 1579 1416 1606 was
1432 1575 1481 1608 für
1487 1571 1746 1613 Angelegenheiten

15 1598 213 1638 französischen
226 1601 419 1638 Kaiferthum)
437 1604 597 1643 Frankreich
618 1608 685 1639 noch
705 1609 812 1641 einmal
830 1610 861 1642 in
904 1617 960 1643 von
982 1609 1163 1649 Wichtigkeit
1179 1615 1241 1643 dort
1257 1618 1309 1652 zur
1328 1612 1456 1650 Sprache
1473 1611 1601 1644 kommen
1618 1611 1746 1648 dürften,

13 1638 161 1678 Währung
186 1638 282 1677 fetzen;
314 1640 349 1678 sie
368 1640 507 1679 bctriegen
533 1643 595 1680 sich.
635 1646 755 1682 Zwölf
774 1647 860 1679 Mil-
902 1648 1023 1685 hierauf
1034 1648 1142 1687 gebaut
1153 1651 1281 1685 werden,
1300 1647 1372 1681 kann
1382 1657 1451 1683 man
1463 1650 1515 1688 sich
1525 1646 1638 1681 denken.
1674 1648 1745 1681 Dö»

12 1677 138 1713 lioncn
161 1685 274 1709 neuer
295 1679 566 1718 Eigenthümer
583 1681 675 1719 finden
694 1684 723 1714 in
739 1680 860 1715 der'ein-
903 1690 964 1718 dem
981 1687 1103 1717 General
1121 1685 1337 1724 Lauriston,
1356 1691 1404 1720 der
1419 1687 1471 1727 sich
1490 1685 1664 1726 bekanntlich
1671 1687 1750 1719 eirü»

13 1711 163 1754 geehrten
191 1716 326 1753 erblichen
355 1719 470 1749 Gewalt
490 1723 547 1749 und
566 1718 597 1750 in
617 1720 717 1755 unsrer
736 1721 859 1760 übrigen
883 1755 888 1757 .
901 1731 937 1763 ge
947 1723 1010 1760 Zeit
1022 1730 1054 1764 zu
1068 1722 1153 1755 Wien
1165 1724 1299 1761 aufhält,
1320 1727 1405 1765 sagen
1416 1727 1556 1766 übrigens
1566 1726 1652 1756 andre
1665 1724 1747 1759 frau-

13 1752 191 1792 Verfassung
214 1753 292 1785 einen
313 1755 578 1791 unveränderlichen
596 1757 779 1795 Ruhepunkt,
800 1763 857 1791 und
900 1760 1012 1800 zösifche
1026 1761 1161 1798 Blätter,
1195 1763 1250 1801 daß
1271 1764 1390 1800 derselbe
1402 1770 1457 1798 von
1480 1769 1544 1796 dort
1561 1762 1631 1802 nach
1647 1763 1745 1808 Kotz»

14 1791 123 1822 werden
142 1797 197 1823 von
217 1801 277 1822 nun
303 1801 340 1824 an
360 1793 437 1831 nicht
456 1795 609 1830 aufbören,
634 1797 692 1828 eine
715 1798 857 1838 Ordnung
883 1800 891 1838 .
902 1799 1125 1838 stantinopcl
1143 1800 1330 1842 abgegangen
1350 1804 1406 1840 sey.

14 1830 63 1857 der
74 1830 170 1868 Dinge
187 1838 221 1870 zu
240 1830 353 1869 stützen,
372 1832 470 1869 welche
484 1835 637 1868 hinwieder
653 1835 786 1872 dieselben
806 1836 861 1874 auf
889 1868 895 1872 .
940 1836 997 1869 Ein
1018 1837 1047 1869 in
1069 1836 1140 1870 aller
1158 1839 1274 1874 Einfalt
1289 1840 1489 1880 geschriebener
1500 1838 1591 1877 Brief
1608 1840 1668 1874 assS
1681 1841 1747 1872 Aa»

15 1865 116 1898 immer
137 1867 243 1905 stützt".
435 1904 444 1907 ,
901 1874 975 1910 chen
990 1882 1056 1906 vom
1074 1885 1103 1913 7.
1120 1878 1207 1911 Sept.
1222 1879 1255 1917 ist
1266 1881 1409 1918 deswegen
1424 1877 1560 1916 vielleicht
1578 1886 1636 1909 nur
1650 1886 1701 1909 um
1708 1876 1743 1913 so

54 1902 97 1939 In
116 1902 320 1942 verschiedenen
336 1908 458 1949 franzöf.
472 1909 615 1942 Blättern
629 1910 721 1950 finden
728 1910 785 1950 .sich
800 1911 859 1947 sehr
899 1909 1248 1952 viel'charakteristischer.
1293 1917 1338 1949 Es
1355 1916 1430 1956 heißt
1448 1915 1549 1951 darin,
1579 1916 1669 1948 neben
1691 1923 1765 1948 an»-

16 1940 179 1980 anziehende
190 1945 325 1987 Notizzen
340 1946 409 1978 über
421 1950 470 1978 den
481 1949 670 1987 vcrttrflichen
685 1947 857 1987 öffentlichen
900 1955 998 1983 denn:
1021 1954 1108 1989 „Der
1121 1953 1219 1987 Kaiser
1227 1955 1276 1990 hat
1286 1954 1365 1988 einen
1379 1955 1503 1998 strengen
1514 1954 1605 1990 Blick,
1613 1954 1743 1998 flberaus

14 1984 71 2012 und
90 1980 333 2020 Privatcharaktcr
346 1989 396 2016 des
409 1982 554 2025 jüngsthin
569 1988 761 2024 verstorbenen
777 1989 858 2032 Vize-
900 1990 957 2023 viel
966 1991 1123 2027 Gravität,
1143 1994 1199 2022 und
1211 1998 1342 2025 erwartet
1354 1992 1555 2036 Pünktsichkeit
1566 1994 1624 2025 und
1633 1992 1744 2024 Gerad»

15 2019 142 2051 Admiral
166 2020 201 2050 la
225 2022 361 2061 Touche
387 2025 565 2058 Trrville.
618 2027 760 2064 Nachdem
787 2027 858 2063 ferne
900 2029 959 2066 heit
970 2029 999 2060 in
1011 2033 1060 2061 den
1069 2032 1243 2063 Antworten.
1283 2031 1375 2064 Seine
1386 2028 1494 2072 Fragen
1509 2030 1567 2070 sind
1581 2028 1626 2066 oft
1637 2036 1743 2063 unvor»

15 2056 105 2093 Leiche
120 2056 225 2088 bereits
249 2062 306 2096 auf
324 2066 385 2094 dem
405 2062 610 2102 gewöhnlichen
628 2066 810 2099 Todtenacker
823 2073 858 2106 zu
902 2068 1037 2107 gesehen,
1064 2070 1121 2099 und
1141 2065 1303 2103 erschüttern
1319 2071 1365 2102 die
1376 2067 1632 2105 Unvorbereiteten.
1682 2067 1742 2102 Ei»

13 2094 158 2131 Toulon
182 2096 322 2135 begraben
343 2105 473 2138 worden,
495 2106 553 2134 und
576 2102 644 2135 aber
665 2105 719 2142 erst
738 2109 787 2136 des
807 2104 858 2139 fol-
901 2104 1220 2143 Departementalrath,
1246 2108 1304 2142 auf
1323 2109 1472 2151 Befragen
1481 2119 1496 2145 ^
1510 2107 1629 2146 welchen
1642 2106 1746 2143 Beruf

10 2141 32 2204 S
35 2136 119 2165 enden
141 2136 226 2178 Tage
247 2136 399 2176 allgemein
420 2139 493 2172 kund
507 2145 624 2177 wurde,
652 2144 770 2176 wie.der
787 2144 858 2176 Der-
902 2151 932 2178 er
953 2143 1059 2177 treibe?
1081 2149 1265 2181 antwortete,
1287 2153 1316 2179 er
1332 2147 1409 2180 wäre
1426 2149 1470 2180 ei»
1490 2148 1741 2185 Ackersmann.-7-

34 2171 165 2211 lirchene,
188 2172 248 2215 sich,
256 2174 348 2213 feinen
370 2179 451 2217 Tod,
473 2179 512 2213 im
534 2179 753 2222 buchstäblichen
775 2182 859 2217 Sinn
902 2183 968 2219 Wie
977 2184 1021 2218 die
1031 2184 1137 2219 Erndtt
1148 2184 1330 2226 ausgefallen
1339 2184 1435 2221 wäre?
1447 2186 1488 2220 —
1501 2186 1581 2223 Gut,
1599 2188 1656 2219 und
1668 2193 1740 2221 man
1760 2218 1767 2223 .

959 2326 968 2339 t
