2051 2362
292 146 965 260 Züricher
1084 145 1155 253 Z
1210 132 1245 241 e
1292 118 1731 261 LWWW

867 305 999 365 M».
1069 315 1167 359 22.

179 389 445 440 Mittwoch.

157 450 176 481 6
196 449 351 491 Februar,
373 459 461 492 1799.

1579 386 1770 432 Oetodi.

1463 450 1500 482 18
1520 446 1678 487 Pluviose,
1698 446 1783 489 Jahr
1794 446 1867 481 VIl.

195 549 599 586 Großbritannien,—Irland;
625 551 830 586 Insurrektion,
859 548 1084 582 Veränderungen
1102 548 1138 577 im

226 591 416 627 Deutschland;
437 594 688 629 Wien,Hamburg.
698 606 732 614 —
750 592 872 627 Italien;
890 593 978 624 Nom,
997 591 1098 621 Turin.
1108 602 1143 610 —

1190 545 1398 581 tinisterium.—
1424 545 1579 581 Frankreich.
1593 557 1628 565 —
1656 544 1839 579 Spanien.—

1190 589 1303 618 llvetien.

195 695 648 729 Großbritannien.
684 697 831 728 London.
849 695 992 729 gJanuar.

162 738 245 774 (über
254 740 453 773 Deutschland.)
489 741 528 769 Es
544 740 686 770 verbreitet
700 739 742 774 sich
761 739 807 768 das
817 737 941 769 Gerücht,
954 737 994 765 als

161 781 190 808 ob
209 780 342 815 künftigen
360 782 461 811 Monat
483 782 522 812 die
534 782 705 815 Ausführung
722 782 789 810 einer
806 779 935 813 geheimen
946 778 995 807 Er-

160 823 275 857 pedition
282 824 338 853 dem
348 825 459 857 Prinzen
469 824 573 853 Eduard
586 825 743 853 anvertraut
754 821 854 851 werden
866 820 994 850 würde.—

161 866 230 900 Zwei
253 872 316 895 neue
330 867 499 899 Neginienrer
517 866 596 898 haben
615 866 710 898 Befehl
724 865 850 897 erhallen,
874 863 917 896 sich
931 863 995 896 nebst

163 908 233 937 einer
244 908 401 941 Compagnie
415 908 587 940 Artilleristen
603 910 658 939 nach
671 906 849 937 Gibraltar
860 905 996 938 einzuschif-

162 949 221 983 f«n,
240 949 321 983 dessen
333 950 468 983 Garnison
480 949 555 983 durch
569 950 615 978 den
626 951 738 983 Abgang
749 950 789 977 der
801 950 860 979 nach
870 947 996 985 Mintzrka

163 989 308 1025 gesegeltes
329 990 456 1025 Truppen
470 993 523 1027 sehr
534 991 681 1026 geschwächt
699 991 739 1024 ist.
776 989 851 1020 Man
874 990 944 1023 hatte
967 989 998 1018 ei¬

164 1034 224 1067 nige
244 1040 293 1063 von
311 1034 405 1067 unfern
426 1034 455 1062 in
476 1033 611 1067 Portugall
630 1032 792 1067 befindlichen
805 1032 934 1065 Truppen
944 1031 999 1065 hin-

164 1075 301 1110 beordert;
332 1076 377 1104 der
396 1076 478 1110 dasige
497 1075 552 1110 Hof
567 1077 609 1109 hat
637 1075 679 1109 sich
704 1076 762 1106 aber
781 1076 830 1104 aus
847 1075 939 1109 Frucht
953 1079 998 1103 vor

165 1118 315 1152 Frankreich
331 1118 410 1152 heftig
435 1118 570 1152 widersezt.

201 1160 422 1192 Ebendaher,.
446 1167 478 1191 15
501 1160 571 1193 Jan.
606 1160 672 1188 Lord
693 1157 887 1191 Camelford
910 1157 943 1189 ist
971 1158 1000 1185 in

166 1200 278 1234 Dover,
297 1202 340 1231 als
353 1207 385 1230 er
396 1202 457 1231 eben
473 1201 509 1230 im
527 1201 626 1235 Vegrif
642 1207 715 1234 war,
735 1200 793 1234 nach
803 1198 952 1233 Frankreich
969 1204 999 1230 zu

165 1245 345 1275 entkommen,
372 1244 487 1275 eutdekt,
512 1243 658 1277 verhaftet,
688 1243 738 1271 und
760 1242 818 1274 nach
839 1240 937 1269 London
962 1247 1000 1274 ge¬

166 1287 252 1319 bracht
279 1286 392 1314 worden.
438 1285 491 1314 Bei
519 1285 603 1315 seiner
629 1284 747 1318 Ankunft
773 1282 843 1312 ward
876 1283 1001 1316 geheimer

166 1328 331 1360 Staatsrath
351 1327 492 1359 gehalten,
523 1327 574 1355 und
598 1327 663 1356 Lord
682 1327 814 1356 Grenville
835 1325 909 1358 durch
928 1326 1002 1354 einen

167 1370 304 1404 Erpressen
318 1370 375 1400 nach
393 1369 437 1398 der
453 1367 541 1397 Stadt
554 1369 648 1401 geholt.
685 1370 722 1397 Er
732 1370 786 1398 kam
798 1367 902 1396 Abends
918 1374 963 1396 um
972 1376 1003 1393 i->

167 1414 239 1447 Uhr,
259 1415 332 1445 halte
350 1412 406 1440 eine
424 1412 493 1443 lange
505 1409 644 1444 Konferenz
660 1410 710 1438 mit
727 1411 805 1443 Pitt,
825 1409 864 1442 sah
877 1409 934 1437 aber
957 1408 1000 1441 sei¬

169 1462 217 1485 nen
231 1454 428 1485 VerwaMen,
448 1453 494 1481 den
510 1452 574 1480 Lord
593 1452 742 1486 Camelford
766 1453 848 1486 nicht,
879 1452 923 1481 der
942 1452 1000 1485 noch

170 1499 209 1529 bei
226 1498 308 1527 einem
320 1496 499 1526 Staatsboten
514 1495 542 1523 in
552 1494 735 1529 Verwahrung
748 1496 787 1529 ist.

202 1541 244 1575 In
257 1539 431 1573 Brasilien
454 1538 497 1571 hat
517 1536 558 1569 sich
578 1537 605 1565 in
627 1537 671 1566 der
689 1538 803 1570 Provinz
823 1537 952 1571 „Bahia
974 1535 1004 1565 di

171 1584 282 1614 Todos
304 1582 355 1611 los
371 1581 510 1611 Santvs
524 1581 579 1611 eine
592 1580 778 1615 Insurrektion
796 1579 906 1613 gezeigt,
918 1578 1005 1609 welche

171 1626 245 1661 völlig
262 1626 309 1660 auf
323 1625 458 1660 fränkische
468 1622 626 1658 Grundsätze
638 1624 734 1657 gebaut
753 1628 815 1651 war.
842 1622 894 1651 Die
902 1621 1006 1654 Geistli¬

173 1672 230 1703 chen
243 1675 329 1700 waren
346 1669 383 1698 die
405 1669 500 1701 ersten,
521 1666 609 1698 welche
628 1666 668 1695 die
683 1665 759 1699 Lehre
772 1666 814 1693 der
829 1664 944 1699 Freiheit
954 1664 1006 1693 und

172 1714 313 1747 Gleichheit
325 1710 467 1744 predigreu.
501 1709 625 1744 Indessen
645 1709 675 1741 ist
694 1707 725 1743 sie
753 1708 808 1739 nach
831 1707 878 1736 den
900 1706 939 1736 bä
964 1706 1004 1744 pet

174 1754 380 1790 portugiesischen
392 1753 540 1787 Regierung
556 1752 762 1785 eingegangenen
774 1749 941 1782 Nachrichten
953 1746 1005 1778 'be¬

175 1798 241 1828 reits
258 1798 354 1828 wieder
369 1795 512 1831 gedämpft.

207 1840 373 1874 DasSchif,
393 1838 437 1868 der
452 1836 782 1872 Nvrthumberland,
802 1841 849 1864 von
867 1843 901 1869 74
921 1833 1005 1864 Kano¬

174 1890 221 1914 nen
231 1902 239 1917 ,
251 1885 280 1919 ist
293 1884 337 1917 auf
350 1883 394 1912 der
409 1883 507 1915 Rheede
528 1887 576 1909 von
590 1881 764 1913 Portsmouth
782 1878 810 1909 in
831 1879 870 1908 die
890 1877 949 1911 Luft
967 1884 1006 1912 ge¬

175 1927 312 1962 sprungen.
348 1926 421 1958 Doch
439 1924 490 1956 sind
514 1924 580 1956 nicht
598 1924 671 1955 mehr
692 1923 733 1952 als
750 1931 762 1949 i
781 1921 936 1951 Lieutenant
957 1921 1007 1949 und

178 1977 208 2002 15
227 1970 365 2003 Matrosen
385 1967 590 2002 umgekommen.

209 2004 404 2047 Irland.
442 2011 590 2041 Dublin,
612 2009 720 2044 ioJan.
758 2007 810 2038 Die
830 2006 937 2041 hiesigen
947 2006 1007 2036 Ein¬

176 2058 278 2092 wohner
296 2057 379 2092 haben
391 2054 453 2088 heut
471 2054 526 2086 ihre
538 2052 738 2086 Versammlung
761 2058 847 2085 wegen
865 2052 908 2081 der
921 2052 1007 2082 Verei¬

177 2098 272 2133 nigung
282 2099 395 2133 Irlands
418 2098 469 2127 mir
487 2097 621 2131 England,
643 2101 717 2125 unter
734 2099 776 2124 der
793 2093 1007 2128 Prändentschafc

174 2140 218 2170 der
236 2140 425 2177 GrvßSherifs
446 2140 548 2173 Darley
570 2141 620 2167 und
641 2140 755 2173 Hvwet,
779 2137 908 2172 gehalten.
941 2137 1009 2172 Ihre

174 2184 313 2221 Beschlüsse
329 2190 413 2215 waren
437 2185 490 2217 lehr
513 2181 594 2219 heftig
613 2188 690 2218 gegen
709 2181 746 2213 die
759 2181 918 2216 »orhabende
939 2181 1010 2212 Ren¬

1034 692 1108 722 nion.
1144 692 1227 722 Unter
1242 691 1338 721 andern
1351 692 1422 722 ward
1444 691 1583 726 beschlossen
1593 707 1603 723 ,
1622 690 1700 720 einen
1714 688 1808 724 jeden,
1824 688 1872 718 der

1035 736 1088 765 eine
1103 734 1256 769 Müaßregel
1270 734 1426 768 vorschlagen
1445 733 1532 763 würde
1541 750 1548 766 ,
1569 733 1649 762 deren
1667 731 1747 765 Basis
1770 729 1809 760 die
1821 731 1871 760 Ab¬

1036 778 1161 812 schaffung
1181 778 1236 807 des-
1250 775 1444 810 unabhängigen
1474 775 1642 808 Parlements
1664 774 1747 804 dieses
1775 771 1872 806 König¬

1035 820 1116 852 reichs
1134 820 1193 853 fey,
1220 819 1262 849 als
1291 818 1364 847 einen
1384 818 1466 854 Feind
1485 816 1620 851 Irlands,
1659 817 1702 846 der
1728 815 1872 850 brittischen

1035 863 1252 896 Verbindungen/
1271 861 1322 890 und
1340 860 1383 890 der
1397 859 1572 894 Constitution
1586 866 1617 890 zu
1629 859 1783 891 betrachten.

1071 904 1348 938 Ebendaher,-o
1361 902 1427 936 Jan.
1459 902 1568 935 (Leber
1583 901 1769 936 Frankreich.)
1793 902 1887 937 Unser»

1037 946 1103 976 Land
1123 947 1152 979 ist
1170 946 1263 975 wieder
1280 945 1315 974 im
1332 945 1430 980 Begrif
1447 945 1475 974 in
1501 945 1547 975 alle
1560 944 1699 978 Schrecken
1722 944 1766 975 der
1787 945 1875 974 Anar¬

1036 988 1085 1021 chie
1100 988 1152 1017 und
1171 987 1214 1017 des
1231 987 1439 1021 Bürgerkrieges
1448 987 1653 1022 znrükrufinken.
1690 990 1741 1018 Am
1758 995 1789 1019 15
1803 988 1829 1015 d.
1841 987 1874 1021 ist

1032 1031 1079 1064 der
1092 1030 1213 1064 Aufstand
1228 1031 1256 1059 in
1271 1029 1313 1059 der
1323 1029 1470 1064 Grafschaft
1484 1029 1589 1059 Cläre
1609 1030 1666 1064 (an
1682 1030 1727 1059 der
1739 1028 1876 1064 Westküste

1037 1073 1065 1101 in
1090 1072 1135 1102 der
1151 1073 1262 1106 Provinz
1277 1072 1422 1107 Munster)
1448 1072 1533 1104 welche
1553 1072 1599 1102 das
1618 1072 1760 1107 vorigem«!
1785 1072 1873 1102 keine«

1036 1114 1143 1148 Antheik
1153 1113 1232 1144 daran
1245 1114 1322 1148 nahm
1336 1132 1344 1147 ,
1364 1114 1456 1145 wieder
1475 1114 1673 1150 ausgebrochen.
1710 1114 1764 1144 Die
1774 1113 1875 1148 Insur¬

1036 1158 1129 1187 genten
1150 1156 1232 1189 haben
1249 1156 1399 1184 dl«Städte
1413 1157 1460 1186 En
1467 1164 1484 1185 n
1492 1158 1501 1185 i
1510 1158 1527 1186 s
1540 1157 1594 1186 und
1605 1156 1643 1186 Cl
1651 1155 1813 1196 are-bdsezt,
1823 1156 1879 1187 und

1039 1198 1106 1223 6000
1119 1196 1227 1229 Mann,
1255 1198 1303 1230 gut
1325 1196 1466 1230 organisirt
1482 1196 1534 1226 uud
1561 1197 1702 1229 bewafuet,
1720 1198 1876 1230 marschiren

1039 1245 1116 1273 gegen
1138 1239 1176 1268 die
1194 1238 1344 1273 Grafschaft
1362 1239 1466 1269 Gallo
1474 1245 1540 1275 «ay
1554 1241 1604 1273 (in
1617 1240 1818 1275 Connaught),
1836 1246 1877 1270 wo

1041 1281 1073 1315 sie
1088 1280 1248 1316 sich-bereits
1270 1281 1312 1310 der
1323 1281 1411 1311 Stadt
1425 1282 1474 1312 Go
1482 1287 1514 1312 er
1522 1286 1534 1312 t
1555 1281 1706 1316 bemächtigt
1716 1283 1806 1316 haben.
1821 1282 1877 1313 Die

1039 1325 1240 1359 Yeomanry,
1269 1323 1343 1356 durch
1366 1324 1412 1353 das
1433 1325 1670 1360 Reunionsprojekt
1697 1318 1879 1360 aufgebracht,

1041 1366 1148 1400 weigert
1172 1366 1214 1400 sich
1230 1372 1308 1401 gegen
1325 1365 1356 1400 sie
1375 1373 1405 1399 zu
1426 1366 1532 1400 fechten.

1075 1409 1131 1437 Alle
1153 1408 1317 1441 Augenblicke
1341 1409 1453 1437 kommen
1472 1409 1499 1437 in
1524 1408 1615 1444 unsrer
1637 1408 1723 1439 Stadt
1746 1409 1878 1440 Couriere

1038 1449 1087 1478 mit
1108 1449 1332 1483 beunruhigenden
1351 1450 1515 1483 Nachrichten
1543 1457 1592 1484 an;
1620 1450 1666 1480 das
1687 1451 1813 1482 Landvolk
1834 1453 1880 1486 hat

1040 1491 1108 1525 seine
1125 1492 1191 1521 alten
1201 1491 1396 1525 Pikenfabriken
1415 1492 1512 1523 überall
1531 1493 1622 1523 wieder
1643 1493 1760 1528 erösnet,
1780 1494 1831 1524 und
1853 1495 1885 1530 in,

1041 1533 1083 1562 der
1096 1533 1241 1568 Grafschaft
1260 1533 1409 1568 Tipperary
1427 1535 1502 1569 eine»
1520 1536 1669 1572 Beamten,
1689 1538 1738 1568 der
1747 1540 1776 1569 es
1796 1538 1881 1569 daran

1042 1576 1193 1611 verhindern
1216 1576 1314 1609 wollte,
1341 1578 1509 1613 umgebracht.
1545 1580 1585 1614 In
1607 1580 1694 1611 Cork
1711 1582 1741 1614 ist
1761 1581 1879 1616 zwischen

1044 1619 1127 1648 einem
1152 1619 1286 1653 englischen
1310 1619 1362 1649 und
1381 1620 1464 1650 einen,
1483 1620 1647 1656 irländischen
1660 1623 1801 1657 Regiment
1821 1623 1881 1654 Mi¬

1043 1663 1125 1695 lizen,
1146 1663 1246 1696 welches
1264 1662 1354 1694 leztere
1371 1669 1432 1692 man
1451 1664 1597 1697 entwafnen
1616 1666 1722 1699 wollte,
1743 1665 1785 1696 ein
1798 1664 1879 1699 förm¬

1043 1705 1119 1738 liches
1127 1704 1229 1738 Gefecht
1241 1705 1402 1738 vorgefallen,
1411 1707 1491 1735 worin
1504 1706 1543 1736 die
1553 1707 1881 1742 Cngländenunterlagen-

1079 1748 1133 1777 Bis
1152 1749 1211 1782 heut
1228 1748 1298 1782 fährt
1316 1749 1394 1782 dessen
1414 1751 1563 1783 ungeachtet
1581 1749 1625 1778 der
1635 1749 1699 1779 Lord
1713 1750 1882 1783 Statthalter

1044 1793 1093 1822 mit
1113 1794 1194 1828 leinen
1212 1792 1401 1827 Maaßrcgeln,
1422 1798 1467 1825 zur
1484 1791 1657 1826 Ausführung
1675 1793 1717 1822 der
1742 1793 1883 1828 Reunion-,

1046 1835 1228 1869 unerschüttert
1247 1836 1314 1870 fort.
1350 1836 1406 1870 Fast
1430 1835 1475 1864 alle
1499 1835 1656 1869 Mitglieder
1674 1836 1717 1865 der
1737 1836 1883 1871 bisherigen

1045 1878 1275 1913 Administration,
1299 1878 1338 1907 die
1357 1876 1440 1908 Lords
1461 1877 1725 1911 Cartyampton-
1744 1878 1885 1909 Tiraw-

1046 1924 1113 1957 ley,
1138 1924 1265 1957 sämtliche
1290 1922 1579 1959 Schazkompiiffaricn,
1607 1922 1660 1958 Sir
1679 1924 1831 1958 Förster,
1858 1924 1884 1959 ja

1045 1969 1103 1999 auch
1129 1966 1173 1995 der
1197 1967 1319 1996 bekannte
1347 1964 1400 1993 Sir
1418 1964 1494 1999 John
1517 1965 1645 1995 Claudius
1670 1965 1884 2001 Beresfort,

1046 2010 1126 2042 haben
1144 2009 1198 2042 ihre
1217 2005 1370 2041 Entlassung
1386 2008 1513 2040 erhalten.
1551 2008 1619 2037 Dem
1632 2008 1747 2043 Kanzler
1765 2014 1815 2037 von
1839 2008 1884 2038 der

1048 2052 1262 2087 Schazkammer,
1281 2049 1436 2086 Parnell,
1458 2050 1527 2080 ward
1546 2050 1578 2085 sie
1597 2051 1624 2080 in
1643 2051 1783 2085 folgendem
1801 2051 1884 2081 Billet

1047 2095 1245 2130 ..»gekündigt:,

1082 2139 1125 2167 An
1134 2138 1187 2167 Sir
1197 2139 1271 2171 John
1279 2136 1396 2171 Parnell.
1434 2135 1615 2172 Phönirpark,
1636 2145 1676 2170 i;.
1690 2137 1758 2172 Jan.
1802 2136 1885 2167 Mein

1048 2180 1136 2215 Herr!
1154 2180 1194 2216 In
1217 2178 1365 2214 Erwägung
1384 2180 1474 2213 unsers
1495 2180 1622 2214 gestrigen
1640 2179 1784 2215 Gesprächs
1805 2178 1835 2214 ist
1855 2182 1890 2212 es^

978 2292 981 2296 ■
989 2270 1012 2302 J
