4306 5551
373 133 742 341 T£L
981 78 1438 339 Neue
1529 70 2202 350 Zürcher
2293 72 3042 347 Zeitung.

432 430 502 481 Um
531 430 706 483 MSnchntt
734 427 839 481 Kunst.

254 494 390 531 Während
410 494 456 524 der
475 493 563 528 letzten
583 492 694 526 Wochen
713 499 763 521 vor
781 490 883 524 Ostern
901 490 994 520 komrte
1005 494 1072 519 man

199 543 237 569 an
244 535 398 571 Münchens
405 533 631 569 Anschlagsäulen
642 533 682 563 ein
693 532 793 566 Plakat
802 539 922 567 prangen
930 531 1012 565 sehen,
1019 531 1072 559 daS

199 594 235 601 —
245 585 305 614 zum
311 575 435 611 Hinweis
441 575 492 605 auf
497 576 549 604 das
557 574 603 606 für
611 572 799 611 „Mittfasten"
806 572 928 608 geplante
933 569 1072 601 Künstler-

201 618 248 654 fest
260 617 311 647 mit
321 618 381 646 dem
393 614 521 646 aktuellen
535 614 652 651 Thema:
675 613 945 650 „Niedergang
966 610 1072 639 Mün¬

202 658 303 693 chens
324 657 388 687 alS
408 655 644 692 Kunststadt"
665 670 701 677 —
719 653 793 683 einen
813 652 913 687 großen
933 650 1074 684 schwarzen

201 698 296 729 Bären
315 698 400 735 zeigte,
418 698 469 727 wie
487 704 515 727 er
533 697 596 726 eben
614 697 666 726 das
685 702 762 725 arme
783 692 952 728 „Münchner
970 690 1071 719 Kindl"

202 739 232 769 in
250 739 293 769 ein
311 747 378 774 ganz
397 738 503 775 kleines,
536 736 671 770 blauwriß
700 733 845 769 gestreiftes
865 730 981 766 Kistchen
1008 730 1075 765 steckt

202 780 259 810 und
279 780 329 809 mit
350 779 435 814 seinen
455 777 582 813 Pranken
613 774 720 811 gehörig
754 771 893 808 „zudeckt".
930 771 996 800 Das
1016 778 1073 800 war

204 820 271 856 ohne
288 819 403 856 Zweifel
422 819 478 855 sehr
509 817 592 851 witzig
625 813 736 850 gedacht,
768 813 844 842 dabei
875 811 1074 845 volkstümlich-

204 860 365 895 anschanlich
384 860 513 893 ersonnen
544 858 600 886 und
633 855 708 890 sollte
726 852 857 887 natiirlich
877 853 932 881 eine
952 852 1075 887 ironische

204 900 353 936 Persiflage
373 899 423 934 auf
441 896 552 934 gewisse,
573 895 696 925 bekannte
714 893 859 929 Vorgänge
878 892 963 923 voller
974 892 1075 928 Rosen-

204 940 331 976 Behagen
350 940 413 973 sein.
452 937 501 967 So
520 935 582 966 weit
599 934 744 965 Berlin
770 934 852 968 selber
883 933 959 963 dabei
978 934 1029 963 mit
1047 933 1076 963 in

206 980 329 1014 Betracht
347 979 456 1014 kommt,
489 977 592 1012 seine
621 972 830 1010 unausstehliche
850 974 1076 1010 Großschnauzig¬

206 1021 253 1050 keit
271 1020 328 1049 und
347 1018 527 1054 Einbildung,
559 1018 612 1047 das
643 1016 795 1052 Höhenerbe
823 1016 906 1048 dieses
925 1016 1077 1050 Münchner

208 1058 429 1097 „Niedergangs"
450 1058 480 1088 in
499 1058 545 1088 der
563 1057 650 1092 Kunst
674 1064 733 1086 nun
752 1056 814 1091 auch
835 1056 908 1092 schon
928 1060 1076 1092 angctreten

206 1107 239 1136 zu
257 1100 351 1135 haben,
371 1115 404 1120 —
425 1099 453 1134 so
472 1099 534 1128 weit
552 1106 611 1128 war
630 1101 659 1128 es
677 1099 731 1128 das
749 1096 778 1133 ja
810 1097 872 1129 auch
903 1102 960 1126 und
992 1096 1077 1132 gewiß

207 1148 262 1170 nur
280 1148 347 1177 ganz
366 1140 530 1175 berechtigter
550 1139 643 1174 Weise.
681 1137 753 1168 Aber
773 1138 805 1172 ist
828 1138 934 1173 hiermit
966 1138 1077 1170 wirklich

207 1181 260 1211 das
292 1180 410 1216 ominöse
442 1180 501 1216 böse
533 1179 613 1210 Wort
645 1179 723 1218 auch,
734 1178 807 1214 schon
827 1178 1077 1215 hinweggeräumt?

209 1221 340 1257 Entbehrt
359 1225 388 1252 es
409 1222 435 1257 so
455 1229 522 1258 ganz
541 1221 608 1250 aller
626 1211 723 1251 reellen'
740 1219 910 1255 Grundlage,
931 1228 1008 1250 wenn
1027 1220 1079 1250 wir

208 1263 259 1292 de»
289 1261 454 1297 wachsenden
487 1261 613 1299 „Abzug"
646 1261 817 1291 bedeutender
845 1259 1078 1295 Meister-Namen

209 1303 266 1333 mrd
285 1302 396 1339 -Werke,
415 1303 455 1332 die
473 1303 528 1332 kein
548 1302 655 1337 Mensch
674 1301 730 1337 hier
749 1301 814 1336 hält,
846 1301 908 1336 nach
928 1304 987 1331 dem
1007 1301 1079 1331 Nor¬

209 1344 267 1381 den,
305 1343 367 1378 nach
397 1342 503 1379 Berlin,
542 1342 697 1380 Stuttgart,
734 1341 869 1377 Dresden,
907 1341 1079 1378 Darmstadt,

209 1383 342 1420 Breslau,
361 1383 532 1419 Königsberg
551 1391 584 1414 rc.
604 1383 796 1413 bekümmerten
806 1381 922 1416 Herzens
942 1382 1079 1417 verfolgen

210 1424 321 1460 können,
345 1424 394 1456 auf
413 1424 454 1455 die
473 1424 528 1460 hier
548 1424 629 1460 üppig
648 1422 787 1460 blühende,
807 1431 872 1458 ganz
891 1422 1080 1458 unfruchtbare

217 1464 445 1503 „Rctrospckttve"
466 1465 535 1499 ernst
555 1465 655 1495 einmal
675 1464 776 1500 blicken,
808 1464 857 1493 den
875 1463 976 1499 jungen
995 1463 1079 1499 Nach¬

210 1506 300 1540 wuchs
321 1506 371 1539 auf
388 1506 438 1536 den
457 1504 816 1541 Frühjahrsausstellungen
834 1505 908 1540 mehr
927 1507 985 1535 und
1004 1507 1079 1541 inehr

211 1546 241 1576 in
260 1546 474 1582 formalisttscher
493 1546 685 1582 Nachahmung
718 1546 827 1581 geistlos
858 1546 972 1576 veröven
999 1546 1080 1582 sehen,

212 1587 262 1617 den
280 1587 390 1622 wahren
408 1587 564 1623 Kernpunkt
594 1588 642 1617 des
671 1586 795 1623 jüngsten
818 1586 1002 1622 Hausstreitcs
1020 1588 1080 1623 zwi¬

212 1627 282 1664 schen
312 1628 465 1663 Münchner
495 1630 552 1657 und
581 1627 709 1658 Berliner
747 1627 922 1663 „Sezession"
957 1629 1080 1658 vollends

213 1668 324 1704 schärfer
342 1668 387 1699 ins
408 1668 484 1704 Auge
503 1668 594 1705 fassen,
615 1667 778 1703 neuerdings
803 1669 1000 1706 wahrnehmen,
1032 1670 1080 1700 wie

212 1709 265 1739 alle
295 1709 454 1745 eingesetzten
493 1709 1006 1745 „Momunentalbau-Kommissionen"
1039 1710 1080 1740 die

212 1750 274 1786 alte,
313 1749 406 1785 leidige
444 1749 549 1785 Frage:
588 1749 772 1785 „Glaspalast
802 1764 838 1770 —
868 1750 1079 1785 Kohlen-Jnscl-

213 1789 323 1825 Projekt
342 1805 375 1810 —
396 1788 754 1825 Theresienhöhen-Anlage"
775 1797 793 1819 n
803 1790 812 1818 i
822 1790 847 1824 ch
857 1793 868 1819 t
887 1798 919 1825 zu
938 1791 1010 1825 lösen
1024 1799 1081 1821 ver¬

212 1830 308 1865 mögen
339 1829 395 1859 und
427 1830 482 1858 eine
512 1830 559 1861 für
581 1833 650 1858 1904
675 1829 790 1865 gedachte
822 1830 966 1865 „Deutsche
984 1831 1082 1865 Kunst-

213 1869 535 1904 gewerbe-Ausstellung"
568 1869 630 1898 eben
661 1872 749 1899 daran
767 1869 796 1899 in
819 1867 980 1905 peinlichster
999 1871 1083 1904 Weise

214 1908 293 1944 sogar
313 1908 432 1942 scheitern
450 1909 532 1945 muß;
552 1917 629 1939 wenn
639 1910 690 1939 wir
699 1909 759 1943 noch
772 1909 838 1944 dazu
847 1909 896 1939 den
907 1910 1083 1945 bajuvarisch-

213 1948 450 1984 hausknechtlichen
462 1949 651 1985 Hinauswurf
669 1950 740 1979 eines
759 1950 941 1985 unbequemen
953 1951 1084 1980 Kritikers

214 1993 269 2020 aus
296 1990 354 2019 dem
386 1989 476 2025 längst
508 1990 581 2025 schon
612 1990 768 2019 dekadenten
799 1990 968 2027 „Münchner
986 1991 1085 2026 Kunst-

215 2029 330 2059 Verein"
352 2030 453 2060 erleben
484 2032 541 2060 und
560 2045 596 2051 —
614 2031 678 2066 auch
698 2030 787 2060 davon
807 2031 873 2066 mutz
893 2032 947 2061 mir
978 2034 1086 2061 erlaubt

215 2070 277 2106 sein,
298 2069 353 2104 hier
373 2070 443 2105 offen
462 2078 494 2106 zu
513 2072 591 2100 reden
602 2086 637 2091 —
650 2070 700 2107 auf
718 2071 781 2100 eben
800 2072 894 2106 diesem
914 2072 1085 2109 historischen,

216 2110 502 2149 „kunstgedüngertcn"
536 2111 687 2147 Münchner
707 2111 804 2142 Boden
835 2112 877 2142 ein
908 2113 1085 2148 ansehnliches

214 2150 312 2187 Kunst-
331 2152 388 2181 und
407 2152 634 2189 Kultur-Organ,
665 2152 715 2182 wie
747 2152 788 2181 die
820 2160 874 2182 von
905 2153 961 2184 Dr.
980 2154 1026 2184 M.
1047 2153 1085 2184 G.

216 2191 330 2222 Conrad
351 2192 433 2227 seiner
451 2193 512 2227 Zeit
531 2193 586 2227 hier
606 2193 681 2229 selbst
707 2193 753 2223 ins
773 2193 856 2223 Leben
875 2194 999 2229 gerufene
1029 2199 1085 2224 und

215 2240 271 2262 von
290 2234 348 2262 dem
368 2233 589 2269 Unterzeichneten
608 2237 662 2263 aus
681 2235 741 2264 dem
759 2234 886 2264 Berliner
900 2235 1005 2265 Milieu
1022 2236 1085 2270 nach

216 2273 274 2303 dem
296 2273 478 2309 süddeutschen
496 2275 597 2310 Rayon
627 2282 682 2305 nur
710 2275 806 2305 wieder
837 2275 1086 2312 zurückverpflanzte

217 2313 430 2350 „Gesellschaft",
467 2315 497 2344 in
528 2317 589 2344 eben
620 2315 701 2351 dieser
731 2314 792 2350 Zeit
828 2317 889 2350 trotz
921 2317 992 2347 allen
1029 2318 1085 2347 An¬

216 2354 395 2390 strengungen
413 2356 528 2390 plötzlich
550 2356 767 2391 „verkümmern"
788 2356 887 2391 sehen?

272 2393 316 2429 In
335 2398 380 2425 der
401 2395 464 2432 Tat,
483 2396 519 2432 ich
537 2396 607 2426 kann
625 2396 775 2433 versichern,
804 2398 856 2431 daß
876 2399 922 2427 der
952 2399 1085 2434 angeblich

218 2435 246 2470 so
265 2443 330 2471 ganz
343 2436 400 2465 und
419 2444 468 2471 gar
487 2437 667 2468 indiskutable
687 2437 891 2474 „Niedergang"
911 2439 956 2469 der
971 2439 1086 2475 „Kunst¬

217 2475 287 2510 stadt
306 2477 458 2511 Miinchen"
479 2478 573 2513 gerade
591 2486 646 2508 von
664 2480 713 2508 den
725 2478 860 2513 besorgten
871 2478 1086 2515 Lokalparrioten

218 2519 315 2553 „unter
333 2517 389 2547 vier
408 2517 520 2553 Augen"
541 2519 601 2553 doch
621 2518 704 2555 sehr
723 2520 848 2556 ernstlich,
862 2520 1086 2556 angelegentlichst

217 2559 273 2587 und
294 2558 356 2592 auch
376 2559 522 2591 anhaltend
541 2559 652 2589 erörtert
670 2565 702 2596 zu
722 2560 825 2589 werden
856 2560 946 2596 pflegt.
985 2561 1084 2591 Daran

217 2597 359 2633 vermögen
387 2598 464 2634 solch'
495 2596 651 2634 bestechende
683 2599 903 2636 „Künstle,feste"
937 2601 1003 2636 nicht
1034 2605 1085 2631 das

218 2637 358 2672 Geringste
378 2640 452 2673 mehr
470 2646 502 2673 zu
521 2639 642 2675 ändern;
660 2640 699 2669 im
712 2639 860 2675 Gegenteil,
879 2640 913 2675 ste
932 2644 1012 2676 geben
1030 2642 1087 2676 eher

216 2685 282 2706 neue
302 2677 437 2713 Nahrung
457 2686 503 2714 zur
524 2679 648 2716 Debatte,
666 2679 691 2716 je
710 2681 784 2714 mehr
803 2680 845 2710 ein
855 2680 989 2717 Vergleich
1009 2684 1088 2717 gegen

216 2717 416 2753 Kostümfeiern
435 2726 490 2748 von
522 2718 615 2755 früher
645 2727 676 2755 zu
708 2720 782 2754 ihren
814 2720 969 2756 Ungunsten
1001 2723 1087 2758 zuletzt

217 2758 279 2793 doch
298 2758 380 2788 leider
403 2759 542 2790 ausfallen
572 2760 649 2794 muß.
685 2760 779 2797 Zwar,
811 2761 882 2791 eines
913 2762 981 2797 muß
1012 2763 1088 2792 dabei

218 2798 325 2833 sogleich
350 2799 502 2835 festgestellt,
531 2800 703 2835 zugestanden
735 2803 791 2830 und
824 2801 878 2836 hier
910 2804 1086 2838 ausdrücklich

218 2838 430 2875 hervorgehoben
448 2840 571 2870 werden:
590 2841 631 2870 die
651 2844 720 2877 gute,
733 2844 785 2870 alte
797 2842 1018 2877 „Malerkultur"
1034 2846 1087 2873 lebt

217 2881 288 2916 noch,
309 2883 360 2909 das
380 2881 480 2910 Talent
505 2881 551 2911 der
583 2881 697 2917 scharfen
728 2882 924 2918 künstlerischen
954 2884 1085 2919 Beobach¬

217 2921 293 2955 tung,
314 2920 359 2950 der
372 2921 588 2957 formalistischen
600 2921 793 2959 Nachahmung
806 2923 833 2952 in
845 2924 939 2959 Farbe,
959 2925 1082 2959 Kostüm¬

217 2963 290 2990 treue
309 2963 366 2990 und
384 2962 683 2997 Kompositionstechnik
703 2978 736 2984 —
756 2966 785 2993 es
805 2964 836 2996 ist
857 2966 929 3000 heute
939 2966 1001 3000 noch
1012 2967 1085 2996 eben¬

218 3000 246 3036 so
267 3001 341 3036 frisch
361 3002 409 3032 wie
429 3004 549 3039 lebendig
569 3004 623 3038 hier
642 3003 748 3035 vollauf
768 3006 922 3040 vorhanden
941 3010 997 3036 und
1029 3015 1085 3037 ver¬

218 3041 282 3076 leiht
300 3043 391 3077 zumal
411 3043 470 3073 dem
490 3035 641 3078 Münchner
659 3045 798 3075 Karneval
824 3046 886 3079 noch
917 3046 1014 3077 immer
1045 3049 1085 3077 be¬

218 3082 343 3118 sonderes
357 3083 440 3113 Leben
453 3085 502 3114 wie
523 3085 655 3121 lebendige
675 3086 771 3121 Farbe,
791 3086 848 3121 also
858 3087 932 3117 einen
952 3074 1087 3121 Schein

218 3130 272 3153 von
291 3123 384 3155 Blüte.
405 3125 494 3155 Allein
513 3127 682 3160 produktiver
702 3126 778 3161 Geist
805 3129 861 3157 und
881 3136 961 3158 neuer
987 3129 1087 3164 Gehalt

217 3164 302 3199 lassen
322 3165 373 3199 auf
390 3166 436 3196 der
454 3174 554 3202 ganzen
572 3167 645 3197 Linie
664 3168 821 3203 nachgerade
833 3177 881 3204 arg
894 3178 926 3204 zu
937 3171 1088 3207 wünschen;

218 3208 284 3242 und,
304 3214 400 3236 woran
418 3210 447 3237 es
467 3209 600 3244 nunmehr
619 3217 684 3245 ganz
703 3209 844 3243 besonders
864 3212 981 3248 gebricht,
1009 3216 1037 3242 es
1057 3213 1087 3248 ist

218 3246 259 3275 die
278 3247 420 3284 ehemalige
441 3248 530 3284 straffe
550 3250 692 3286 Disziplin
719 3250 758 3280 im
789 3251 943 3287 einhelligen
971 3253 1087 3288 Zusam¬

218 3286 386 3322 menschlüsse
405 3296 436 3324 zu
465 3290 574 3327 großen,
605 3290 788 3326 bedeutsamen
818 3291 983 3330 Leistungen,
1014 3294 1087 3330 jenes

219 3328 371 3364 „Getrennt
388 3330 560 3365 marschieren
580 3348 615 3352 —
643 3331 743 3362 vereint
774 3332 917 3370 schlagen",
950 3334 1002 3364 das
1034 3343 1087 3365 von

216 3368 287 3405 jeher
306 3370 347 3399 die
366 3370 558 3408 Meisterschaft
577 3372 614 3402 im
633 3373 747 3408 Kriegen
765 3375 821 3403 und
847 3374 951 3410 Siegen
975 3378 1087 3412 begrün¬

217 3409 260 3440 det
278 3410 333 3445 hat.
353 3411 504 3447 „Getrennt
522 3412 708 3447 marschieren"
731 3428 764 3433 —
782 3414 820 3450 ja,
840 3415 910 3445 daS
930 3416 999 3446 kann
1008 3418 1088 3452 unser

217 3450 365 3485 heimisches
376 3453 565 3487 Künstlervolk
575 3455 636 3490 noch
647 3455 751 3491 imnier,
771 3456 820 3484 wie
838 3456 929 3493 eines;
948 3460 1011 3488 aber
1036 3460 1087 3488 daS

219 3492 336 3528 „vereint
350 3492 483 3529 schlagen"
504 3496 550 3529 hat
569 3499 598 3525 es
611 3495 779 3531 anscheinend
793 3496 927 3533 durchaus
938 3498 1086 3533 inzwischen

217 3534 343 3568 verlernt,
362 3537 418 3564 und
437 3543 509 3571 zwar
528 3537 601 3571 wohl
621 3536 694 3572 schon
722 3537 843 3573 deshalb,
872 3539 933 3569 weil
965 3543 993 3569 es
1025 3542 1088 3570 eben

217 3581 267 3609 gar
294 3575 378 3609 nichts
407 3577 515 3610 Rechtes
540 3578 613 3612 mehr
646 3578 764 3615 „vereint
794 3586 826 3614 zu
858 3579 989 3616 schlagen"
1022 3582 1089 3617 gibt.

217 3613 279 3644 Und
299 3616 375 3646 dabei
395 3617 465 3652 hätte
485 3621 513 3647 cS
533 3618 653 3654 heutigen
674 3620 774 3656 Tages,
794 3622 919 3651 worüber
938 3625 967 3651 eS
978 3624 1087 3652 vordem

217 3655 284 3691 nicht
304 3657 431 3695 verfügte,
450 3658 479 3694 ja
499 3667 595 3689 woran
614 3663 643 3690 es
663 3660 822 3696 dazumalen
846 3662 909 3697 noch
941 3671 991 3699 gar
1022 3663 1088 3697 nicht

216 3696 319 3727 einmal
356 3699 452 3728 denken
489 3700 589 3737 konnte,
629 3701 670 3730 ein
707 3701 907 3738 gemeinsames,
944 3704 1087 3738 prunkvoll

216 3737 323 3770 großes,
344 3737 446 3773 eigenes
467 3740 698 3774 ,-Künstlerheim"
732 3742 816 3771 voller
848 3742 913 3772 Stil
944 3747 1001 3774 und
1034 3745 1086 3775 Ge¬

216 3775 331 3810 schmack,
352 3779 447 3812 niassiv
467 3783 523 3808 und
544 3781 601 3816 echt,
621 3781 650 3810 in
670 3781 761 3816 stolzer
780 3782 878 3817 Pracht
896 3787 951 3813 und
966 3784 1067 3815 Würde
1079 3782 1086 3811 I

272 3815 391 3846 Warum
409 3825 430 3852 z.
449 3819 486 3848 B.
505 3819 573 3853 nicht
591 3821 668 3855 gleich
688 3821 824 3857 dieses,
852 3823 914 3856 statt
933 3826 982 3853 den
1001 3828 1085 3854 etwas

218 3856 364 3892 spießrige»
385 3858 597 3895 „Schmabinger
617 3860 909 3892 Braucrei"-Räumen
940 3871 973 3899 zu
1001 3865 1084 3893 einem

216 3897 315 3932 solchen
353 3899 527 3934 allgemeinen
564 3901 777 3936 Künstlerabend
821 3904 877 3932 und
924 3904 1085 3938 glänzenden

216 3938 397 3973 Maskcnfeste
416 3941 627 3977 hergenommen,
646 3941 770 3977 nachdem
802 3945 831 3971 es
851 3943 910 3977 doch
930 3944 1085 3978 wiederholt

216 3979 290 4012 schon
309 3980 383 4010 einen
404 3982 545 4016 ungemein
572 3983 710 4018 würdigen
742 3983 798 4012 und
830 3983 1084 4020 stimmungsvollen

215 4020 342 4053 Rahnien
360 4030 393 4057 zu
412 4023 469 4052 rein
479 4023 677 4058 künstlerischen
687 4022 943 4062 Veranstaltungen,
955 4027 1085 4056 MaSkcn-

217 4061 313 4095 bällen.
333 4063 404 4093 einer
424 4064 596 4094 Böcklinfeier
615 4064 700 4097 u.s.w.
721 4066 873 4101 abgegeben,
900 4066 928 4101 ja
948 4067 1027 4103 sogar
1048 4068 1085 4098 bei

216 4102 266 4133 den
285 4103 394 4139 Tänzen
413 4105 483 4134 einer
503 4105 569 4140 Miß
589 4106 709 4136 Duncan
736 4107 782 4135 als
803 4107 961 4142 ästhetisches
982 4108 1085 4139 Milieu

215 4147 297 4178 grade
318 4137 362 4178 sich
383 4146 409 4180 so
430 4137 621 4182 ausgezeichnet
639 4146 735 4177 bereits
748 4148 864 4183 bewährt
875 4147 966 4184 hatte?
987 4149 1085 4185 Wahr¬

216 4184 271 4221 lich,
293 4193 369 4215 wenn
396 4190 424 4216 es
444 4188 491 4219 für
511 4191 566 4218 uns
586 4189 736 4223 überhaupt
767 4189 829 4224 noch
861 4189 933 4219 eines
953 4190 1085 4224 Beweises

216 4226 323 4259 bedurft
343 4227 422 4263 hätte,
442 4228 495 4261 daß
515 4229 565 4258 den
584 4234 665 4264 guten
684 4229 856 4264 Münchnern
876 4231 921 4261 der
940 4231 1086 4268 eigentliche

215 4266 348 4302 Spiritus
369 4269 481 4303 mählich
492 4270 659 4306 auszugehen
669 4270 784 4307 beginnt,
805 4270 869 4304 diese
889 4276 979 4310 matte,
990 4273 1086 4308 flügel¬

214 4307 303 4341 lahme
323 4308 487 4339 Maskerade
508 4311 577 4345 hätte
596 4311 642 4345 ihn
661 4314 717 4340 uns
737 4312 793 4340 und
812 4312 920 4345 unserer
940 4313 987 4347 für
1007 4314 1086 4349 solche

214 4348 305 4385 Dinge
326 4350 537 4385 aufmerksamen
556 4352 792 4388 Fremdenkolonie
802 4354 936 4389 nunmehr
946 4354 1085 4389 erbringen

214 4391 318 4424 müssen
324 4390 331 4420 I
374 4381 467 4425 Durch
499 4393 602 4422 allerlei
632 4392 766 4428 wohlfeile
799 4392 917 4430 Scherze,
954 4395 1004 4424 wie
1036 4398 1085 4425 den

214 4430 377 4466 Schwarze»
395 4432 564 4463 Avlerorden
584 4441 629 4463 am
648 4439 724 4464 roten
742 4433 847 4470 Bande,
878 4435 930 4464 rnit
947 4436 1007 4465 dem
1026 4437 1085 4470 (als

214 4471 364 4507 offiziellem
375 4473 602 4509 Maskenzeichen)
620 4475 704 4504 einem
725 4474 792 4503 beim
804 4474 920 4505 Eintritt
929 4476 971 4505 ein
982 4477 1086 4507 ordcnt-

214 4511 291 4545 licher
302 4513 398 4547 „Bär"
418 4515 606 4550 aufgebunden
626 4520 726 4551 wurde,
747 4521 808 4546 oder
823 4519 874 4546 das
893 4516 1084 4551 außerordent¬

214 4552 261 4585 lich
294 4553 375 4587 starke
404 4554 540 4590 Aufgebot
571 4564 607 4585 an
639 4556 741 4591 Polizei
747 4557 864 4590 soldatm
894 4559 950 4588 und
980 4558 1085 4589 Linien¬

213 4595 328 4627 truppen
348 4602 380 4629 zu
401 4596 495 4629 diesem
514 4599 720 4630 uniformierten
740 4597 926 4631 Kunstabende
956 4615 991 4619 —
1016 4601 1085 4630 alles

213 4634 346 4666 natürlich
366 4637 416 4665 mit
435 4637 480 4666 der
499 4639 747 4675 unzweideutigsten
767 4639 856 4675 Spitze
877 4648 956 4675 gegen
977 4640 1083 4677 Berlin,

213 4672 264 4701 mit
283 4673 362 4704 ihnen
381 4676 441 4708 läßt
461 4678 506 4711 sich
526 4680 580 4708 eine
603 4681 682 4713 solche
696 4681 860 4715 unliebsame
872 4681 1011 4716 Wahrheit
1023 4687 1085 4712 oder

213 4713 376 4748 unbequeme
396 4716 519 4748 Tatsache
548 4721 610 4753 noch
631 4721 696 4754 nicht
716 4721 782 4755 ohne
801 4721 920 4752 weiteres
949 4726 1004 4752 aus
1023 4725 1083 4753 dem

212 4752 293 4787 Felde
314 4753 445 4790 schlagen;
465 4763 521 4786 und
541 4758 598 4788 dies
619 4760 692 4793 schon
711 4769 762 4796 gar
780 4762 856 4798 nicht,
876 4770 952 4791 wenn
967 4771 1031 4792 man
1046 4764 1083 4794 im

213 4793 373 4827 Aufmarsch
394 4797 438 4824 der
458 4799 665 4830 gegeneinander
693 4802 929 4836 auszuspielenden
962 4803 1083 4837 Scharen

212 4840 269 4862 und
283 4833 404 4869 Figuren
422 4835 521 4868 einfach
541 4837 709 4869 Dekoration
728 4843 785 4870 und
814 4842 973 4873 Garderobe
1005 4852 1084 4880 gegen

213 4874 371 4905 Garderobe
408 4880 465 4905 und
498 4877 664 4908 Dekoration
710 4881 806 4910 wieder
839 4882 892 4915 setzt
920 4889 977 4912 und
1008 4885 1084 4918 stellt.

213 4915 285 4950 Auch
304 4915 368 4950 darf
398 4925 472 4953 man,
492 4917 555 4952 nach
586 4920 710 4954 gerechter
743 4920 907 4957 Spielregel,
938 4923 1083 4958 jedenfalls

212 4957 279 4992 nicht
299 4960 332 4986 SS
353 4957 506 4992 Münchner
525 4962 579 4989 aus
599 4960 704 4990 alter
724 4963 798 4989 und
817 4969 898 4991 neuer
909 4962 970 4997 Zeit
985 4972 1083 5000 ganzen

212 5000 229 5025 »
247 4998 467 5035 zeitgenössischen
498 5001 652 5031 Vertretern
671 5002 717 5030 der
749 5001 876 5031 Berliner
894 5003 982 5036 Kunst
1014 5008 1083 5039 (wo¬

211 5044 306 5068 runter
324 5040 434 5078 Knaus,
455 5041 631 5079 Meyerheim,
663 5042 805 5078 Lcistikow,
837 5042 867 5073 L.
886 5051 913 5073 v.
931 5043 1082 5082 Hofmann,

210 5077 296 5111 Lcsser
328 5080 385 5116 Ury
416 5089 446 5112 u.
465 5091 490 5112 a.
522 5084 684 5120 vollständig
715 5083 826 5119 fehlten)
858 5085 1081 5123 entgegenhaltcn,

210 5119 275 5147 bald
306 5127 361 5150 nur
393 5122 433 5152 die
461 5124 558 5157 bloßen
588 5125 738 5161 Figurinen
770 5125 807 5153 im
827 5124 995 5160 Stechschritt
1015 5133 1076 5156 vor¬

209 5159 315 5195 führen,
336 5162 400 5192 bald
420 5165 484 5193 aber
502 5166 600 5194 wieder
618 5174 696 5201 ganze
717 5165 851 5200 Gruppen
870 5170 926 5195 und
957 5166 1079 5202 „lebende

210 5201 323 5231 Bilder"
344 5204 432 5239 geben,
453 5209 513 5235 was
532 5206 573 5235 die
592 5207 741 5236 Simntion
766 5207 798 5242 (z.
820 5206 855 5236 B.
886 5207 924 5236 bei
953 5207 1079 5243 Menzels

210 5241 238 5271 in
269 5243 348 5276 bloße
379 5245 519 5280 Gestalten
548 5248 725 5284 aufgelöstem
751 5247 976 5284 „Historienbild"
1015 5250 1080 5278 oder
1099 5246 1105 5278 I

210 5282 500 5322 „Eisen-Walzwerk")
519 5289 588 5318 denn
608 5290 667 5324 doch
697 5289 754 5324 sehr
785 5289 940 5325 entschieden
970 5297 1002 5325 zu
1021 5290 1076 5319 Un-
1096 5296 1102 5324 >

1118 415 1230 450 gunsten
1248 413 1293 444 der
1313 413 1510 447 Travestierten
1530 410 1688 445 verschieben
1706 409 1807 444 mußte.
1830 408 1891 439 Und
1911 415 1988 439 wenn

1119 455 1158 485 bei
1176 456 1222 484 der
1240 454 1409 488 verblüffend
1442 459 1560 489 genauen
1592 450 1770 486 Darstellung
1801 457 1855 480 von
1886 448 1988 479 Lieber¬

1119 498 1221 525 manns
1242 495 1327 530 „alter
1345 496 1423 531 Frau
1442 494 1491 523 mit
1509 492 1555 523 der
1575 492 1779 527 nachgezogenen
1797 490 1894 526 Ziege"
1915 490 1987 520 eines

1119 536 1164 566 der
1193 536 1320 569 lautesten
1348 533 1462 571 HalloSi
1490 533 1569 568 durch
1588 532 1638 562 den
1657 532 1736 562 Saal
1766 531 1868 562 ertönte
1897 546 1935 551 —
1964 529 1988 565 je

1119 584 1186 612 nun,
1206 579 1266 606 was
1286 577 1378 606 konnte
1398 575 1450 604 das
1469 573 1542 609 wohl
1571 582 1615 603 am
1635 573 1733 607 ehesten
1765 572 1903 602 bedeuten:
1933 570 1989 600 eine

1120 617 1266 651 lächerliche
1284 616 1445 650 Niederlage
1465 617 1526 645 oder
1545 613 1605 648 doch
1625 613 1753 647 vielmehr
1766 614 1841 642 einen
1859 610 1988 647 imponie¬

1120 663 1218 687 renden
1237 656 1308 692 Sieg
1340 658 1385 686 der
1417 654 1660 689 charakteristischen
1693 654 1763 683 Note
1794 654 1841 683 des
1862 652 1987 683 Berliner

1121 697 1244 734 Führers
1261 697 1313 731 (die
1331 697 1429 730 freilich
1449 696 1525 731 selbst
1544 695 1639 725 wieder
1658 695 1727 724 keine
1745 694 1892 729 spezifische,
1930 693 1989 726 son¬

1123 740 1187 768 dern
1205 746 1260 768 nur
1278 739 1333 767 eine
1352 746 1406 767 von
1426 736 1554 772 JsraSls,
1575 736 1687 765 Millets
1706 743 1771 765 u.a.
1790 735 1908 765 Gnaden
1922 732 1989 770 ist)?

1123 780 1195 814 Kurz
1214 781 1269 809 und
1289 779 1350 814 gut!
1390 779 1449 808 Mit
1468 777 1548 808 derlei
1568 777 1678 812 Dingen
1698 776 1766 805 wird
1799 783 1857 805 nun
1889 774 1990 805 einmal

1123 821 1205 855 nichts
1226 821 1348 854 bewiesen
1368 822 1424 849 und
1444 820 1527 853 nichts
1547 818 1706 853 wiedcrlegt.
1726 816 1824 851 Gewiß
1844 817 1927 852 haben
1938 815 1990 845 wir

1123 861 1291 897 hierzulande
1309 861 1371 895 noch
1392 861 1487 889 immer
1514 858 1669 892 inachtuolle
1689 857 1802 892 Größen
1830 857 1876 887 der
1894 856 1990 891 Kunst,

1123 902 1176 932 viel
1195 902 1365 938 altgelagerte
1384 901 1489 931 Kultur
1520 901 1576 930 und
1608 904 1669 934 gute
1701 898 1809 933 tüchtige
1835 897 1990 928 Tradition.

1124 942 1260 978 Indessen,
1279 943 1347 973 wie
1366 942 1484 977 lange
1503 939 1608 973 noch?
1630 955 1660 959 —
1682 939 1747 969 Das
1762 939 1794 972 ist
1812 946 1871 968 nun
1889 938 1989 968 einmal

1124 984 1165 1012 die
1183 984 1263 1018 große
1282 985 1386 1020 Frage;
1410 985 1466 1012 und
1486 981 1609 1012 Männer
1640 980 1689 1010 wie
1720 980 1837 1015 Böcklin,
1869 979 1990 1014 Klinger,

1125 1023 1249 1060 Grciner,
1268 1024 1386 1058 Thoma,
1404 1023 1476 1054 Rob.
1495 1022 1570 1058 Diez,
1598 1021 1735 1058 Meunier,
1756 1020 1858 1055 Rodln,
1889 1020 1989 1052 Watts,

1125 1073 1178 1095 van
1198 1067 1228 1094 de
1247 1064 1338 1101 Velde,
1370 1063 1519 1099 Segantini
1552 1073 1566 1092 e
1598 1064 1671 1092 tutti
1690 1063 1876 1098 quantiquali
1900 1068 1991 1091 waren

1126 1106 1203 1141 selbst
1221 1109 1277 1136 uns
1296 1106 1397 1140 nicht
1416 1104 1557 1137 beschieden
1564 1103 1571 1132 I
1591 1103 1703 1136 Danach
1722 1102 1845 1136 erschiene
1862 1105 1893 1131 es
1923 1102 1992 1131 denn

1126 1147 1197 1181 wohl
1217 1147 1354 1182 angezeigt,
1374 1148 1430 1175 uns
1450 1145 1541 1181 hübsch
1560 1152 1592 1179 zu
1611 1143 1753 1179 bescheiden
1771 1147 1828 1173 und
1839 1144 1888 1172 den
1898 1141 1992 1171 Mund

1125 1188 1192 1222 nicht
1211 1187 1398 1222 unaufhörlich
1427 1194 1477 1221 gar
1495 1193 1526 1221 zu
1546 1185 1602 1215 voll
1633 1191 1665 1219 zu
1692 1185 1811 1219 nehmen,
1845 1191 1922 1213 wenn
1941 1181 1993 1211 wir

1128 1229 1190 1263 auch
1228 1229 1303 1258 einen
1340 1226 1578 1263 Hildebrandschcn
1623 1216 1993 1261 „Wittelsbacherbrunnen",

1127 1270 1202 1299 einen
1222 1269 1412 1304 Thierschscbcn
1430 1266 1616 1303 Justizpalast,
1642 1265 1695 1297 Th.
1714 1265 1866 1300 Fischersche
1885 1265 1994 1294 Bauten

1128 1314 1183 1339 und
1203 1310 1255 1339 das
1275 1309 1391 1339 Gabriel
1410 1315 1436 1338 v.
1456 1306 1592 1339 Seidlsche
1612 1304 1904 1341 „Nationalmuscum"
1925 1307 1994 1335 aus

1127 1358 1289 1380 neuerer
1309 1350 1397 1384 Zeit
1417 1349 1519 1383 gottlob
1540 1347 1649 1382 besitzen.

1182 1391 1264 1420 Denn
1283 1390 1337 1425 daß
1356 1389 1434 1419 wir'S
1452 1396 1507 1418 nur
1526 1389 1588 1421 auch
1616 1387 1791 1423 eingestehen:
1824 1388 1853 1417 in
1881 1388 1927 1417 der
1946 1386 1994 1418 auf

1127 1433 1186 1462 dem
1224 1431 1397 1466 Königsplatz
1428 1429 1536 1465 kürzlich
1568 1428 1712 1462 eröffneten
1743 1428 1993 1465 Frühjahrs-

1127 1472 1388 1508 Ausstellung
1420 1473 1466 1500 der
1498 1469 1754 1508 „Sezession",
1783 1471 1903 1499 mutati»
1934 1479 1994 1498 mn-

1127 1516 1231 1549 tandia,
1263 1520 1350 1548 genau
1380 1512 1489 1547 dieselbe
1512 1511 1655 1545 Signatur
1685 1510 1782 1540 wieder
1800 1527 1833 1532 —
1854 1511 1995 1546 sozusagen

1130 1555 1240 1589 dieselbe
1259 1554 1384 1584 Couleur
1402 1554 1431 1583 in
1451 1552 1533 1582 Grün
1547 1551 1554 1581 l
1593 1551 1646 1581 Die
1666 1551 1827 1588 Altmeister,
1848 1552 1938 1587 unsere
1955 1553 1994 1580 be¬

1127 1595 1239 1625 kannten
1276 1595 1390 1629 Größen
1421 1594 1476 1624 und
1500 1593 1616 1627 Namen,
1642 1593 1712 1622 wie:
1743 1600 1770 1622 v.
1790 1593 1870 1629 Uhde,
1902 1592 1993 1626 Stuck,

1127 1645 1154 1667 o.
1172 1637 1355 1672 Habermann,
1388 1635 1451 1665 Alb.
1483 1642 1509 1664 v.
1528 1635 1623 1669 Keller,
1653 1633 1830 1670 Samhergcr,
1850 1634 1942 1664 Becker
1961 1641 1994 1663 rc.

1127 1678 1178 1707 mit
1196 1678 1269 1710 ihren
1289 1675 1556 1708 Saison-Novitäten
1575 1675 1630 1704 und
1647 1674 1747 1710 Clous,
1768 1676 1852 1709 haben
1875 1676 1920 1709 sich
1940 1682 1994 1704 von

1127 1719 1172 1748 der
1191 1719 1366 1753 Ausstellung
1386 1717 1501 1747 diesmal
1512 1723 1576 1752 ganz
1587 1716 1660 1748 ferne
1678 1716 1798 1751 gehalten
1818 1719 1873 1745 und
1888 1716 1921 1750 ste
1940 1715 1993 1745 ein¬

1127 1760 1186 1789 mal
1205 1766 1269 1795 ganz
1288 1764 1344 1788 und
1363 1766 1413 1793 gar
1431 1762 1476 1787 der
1495 1757 1607 1791 Jugend
1626 1763 1686 1792 zum
1707 1756 1918 1791 Tummelplätze
1949 1755 1994 1790 für

1129 1802 1183 1835 ihre
1202 1799 1413 1835 Farbenräusche
1444 1798 1500 1827 und
1524 1797 1730 1833 Fiimmertänze
1749 1797 1909 1832 überlassen.
1946 1796 1994 1825 So

1129 1840 1220 1874 finden
1238 1840 1290 1869 wir
1308 1842 1377 1868 denn
1396 1839 1451 1868 eine
1469 1837 1648 1873 unheimliche,
1672 1838 1798 1872 geradezu
1817 1838 1995 1872 erschreckende

1129 1881 1209 1916 Fülle
1228 1888 1282 1910 von
1302 1878 1497 1914 „Nachwuchs"
1518 1892 1553 1898 —
1572 1885 1627 1907 nur
1647 1878 1728 1907 leider
1758 1878 1825 1911 nicht
1853 1878 1915 1908 eben
1947 1878 1996 1905 den

1132 1921 1293 1955 Nachwuchs
1312 1928 1349 1949 an
1367 1919 1471 1949 Genies
1490 1921 1554 1948 oder
1572 1917 1633 1951 doch
1664 1918 1787 1953 genialen
1805 1918 1997 1954 Begabungen,

1133 1962 1172 1990 die
1192 1969 1257 1991 man
1275 1968 1323 1990 um
1342 1959 1443 1992 Neues,
1463 1958 1529 1988 Uue>
1535 1958 1626 1992 Hortes
1645 1958 1673 1987 in
1692 1959 1763 1992 ihrer
1790 1959 1878 1994 Kunst
1906 1960 1999 1992 ringen

1133 2001 1200 2039 sähe,
1221 2002 1333 2036 sondern
1351 2007 1406 2029 nur
1425 2000 1500 2029 einen
1520 1999 1736 2034 beängstigenden
1765 1988 1913 2033 Nachschub
1945 2006 1999 2028 von

1133 2044 1252 2072 iibcraus
1270 2041 1422 2077 geschickten,
1442 2040 1582 2073 versierten
1602 2039 1744 2069 Talenten.
1781 2041 1846 2077 Fast
1865 2040 1932 2070 alles
1946 2047 2000 2068 nur

1132 2083 1250 2117 Schüler
1269 2084 1420 2116 berühmter
1439 2081 1551 2114 Meister
1571 2080 1621 2110 mit
1641 2081 1750 2114 sattsam
1771 2081 1913 2111 bekannten
1932 2081 1999 2111 Mo¬

1133 2124 1204 2154 tiven
1223 2124 1278 2154 und
1297 2111 1359 2158 noch
1391 2123 1562 2152 bekannteren
1585 2121 1745 2158 Techniken;
1782 2123 1857 2151 dabei
1887 2122 1929 2151 ein
1961 2121 2001 2151 oft

1134 2164 1329 2199 verblüffendes
1348 2164 1462 2194 Können
1481 2163 1510 2192 in
1529 2162 1600 2192 allen
1619 2162 1751 2192 Nüancen
1769 2165 1826 2192 und
1846 2162 2000 2197 Manieren,

1134 2209 1185 2235 das
1204 2208 1252 2235 des
1271 2206 1399 2235 leitenden
1419 2203 1558 2241 „Zügels"
1573 2203 1680 2238 zumeist
1698 2203 1771 2238 schon
1781 2211 1831 2238 gar
1850 2204 1916 2238 nicht
1929 2204 2000 2238 mehr

1134 2247 1270 2278 bedürfte:
1302 2246 1364 2280 viel,
1395 2245 1452 2280 sehr
1483 2243 1536 2274 viel
1568 2244 1716 2278 malerische
1735 2244 1906 2281 Intelligenz,
1938 2245 2001 2274 aber

1135 2288 1220 2323 „beim
1240 2287 1337 2321 Teufel
1356 2286 1388 2321 ist
1407 2289 1452 2315 der
1472 2284 1621 2320 Spiritus"
1656 2300 1689 2305 —
1716 2285 1781 2317 diese
1812 2290 1892 2320 guten
1923 2285 2001 2314 Leute

1135 2329 1206 2363 sehen
1237 2328 1351 2360 nämlich
1389 2334 1439 2361 gar
1469 2315 1543 2361 nicht,
1565 2325 1613 2355 wie
1643 2326 1781 2360 unendlich
1810 2326 2000 2361 nichtssagend,

1134 2370 1229 2399 immer
1250 2369 1433 2404 langweiliger
1465 2367 1498 2402 sie
1530 2370 1634 2396 werden
1653 2366 1704 2395 mit
1727 2367 1766 2395 all
1797 2367 1872 2401 ihren
1891 2367 2001 2401 Skizzen

1134 2415 1189 2439 und
1209 2409 1331 2439 Studien
1351 2410 1418 2443 ohne
1437 2407 1539 2443 Gehalt
1556 2408 1619 2441 noch
1639 2409 1691 2437 viel
1705 2408 1789 2442 Geist.
1825 2408 1937 2442 Immer
1948 2416 2001 2437 von

1133 2459 1227 2480 neuem
1246 2451 1339 2479 wieder
1358 2453 1401 2479 tut
1420 2450 1465 2483 sich
1486 2449 1577 2484 irgend
1597 2449 1652 2477 eine
1671 2449 1759 2482 frische
1777 2448 2001 2479 Maler-Kolonie

1134 2493 1162 2521 in
1181 2492 1271 2527 irgend
1291 2491 1375 2520 einem
1395 2488 1577 2524 Provinzdorf
1598 2491 1643 2519 des
1663 2489 1769 2519 Lanoes
1789 2490 1846 2526 auf,
1876 2497 1932 2520 und
1952 2489 2001 2518 auf

1133 2534 1188 2565 ihre
1225 2532 1516 2567 Nattlroffenbarung,
1552 2532 1603 2560 den
1640 2531 1825 2566 geschlossenen
1861 2527 1999 2563 Lokation,

1134 2574 1237 2603 Milieu
1256 2576 1312 2603 und
1331 2571 1534 2609 Charakteristik
1552 2571 1619 2603 nicht
1638 2572 1722 2607 wenig
1742 2578 1773 2607 zu
1792 2576 1861 2607 gute.
1889 2572 2000 2606 Immer

1135 2615 1230 2645 wieder
1248 2619 1350 2644 warten
1369 2614 1432 2647 auch
1452 2613 1502 2643 wir
1521 2615 1568 2641 des
1577 2612 1657 2648 Heils
1676 2615 1732 2641 und
1752 2617 1797 2642 der
1810 2619 1891 2648 guten
1901 2614 2000 2648 Dintze,

1135 2656 1175 2684 die
1194 2656 1283 2684 davon
1302 2657 1358 2684 uns
1378 2654 1498 2683 kommen
1518 2654 1607 2686 sollen.

1189 2696 1282 2731 Indes
1303 2695 1393 2730 finden
1414 2694 1464 2723 wir
1485 2694 1557 2727 schon
1577 2692 1750 2727 seit.Jabren
1770 2694 1824 2724 alle
1843 2694 1929 2731 Lenze,
1962 2694 2002 2723 die

1136 2737 1207 2768 Gott
1218 2738 1282 2773 gibt,
1306 2737 1333 2770 so
1354 2735 1467 2772 ziemlich
1487 2736 1539 2763 das
1554 2734 1654 2770 gleiche,
1679 2735 1815 2770 gewohnte
1827 2738 1882 2764 und
1903 2735 2000 2768 übliche

1137 2778 1217 2812 Bild;
1237 2778 1290 2807 alle
1299 2776 1461 2811 Jahrgänge
1479 2775 1591 2810 bringen
1610 2775 1709 2804 immer
1731 2775 1885 2805 wiederden
1906 2784 2000 2806 unver¬

1134 2818 1268 2848 mittelten
1289 2817 1429 2852 Gegensatz
1458 2823 1511 2845 von
1531 2814 1808 2852 derb-bajuoarischer,
1851 2817 2000 2852 realistisch-

1134 2859 1253 2889 brutaler
1290 2856 1502 2893 Kraft-Huberei
1551 2857 1606 2885 und
1656 2856 1998 2893 schottisch-schummeriger

1133 2899 1255 2933 Düfrelei
1275 2898 1324 2929 wie
1344 2898 1559 2934 Verdunstung,,
1588 2896 1654 2931 ohne
1674 2897 1727 2931 daß
1749 2897 1796 2933 sich
1833 2897 1927 2933 irgend
1957 2897 1999 2927 ein

1133 2943 1224 2976 neues,
1268 2939 1417 2976 eigenartig
1439 2937 1721 2975 zusammcnfassendes
1742 2938 1830 2974 Leben,
1873 2939 1928 2970 eine
1959 2939 2000 2968 be¬

1133 2982 1289 3011 deutendere
1310 2980 1384 3016 Tiefe
1403 2980 1483 3010 darin
1504 2983 1585 3014 regte.
1625 2978 1778 3014 Landschaft
1797 2981 1853 3009 und
1884 2979 2000 3015 Porträt

1133 3022 1184 3052 mit
1204 3022 1333 3059 Tierbild,
1375 3020 1497 3051 Tierbild
1518 3020 1570 3050 mit
1609 3020 1729 3052 Porträt
1748 3022 1803 3050 und
1833 3021 2000 3055 Landschaft:

1134 3064 1162 3093 in
1182 3064 1276 3094 diesem
1296 3065 1420 3093 oiroulu»
1439 3064 1560 3093 vitioaua
1579 3061 1639 3097 geht
1672 3064 1709 3099 es,
1751 3063 1939 3098 stumpfsinnig
1960 3070 2001 3098 ge¬

1134 3113 1197 3140 nug,
1239 3107 1306 3138 ohne
1345 3103 1536 3138 entscheidende
1575 3102 1778 3135 Persönlichkeit
1827 3103 1856 3133 in
1907 3103 2002 3139 ewiger

1135 3146 1317 3182 „Wiederkehr
1327 3145 1375 3174 des
1387 3144 1527 3174 Gleichen"
1549 3143 1596 3178 hin
1615 3146 1671 3174 und
1683 3145 1727 3177 her
1746 3160 1781 3165 —
1801 3152 1854 3175 von
1869 3145 2001 3181 Figuren¬

1135 3187 1197 3223 bild,
1231 3186 1497 3222 Hisloricngemäide,
1514 3185 1760 3220 Phantasiekarton
1772 3187 1825 3215 und
1840 3187 1908 3221 drgl.
1922 3188 2002 3216 kaum

1135 3228 1208 3262 mehr
1229 3228 1284 3258 eine
1305 3228 1389 3262 Spur
1429 3234 1459 3263 zu
1478 3226 1581 3261 finden.
1620 3226 1709 3256 Wenn
1738 3227 1807 3256 das
1845 3227 1915 3261 nicht
1953 3227 2002 3256 den

1135 3268 1271 3299 Bankrott
1290 3270 1335 3299 der
1356 3275 1457 3305 „neuen
1477 3267 1628 3303 Richtung"
1650 3268 1777 3302 bedeutet,
1819 3267 1859 3297 die
1879 3268 1929 3299 wir
1950 3268 2002 3298 alle

1135 3309 1266 3346 seinerzeit
1293 3310 1320 3344 so
1353 3316 1441 3339 warn:
1479 3316 1528 3338 vor
1556 3308 1602 3337 der
1623 3307 1832 3341 Oeffentlichkeit
1871 3313 2002 3339 vertrete»

1136 3350 1230 3388 haben,
1254 3352 1327 3381 dann
1347 3350 1415 3386 weiß
1430 3349 1465 3384 ich
1485 3349 1553 3383 nicht
1564 3348 1647 3386 mehr,
1671 3352 1731 3378 was
1752 3350 2000 3386 „Katzenjammer"

1136 3391 1222 3427 heißt!
1260 3392 1320 3422 Wie
1341 3392 1398 3427 sagt
1417 3390 1478 3425 doch
1511 3389 1641 3424 Wilhelm
1660 3389 1794 3425 Weigand
1814 3405 1848 3411 —
1871 3399 1897 3421 er
1931 3390 2002 3425 selbst

1137 3434 1180 3462 der
1201 3433 1331 3469 glückliche
1352 3431 1462 3467 Besitzer
1481 3432 1529 3461 des
1550 3431 1796 3467 unvergleichlichen
1817 3432 1942 3462 Kartons
1974 3430 2003 3460 in

1136 3473 1317 3509 Lebensgröße
1337 3489 1371 3495 —
1405 3473 1434 3502 in
1453 3472 1538 3503 einem
1577 3471 1762 3502 lesenswerten
1801 3472 1920 3508 Aufsatze
1959 3471 2002 3501 der

1136 3514 1228 3551 „Allg.
1251 3513 1335 3550 Zlg."
1357 3513 1421 3543 über
1441 3514 1488 3543 deS
1522 3513 1668 3549 Leipzigers
1689 3512 1762 3543 Otto
1783 3513 1811 3543 G
1822 3521 1836 3543 r
1847 3522 1859 3543 e
1870 3514 1879 3543 i
1889 3522 1907 3543 n
1918 3522 1929 3542 e
1941 3520 1955 3544 r
1974 3512 2003 3542 in

1135 3555 1195 3589 fünf
1214 3556 1321 3591 Jahren
1341 3557 1440 3589 ernster
1459 3554 1634 3590 Sammlung
1655 3562 1686 3590 zu
1706 3553 1782 3583 Rom
1815 3554 1999 3590 gearbeitetes,

1135 3605 1201 3633 ganz
1216 3597 1387 3632 großartiges
1400 3595 1877 3630 Monumental-Freilichtgemälde:
1897 3595 2004 3632 „Odys¬

1136 3638 1195 3670 seus
1216 3640 1271 3668 und
1290 3638 1332 3667 die
1366 3637 1526 3667 Sirenen"?
1564 3637 1630 3665 Das
1669 3635 1818 3669 Publikum
1850 3638 1898 3671 hat
1935 3636 2004 3665 keine

1135 3678 1254 3715 Ahnung
1292 3687 1346 3708 von
1384 3681 1443 3708 dem
1482 3676 1704 3713 Katzenjammer,
1756 3678 1801 3707 der
1838 3677 1879 3706 bei
1918 3676 2004 3707 vielen

1135 3724 1279 3750 modernen
1300 3720 1447 3750 Künstlern
1468 3718 1585 3754 herrscht,
1628 3718 1668 3747 die
1689 3717 1753 3747 über
1791 3719 1843 3747 das
1865 3713 2003 3749 Studicn-

1134 3761 1225 3791 malen
1246 3760 1313 3791 nicht
1332 3761 1406 3794 mehr
1426 3759 1527 3794 hinaus
1548 3760 1679 3790 kommen.
1715 3758 1776 3789 Wir
1798 3759 1861 3789 aber
1895 3759 2003 3793 dächten

1133 3802 1202 3836 doch,
1226 3804 1256 3830 eS
1277 3801 1398 3834 brauchte
1417 3807 1470 3830 nur
1491 3800 1581 3834 hübsch
1602 3799 1669 3833 seine
1690 3799 1786 3834 Augen
1816 3800 2002 3836 aufzumachen

1133 3842 1188 3870 und
1208 3842 1351 3874 ordentlich
1372 3849 1403 3875 zu
1422 3841 1537 3875 schauen,
1562 3847 1609 3870 um
1630 3840 1685 3875 hier
1704 3840 1755 3870 mit
1776 3840 1892 3875 Händen
1918 3841 2001 3875 förm¬

1133 3881 1178 3914 lich
1198 3889 1230 3917 zu
1250 3881 1360 3917 greifen.
1381 3881 1441 3909 Wie
1461 3882 1498 3909 im
1512 3880 1596 3909 Leben
1615 3882 1661 3910 der
1681 3880 1863 3916 Wissenschaft
1883 3880 2001 3911 bedeutet

1132 3920 1194 3950 eben
1214 3922 1276 3954 auch
1296 3921 1325 3950 in
1345 3922 1389 3951 der
1410 3921 1496 3951 Kunst
1530 3919 1598 3950 alles
1619 3920 1861 3957 Spezialistentum
1893 3922 1940 3956 auf
1960 3922 2000 3950 die

1132 3961 1229 3992 Dauer
1239 3963 1422 3997 Verarmung,
1448 3960 1676 3997 Verkrüppelung,
1700 3961 1858 3995 MißwachS
1871 3965 1925 3992 und
1942 3961 1999 3992 Ab-

1132 4002 1242 4039 sterben,
1263 4003 1332 4036 nicht
1351 4001 1441 4039 Fülle,
1463 4001 1664 4038 Bereicherung,
1687 4001 1846 4036 Wachstum
1867 4004 1930 4032 oder
1948 4002 2001 4032 Er¬

1133 4042 1251 4079 höhung.
1288 4043 1360 4072 Was
1379 4051 1438 4073 war
1476 4042 1527 4073 das
1548 4042 1609 4076 doch
1648 4043 1829 4079 ursprünglich
1863 4043 1907 4079 für
1942 4042 1998 4073 eine

1134 4084 1239 4119 Freude
1259 4084 1336 4116 durch
1357 4092 1423 4121 ganz
1444 4083 1631 4119 Deutschland,
1667 4083 1714 4113 als
1734 4083 1776 4113 die
1795 4084 2000 4120 waghalsigsten

1135 4124 1401 4162 Lichtmöglichkciten
1451 4127 1506 4154 und
1551 4125 1742 4160 verwegensten
1782 4124 2000 4160 Farbenakkorde

1134 4174 1186 4196 von
1205 4168 1302 4196 unfern
1324 4165 1566 4203 „Sczessiouisten"
1588 4166 1660 4200 frisch
1684 4166 1859 4200 ausprobiert
1878 4168 2000 4197 wurden.

1134 4206 1193 4237 Und
1213 4207 1307 4242 heule?
1329 4209 1412 4244 „Das
1424 4207 1557 4244 Phlegma
1578 4206 1607 4239 ist
1629 4206 1781 4243 geblieben"
1802 4222 1836 4228 —
1857 4207 1906 4237 wie
1926 4206 2001 4241 selbst

1133 4249 1175 4278 ein
1195 4249 1302 4282 Bericht
1320 4248 1368 4278 des
1389 4248 1495 4285 „Bayr.
1518 4248 1646 4285 Kurier",
1687 4249 1733 4278 der
1754 4256 1789 4277 an
1809 4248 1889 4279 dieser
1909 4247 2002 4279 Stelle

1134 4287 1317 4323 überraschend
1339 4289 1491 4325 lachkundig
1511 4289 1606 4325 lautet,
1651 4289 1827 4324 ausdrücklich
1848 4293 1878 4319 es
1899 4289 2001 4320 betont.

1133 4329 1185 4359 Wo
1204 4331 1288 4366 jedoch
1309 4331 1390 4360 bleibt
1411 4334 1466 4360 uns
1485 4330 1527 4360 die
1546 4330 1628 4366 große
1644 4331 1740 4367 Kunst,
1765 4330 1811 4367 „in
1829 4331 1875 4361 der
1890 4331 1936 4365 sich
1957 4332 2002 4361 der

1134 4372 1241 4406 festliche
1261 4372 1361 4408 Drang
1381 4373 1429 4402 des
1443 4372 1541 4402 Lebens
1563 4372 1629 4405 seine
1650 4371 1748 4407 Feiern
1767 4373 1823 4401 und
1838 4372 2002 4403 Denkmäler

1133 4412 1258 4448 schafft?"
1299 4413 1364 4447 (wie
1401 4413 1536 4448 Weigand
1573 4413 1626 4441 das
1657 4420 1694 4442 an
1731 4413 1778 4442 der
1815 4412 2003 4448 Gretnerschen

1134 4453 1293 4490 Schöpfung
1314 4454 1408 4489 gerade
1448 4454 1499 4484 mit
1519 4453 1599 4487 Recht
1620 4456 1665 4483 als
1704 4461 1770 4490 ganz
1799 4454 1941 4483 besonders
1961 4452 2003 4482 be¬

1132 4496 1252 4528 deutsam
1285 4494 1496 4530 hervorgchobcn
1517 4494 1590 4530 hat).
1629 4494 1729 4530 Sogar
1748 4494 1790 4524 die
1828 4496 1883 4524 edle
1903 4494 1999 4530 Kunst,

1133 4535 1277 4569 einheitlich
1297 4537 1352 4565 und
1363 4535 1557 4571 geschmackvoll
1568 4543 1599 4568 zu
1622 4535 1770 4572 „hängen",
1793 4535 1887 4570 scheint
1907 4542 2002 4564 neuer¬

1132 4577 1214 4613 dings
1252 4577 1326 4612 schon
1363 4576 1460 4606 wieder
1489 4575 1638 4612 schmählich
1677 4575 1817 4610 abhanden
1847 4576 2002 4612 gekommen

1132 4626 1162 4655 zu
1183 4617 1248 4652 sein.

1186 4659 1248 4689 Und
1266 4660 1319 4689 das
1338 4658 1429 4694 bringt
1447 4661 1503 4688 uns
1522 4657 1609 4693 zuletzt
1628 4657 1690 4690 noch
1709 4657 1760 4689 auf
1777 4660 1863 4687 etwas
1881 4658 2002 4687 anderes.

1133 4700 1227 4732 Dieser
1258 4699 1486 4735 Greineriche
1517 4699 1643 4729 Rahmen
1662 4699 1729 4727 wirb
1749 4698 1817 4733 nicht
1835 4706 1891 4728 nur
1910 4699 2002 4733 soeben

1131 4740 1160 4770 in
1180 4740 1335 4777 Leipzig
1354 4741 1496 4776 ungemein
1516 4740 1638 4775 wirksam
1658 4739 1821 4775 ausgestellt,
1841 4748 1868 4769 er
1887 4739 1919 4773 ist
1938 4740 2001 4773 auch

1132 4782 1178 4816 für
1198 4785 1249 4810 das
1268 4783 1370 4816 dortige
1389 4781 1522 4812 Museum
1542 4781 1589 4810 als
1607 4780 1811 4814 vaterländische
1829 4780 1925 4815 Zierde
1945 4783 2001 4811 und

1131 4823 1278 4855 heimischer
1289 4822 1374 4857 Stolz
1394 4823 1490 4852 bereiis
1508 4823 1655 4852 erworben.
1674 4822 1747 4856 Auch
1766 4821 1806 4851 die
1818 4821 2003 4857 Klingerschen

1132 4863 1276 4899 Plastiken,
1294 4864 1344 4892 mit
1357 4863 1502 4898 Einschluß
1516 4865 1563 4892 deS
1578 4861 1773 4898 „Beethoven",
1793 4863 1865 4897 birgt
1877 4862 1905 4898 ja
1919 4861 2001 4894 dieses

1131 4903 1261 4940 Leipziger
1273 4904 1406 4937 Museum
1425 4904 1453 4934 in
1473 4904 1569 4935 feinem
1583 4903 1789 4938 Arrangement.
1808 4902 1874 4933 Von
1892 4903 2003 4933 allcdein

1131 4952 1191 4973 war
1209 4953 1266 4974 nun
1285 4946 1314 4974 in
1332 4945 1440 4977 unsrem
1460 4944 1595 4974 München
1615 4952 1634 4974 n
1645 4944 1653 4973 i
1663 4952 1676 4973 e
1694 4947 1780 4974 etwas
1801 4952 1830 4978 zu
1851 4944 1932 4979 sehen,
1961 4950 2002 4978 ge¬

1131 4985 1248 5021 schweige
1267 4985 1343 5022 denn,
1364 4985 1418 5019 daß
1437 4989 1467 5015 es
1487 4986 1533 5020 sich
1553 4985 1662 5014 eines
1691 4985 1774 5017 dieser
1792 4984 1884 5014 Werke
1901 4984 2001 5020 jemals

1130 5015 1176 5057 für
1195 5026 1262 5058 seine
1281 5026 1490 5059 Sammlungen
1518 5025 1564 5056 als
1593 5025 1725 5059 köstlichen
1746 5025 1826 5059 Besitz
1855 5033 1887 5061 zu
1907 5025 2001 5060 sichern

1129 5065 1246 5097 versucht
1264 5067 1343 5099 hätte.
1362 5067 1423 5095 Und
1444 5067 1470 5097 so
1488 5067 1573 5101 wenig
1586 5067 1636 5095 wie
1650 5074 1704 5095 von
1717 5065 1797 5095 allem
1811 5065 1896 5099 diesen
1919 5064 2000 5102 schon,

1129 5105 1175 5138 hat
1206 5106 1342 5140 München
1373 5108 1437 5140 auch
1468 5115 1522 5137 von
1552 5107 1624 5137 einer
1655 5115 1753 5143 ganzen
1784 5107 1867 5141 Reihe
1891 5108 2001 5136 anderer

1128 5145 1258 5180 wichtiger
1276 5146 1369 5182 Dinge
1388 5149 1479 5183 bisher
1497 5148 1559 5184 noch
1579 5147 1620 5177 die
1639 5148 1767 5183 geringste
1779 5147 1940 5184 Ahnung,*)
1961 5147 2000 5177 di«

1182 5217 1212 5253 *)
1227 5218 1462 5255 Charakteristisch,
1482 5221 1510 5253 so
1529 5227 1595 5255 ganz
1614 5219 1745 5255 nebenbei,
1766 5219 1848 5250 bleibt
1864 5220 1892 5249 in
1906 5219 1999 5251 diesem

1127 5253 1221 5283 Sinne
1239 5256 1303 5288 auch
1320 5255 1362 5285 die
1375 5255 1509 5290 Tatsache,
1529 5256 1583 5289 daß
1597 5256 1734 5287 München
1753 5264 1805 5285 vor
1821 5256 1924 5291 kurzem
1937 5259 2010 5284 env-'

1124 5289 1173 5324 lich
1202 5292 1264 5326 auch
1294 5294 1345 5321 das
1374 5291 1585 5326 hervorragende
1612 5292 1770 5326 Kunstwerk
1797 5292 1843 5322 der
1872 5292 1999 5327 gestickten

2037 407 2084 442 sich
2112 415 2133 442 z.
2152 407 2189 437 B.
2209 407 2384 442 Woermann,
2413 406 2503 441 Lehrs,
2536 405 2610 436 Treu
2629 406 2658 435 in
2677 405 2813 441 Dresden,
2844 404 2906 433 oder

2037 448 2121 483 Bode,
2140 456 2166 478 v.
2187 448 2299 482 Tschudt
2318 449 2348 477 in
2366 447 2465 476 Berlin
2484 454 2512 477 u.
2532 446 2567 477 A.
2595 447 2641 482 für
2660 446 2700 476 die
2721 447 2790 480 ihrer
2808 444 2906 480 Obhut

2034 496 2111 518 anvei
2117 491 2224 518 trauten
2245 488 2375 519 Galerien
2393 488 2449 517 lind
2463 487 2596 522 Institute
2615 486 2701 522 findig
2720 486 2906 522 weggekange»

2034 529 2127 563 haben.
2158 530 2247 559 Kennt
2277 536 2342 559 man
2374 527 2429 562 hier
2453 535 2485 562 zu
2503 528 2593 557 Lande
2612 528 2640 557 in
2658 528 2779 557 weiteren
2797 526 2906 560 Kreisen

2034 569 2062 605 ja
2082 570 2142 603 doch
2168 570 2247 599 kaum
2266 570 2306 599 die
2324 569 2433 599 Namen
2453 572 2497 598 der
2516 568 2619 603 Herren
2638 568 2779 603 Vorsteher
2797 568 2906 600 unserer

2036 610 2186 645 heimischen
2205 609 2360 644 Anstalten!
2393 609 2454 638 Und
2474 609 2529 638 kein
2550 607 2791 645 „Kunst-Verein",
2823 608 2906 638 keiner

2036 652 2081 681 der
2099 663 2129 688 p.
2148 654 2169 681 t.
2190 650 2290 685 Herren
2308 649 2517 684 Kunsthändler,
2536 649 2586 679 wie
2604 649 2781 685 Heinemann,
2800 648 2905 683 Helbig,

2035 692 2140 727 Krause
2171 692 2228 721 und
2247 691 2348 728 Finckh,
2382 690 2423 720 die
2441 698 2496 720 von
2514 690 2575 725 Zeit
2594 697 2627 725 zu
2644 689 2706 725 Zeit
2723 689 2907 725 fragwürdige

2038 732 2163 762 Sonder-
2184 734 2245 762 oder
2265 730 2380 768 fraglose
2393 730 2701 766 Kitsch-Ausstellungen
2720 730 2906 765 veranstalten,

2037 774 2167 803 kümmert
2194 775 2256 803 oder
2276 773 2387 802 bewirbt
2405 771 2451 806 sich
2470 779 2525 800 nur
2544 771 2583 801 im
2602 771 2749 807 geringsten
2768 778 2817 801 um
2835 771 2907 801 Vor¬

2038 810 2157 850 führung
2177 814 2272 849 solcher
2286 812 2507 848 Kunstereignisse
2526 813 2589 844 auch
2599 813 2699 842 einmal
2711 811 2756 846 für
2762 812 2908 844 München.

2038 854 2088 891 Ja,
2108 855 2137 884 in
2156 854 2201 884 der
2218 857 2367 890 genannten
2379 852 2704 889 Frühjahrsausstellung
2717 853 2824 886 unserer
2837 852 2908 887 hoch¬

2038 896 2237 930 wohllöblichen
2267 892 2439 932 „Sezession"
2469 894 2502 928 ist
2529 894 2641 930 Plastik,
2674 902 2727 923 von
2746 893 2816 930 jeher
2835 893 2908 929 schon

2038 939 2089 966 das
2109 936 2246 966 Stiefkind
2256 936 2364 969 unserer
2378 935 2634 970 Veranstaltungen,
2653 934 2732 970 sogar
2750 934 2817 968 nicht
2836 943 2848 964 e
2859 934 2868 963 i
2878 942 2908 963 n-

2039 978 2096 1007 mal
2114 978 2189 1011 mehr
2208 980 2345 1013 vertreten,
2364 976 2414 1006 wie
2433 977 2478 1006 als
2500 977 2532 1005 ob
2552 976 2587 1010 sie
2605 976 2755 1010 überhaupt
2773 983 2823 1010 gar
2841 975 2909 1009 nicht

2038 1017 2176 1053 existierte!
2210 1018 2280 1048 Was
2306 1018 2355 1052 ists
2374 1017 2432 1050 also
2451 1016 2525 1051 wohl
2543 1016 2594 1046 mit
2613 1018 2658 1046 der
2677 1016 2834 1051 berühmten
2852 1016 2908 1045 und

2039 1060 2089 1089 mit
2107 1059 2186 1093 Recht
2204 1059 2232 1093 so
2253 1059 2386 1094 beliebten,
2406 1058 2478 1087 alten
2499 1057 2689 1094 „Kunststadt"
2708 1057 2844 1090 München
2863 1064 2908 1086 am

2039 1099 2235 1135 Jsarstrande?
2264 1100 2346 1129 Kann
2364 1101 2394 1127 es
2414 1099 2542 1128 beredtere
2561 1098 2701 1133 Anzeichen
2719 1098 2766 1131 für
2784 1098 2833 1127 den
2851 1098 2909 1127 der¬

2040 1141 2145 1176 zeitigen
2165 1140 2303 1176 Tiefstand
2331 1139 2438 1172 unserer
2464 1139 2518 1174 sog.
2536 1138 2804 1173 isaratheniensischen
2823 1137 2910 1172 Kunst

2040 1186 2096 1211 und
2127 1182 2232 1211 Kultur
2262 1182 2341 1216 geben
2370 1187 2401 1214 zu
2419 1180 2490 1209 einer
2508 1179 2577 1215 Zeit,
2610 1179 2644 1209 da
2664 1180 2692 1209 in
2710 1179 2909 1214 Hamburg

2040 1222 2083 1251 ein
2101 1222 2243 1255 Lichtwark
2260 1224 2316 1251 und
2336 1220 2516 1251 Brinckmann
2535 1220 2639 1257 wirken,
2660 1221 2841 1250 Dresden
2860 1220 2910 1249 all¬

2040 1262 2150 1298 jährlich
2169 1262 2341 1297 Hundcrttau
2346 1262 2418 1295 sende
2447 1269 2483 1290 an
2507 1260 2707 1297 Erwerbung?-
2735 1262 2792 1291 und
2811 1260 2910 1294 Kunst¬

2042 1304 2338 1339 verwaltungsgeldern
2366 1302 2477 1338 ausgibt
2501 1301 2557 1331 und
2576 1302 2631 1332 eine
2651 1303 2817 1337 interessante
2836 1301 2910 1331 Aus¬

2043 1345 2155 1380 stellung
2182 1352 2231 1374 um
2259 1344 2300 1373 die
2319 1342 2414 1373 andere
2433 1343 2588 1379 garantiert,
2618 1343 2646 1372 D
2658 1351 2674 1372 a
2685 1351 2699 1372 r
2709 1351 2737 1373 m
2748 1343 2769 1378 st
2778 1350 2795 1372 a
2806 1344 2822 1371 d
2832 1345 2843 1372 t
2862 1342 2911 1372 wie

2043 1386 2170 1416 Turin
2188 1386 2217 1414 in
2237 1383 2474 1420 vielbesprochenen
2488 1383 2697 1418 Ausstellungen
2716 1391 2782 1419 ganz
2800 1383 2847 1416 für
2865 1383 2911 1417 sich

2042 1427 2083 1456 die
2114 1426 2306 1460 Durchsetzung
2337 1425 2384 1454 des
2415 1423 2560 1454 modernen
2591 1424 2672 1454 Stils
2691 1426 2748 1454 und
2767 1425 2911 1454 modernen

2041 1467 2261 1502 KunstgewerbeS
2293 1466 2339 1502 sich
2370 1465 2512 1500 angelegen
2543 1465 2597 1499 fein
2628 1464 2720 1500 lassen,
2754 1466 2831 1500 sogar
2859 1466 2910 1494 das

2041 1508 2122 1537 kleine
2140 1507 2308 1538 Weimar
2327 1505 2374 1542 sich
2387 1505 2510 1536 Männer
2528 1506 2577 1535 wie
2588 1505 2670 1540 Hans
2683 1506 2758 1536 Olde
2777 1510 2833 1535 und
2846 1505 2912 1535 Van

2042 1552 2073 1578 de
2085 1548 2169 1578 Velde
2194 1548 2282 1581 eigens
2305 1546 2400 1582 beruft,
2420 1546 2647 1581 Karlsruhe
2668 1547 2737 1576 keine
2758 1546 2910 1583 geringeren

2042 1591 2087 1619 als
2106 1590 2186 1625 Hans
2206 1589 2322 1625 Thoma,
2352 1586 2487 1623 Trübner,
2517 1587 2621 1617 Carlos
2643 1587 2743 1623 Grethe
2771 1595 2798 1618 u.
2819 1596 2844 1617 a.
2866 1587 2910 1619 für

2042 1631 2109 1664 seine
2127 1630 2238 1665 höheren
2251 1629 2351 1665 Zwecke
2370 1628 2417 1663 sich
2431 1628 2520 1665 leistet,
2534 1633 2590 1657 und
2610 1629 2828 1665 Stuttgart
2848 1628 2909 1663 nach

2042 1671 2247 1706 Verschreibung
2279 1669 2505 1705 ausgezeichneter,
2537 1669 2615 1699 erster
2645 1670 2741 1705 Kräfte
2772 1669 2834 1703 auch
2864 1669 2910 1701 für

2042 1712 2108 1747 seine
2138 1712 2279 1741 Akademie
2309 1712 2350 1741 die
2380 1711 2443 1740 erste
2466 1710 2635 1745 vernünftige
2654 1709 2844 1745 Staatsschule
2864 1709 2910 1743 für

2042 1754 2182 1782 modernes
2214 1750 2442 1786 Kunsthandwcrk
2472 1751 2564 1785 soeben
2596 1750 2776 1787 begründet?!
2814 1750 2910 1784 Selbst

2043 1792 2122 1822 Wien
2150 1793 2182 1828 ist
2200 1792 2229 1828 ja
2248 1794 2278 1822 in
2296 1794 2345 1822 den
2365 1792 2451 1825 letzten
2471 1791 2579 1825 Jahren
2598 1791 2672 1825 schon
2691 1793 2786 1828 tüchtig
2805 1793 2910 1827 nachge¬

2043 1829 2172 1868 kommen,
2199 1840 2278 1862 wenn
2306 1831 2368 1866 auch
2396 1831 2465 1861 alles
2485 1831 2620 1861 Moderne
2638 1834 2700 1862 dort
2718 1832 2912 1867 unwillkürlich

2044 1873 2105 1907 noch
2137 1880 2169 1909 zu
2202 1870 2369 1909 „Gschnals"
2403 1874 2542 1907 ausartet;
2572 1871 2703 1908 Bremen,
2735 1873 2913 1908 Königsberg,

2046 1914 2229 1949 Magdeburg,
2248 1913 2326 1948 Prag
2338 1920 2366 1942 u.
2380 1920 2406 1942 a.
2417 1912 2523 1946 machen
2537 1912 2660 1947 mächtige
2674 1912 2913 1949 Anstrengungen;

2048 1954 2130 1989 Graz,
2150 1954 2256 1989 Zürich,
2288 1953 2378 1989 Basel,
2398 1952 2563 1989 Straßburg
2581 1953 2620 1983 im
2640 1953 2734 1990 Elsaß,
2755 1954 2917 1987 Düsseldorf

2047 1995 2144 2030 fangen
2163 1994 2320 2030 wenigstens
2339 2001 2384 2027 an,
2404 1993 2451 2028 sich
2469 2001 2502 2028 zu
2521 1994 2644 2027 besinnen
2666 2010 2696 2016 —
2717 1994 2779 2030 noch
2799 1995 2916 2025 einmal:

2047 2044 2090 2066 wo
2119 2036 2199 2065 bleibt
2228 2037 2263 2064 da
2291 2034 2428 2070 München
2456 2035 2506 2064 mit
2535 2034 2630 2069 seinein
2649 2039 2730 2071 guten
2747 2035 2916 2068 Kunstrufe?

2047 2078 2175 2106 Viäsaut
2194 2078 2323 2107 consules
2341 2096 2432 2107 ....
2450 2075 2521 2110 heißt
2540 2078 2569 2104 es
2587 2075 2617 2111 ja
2635 2077 2717 2110 wohl.
2747 2075 2820 2106 Aber
2838 2084 2916 2106 wenn

2047 2126 2113 2146 man
2133 2117 2172 2147 bei
2191 2121 2246 2146 uns
2265 2124 2320 2146 nur
2338 2115 2400 2149 auch
2420 2116 2517 2151 wüßte,
2537 2124 2579 2145 wo
2599 2116 2639 2146 die
2657 2116 2827 2153 zuständigen
2844 2119 2916 2147 Kon¬

2050 2159 2111 2192 suln
2130 2158 2159 2187 in
2177 2157 2285 2192 solchem
2304 2157 2381 2194 Falle
2405 2156 2457 2191 sein
2476 2155 2572 2192 sollen!
2605 2156 2653 2186 So
2672 2158 2750 2193 lange
2770 2158 2917 2193 allerdings

2050 2199 2145 2236 „freie"
2165 2204 2222 2228 und
2244 2197 2447 2235 „angewandte"
2468 2198 2565 2233 Kunst,
2593 2198 2708 2234 gänzlich
2727 2198 2917 2235 unzeitgemäß,

2050 2241 2201 2276 überhaupt
2219 2240 2281 2274 noch
2300 2248 2355 2269 von
2374 2239 2435 2274 zwei
2454 2246 2520 2274 ganz
2533 2239 2722 2274 verschiedenen
2737 2239 2917 2276 Ministerien,

2049 2282 2107 2311 dem
2138 2283 2186 2311 des
2218 2282 2356 2317 „Kultus"
2385 2282 2441 2309 und
2462 2281 2520 2308 dem
2540 2279 2586 2309 des
2607 2279 2761 2317 „Innern",
2794 2280 2871 2316 selbst
2890 2281 2917 2310 in

2049 2322 2133 2351 einem
2163 2322 2332 2357 Kunststaate
2351 2320 2400 2350 wie
2419 2320 2539 2358 Bayern,
2570 2320 2744 2359 ressortieren,
2777 2321 2845 2351 wird
2865 2322 2916 2351 das

2050 2363 2111 2398 auch
2132 2363 2187 2397 sehr
2206 2362 2374 2397 fragwürdig
2394 2362 2504 2391 bleiben.

2102 2403 2150 2433 Ob
2170 2411 2228 2433 nun
2247 2403 2319 2437 wohl
2338 2402 2378 2432 die
2397 2403 2459 2431 cbm
2478 2401 2589 2437 erfolgte
2607 2402 2663 2432 und
2683 2410 2738 2433 von
2756 2403 2801 2434 der
2821 2403 2913 2438 Presse

2049 2445 2094 2475 als
2113 2444 2280 2478 erstischende
2301 2442 2474 2480 „Sezession"
2501 2446 2555 2472 aus
2574 2443 2696 2477 unserem
2716 2444 2795 2481 alten,
2826 2443 2913 2479 längst

2049 2485 2198 2521 banausisch
2231 2484 2403 2519 verfahrenen
2435 2483 2784 2520 „Kunstgewerbe-Verein"
2820 2486 2915 2515 allent¬

2049 2527 2144 2561 halben
2158 2533 2243 2556 warm
2258 2526 2383 2561 begrüßte
2393 2524 2601 2560 Neugründung
2616 2525 2686 2555 einer
2707 2526 2916 2562 „Münchner

2049 2567 2290 2602 Vereinigung
2327 2572 2386 2601 zur
2422 2565 2632 2602 Förderung
2664 2567 2916 2602 angewandter

2049 2607 2168 2643 Kunst"
2198 2609 2236 2636 im
2266 2606 2574 2641 fortschrittlichen
2602 2606 2695 2636 Sinne
2713 2606 2863 2643 Besserung
2887 2608 2916 2637 in

2049 2649 2115 2681 diese
2128 2647 2265 2683 Zustände
2277 2647 2389 2683 bringen
2408 2646 2498 2676 wird?
2519 2646 2581 2675 Wir
2598 2646 2697 2676 wollen
2716 2651 2745 2677 es
2759 2647 2918 2682 einstweilen

2051 2696 2127 2723 gerne
2147 2687 2244 2724 Hessen,
2272 2691 2329 2717 und
2359 2686 2399 2717 die
2419 2687 2534 2723 Namen,
2564 2687 2605 2717 die
2625 2687 2676 2717 wir
2695 2688 2728 2717 da
2748 2688 2799 2718 mit
2818 2696 2854 2718 an
2874 2692 2919 2718 der

2051 2729 2142 2764 Spitze
2169 2728 2274 2764 finden:
2306 2728 2421 2762 nämiich
2453 2735 2478 2757 v.
2507 2727 2653 2763 Berlepsch,
2686 2728 2795 2764 Duffer,
2828 2722 2917 2763 Erler,

2051 2779 2076 2800 v.
2095 2770 2195 2805 Gosen,
2223 2769 2302 2805 Hoch,
2331 2768 2435 2804 Obrist,
2459 2768 2536 2804 Paul
2556 2776 2611 2798 uno
2630 2769 2688 2803 Ule,
2718 2769 2834 2804 lassen
2862 2772 2917 2799 uns

2049 2811 2111 2843 auch
2132 2810 2228 2846 hoffen.
2268 2810 2339 2839 Aber
2361 2808 2467 2845 fteilich,
2497 2808 2562 2844 diese
2590 2810 2703 2844 gesunde
2721 2810 2836 2847 Regung
2855 2818 2915 2846 zum

2049 2852 2142 2881 Guten
2161 2850 2263 2885 betrifft
2287 2850 2360 2880 dann
2385 2849 2436 2884 erst
2453 2857 2506 2879 nur
2525 2850 2608 2887 einen,
2636 2858 2714 2880 wenn
2733 2850 2796 2887 auch
2815 2853 2916 2886 grund-

2049 2892 2224 2926 wesentlichen
2244 2891 2306 2921 Teil
2339 2898 2385 2921 am
2415 2890 2527 2920 kranken
2555 2890 2676 2926 Ganzen.
2714 2891 2778 2921 Von
2809 2899 2916 2928 ganzem

2048 2933 2146 2969 Herzen
2170 2932 2288 2965 möchten
2318 2933 2370 2962 wir
2401 2931 2482 2962 lieber
2515 2933 2566 2961 das
2597 2932 2710 2967 gesamte
2742 2932 2918 2969 künstlerische

2048 2973 2192 3010 München,
2224 2975 2285 3002 was
2314 2980 2350 3003 an
2378 2972 2491 3007 unseren
2511 2971 2650 3006 schwachen
2669 2972 2782 3003 Kräiten
2800 2973 2865 3008 liegt
2884 2990 2920 2995 —

2051 3015 2164 3052 „gesund
2185 3013 2291 3043 beten"!
2517 3013 2571 3043 Dr.
2591 3013 2727 3050 Arthur
2746 3013 2866 3044 Seidl.

2103 3106 2168 3156 Zur
2197 3105 2363 3158 Geschichte
2390 3104 2450 3148 des
2472 3104 2679 3157 Frankfurter
2699 3105 2864 3156 Theaters.

2105 3169 2149 3203 In
2168 3169 2249 3203 seiner
2268 3169 2387 3204 Festrede
2405 3175 2438 3204 zu
2457 3167 2575 3201 Goethes
2602 3171 2663 3198 150.
2681 3168 2851 3204 Geburtstag
2880 3177 2921 3199 er¬

2053 3211 2154 3244 wähnte
2174 3210 2249 3243 Glich
2269 3208 2396 3243 Schmidt
2414 3209 2465 3238 mit
2485 3209 2596 3238 Worten
2615 3216 2731 3239 warmer
2759 3209 2920 3245 Huldigung

2052 3251 2129 3286 Frau
2148 3251 2182 3281 E.
2203 3251 2325 3285 Mentzel,
2345 3249 2385 3279 die
2406 3249 2434 3279 in
2454 3249 2602 3285 Frankfurt
2628 3251 2733 3280 lebende
2762 3250 2920 3286 ausgezeich¬

2052 3297 2107 3321 nete
2126 3291 2278 3327 Forscherin
2298 3291 2347 3321 auf
2377 3291 2435 3319 dem
2468 3290 2576 3320 Gebiete
2607 3292 2653 3320 der
2684 3290 2920 3326 Goetheliteratur.

2052 3333 2129 3368 Frau
2149 3333 2306 3367 Mentzel
2325 3332 2371 3366 hat
2384 3331 2449 3367 diese
2459 3331 2654 3367 Anerkennung
2674 3331 2781 3367 vollauf
2796 3333 2920 3362 verdient.

2052 3374 2111 3404 Mit
2143 3375 2213 3403 einer
2250 3373 2421 3409 gründlichen
2459 3372 2654 3408 Beherrschung
2692 3373 2737 3402 der
2774 3373 2920 3408 klassischen

2053 3415 2165 3448 Periode
2185 3415 2293 3446 unserer
2312 3415 2447 3444 Literatur
2467 3413 2595 3449 vereinigt
2626 3414 2660 3446 sie
2693 3414 2833 3449 besonders
2866 3414 2921 3444 eine

2052 3456 2102 3490 auf
2120 3456 2197 3486 tiefen
2217 3456 2341 3485 Studien
2374 3455 2519 3488 beruhende
2547 3455 2682 3484 Kenntnis
2713 3455 2759 3485 der
2790 3456 2921 3488 deutschen

2053 3496 2296 3532 Theatcrgeschichte
2314 3503 2367 3526 von
2387 3494 2437 3524 den
2457 3495 2558 3524 älteren
2577 3494 2670 3530 Zeiten
2690 3495 2733 3525 bis
2752 3503 2798 3531 zur
2818 3495 2921 3531 Gegen¬

2052 3541 2122 3567 wart
2140 3542 2196 3567 und
2216 3539 2315 3567 nimmt
2334 3538 2412 3566 unter
2431 3536 2481 3565 den
2501 3536 2631 3571 Autoren,
2652 3537 2692 3565 die
2710 3537 2768 3566 dies
2788 3537 2862 3571 heute
2895 3537 2920 3572 so

2052 3579 2105 3608 viel
2125 3578 2246 3612 beachtete
2265 3578 2361 3609 Gebiet
2380 3577 2535 3612 behandeln,
2554 3577 2629 3606 einen
2647 3585 2714 3613 ganz
2733 3579 2837 3611 hervor,
2843 3586 2921 3613 agen-

2053 3622 2102 3650 den
2121 3620 2203 3655 Rang
2222 3620 2273 3650 ein.
2310 3619 2377 3648 Das
2397 3619 2442 3651 hat
2461 3618 2495 3651 sie
2515 3618 2542 3647 in
2562 3618 2646 3652 ihreni
2665 3618 2860 3653 vortrefflichen
2873 3619 2923 3648 mit

2052 3660 2217 3696 zahlreichem
2255 3659 2499 3695 zeitgeschichtlichen
2538 3658 2674 3688 Material
2718 3660 2923 3695 ausgestattcten

2055 3701 2142 3736 Buche
2174 3701 2252 3738 „Zur
2271 3699 2413 3733 Geschichte
2433 3700 2478 3729 der
2498 3700 2750 3734 Schauspielkunst"
2771 3699 2799 3730 in
2822 3700 2922 3735 Frank-

2053 3742 2110 3774 flirt
2128 3750 2155 3772 a.
2173 3742 2221 3772 M.
2240 3749 2294 3771 von
2313 3741 2387 3774 ihren
2407 3740 2489 3773 ersten
2508 3740 2652 3775 Anfängen
2671 3740 2715 3770 bis
2743 3748 2791 3776 zur
2819 3740 2922 3773 Errich¬

0 0 2363 3814 Komödienhauses*
2052 3788 2117 3818 tung
2137 3786 2183 3811 des
2204 3781 2352 3817 städtischen
2613 3781 2642 3810 *»
2664 3782 2795 3817 bewiesen,
2816 3782 2868 3812 das
2882 3784 2922 3811 be¬

2052 3824 2123 3857 weist
2142 3823 2175 3859 sie
2194 3823 2357 3857 neuerdings
2379 3822 2455 3854 durch
2479 3822 2519 3850 die
2551 3821 2676 3855 Schrift:
2708 3822 2810 3858 „Das
2842 3822 2922 3852 alte

2052 3863 2318 3898 Frankfurter
2338 3861 2683 3897 Schauspielhaus
2712 3863 2786 3891 und
2817 3862 2921 3898 seine

2051 3903 2356 3938 Vorgeschichte".
2407 3902 2473 3936 (202
2506 3902 2612 3936 Seiten,
2650 3902 2800 3937 Frankfurt
2827 3910 2853 3933 a.
2873 3903 2920 3932 M.

2050 3944 2214 3977 Literarische
2234 3944 2343 3977 Anstalt
2362 3942 2465 3973 Rütten
2484 3945 2507 3972 &
2525 3942 2652 3978 Locning,
2683 3943 2775 3979 1902.)
2813 3943 2856 3973 Es
2888 3943 2920 3976 ist

2049 3986 2090 4014 ein
2111 3985 2293 4020 Scheidegrnß
2312 3993 2349 4014 an
2368 3986 2419 4012 das
2439 3984 2501 4018 alte,
2526 3983 2572 4017 seit
2591 3983 2744 4014 November
2764 3991 2789 4013 v.
2808 3982 2843 4018 I.
2861 3991 2920 4014 ver¬

2050 4026 2146 4059 lassene
2166 4026 2343 4061 Frankfurter
2362 4024 2605 4059 Schauspielhaus,
2625 4027 2677 4054 das
2696 4024 2739 4055 ein
2770 4024 2797 4059 so
2825 4024 2920 4058 reiches

2050 4067 2134 4097 Stück
2153 4067 2281 4098 deutscher
2309 4066 2556 4101 Thentergeschichte
2585 4066 2724 4100 einschloß.
2761 4065 2822 4095 Und
2851 4073 2922 4101 zwar

2051 4107 2152 4141 sowohl
2170 4108 2324 4143 hinsichtlich
2345 4110 2391 4136 der
2410 4107 2516 4141 Stücke,
2536 4107 2576 4136 die
2596 4107 2658 4136 dort
2677 4115 2724 4142 zur
2743 4106 2921 4142 Aufführung

2049 4150 2198 4185 gelangten,
2218 4149 2263 4179 der
2282 4148 2418 4184 Künstler,
2438 4148 2480 4178 die
2499 4148 2546 4184 sich
2560 4151 2618 4178 dem
2633 4148 2810 4183 Frankfurter
2824 4148 2922 4182 Publi¬

2050 4192 2109 4220 kum
2130 4191 2235 4226 zeigten,
2255 4190 2300 4220 als
2321 4189 2382 4223 auch
2403 4196 2451 4219 um
2469 4189 2598 4225 einzelner
2622 4189 2697 4218 Teile
2724 4190 2806 4222 dieses
2824 4189 2923 4221 Publi¬

2052 4233 2130 4262 kums
2151 4232 2227 4268 selbst
2246 4231 2345 4262 willen.
2384 4231 2433 4260 Da
2452 4230 2485 4265 ist
2503 4238 2553 4260 vor
2572 4230 2652 4260 allem
2672 4231 2717 4260 der
2727 4230 2804 4267 Frau
2824 4230 2922 4264 Rath

2051 4280 2083 4309 zu
2102 4274 2205 4307 denken,
2224 4273 2265 4302 die
2290 4273 2332 4301 bis
2363 4278 2395 4308 zu
2426 4271 2509 4305 ihrem
2542 4271 2707 4301 Lebensende
2738 4271 2837 4307 (1808)
2869 4270 2924 4300 eine

2051 4313 2229 4349 regelmäßige
2248 4312 2405 4348 Besucherin
2424 4313 2472 4341 des
2492 4311 2624 4345 Theaters
2642 4320 2710 4348 war,
2742 4312 2783 4342 die
2814 4311 2842 4342 in
2873 4312 2923 4340 den

2051 4355 2162 4388 Briefen
2181 4362 2217 4383 an
2238 4354 2311 4389 ihren
2331 4352 2417 4387 Sohn
2435 4354 2491 4382 und
2511 4361 2548 4382 an
2567 4355 2663 4381 andere
2691 4352 2818 4387 während
2851 4351 2923 4381 eines

2050 4395 2211 4430 Zeitraums
2232 4403 2284 4424 von
2308 4396 2374 4424 über
2398 4393 2499 4427 dreißig
2532 4393 2639 4427 Jahren
2670 4394 2736 4423 über
2767 4393 2923 4423 bedeutende

2051 4436 2229 4468 theatralische
2248 4435 2393 4469 Vorgänge
2414 4434 2530 4468 belichtet
2557 4438 2613 4462 und
2645 4433 2769 4466 treffende
2800 4433 2923 4468 Schilde¬

2051 4484 2155 4510 rungen
2175 4484 2228 4506 von
2246 4475 2393 4510 Künstlern
2414 4477 2469 4503 und
2488 4474 2699 4506 Künstlerinnen
2709 4474 2855 4503 entworfen
2869 4473 2922 4508 hat.

2052 4517 2123 4546 Was
2143 4517 2182 4546 die
2202 4516 2384 4549 Anwesenheit
2402 4515 2472 4544 einer
2496 4515 2596 4548 solchen
2624 4514 2826 4549 Persönlichkeit
2854 4517 2922 4543 aus¬

2052 4558 2156 4592 machte,
2177 4559 2267 4586 davon
2287 4557 2354 4586 wird
2373 4555 2428 4585 eine
2448 4556 2553 4589 hübsche
2572 4556 2687 4590 Episode
2718 4554 2847 4588 erwähnt.
2879 4554 2923 4589 In

2050 4598 2120 4627 einer
2141 4597 2196 4630 sehr
2216 4598 2315 4631 schlecht
2335 4596 2464 4631 besuchten
2476 4595 2650 4631 Vorstellung
2660 4598 2706 4625 der
2719 4595 2921 4630 „Geschwister"

2051 4639 2097 4673 hat
2117 4638 2156 4667 die
2176 4638 2253 4673 Frau
2272 4637 2347 4673 Rath
2366 4640 2426 4666 dem
2445 4637 2596 4671 Darsteller
2626 4639 2674 4665 des
2704 4636 2835 4671 Wilhelm
2863 4636 2924 4666 laut

2050 4679 2210 4715 zugcrufcn:
2232 4679 2348 4716 „Verdy,
2369 4678 2404 4707 ick
2425 4677 2470 4707 bin
2489 4679 2532 4714 da,
2552 4677 2593 4706 die
2612 4677 2699 4707 Rätin
2719 4677 2820 4711 Goethe
2832 4675 2839 4706 I
2872 4679 2923 4705 das

2050 4720 2083 4754 ist
2103 4721 2176 4753 mehr
2194 4720 2241 4749 als
2261 4720 2302 4749 ein
2322 4719 2408 4749 volles
2428 4718 2519 4753 Haus.
2558 4718 2676 4753 Spielen
2708 4717 2762 4747 Sie
2793 4724 2856 4753 nur,
2888 4717 2924 4751 ich

2051 4765 2135 4790 werde
2154 4761 2250 4795 tüchtig
2269 4760 2461 4795 applaudieren
2472 4758 2496 4788 I"
2535 4758 2595 4789 Und
2615 4760 2667 4789 das
2686 4759 2733 4795 hat
2743 4760 2854 4788 damals
2868 4758 2924 4789 eine

2050 4802 2253 4833 elektrisierende
2272 4801 2403 4833 Wirkung
2422 4801 2567 4835 ansgeübt.

2104 4842 2172 4876 Daß
2191 4843 2245 4871 das
2265 4842 2316 4871 viel
2346 4841 2531 4875 mißbrauchte
2561 4840 2657 4871 Wort:
2697 4841 2788 4877 „Dem
2813 4838 2924 4869 Mimen

2050 4881 2120 4917 flicht
2139 4883 2181 4912 die
2201 4882 2336 4916 Nachwelt
2356 4881 2426 4911 keine
2447 4880 2568 4917 Kränze"
2599 4881 2668 4915 nicht
2689 4880 2786 4910 immer
2805 4880 2920 4916 zutrifft,

2050 4924 2130 4958 dafür
2150 4924 2229 4953 bietet
2248 4924 2301 4953 das
2320 4923 2489 4958 vorliegende
2500 4922 2574 4957 Buch
2586 4921 2793 4952 unbestreitbare
2805 4920 2915 4956 Belege.

2050 4966 2133 4995 Denn
2152 4970 2232 4994 unter
2268 4964 2313 4994 der
2332 4964 2434 5000 großen
2453 4963 2559 4999 Anzahl
2597 4971 2651 4992 von
2680 4963 2837 4997 Künstlern,
2882 4962 2923 4990 die

2050 5005 2128 5035 darin
2148 5005 2270 5040 ermähnt
2281 5008 2392 5040 werden,
2417 5003 2504 5038 haben
2524 5003 2570 5038 sich
2589 5003 2665 5040 viele,
2690 5003 2752 5038 auch
2773 5004 2827 5032 aus
2847 5001 2920 5032 einer

2050 5075 2214 5109 „Madonna
2234 5072 2368 5107 Siatina",
2401 5079 2455 5101 von
2473 5071 2562 5101 Klara
2582 5071 2810 5106 Rlpberger,
2841 5077 2922 5104 anzu¬

2049 5111 2159 5143 staunen
2188 5111 2244 5139 und
2273 5117 2305 5144 zu
2325 5110 2486 5138 bcwundenl
2506 5107 2678 5143 Gelegenheit
2697 5107 2770 5141 fand,
2800 5109 2851 5135 das
2871 5106 2922 5135 wir

2048 5146 2076 5175 in
2106 5146 2233 5175 Dresden
2263 5146 2334 5179 schon
2361 5152 2409 5174 vor
2429 5143 2561 5179 ungefähr
2579 5144 2640 5179 zehn
2659 5143 2767 5177 Jahren
2786 5142 2869 5177 zuerst
2888 5149 2920 5177 zu

2049 5183 2215 5217 begutachten
2245 5183 2335 5215 hatten
2366 5181 2422 5210 und
2455 5183 2506 5209 das
2539 5180 2636 5209 mittlet
2643 5180 2716 5208 weile
2749 5179 2822 5214 schon
2855 5177 2921 5210 seine

2047 5218 2197 5254 Rundreise
2228 5218 2272 5248 bis
2303 5225 2349 5253 zur
2379 5216 2491 5251 Pariser
2520 5216 2761 5252 Weltausstellung
2790 5214 2920 5250 zurückge-

2047 5254 2101 5290 legt
2119 5254 2173 5289 hat.

2101 5290 2131 5325 *)
2152 5290 2301 5326 Frankfurt
2319 5297 2345 5320 a.
2365 5288 2411 5319 M.
2433 5291 2501 5317 1882
2504 5309 2512 5318 .

2953 402 3025 437 schon
3045 403 3109 439 lang
3129 410 3313 440 vergangenen
3333 403 3403 440 Zeit,
3446 403 3488 433 ein
3518 407 3597 440 gute«
3617 404 3758 437 Andenken
3778 414 3818 437 er.

2952 443 3054 479 halten.
3077 444 3197 478 Hiervon
3218 443 3315 480 möge»
3335 447 3387 473 aus
3427 451 3610 480 vergangenen
3642 446 3735 482 Tagen
3767 453 3818 477 nur

2952 484 2994 514 die
3013 485 3121 515 Namen
3141 483 3243 522 Hassel,
3277 484 3358 522 Meck,
3394 485 3558 516 Dcinoiselle
3577 484 3699 522 Lindner,
3741 486 3818 522 Frau

2952 524 3219 562 Anschütz-Capitaln
3257 527 3376 562 genannt
3417 526 3532 561 werden,
3576 524 3701 560 während
3741 531 3819 556 unter

2951 567 3043 603 denen,
3084 566 3125 597 die
3145 567 3186 597 die
3205 566 3262 602 jetzt
3282 565 3388 596 lebende
3409 565 3581 597 Generation
3614 572 3645 600 zu
3664 565 3746 601 hören
3766 566 3820 595 Ge¬

2951 606 3079 643 legenheit
3099 608 3180 644 hatte,
3224 607 3280 638 eine
3300 607 3361 638 weit
3388 607 3498 643 größere
3518 606 3621 644 Anzahl
3641 606 3703 641 auch
3724 606 3753 637 in
3772 606 3817 636 der

2952 647 3088 682 Nachwelt
3108 647 3228 683 fortiebt.
3249 650 3315 679 Das
3327 648 3505 684 Frankfurter
3526 646 3760 683 Schauspielhaus
3773 649 3819 682 hat

2953 696 3007 718 von
3027 691 3096 717 1782
3116 689 3160 719 bis
3180 689 3336 720 Ende1902
3357 689 3506 724 bestanden.
3528 688 3585 719 Die
3604 688 3699 719 Stadt
3720 688 3818 725 vergab

2954 732 2984 758 es
3005 730 3086 765 zuerst
3106 738 3142 760 an
3181 729 3256 759 einen
3293 730 3406 764 Pächter
3426 730 3529 767 Tabor,
3571 730 3616 760 der
3636 736 3696 766 zum
3736 730 3817 760 ersten

2954 769 3082 799 Direktor
3114 771 3163 800 den
3196 769 3279 799 Leiter
3308 771 3353 799 der
3374 769 3603 806 Kur-Kölnischen
3633 769 3813 806 Gesellschaft,

2956 810 3062 844 Gustav
3083 809 3217 846 Friedrich
3245 810 3372 844 Wilhelm
3393 811 3560 845 Großmann
3593 809 3687 845 berief.
3727 810 3815 844 Groß-

2956 858 3048 886 mann,
3072 851 3117 881 der
3135 850 3270 884 Verfasser
3291 850 3363 880 eines
3383 851 3412 880 in
3432 851 3502 886 jener
3517 850 3579 886 Zeit
3599 850 3651 880 viel
3670 850 3817 886 gegebenen

2956 890 3117 925 Stückchens
3138 890 3232 929 „Nicht
3252 892 3326 926 mehr
3345 890 3391 921 als
3411 891 3478 926 sechs
3499 889 3660 926 Schüsseln"
3681 891 3728 924 hat
3756 891 3818 924 auch

2956 932 2999 962 ein
3018 934 3132 962 anderes
3150 932 3217 968 recht
3236 931 3486 962 bemerkensivertes
3502 930 3629 966 Büchlein
3649 930 3816 967 geschrieben,

2958 972 3092 1010 „Lessings
3106 972 3273 1004 Denkmal".
3293 972 3375 1003 Unter
3396 972 3477 1006 seiner
3497 972 3608 1009 Leitung
3622 972 3695 1007 hatte
3708 970 3754 1006 sich
3770 972 3821 1000 das

2956 1014 3135 1050 Frankfurter
3155 1013 3270 1049 Theater
3307 1014 3363 1044 eine
3401 1013 3634 1044 bemerkenswerte
3662 1011 3822 1045 literarische

2957 1054 3092 1092 Stellung
3104 1063 3244 1091 errungen,
3268 1062 3321 1084 von
3341 1056 3385 1085 der
3405 1057 3435 1084 es
3455 1053 3605 1090 allerdings
3625 1053 3712 1089 später
3732 1055 3819 1082 etwas

2956 1096 3120 1133 zurückging.
3140 1096 3186 1127 An
3204 1095 3245 1125 die
3265 1095 3359 1126 Stelle
3377 1095 3426 1125 des
3436 1093 3751 1130 Privatunternehmens
3765 1096 3820 1123 tra«

2959 1139 3027 1164 1792
3048 1136 3089 1167 die
3108 1138 3170 1171 erste
3189 1135 3451 1172 Aktiengesellschaft,
3495 1135 3536 1165 die
3556 1138 3635 1165 unter
3669 1134 3727 1164 dem
3747 1132 3822 1163 Titel

2958 1175 3230 1213 „Nationaltheater"
3253 1175 3297 1204 bis
3318 1177 3387 1202 1842
3408 1175 3524 1210 bestand.
3547 1176 3635 1205 Dann
3655 1172 3705 1209 gab
3726 1176 3755 1202 es
3769 1172 3822 1202 eine

2958 1218 3031 1254 kurze
3050 1218 3122 1255 Zeit,
3145 1218 3173 1248 in
3193 1216 3238 1246 der
3258 1215 3299 1246 die
3310 1215 3599 1250 Privatunternehmer
3612 1214 3701 1250 Guhr,
3724 1213 3817 1248 Malß,

2958 1258 3003 1288 der
3043 1258 3166 1291 klassische
3204 1256 3295 1287 Autor
3333 1257 3378 1286 der
3399 1255 3577 1291 Frankfurter
3608 1252 3824 1284 Lokalkomödien

2959 1297 3220 1336 „Bürgerkapitän",
3264 1296 3501 1335 „Hampelmann"
3522 1304 3567 1334 rc.,
3608 1296 3663 1325 und
3683 1293 3755 1324 Meck
3781 1293 3822 1323 die

2960 1338 3068 1375 Leitung
3090 1338 3280 1373 Übernahmen.
3324 1337 3431 1373 Später
3451 1337 3573 1369 entstand
3592 1336 3621 1366 in
3653 1335 3702 1365 den
3723 1336 3823 1363 1850«

2958 1381 3064 1415 Jahren
3085 1380 3126 1410 die
3140 1381 3228 1415 zweite
3240 1377 3502 1415 Aktiengesellschast,
3525 1378 3572 1408 der
3583 1376 3658 1407 Ende
3670 1377 3716 1406 der
3728 1377 3825 1404 1870«

2958 1421 2999 1450 die
3018 1421 3108 1457 dritte,
3132 1419 3173 1451 die
3192 1419 3278 1456 jetzige
3297 1419 3390 1455 folgte.

3014 1463 3057 1497 In
3076 1461 3169 1497 diesem
3203 1461 3301 1496 langen
3328 1458 3476 1494 Abschnitte
3506 1458 3600 1494 hatten
3639 1456 3691 1486 das
3712 1455 3825 1490 Theater

2958 1503 3014 1532 und
3052 1502 3094 1532 die
3132 1500 3259 1536 Künstler
3294 1509 3344 1537 gar
3371 1500 3477 1534 manche
3498 1499 3603 1534 schwere
3622 1497 3717 1532 Krisen
3737 1497 3825 1530 durch¬

2959 1544 3107 1580 zumachen.
3149 1544 3191 1573 Es
3229 1540 3279 1577 gab
3310 1540 3372 1576 auch
3410 1540 3511 1571 einmal
3551 1540 3606 1570 eine
3645 1538 3759 1571 Periode
3797 1536 3825 1566 in

2959 1588 3009 1614 den
3051 1586 3150 1614 1850er
3188 1582 3303 1619 Jahren,
3361 1582 3388 1611 in
3427 1581 3472 1611 der
3509 1580 3551 1611 die
3588 1578 3713 1614 Künstler
3751 1578 3825 1612 selbst

2960 1628 3015 1655 und
3046 1625 3091 1660 für
3123 1624 3211 1661 eigene
3243 1623 3387 1659 Rechnung
3419 1622 3460 1652 die
3491 1621 3602 1657 Leitung
3633 1619 3825 1654 übernahmen.

2958 1666 3083 1697 Damals
3104 1667 3196 1700 mußte
3216 1664 3268 1694 das
3286 1664 3367 1699 Haus
3387 1663 3443 1693 drei
3454 1663 3569 1692 Monate
3591 1662 3655 1697 lang
3675 1660 3825 1696 geschlossen

2957 1710 3069 1743 werden,
3110 1709 3165 1736 und
3186 1705 3214 1735 in
3233 1704 3313 1740 dieser
3333 1704 3397 1740 Zeit
3435 1703 3567 1739 entschloß
3588 1702 3633 1738 sich
3653 1702 3698 1732 der
3730 1701 3826 1730 Senat

2957 1749 3002 1777 der
3021 1747 3104 1781 freien
3124 1747 3215 1776 Stadt
3236 1745 3385 1782 Frankfurt
3419 1752 3450 1781 zu
3469 1744 3540 1774 einer
3570 1743 3825 1773 bemerkenswerten

2960 1788 3109 1824 Handlung
3127 1790 3172 1817 der
3193 1786 3345 1821 Großmut.
3381 1785 3463 1816 Allen
3483 1793 3532 1815 vor
3552 1784 3637 1815 einem
3657 1783 3826 1819 bestimmten

2960 1828 3072 1858 Termin
3092 1827 3161 1863 tätig
3182 1827 3330 1863 gewesenen
3351 1825 3534 1861 Mitgliedern
3552 1825 3598 1855 der
3617 1824 3717 1859 Bühne
3736 1823 3827 1853 wurde

2962 1869 3002 1897 bei
3021 1868 3107 1903 völlig
3145 1866 3223 1903 freier
3242 1865 3403 1902 Verfügung
3442 1866 3507 1895 über
3527 1865 3582 1899 ihre
3602 1864 3664 1901 Zeit
3702 1863 3827 1898 während

2963 1912 3009 1938 des
3031 1908 3169 1939 Umbaues
3208 1906 3263 1936 eine
3284 1905 3603 1942 Gesamtentschädigung
3642 1912 3696 1934 von
3728 1904 3829 1939 15,000

2964 1948 3074 1979 Gulden
3093 1957 3124 1986 zu
3145 1947 3201 1979 teil.
3224 1947 3287 1977 Aus
3306 1948 3351 1977 der
3362 1954 3465 1976 neuern
3475 1946 3620 1981 Geschichte
3640 1945 3687 1975 des
3698 1944 3830 1980 Theaters

2964 1992 3070 2020 werden
3109 1990 3151 2019 die
3173 1987 3409 2024 Schwierigkeiten
3430 1986 3557 2023 erwähnt,
3600 1985 3641 2016 die
3674 1986 3720 2019 sich
3758 1985 3830 2019 schon

2964 2030 3042 2066 gleich
3063 2030 3124 2066 nach
3157 2031 3217 2060 dem
3236 2028 3424 2058 Amtsantritt
3461 2028 3508 2057 des
3529 2028 3609 2063 ersten
3641 2025 3830 2061 Intendanten

2963 2073 3009 2101 der
3029 2079 3112 2102 neuen
3133 2069 3311 2106 Gesellschaft,
3336 2069 3409 2099 Otto
3420 2068 3563 2105 Devrient,
3587 2068 3689 2104 geltend
3700 2068 3826 2100 machten,

2965 2114 3020 2142 und
3040 2111 3081 2142 die
3100 2112 3126 2148 so
3145 2111 3214 2145 rasch
3235 2117 3266 2146 zu
3298 2109 3395 2142 seinem
3414 2109 3547 2139 Rücktritt
3585 2108 3702 2144 führten.
3743 2106 3832 2135 Dan«

2965 2154 3033 2184 wird
3053 2154 3097 2183 der
3117 2151 3346 2187 außerordentlich
3384 2150 3567 2186 «folgretchen
3599 2146 3736 2183 Tätigkeit
3754 2145 3832 2176 Emil

2965 2195 3069 2224 Claars
3091 2194 3204 2230 gedacht,
3246 2193 3292 2223 der
3312 2192 3365 2221 das
3385 2191 3518 2227 Interesse
3556 2190 3602 2225 für
3632 2189 3685 2218 das
3717 2187 3832 2222 Theater

2965 2242 3017 2264 neu
3036 2242 3067 2271 zu
3087 2234 3209 2265 erwecken
3229 2233 3285 2263 und
3306 2240 3338 2269 zu
3357 2232 3478 2266 erhalten
3499 2230 3629 2266 verstand.
3652 2229 3718 2258 Das
3729 2228 3831 2264 Frank¬

2965 2274 3051 2310 furter
3071 2275 3241 2311 Opernhaus
3280 2272 3311 2308 ist
3331 2280 3377 2309 zur
3395 2272 3456 2306 Zeit
3489 2271 3571 2305 seiner
3590 2270 3745 2305 Eröffnung
3779 2268 3831 2298 viel

2965 2323 2995 2351 zu
3016 2316 3083 2352 groß
3104 2315 3227 2351 gewesen,
3270 2314 3325 2343 und
3344 2313 3385 2343 die
3406 2312 3498 2342 Stadt
3535 2312 3566 2347 ist
3595 2311 3641 2342 erst
3677 2309 3830 2344 allmählich

2966 2357 3215 2392 hineingewachsen.
3236 2353 3406 2387 Bekanntlich
3426 2352 3457 2388 ist
3477 2352 3522 2382 der
3541 2350 3653 2382 Betrieb
3673 2351 3720 2380 d«
3738 2350 3832 2379 beide»

2965 2398 3114 2432 städtischen
3135 2398 3250 2432 Theater
3268 2395 3323 2430 jetzt
3343 2393 3503 2429 vollständig
3523 2395 3656 2429 getrennt.
3699 2390 3759 2422 Der
3778 2390 3832 2420 Be¬

2964 2438 3031 2468 trieb
3052 2438 3149 2474 erfolgt
3169 2438 3214 2473 für
3234 2435 3377 2471 Rechnung
3396 2438 3441 2464 der
3462 2431 3721 2469 Aktiengesellschaft
3753 2437 3832 2461 unter

2965 2478 3141 2514 Gewährung
3181 2477 3252 2508 einer
3272 2476 3453 2506 Subvention
3490 2475 3568 2509 durch
3588 2473 3629 2504 die
3650 2473 3749 2508 Stadt,
3791 2471 3832 2501 die

2964 2519 3066 2555 Häuser
3104 2519 3159 2554 sind
3180 2517 3326 2554 Eigentum
3364 2517 3409 2546 der
3442 2515 3544 2547 Stadt.
3586 2514 3662 2545 Einil
3694 2513 3781 2544 Claar
3801 2511 3832 2543 ist

2963 2560 3080 2595 insofern
3101 2559 3157 2590 eine
3177 2558 3259 2594 höchst
3279 2557 3513 2587 bemerkenswerte
3532 2554 3711 2591 Erscheinung
3740 2554 3768 2584 in
3788 2553 3832 2582 d«

2965 2603 3110 2631 modernen
3130 2597 3387 2635 Theatergeschichte,
3405 2599 3450 2627 als
3470 2605 3498 2627 er
3517 2597 3588 2630 wohl
3607 2597 3653 2626 der
3671 2594 3771 2631 einzige
3789 2594 3830 2629 ist,

2966 2643 3011 2671 der
3031 2641 3095 2678 zwei
3114 2641 3198 2676 große
3216 2639 3345 2675 Bühnen,
3369 2637 3526 2674 Schauspiel
3546 2638 3601 2667 und
3621 2636 3707 2672 Oper,
3743 2635 3834 2672 gleich¬

2967 2681 3042 2718 zeitig
3064 2682 3162 2712 leitete.

3019 2722 3064 2757 In
3084 2724 3129 2752 der
3149 2719 3349 2757 Vorgeschichte,
3391 2718 3433 2749 die
3452 2718 3504 2749 mit
3536 2718 3586 2748 den
3606 2716 3748 2753 geistlichen
3779 2715 3833 2745 und

2966 2762 3175 2799 Bürgerspielen
3194 2761 3240 2791 der
3260 2761 3334 2791 alten
3352 2760 3449 2796 Zelten
3481 2759 3598 2796 beginnt,
3640 2757 3746 2792 enthält
3782 2757 3834 2785 da«

2967 2803 3038 2837 Buch
3058 2804 3103 2832 der
3142 2805 3219 2837 Frau
3239 2800 3352 2836 Mentzel
3390 2803 3447 2830 eine
3482 2800 3564 2835 Fülle
3603 2798 3832 2833 außerordentlich

2965 2844 3149 2879 interessanter
3167 2841 3356 2878 Einzelheiten.
3396 2840 3452 2870 Die
3471 2840 3557 2871 ältere
3577 2839 3642 2875 Zeit
3675 2838 3776 2873 brachte
3795 2837 3834 2867 im

2966 2884 3141 2919 wesentlichen
3160 2891 3213 2913 nur
3233 2881 3356 2918 geistliche
3376 2880 3474 2911 Stücke
3494 2882 3557 2911 oder
3577 2878 3685 2916 Stoffe,
3727 2879 3769 2908 die
3788 2879 3833 2908 da

2966 2925 3046 2956 Bibel
3066 2930 3239 2955 entnommen
3253 2930 3354 2954 waren.
3379 2921 3434 2952 Die
3454 2922 3536 2957 ersten
3548 2919 3831 2956 Berufsschauspiel«,

2966 2966 3008 2996 die
3027 2968 3088 2999 nach
3109 2963 3257 3001 Frankfurt
3277 2964 3369 2994 kamen
3389 2963 3498 3000 (1588),
3540 2962 3597 2998 sind
3625 2960 3835 2995 wahrscheinlich

2968 3007 3118 3043 Franzosen
3137 3006 3263 3042 gewesen.
3301 3003 3479 3040 Regelmäßig
3518 3003 3611 3033 kamen
3648 3003 3724 3031 dann
3752 3001 3833 3038 zuerst

2969 3048 3091 3084 englische
3110 3048 3248 3083 Truppen,
3270 3046 3349 3076 deren
3369 3046 3433 3081 erste
3451 3046 3517 3074 ums
3536 3044 3609 3079 Jahr
3624 3045 3693 3070 1592
3714 3043 3831 3077 erschien.

2969 3089 3023 3118 Sie
3044 3089 3151 3124 bestand
3191 3090 3244 3117 aus
3263 3086 3446 3123 Mitgliedern
3479 3086 3524 3116 der
3557 3083 3834 3119 Schauspielergesetl-

2969 3129 3045 3165 schäft
3065 3132 3113 3159 des
3134 3127 3240 3160 Grafen
3261 3136 3314 3157 von
3334 3127 3483 3161 Worcester
3502 3125 3532 3155 in
3551 3125 3661 3155 London
3686 3125 3740 3153 und
3762 3123 3835 3156 stand

2967 3177 3047 3200 unter
3065 3172 3112 3200 der
3130 3169 3243 3204 Leitung
3263 3170 3312 3198 des
3333 3167 3474 3197 Robertus
3494 3166 3624 3197 Browne.
3665 3165 3721 3194 Ein
3752 3165 3836 3198 Nach-

2969 3212 3051 3248 folger
3072 3211 3157 3243 dieses
3176 3208 3288 3245 Leiters,
3311 3208 3419 3243 Thoms
3440 3208 3599 3246 Sackeville,
3630 3207 3684 3242 ließ
3706 3207 3751 3242 sich
3772 3216 3836 3243 gpnz

2968 3253 2996 3282 in
3016 3252 3166 3289 Frankfurt
3185 3251 3273 3281 nieder
3294 3251 3349 3279 und
3370 3251 3463 3279 wurde
3501 3250 3565 3279 dort
3584 3249 3744 3284 Begründer
3765 3248 3836 3277 eine«

2969 3295 3069 3330 großen
3090 3290 3365 3329 Handlungshauses.
3406 3290 3446 3319 Er
3467 3290 3541 3323 stand
3563 3289 3591 3319 in
3611 3290 3671 3318 dem
3692 3289 3757 3325 Ruf,
3795 3289 3837 3318 ein

2969 3335 3093 3365 Komiker
3113 3335 3195 3369 ersten
3214 3332 3327 3368 Ranges
3348 3330 3463 3367 gewesen
3483 3338 3513 3367 zu
3533 3330 3596 3363 sein.
3632 3330 3688 3359 Die
3708 3329 3833 3362 Tatsache

2970 3376 2999 3410 ist
3019 3375 3169 3411 jedenfalls,
3183 3372 3251 3407 nicht
3271 3372 3472 3408 uninteressant,
3496 3372 3550 3406 daß
3569 3370 3599 3401 in
3617 3370 3690 3406 jener
3709 3370 3781 3406 Zeit,
3805 3370 3835 3399 i«

2969 3418 3014 3447 der
3033 3416 3074 3446 die
3095 3414 3234 3447 Kenntnis
3253 3414 3299 3443 der
3320 3412 3458 3449 englischen
3478 3412 3599 3446 Sprache
3631 3411 3660 3440 ln
3681 3410 3833 3446 Frankfurt

2970 3457 3042 3493 wohl
3061 3457 3129 3492 nicht
3167 3455 3222 3491 sehr
3253 3454 3393 3484 verbreitet
3432 3454 3547 3489 gewesen
3586 3451 3638 3488 sein
3668 3460 3740 3488 mag,
3783 3452 3835 3479 das

2968 3498 3104 3534 Interesse
3142 3505 3177 3526 an
3215 3494 3462 3531 schauspielerischen
3498 3493 3708 3529 Darbietungen
3759 3491 3835 3525 durch

2969 3539 3079 3576 englisch
3098 3538 3208 3568 redende
3228 3536 3356 3572 Künstler
3394 3534 3495 3565 erweckt
3515 3537 3617 3564 wurde.
3655 3533 3733 3563 Man
3766 3533 3835 3563 wird

2969 3581 3025 3615 also
3045 3580 3117 3614 wohl
3153 3576 3305 3612 annehmen
3322 3576 3428 3612 dürfen,
3468 3576 3523 3610 daß
3541 3576 3584 3605 die
3620 3573 3834 3609 Darstellungen

2971 3620 3138 3657 vorwiegend
3158 3617 3303 3653 mimischer
3323 3617 3417 3648 Natur
3436 3624 3540 3648 waren.
3563 3615 3725 3651 Allerdings
3745 3623 3836 3645 waren

2971 3662 2997 3697 ja
3018 3665 3080 3695 auch
3101 3661 3141 3691 die
3162 3659 3268 3695 Stoffe,
3292 3658 3333 3689 die
3353 3659 3398 3687 der
3417 3657 3498 3687 Bibel
3518 3660 3692 3688 entnommen
3713 3656 3835 3693 gewesen,

2972 3703 3077 3738 vielfach
3098 3702 3147 3732 den
3168 3699 3274 3736 Hörern
3313 3708 3379 3735 ganz
3399 3702 3533 3730 vertraut.
3572 3698 3635 3728 Aus
3655 3699 3699 3727 der
3732 3697 3838 3732 später»

2970 3744 3043 3781 Zeit,
3064 3744 3110 3773 der
3130 3742 3216 3772 Mitte
3234 3741 3283 3770 deS
3304 3743 3347 3770 18.
3359 3739 3578 3775 Jahrhunderts,
3602 3737 3658 3773 sind
3672 3737 3713 3768 die
3733 3739 3838 3772 hervor¬

2970 3787 3105 3821 ragenden
3126 3782 3254 3815 Komiker
3274 3781 3443 3817 Franziskus
3465 3781 3568 3815 Schuch
3588 3780 3643 3809 und
3663 3779 3764 3815 Joseph
3785 3785 3837 3808 von

2970 3826 3056 3861 Kurtz,
3084 3826 3204 3861 genannt
3225 3822 3396 3857 Bernardon,
3421 3829 3451 3857 zu
3471 3822 3622 3857 erwähnen,
3665 3821 3743 3849 deren
3763 3821 3837 3850 Dar¬

2970 3866 3112 3901 bietungen
3133 3863 3283 3899 allerdings
3303 3862 3352 3897 auf
3371 3862 3547 3896 literarischen
3567 3863 3644 3890 Wert
3673 3860 3761 3890 keinen
3781 3860 3837 3889 An¬

2968 3907 3053 3942 spruch
3076 3907 3182 3940 machen
3192 3904 3321 3934 konnten.
3342 3903 3398 3933 Die
3412 3901 3655 3937 Bernardonstücke
3675 3908 3767 3930 waren
3780 3900 3837 3929 eine

2967 3948 3022 3978 Art
3042 3944 3299 3981 Hanswurstiade».
3341 3944 3401 3979 Für
3421 3944 3462 3973 die
3501 3942 3680 3979 Frankfurt«
3709 3942 3836 3975 Thealer-

2968 3988 3100 4024 geschichte
3120 3987 3150 4022 ist
3172 3985 3276 4019 Schuch
3296 3983 3409 4019 deshalb
3444 3983 3500 4014 eine
3538 3983 3681 4019 besond«s
3719 3981 3836 4018 wichtige

2968 4027 3181 4064 Persönlichkeit,
3205 4026 3266 4056 weil
3286 4033 3340 4056 von
3359 4025 3415 4059 ihm
3427 4032 3488 4062 zum
3498 4024 3654 4059 erstenmale
3672 4023 3719 4054 der
3729 4022 3838 4059 Antrag

2970 4070 3018 4103 auf
3038 4070 3191 4104 Erbauung
3210 4067 3285 4098 eines
3323 4065 3476 4102 städtischen
3515 4064 3770 4100 Schauspielhauses
3803 4072 3839 4092 au

2970 4112 3020 4140 den
3040 4110 3099 4140 Rat
3119 4109 3220 4146 gestellt
3231 4108 3340 4138 worden
3360 4115 3428 4138 war.
3451 4106 3558 4142 Früher
3569 4107 3661 4141 hatten
3681 4104 3722 4135 die
3734 4104 3839 4139 Schau¬

2971 4152 3062 4188 spieler
3082 4152 3121 4181 ini
3142 4149 3241 4186 Freien
3279 4149 3334 4178 und
3354 4148 3382 4178 in
3403 4147 3492 4183 Höfen
3530 4148 3589 4177 dem
3612 4145 3761 4180 Publikum
3794 4145 3839 4179 sich

2971 4193 3076 4230 gezeigt,
3101 4192 3182 4226 sodaß
3203 4189 3266 4224 auch
3285 4189 3327 4219 die
3337 4187 3518 4225 Anfangszeit
3537 4185 3696 4224 gewöhnlich
3723 4186 3839 4222 mittags

2972 4235 3033 4264 oder
3052 4232 3234 4267 nachmittags
3264 4238 3330 4267 war,
3373 4231 3407 4259 da
3428 4237 3494 4259 man
3514 4229 3584 4259 keine
3618 4226 3753 4262 künstliche
3785 4226 3838 4257 Be¬

2970 4276 3110 4309 leuchtung
3122 4274 3205 4307 hatte.
3227 4270 3291 4301 Aus
3312 4271 3369 4301 dem
3381 4269 3492 4306 Anfang
3512 4271 3560 4299 des
3575 4272 3619 4298 18.
3630 4268 3838 4302 Jahrhunderts

2971 4315 3005 4348 sei
3025 4315 3087 4348 noch
3108 4313 3148 4343 die
3169 4311 3341 4346 Prinzipalin
3361 4312 3437 4346 Frau
3467 4309 3673 4345 Haak-Elenson
3705 4307 3834 4343 erwähn^

2970 4355 3011 4385 die
3031 4357 3090 4385 dem
3111 4354 3206 4388 Kaiser
3226 4352 3298 4383 Karl
3318 4353 3378 4388 VI.,
3420 4352 3464 4380 als
3485 4359 3512 4380 er
3532 4350 3565 4385 sie
3584 4350 3613 4379 in
3633 4347 3712 4378 Wien
3740 4349 3835 4384 fragte,

2971 4396 3019 4426 wie
3039 4398 3069 4424 cs
3089 4395 3131 4428 ihr
3152 4394 3220 4430 gehe,
3264 4391 3402 4428 eingedenk
3422 4392 3466 4422 der
3499 4391 3661 4428 glänzenden
3690 4389 3835 4424 Geschäfte,

2970 4436 3012 4466 die
3031 4436 3064 4470 sie
3084 4435 3125 4465 bei
3144 4435 3188 4464 der
3209 4432 3345 4468 Krönung
3383 4432 3467 4468 dieses
3497 4432 3610 4465 Kaisers
3649 4431 3757 4466 machte,
3798 4431 3840 4459 die

2972 4476 3120 4512 schnurrige
3157 4476 3287 4506 Antwort
3319 4472 3385 4510 gab:
3426 4473 3493 4510 „Ach
3533 4471 3634 4503 Gott's
3675 4470 3836 4506 erbärmlich,

2969 4515 3114 4553 Majestät!
3134 4515 3202 4546 Eine
3221 4514 3354 4551 Krönung
3373 4514 3444 4549 noch,
3468 4522 3546 4543 wenn
3565 4513 3601 4548 ich
3621 4512 3662 4542 die
3681 4510 3808 4542 erlebte!"

3026 4558 3116 4588 Weml
3134 4557 3196 4592 auch
3217 4555 3260 4586 ein
3279 4555 3339 4585 Teil
3357 4555 3403 4585 der
3423 4553 3643 4590 Darstellungen,
3677 4552 3835 4584 namentlich

2972 4602 3026 4630 auS
3047 4599 3160 4635 späterer
3180 4596 3242 4634 Zeit
3262 4597 3338 4631 mehr
3357 4595 3459 4625 lokales
3478 4595 3612 4631 Interesse
3632 4593 3687 4630 hat,
3724 4594 3750 4628 so
3770 4592 3837 4621 wird

2971 4641 3032 4675 doch
3052 4640 3122 4675 jeder
3133 4640 3213 4674 Leser,
3238 4639 3284 4668 der
3304 4637 3349 4672 sich
3361 4637 3405 4672 für
3415 4636 3662 4673 Theatergeschichte
3672 4632 3834 4669 interessiert,

2971 4681 3001 4711 in
3021 4682 3081 4711 dem
3100 4680 3188 4714 Buche
3207 4678 3303 4712 reiches
3317 4676 3456 4708 Material
3476 4678 3532 4706 und
3553 4675 3674 4710 vielfache
3693 4674 3838 4708 Anregung

2972 4721 3072 4756 finden.
3096 4720 3159 4749 AuS
3180 4720 3225 4750 der
3245 4726 3331 4748 neuen
3349 4718 3411 4754 Zeit
3431 4718 3550 4751 möchten
3569 4716 3620 4746 wir
3638 4716 3687 4743 den
3707 4713 3838 4749 Angaben

2971 4763 3016 4791 der
3027 4761 3193 4797 Verfasserin
3214 4759 3384 4796 hinzufügcn,
3407 4758 3459 4792 daß
3482 4758 3532 4786 das
3544 4754 3720 4792 Frankfurter
3732 4754 3838 4786 Schau¬

2971 4802 3110 4838 spielhaus
3130 4802 3159 4832 in
3197 4801 3246 4829 den
3268 4800 3401 4836 Achtziger
3420 4799 3526 4833 Jahren
3565 4796 3632 4828 nicht
3651 4803 3705 4825 nur
3738 4795 3836 4829 Urauf¬

2971 4843 3125 4879 führungen
3145 4850 3198 4872 von
3216 4840 3347 4875 Wilhelm
3357 4840 3468 4875 Jordan
3487 4838 3542 4867 und
3553 4837 3634 4870 Ernst
3653 4844 3708 4866 von
3717 4835 3839 4865 Wilden¬

2972 4884 3058 4920 bruch,
3101 4884 3211 4918 sondern
3232 4881 3294 4915 auch
3315 4881 3392 4914 solche
3412 4887 3465 4908 von
3493 4876 3570 4912 Paul
3590 4876 3682 4913 Hcyse,
3723 4877 3840 4910 Richard

2972 4925 3035 4959 Voß
3055 4925 3111 4954 und
3131 4924 3246 4953 anderen
3267 4921 3494 4955 hervorragenden
3506 4919 3708 4949 Dramatikenr
3725 4918 3838 4952 brachte.

2971 4965 3028 4994 Die
3047 4964 3215 4998 Benennung
3235 4963 3280 4991 der
3295 4959 3505 4992 Künstlerinnen
3524 4961 3578 4990 mit
3597 4958 3765 4994 Demoiselle
3783 4961 3838 4989 und

2970 5005 3104 5035 Madame
3126 5006 3233 5033 dauerte
3254 5002 3297 5030 bis
3316 5009 3376 5036 zum
3395 5000 3486 5036 Jahre
3506 5003 3593 5038 1848;
3614 5008 3668 5030 von
3687 5000 3759 5035 jener
3777 5000 3839 5035 Zeit

2970 5054 3005 5075 an
3027 5046 3057 5081 ist
3077 5044 3118 5075 die
3137 5043 3318 5081 Bezeichnung
3339 5042 3417 5078 Frau
3449 5042 3505 5072 und
3526 5040 3659 5078 Fräulein
3692 5040 3841 5076 eingeführt

2970 5089 3089 5116 worden.
3129 5084 3289 5117 Gewünscht
3310 5082 3404 5116 hätten
3424 5082 3483 5118 wir,
3522 5082 3574 5117 daß
3595 5081 3636 5112 die
3657 5081 3842 5118 Beziehungen

2970 5127 3016 5155 des
3055 5126 3186 5159 Theaters
3225 5132 3270 5159 zur
3291 5124 3391 5160 Presse,
3434 5123 3597 5158 namentlich
3635 5121 3677 5151 die
3706 5121 3841 5158 Tätigkett

2968 5167 3094 5197 Bocrnes
3115 5169 3159 5196 als
3180 5165 3298 5197 Kritik«
3318 5165 3376 5194 eine
3395 5163 3582 5200 eingehendere
3603 5162 3785 5198 Behandlung
3804 5171 3843 5192 er¬

2967 5208 3061 5244 fahren
3082 5208 3186 5242 hätten.
3225 5206 3300 5236 Aber
3320 5207 3388 5236 alles
3408 5205 3437 5235 in
3476 5206 3559 5235 allem
3579 5205 3683 5235 können
3716 5204 3767 5234 wir
3786 5207 3841 5233 uns

2969 5250 3033 5279 über
3051 5250 3104 5278 das
3124 5248 3198 5284 Buch
3218 5255 3272 5278 nur
3291 5247 3344 5277 mit
3363 5247 3463 5278 vollem
3483 5246 3551 5276 Lobe
3570 5246 3757 5282 aussprechen.
3776 5246 3843 5275 8.8,
