3140 4606
3102 1 3140 77 1

193 180 374 208 Abonncmtnt:

140 217 185 242 Bei
202 219 260 241 allen
270 218 416 247 Posiduieaus

127 245 204 273 krank»
231 251 291 274 durck
313 251 347 274 dir
366 257 431 279 ganz«

214 282 344 312 Schweiz-

166 315 190 336 >4
201 314 293 337 Monait
313 315 350 341 Fr.
362 316 395 339 iS.

177 344 191 363 o
202 342 294 365 Manaie
314 343 350 370 Fr.
374 344 397 366 8.

128 374 174 402 Für
181 373 256 400 Zürich
269 381 289 397 u.
301 375 432 406 Umgebu»,

160 407 192 429 de,
206 408 242 429 der
262 407 389 435 8z»ed>iion

171 442 184 458 »>
194 438 287 462 Monate
305 440 343 465 Fr.
354 441 374 463 K.
385 453 416 459 —

172 468 184 488 3
195 467 287 489 Manaie
305 468 342 495 Fr.
354 469 374 493 3.
384 471 415 493 50

162 522 205 550 Für
220 522 261 544 da»
280 522 409 548 Ausland

139 550 236 575 adonniie
244 555 297 572 man
305 551 348 579 zes.
357 553 389 577 dei
397 555 434 577 der

142 579 206 606 Poü»
211 577 434 607 ZeitungStrpedilion

144 608 167 634 in
175 606 241 634 Zürich
258 607 303 629 »der
314 607 394 632 direkte'
401 610 435 633 bei

171 637 204 657 den
213 633 327 662 Bcr'.ezern
336 635 405 663 skldü.

543 605 725 666 Zürich,
764 604 1027 662 Donnerstag

105 862 387 912 HerhmdkMgen
406 866 466 905 de«
484 867 619 915 großen
635 867 769 913 Rathes
787 875 855 904 von
868 865 1002 913 Zürich.

446 934 659 975 (Fortsetzung.)

477 1003 624 1009 -
648 1007 650 1016 :
676 1000 685 1017 '.
712 1000 723 1009 ■’
876 991 906 1025 (j"f

160 1038 275 1075 Sitzung
295 1045 361 1068 vom
382 1040 431 1070 11.
442 1040 574 1075 Februar.
595 1041 650 1072 Am
671 1041 796 1078 Schluffe
814 1040 900 1077 seines
920 1039 1005 1076 Refe«

106 1086 170 1115 rate»
200 1082 258 1120 sagt
285 1082 337 1116 Hr.
364 1083 448 1119 Prof.
468 1084 572 1120 Friedr.
595 1093 620 1116 v.
641 1085 730 1125 Wyß,
761 1085 830 1121 daß'
844 1087 884 1114 die
917 1084 1005 1122 zweite

106 1125 224 1164 Aufgabe
244 1127 291 1155 der
310 1126 498 1166 Jtommijfion
519 1129 547 1158 in
568 1131 615 1161 der
635 1129 770 1167 Prüfung
783 1130 841 1160 -der
861 1128 1004 1166 angefoch»

102 1176 173 1200 tenen
193 1169 312 1204 Urtheile
346 1171 485 1209 bestanden
516 1173 593 1210 habe.
633 1174 696 1204 Da»
717 1173 845 1210 Resultat
868 1173 938 1211 zeige
958 1173 1005 1201 der

101 1214 226 1253 gedruckte
246 1213 364 1250 Bericht.
386 1216 441 1247 Die
461 1217 596 1257 Differenz
617 1220 662 1248 der
682 1217 781 1254 Mehr«
802 1219 859 1247 und
873 1216 1003 1247 Minder¬

101 1260 154 1296 heit
172 1257 268 1295 bestehe
299 1267 356 1290 nur
386 1261 477 1298 darin,
510 1262 561 1298 daß
592 1262 687 1301 letzter«
719 1262 759 1292 die
780 1262 836 1292 vier
856 1260 1004 1291 bekannten

105 1303 214 1339 Urtheile
235 1302 468 1341 außerordentlich
489 1305 659 1343 hervorhebt,
680 1306 808 1344 während
823 1305 864 1335 die
877 1304 1004 1341 Majori»

107 1350 146 1379 rät
161 1346 297 1383 denselben
328 1348 399 1378 keine
430 1350 490 1387 sehr
515 1336 783 1388 großesBedeutung
803 1349 910 1387 beilegt.
950 1349 1006 1379 Sie

104 1391 203 1431 glaubt,
223 1391 277 1427 daß
298 1392 341 1422 bei
361 1394 411 1423 den
431 1389 559 1431 maßlos^
567 1394 769 1425 übertriebenen
789 1393 936 1431 Angriffen
956 1393 1007 1428 auf

104 1438 142 1468 die
159 1436 280 1471 Gerichte
300 1440 328 1467 e»
350 1437 452 1474 Pflicht
472 1440 518 1470 de»
538 1439 653 1476 Großen
673 1438 782 1474 Rathe»
802 1438 852 1475 sei,
873 1436 1005 1475 dieselben

108 1492 138 1523 zu
154 1481 271 1519 schützen.
311 1481 375 1511 Da»
408 1484 483 1513 Lanv
515 1484 606 1520 müßte
637 1484 702 1520 noch
732 1484 866 1521 gefunden
888 1484 1004 1517 werden,

108 1528 180 1565 dessen
210 1526 334 1561 Gerichte
356 1520 395 1558 d
406 1530 490 1558 einem
520 1528 664 1564 Zeitraum
696 1535 750 1558 von
778 1526 852 1564 mehr
873 1527 919 1556 al»
940 1526 1006 1564 zehn

105 1572 202 1609 Jahren
221 1570 294 1602 keine
313 1573 535 1612 anzufechtenden
549 1572 669 1607 Urtheile
683 1572 803 1608 erlassen.
824 1570 882 1601 Der
895 1569 1007 1601 Redner

106 1617 209 1655 schließt,
214 1617 316 1651 .damit,
338 1618 390 1653 daß
412 1626 440 1648 er
460 1621 510 1647 den
531 1616 608 1652 Fleiß
629 1619 685 1647 und
707 1616 748 1647 die
764 1614 1005 1652 Gewissenhaftig¬

107 1663 157 1693 keit
171 1660 273 1694 unserer
293 1660 417 1697 Gerichte
437 1661 624 1698 hervorhebt.,

167 1711 212 1745 Hr.
230 1709 360 1741 Direktor
379 1709 524 1748 Zangger,
544 1709 674 1747 Referent
694 1712 739 1741 der
759 1708 925 1740 Minorität.
966 1708 1008 1738 Ar

115 1756 215 1794 beginnt
239 1754 335 1789 damit,
367 1754 419 1790 daß
441 1763 467 1785 er
488 1754 554 1792 sagt,
576 1762 604 1784 er
625 1754 697 1790 hätte
728 1754 769 1784 die
799 1752 887 1791 Wahl
915 1753 945 1782 in
965 1752 1008 1782 die

108 1798 282 1835 Kommission
304 1798 375 1834 nicht
394 1807 604 1837 angenommen,
626 1807 703 1829 wenn
725 1807 751 1828 er
773 1797 813 1828 bei
833 1799 877 1827 der
898 1797 1008 1827 Ernen¬

105 1851 177 1879 nung
198 1843 335 1876 anwesend
367 1844 482 1881 gewesen
504 1845 584 1878 wäre,
616 1846 684 1873 denn
707 1852 733 1873 er
753 1841 864 1879 verstehe
885 1847 942 1871 von
962 1843 1009 1871 der

100 1886 218 1916 Materie
240 1886 327 1923 nicht»
349 1890 404 1917 und
434 1892 525 1926 zudem
545 1888 581 1924 sei
602 1887 659 1923 ihm
686 1889 736 1917 da»
757 1886 834 1921 Lesen
854 1892 910 1915 von
931 1884 1008 1919 Pro¬

98 1931 218 1968 zeßakren
237 1932 278 1961 die
298 1931 519 1970 widerwärtigste
540 1931 761 1969 Beschäftigung.
788 1930 828 1964 In
849 1929 943 1967 Bezug
959 1929 1011 1963 auf

99 1975 141 2005 die
160 1975 298 2013 Prüfung
327 1979 374 2006 der
400 1976 586 2014 Rechtspflege
607 1976 646 2006 im
666 1975 851 2013 Allgemeinen
872 1974 941 2010 habe
960 1973 1009 2010 fich

97 2019 139 2049 dir
158 2019 347 2058 Kommission
374 2022 474 2056 darauf
502 2021 672 2056 beschränken
693 2020 806 2057 müssen,
826 2019 882 2049 eine
902 2017 1008 2055 gewisse

96 2062 171 2099 Zahl
202 2072 258 2094 von
291 2064 431 2102 Urtheilen
453 2073 483 2104 zu
505 2066 613 2100 prüfen.
654 2065 717 2095 Da»
749 2063 836 2100 meiste
867 2062 936 2099 habe
963 2064 1009 2092 der

97 2107 245 2145 Prästdent
275 2111 320 2140 der
351 2109 544 2147 Kommission,
574 2110 626 2143 Hr.
647 2109 730 2144 Prof.
751 2107 856 2142 Friedr.
877 2114 902 2136 v.
925 2105 1010 2143 Wyß,

97 2153 209 2190 gethan,
230 2156 266 2183 da
288 2154 326 2183 im
347 2154 491 2193 Dezember
514 2154 568 2184 drei
589 2154 747 2191 Mitglieder
768 2155 813 2183 der
822 2151 1010 2189 Kommission

99 2197 127 2226 in
147 2196 228 2227 Bern
249 2197 388 2232 abwesend
419 2206 520 2229 waren.
561 2198 625 2228 Da»
646 2197 787 2235 Trgebniß
807 2196 887 2232 dieser
908 2197 1010 2225 Unter¬

102 2240 216 2277 suchung
247 2242 285 2276 sei
315 2242 397 2275 daher
429 2241 642 2278 unvollständig.
685 2241 761 2272 Man
792 2238 877 2269 köune
905 2241 1011 2269 daraus

105 2283 249 2321 allerding»
259 2283 331 2318 nicht
341 2284 478 2321 schließen,
488 2286 541 2322 daß
551 2287 617 2319 noch
629 2285 703 2321 mehr
710 2282 882 2322 angreifbare
889 2282 1012 2318 Urtheile

114 2336 145 2365 zu
161 2327 243 2364 finden
277 2329 379 2363 wären,
410 2329 474 2360 aber
504 2332 568 2365 auch
590 2330 660 2366 nicht
680 2332 731 2360 da»
752 2328 924 2365 Gegentheil.
957 2327 1013 2357 Die

115 2371 305 2409 Untersuchung
325 2375 371 2403 der
393 2373 515 2412 Prozesse
536 2376 580 2403 der
606 2373 802 2410 Nordostbahn
822 2374 879 2401 und
900 2371 1013 2401 Kredit¬

116 2415 208 2452 anstalt
233 2416 300 2451 habe
330 2417 450 2454 ergeben,
476 2417 532 2458 ,daß
557 2418 598 2447 die
620 2417 794 2454 betreffenden
815 2415 937 2450 Urtheile
957 2423 1012 2444 un¬

110 2459 240 2496 parteiisch
258 2468 362 2491 waren.

167 2508 204 2541 In
224 2512 271 2539 den
293 2508 515 2548 Strafprozessen
535 2510 602 2547 liege
623 2509 662 2539 die
684 2510 771 2544 Sache
794 2509 899 2538 ander».
943 2506 1011 2540 Hier

112 2552 176 2587 habe
194 2555 235 2583 der
253 2553 366 2588 Richter
385 2553 457 2589 nicht
477 2553 572 2583 immer
594 2553 635 2582 die
655 2553 765 2590 nöthige
775 2550 1012 2588 Unbefangenheit

111 2596 212 2634 gezeigt,
240 2598 404 2634 namentlich
435 2598 516 2634 nicht,
546 2604 590 2627 wo
622 2597 729 2631 Politik
754 2598 796 2627 im
815 2595 913 2631 Spiele
941 2602 1011 2625 war.

106 2641 176 2678 Dieß
197 2643 315 2672 verdiene
335 2642 428 2679 Rüge.
470 2643 539 2672 Nun
560 2643 623 2671 tritt
643 2645 687 2672 der
706 2641 816 2671 Redner
836 2641 886 2674 auf
898 2640 941 2670 die
955 2640 1012 2668 vier

104 2691 160 2714 von
180 2688 224 2716 der
244 2686 399 2717 Minorität
430 2685 682 2723 hervorgehobenen
706 2684 828 2724 Prozesse
848 2700 887 2705 —
906 2682 1011 2718 Härlin

102 2737 186 2766 gegen
207 2730 318 2766 Ullmer,
350 2731 511 2769 Scheuchzer
532 2738 614 2768 gegen
636 2730 691 2765 .N.
705 2728 740 2765 Z.
754 2728 821 2765 Z",
848 2728 1012 2765 Hagemann

102 2781 188 2810 gegen
210 2773 323 2808 Schmid
343 2777 400 2805 und
422 2774 607 2805 Sleinemann
630 2776 686 2804 und
707 2773 800 2804 Bader
820 2780 902 2810 gegen
924 2771 1013 2801 Meier

101 2832 145 2837 —
167 2816 210 2845 ein
231 2819 286 2846 und
316 2819 416 2857 erzählt
448 2819 488 2849 bei
520 2818 653 2857 einzelnen
680 2817 814 2854 derselben
838 2818 888 2846 den
910 2823 1013 2853 ganzen

105 2859 247 2895 Hergang.
267 2860 307 2892 In
326 2863 429 2899 Betreff
449 2864 494 2893 de»
515 2864 624 2901 zweiten
645 2862 724 2897 dieser
741 2860 863 2898 Prozesse
877 2859 946 2896 habe
960 2858 1013 2892 Hr.

106 2901 271 2939 Scheuchzer
295 2905 373 2942 nicht,
397 2907 449 2937 wie
469 2907 498 2936 in
520 2907 606 2936 einem
634 2904 801 2943 öffentlichen
820 2903 902 2933 Blatt
922 2902 1016 2940 gesagt

104 2946 233 2979 worden,
252 2949 301 2976 den
318 2949 422 2987 Bericht
443 2951 556 2986 verfaßt.
591 2950 786 2986 Zivilurtheile
807 2948 874 2986 habe
894 2947 937 2977 die
952 2946 1014 2977 Mi¬

105 2988 219 3019 norität
247 2990 314 3020 keine
333 2996 491 3032 angeführt,
512 2995 572 3025 weil
594 2996 627 3032 fie
648 2996 694 3032 fich
716 2994 756 3024 die
782 2991 923 3029 Fähigkeit
944 2991 1016 3027 nicht

102 3037 253 3071 zugetraut
274 3033 348 3071 habe,
368 3040 529 3078 maßgebend
550 3039 667 3070 darüber
686 3047 718 3078 zu
739 3036 884 3075 urtheilen.

168 3080 215 3117 Zu
238 3084 287 3111 den
318 3083 516 3127 Verhältnissen
546 3090 592 3118 de»
620 3088 691 3122 Hrn.
713 3087 816 3117 Ullmer
835 3083 1016 3122 übergehend,

107 3125 169 3162 gibt
189 3125 241 3158 Hr.
262 3126 390 3165 Zangger
409 3140 455 3169 zu,
481 3133 533 3168 daß
554 3142 580 3164 er
603 3133 633 3162 in
654 3138 697 3163 der
718 3132 808 3170 letzten
829 3130 950 3167 Sitzung
971 3131 1016 3158 der

408 3284 572 3331 Feuillkto«
604 3288 703 3323 1868
706 3316 717 3325 .

450 3407 508 3436 1».
528 3408 673 3444 Februar

112 3459 172 3485 1889
191 3457 313 3490 Wilhelm
330 3459 381 3486 UI.
404 3460 470 3494 glebt
492 3463 537 3489 den
555 3462 657 3491 Britten
681 3464 704 3491 In
722 3464 762 3490 der
782 3461 1015 3496 „Erklärung

191 3503 246 3529 der
273 3502 383 3536 Rechte
408 3506 465 3532 de«
492 3507 666 3542 englischen
692 3506 834 3535 Volke«"
858 3505 895 3532 die
914 3503 1017 3536 kostbare

192 3546 339 3581 Grundlage
358 3548 417 3576 aller
435 3550 600 3584 Bolk«rechte.

108 3602 174 3628 1790
191 3601 243 3628 Di«
266 3599 413 3635 französtsche
432 3602 735 3640 Nationalversammlung
759 3604 857 3637 verfügt
881 3603 918 3630 die
937 3601 1018 3633 Auf¬

192 3644 311 3679 hebung
330 3645 408 3672 aller
426 3645 590 3681 geistlichen
611 3648 713 3675 Orden
731 3650 779 3675 und
791 3646 1018 3681 Kongregationen.

109 3700 174 3726 1820
191 3699 247 3726 Der
273 3697 410 3730 poliiischen
427 3700 616 3735 Mißstimmung
644 3701 736 3733 fällt
763 3708 819 3735 zum
844 3699 928 3732 Opfer
952 3698 1018 3725 Karl

191 3743 327 3775 Ferdinand
343 3742 462 3779 Herzog
481 3752 539 3773 von
557 3745 664 3779 Berry
681 3746 707 3772 in
724 3745 814 3778 Pari«.

107 3797 172 3824 1837
191 3797 230 3827 In
248 3794 343 3829 Pari«
363 3794 437 3825 starb
455 3799 494 3825 der
512 3798 678 3835 scharffinnige
696 3801 744 3826 und
761 3797 891 3833 geistreiche
904 3795 1018 3828 Schrift¬

193 3841 269 3873 steller
287 3839 409 3873 Ludwig
427 3839 550 3869 Börne.

114 3895 175 3923 1815
191 3895 230 3927 Zu
248 3893 364 3922 Berlin
389 3892 465 3923 starb
482 3895 522 3921 der
540 3896 676 3932 Norweger
693 3896 830 3930 Heinrich
853 3894 1018 3928 Steffen«,

192 3941 233 3967 der
250 3937 410 3974 gemüthvolle
428 3939 478 3964 und
496 3937 650 3973 kerngesunde
668 3940 851 3975 Schriftsteller.

117 3992 177 4020 1858
193 3993 278 4026 Kaiser
297 3991 469 4022 Napoleon
486 3990 536 4017 III.
564 3996 665 4021 ernennt
688 4003 729 4029 zur
753 3994 913 4029 Befestigung
945 3993 1021 4027 seiner

195 4035 424 4070 Militärherrschaft
451 4034 517 4067 fünf
543 4035 851 4074 Oberbefehlshaber
879 4038 939 4066 über
967 4045 1020 4065 ver¬

194 4081 310 4116 schiedene
327 4080 485 4112 Armeekorp«
503 4080 536 4106 Im
554 4080 654 4109 Innern
670 4084 713 4110 de«
731 4084 833 4111 Lande«.

105 4135 174 4163 1861
194 4137 296 4168 Franz
314 4135 349 4162 ll.
369 4142 413 4161 von
433 4134 529 4165 Neapel
547 4134 604 4166 muß
623 4134 660 4161 di«
678 4135 780 4171 Festung
801 4135 907 4163 Baeta
932 4142 966 4161 an
983 4135 1021 4161 die

193 4179 329 4207 Sardinier
345 4179 535 4213 übergeben.

104 4235 175 4261 1862
193 4233 233 4262 Zu
253 4231 418 4263 Schlesien
444 4232 523 4263 starb
541 4232 681 4263 Leopold
701 4232 846 4266 Schefer,
869 4231 1020 4260 »ielbekannt

192 4273 236 4303 als
253 4273 378 4306 Verfasser
394 4276 434 4303 de«
454 4276 643 4304 Lalrnbrevler«.

1407 134 1623 211 JV#44

1089 591 1128 619 .,7,
1241 566 1551 618 Achtlllldviryigster
1576 562 1755 620 Jahrgang.

1061 681 1085 708 .f
1140 674 1228 704 Druck
1247 674 1301 702 und
1321 673 1427 708 Verlag
1447 675 1502 702 von
1521 670 1619 704 Orell,
1639 667 1723 704 Füßli
1742 669 1796 696 und
1817 667 1916 700 Comp.

2091 591 2155 639 13.
2183 586 2382 644 Februar
2412 590 2537 636 1868.

2555 145 2558 163 .
2663 145 2667 150 •
2821 143 2857 165 .!!

2617 191 2621 194 .
2638 161 2878 195 Juser«ion»»ebuhr:

2608 201 2654 227 Di»
2672 199 2776 230 tspaltige
2796 196 2908 227 Petitzeil«

2653 230 2701 253 »der
2715 229 2775 252 denn
2789 226 2866 250 Rau«

2691 257 2718 279 15
2728 256 2826 283 Rappen.

2608 312 2803 341 «onespondenzen
2821 309 2865 337 sind
2882 310 2922 330 —d

2645 341 2677 365 die
2692 339 2875 364 Redaktion,
2909 357 2913 364 ,

2611 369 2712 399 Inserate
2726 370 2820 397 dagegen
2834 371 2863 388 an
2876 363 2912 387 dt»

2677 395 2845 423 tzipedition

2620 427 2659 449 der
2671 424 2694 448 N
2711 421 2904 452 Zürchcr-Zlitung

2683 459 2706 477 il>
2724 450 2841 479 adreffiren.

2642 481 2829 510 Ankündigungen
2842 482 2886 501 von

2615 508 2788 534 Medikamenten
2812 504 2915 534 bedürfe»

2636 540 2671 561 der
2681 535 2848 564 Genehmigung
2859 534 2895 557 der

2652 562 2883 594 Medizinaldirektion.

2616 620 2690 647 Briese
2697 620 2743 643 und
2748 618 2826 644 Seid«
2833 617 2916 646 staut».

1068 776 1253 815 Kommission
1274 775 1370 806 erklärt
1391 774 1469 812 habe,
1495 776 1575 804 unter
1597 774 1647 803 den
1667 770 1883 810 gegenwärtigen
1905 772 1975 800 Um¬

1069 824 1177 859 ständen
1209 823 1258 852 den
1288 820 1400 859 Antrag
1430 820 1482 852 auf
1507 818 1668 856 Versetzung
1689 818 1720 847 in
1740 814 1973 854 Anklagezustand

1069 866 1150 901 fallen
1171 875 1204 905 zu
1226 865 1318 903 lassen,
1339 864 1403 895 aber
1422 864 1475 893 mit
1496 864 1555 893 dem
1575 861 1739 898 Vorbehalt,
1759 860 1811 895 daß
1832 866 1911 890 wenn
1931 862 1976 890 der

1069 910 1164 947 Große
1182 909 1262 944 Rath
1282 909 1338 940 eine
1357 908 1463 938 weitere
1482 906 1687 943 Untersuchung
1709 906 1841 938 anordne,
1860 903 1913 933 mit
1932 905 1976 934 der

1069 956 1200 993 Tendenz,
1231 954 1302 988 Hrn.
1326 952 1429 983 Ullmer
1460 951 1518 982 eine
1550 949 1692 985 besondere
1724 947 1918 982 Satisfaktion
1944 955 1977 986 zu

1069 998 1160 1038 geben,
1183 1006 1209 1029 er
1230 1000 1280 1027 den
1310 995 1421 1033 Antrag
1453 995 1550 1024 wieder
1576 993 1729 1029 aufnehme.
1770 992 1834 1022 Da»
1854 991 1977 1024 Bericht-

1069 1042 1233 1079 «»nehmen,
1261 1041 1347 1078 dessen
1375 1040 1424 1077 sich
1454 1038 1507 1073 Hr.
1527 1037 1633 1069 Ullmer
1651 1035 1770 1073 schuldig
1794 1035 1923 1073 gemacht,
1942 1034 1978 1071 sei

1070 1089 1126 1119 eine
1146 1085 1405 1123 Pflichtverletzung.
1445 1082 1531 1118 Zwar
1556 1080 1592 1118 fei
1611 1081 1641 1111 in
1662 1082 1707 1111 der
1727 1078 1913 1117 Kommission
1934 1078 1978 1109 be¬

1070 1131 1153 1162 merkt
1182 1132 1302 1164 worden,
1333 1128 1386 1163 daß
1407 1127 1455 1165 fich
1476 1128 1528 1157 da»
1559 1125 1670 1156 Verbot
1699 1123 1833 1159 derselben
1853 1131 1909 1154 nur
1929 1123 1980 1156 auf

1069 1174 1260 1214 Zivilprozeffe
1291 1173 1399 1212 beziehe.
1440 1171 1506 1207 Daß
1536 1170 1588 1206 Hr.
1610 1169 1712 1200 Ullmer
1740 1168 1787 1204 fich
1809 1175 1893 1205 gegen
1913 1169 1978 1197 das¬

1070 1219 1137 1257 selbe
1156 1226 1318 1256 vergangen,
1337 1217 1396 1247 will
1417 1217 1461 1246 der
1481 1213 1593 1246 Redner
1614 1213 1748 1248 beweisen,
1770 1212 1860 1242 indem
1882 1220 1909 1241 er
1930 1211 1977 1248 fich

1071 1264 1121 1300 auf
1140 1263 1180 1293 die
1201 1261 1398 1298 Deposttiouen
1419 1261 1463 1290 der
1483 1258 1549 1293 HH.
1569 1257 1715 1293 Fürsprech
1736 1255 1905 1292 Spillmann
1920 1256 1977 1286 und

1070 1307 1219 1344 Spöndlin
1251 1306 1349 1341 beruft.
1388 1304 1441 1339 Hr.
1472 1302 1640 1338 Spillmann
1671 1300 1738 1337 habe
1770 1300 1925 1338 auSgesagt,
1952 1308 1979 1330 er

1070 1353 1138 1390 habe
1159 1353 1202 1386 oft
1221 1357 1278 1382 von
1296 1349 1385 1385 seinen
1404 1347 1533 1379 Klienten
1554 1345 1663 1384 gehört,
1680 1344 1734 1382 daß
1754 1344 1788 1382 fie
1806 1344 1856 1382 fich
1866 1344 1979 1380 vielfach

1071 1398 1123 1429 mit
1143 1396 1214 1431 Hrn.
1236 1395 1339 1426 Ullmer
1360 1391 1489 1430 berathen
1508 1390 1607 1429 haben,
1627 1390 1703 1426 selbst
1725 1389 1754 1419 in
1769 1388 1923 1427 Prozessen,
1938 1388 1980 1418 die

1072 1449 1122 1473 vor
1141 1439 1319 1477 Obergericht
1350 1438 1451 1467 kamen.
1492 1434 1556 1472 Hr,.
1567 1432 1694 1471 Spöndli
1726 1432 1794 1468 habe
1818 1431 1978 1469 Aehnliche»

1072 1485 1207 1521 deponirt.
1248 1483 1299 1517 Hr.
1323 1481 1494 1519 Spillmann
1514 1478 1580 1515 habe
1603 1477 1775 1516 mitgetheilt,
1795 1485 1822 1507 er
1842 1477 1878 1511 sei
1901 1477 1979 1511 schon

1072 1531 1118 1565 seit
1137 1529 1264 1566 längerer
1282 1526 1345 1563 Zeit
1364 1528 1410 1556 der
1430 1522 1549 1555 Anwalt
1570 1522 1642 1553 einer
1655 1521 1778 1560 gewissen
1789 1520 1865 1555 Frau
1875 1520 1979 1558 Hämig

1072 1575 1102 1604 in
1122 1572 1269 1608 RieSbach,
1289 1572 1362 1601 einer
1375 1567 1550 1603 Kupplerin,-
1564 1568 1621 1598 und
1633 1565 1699 1603 habe
1710 1565 1751 1596 die
1762 1562 1980 1604 Ueberzeugung,

1072 1618 1123 1653 daß
1145 1615 1253 1654 dieselbe
1283 1614 1325 1649 oft
1356 1613 1408 1643 mit
1437 1611 1542 1642 Ullmer
1569 1611 1633 1643 auch
1654 1610 1683 1640 in
1704 1608 1901 1647 Prozeßsachen
1922 1615 1979 1639 ver¬

1071 1661 1167 1700 kehrte.
1207 1660 1260 1695 Hr.
1281 1656 1410 1694 Spöndli
1437 1655 1507 1693 habe
1537 1654 1675 1691 deponirt,
1706 1659 1763 1686 von
1792 1652 1878 1682 einem
1897 1652 1982 1689 seiner

1072 1706 1200 1738 Klienten
1227 1702 1323 1742 gehört
1342 1710 1375 1740 zu
1396 1699 1494 1738 haben,
1525 1698 1581 1729 wie
1597 1706 1624 1729 er
1644 1698 1684 1728 die
1706 1696 1810 1733 Hämig
1841 1695 1980 1732 bestochen,

1073 1749 1161 1781 damit
1180 1748 1213 1787 fie
1235 1749 1265 1778 in
1284 1747 1380 1784 seinem
1412 1742 1518 1782 Prozeß
1550 1743 1597 1779 für
1629 1741 1679 1780 ihn
1706 1741 1750 1771 bei
1770 1740 1873 1771 Ullmer
1893 1740 1981 1770 wirke.

1073 1794 1131 1825 Der
1152 1792 1308 1830 betreffende
1328 1789 1423 1820 Mann
1444 1786 1511 1824 habe
1533 1786 1592 1824 dieß
1608 1785 1756 1823 allerdings
1771 1789 1822 1815 vor
1835 1786 1881 1814 der
1895 1784 1982 1814 Kom¬

1075 1837 1186 1875 mission
1216 1836 1369 1874 geläugnet.
1410 1831 1462 1868 Hr.
1483 1831 1587 1862 Ullmer
1617 1829 1683 1866 stelle
1714 1832 1764 1859 den
1793 1827 1911 1863 Verkehr
1932 1826 1983 1857 mit

1074 1886 1119 1914 der
1138 1882 1243 1918 Hämig
1265 1880 1334 1913 nicht
1355 1879 1384 1908 in
1396 1875 1511 1912 Abrede,
1533 1875 1592 1915 säge
1604 1875 1675 1911 aber,
1696 1873 1746 1905 wie
1760 1882 1786 1903 er
1797 1880 1983 1908 vernommen,

1074 1927 1125 1965 daß
1146 1926 1179 1963 fie
1202 1925 1291 1962 seinen
1310 1923 1423 1953 Namen
1444 1919 1624 1957 mißbraucht,
1646 1918 1712 1954 habe
1734 1926 1761 1947 er
1775 1917 1819 1955 ihr
1832 1917 1873 1947 die
1888 1915 1983 1952 Thüre

1073 1970 1209 2010 gewiesen.
1230 1967 1329 2003 Hierin
1348 1966 1417 2003 liege
1436 1971 1510 2003 zwar
1530 1962 1588 1993 kein
1606 1962 1766 2000 juristischer
1778 1957 1885 1992 Beweis
1901 1968 1982 1998 gegen

1074 2015 1186 2050 Ullmer,
1217 2013 1282 2043 aber
1312 2006 1374 2045 doch
1403 2008 1446 2040 ein
1467 2006 1622 2046 Indizium.
1664 2007 1714 2040 Hr.
1738 2004 1840 2036 Ullmer
1859 2005 1922 2043 gebe
1941 2013 1984 2043 zu,

1074 2059 1127 2096 daß
1148 2066 1175 2089 er
1195 2058 1240 2088 al»
1262 2051 1628 2095 BezirkSgerichtSprästdent
1647 2051 1693 2088 fich
1714 2052 1760 2081 de»
1773 2048 1985 2086 Berichtanneh-

1075 2106 1152 2135 men»
1173 2103 1230 2132 und
1262 2096 1485 2135 Rathertheilen»
1511 2095 1583 2131 nicht
1606 2094 1673 2131 habe
1694 2093 1858 2131 entschlagen
1880 2092 1985 2123 können

1075 2151 1132 2179 und
1147 2153 1202 2177 von
1225 2145 1307 2179 daher
1320 2142 1387 2181 habe
1405 2141 1452 2178 fich
1464 2136 1523 2176 ihm
1534 2139 1589 2169 eine
1610 2137 1664 2169 Art
1684 2137 1840 2173 Kundsame
1862 2136 1984 2175 gebildet,

1075 2193 1117 2223 die
1137 2189 1286 2229 gewachsen
1305 2187 1357 2223 sei,
1386 2185 1450 2216 weil
1470 2192 1498 2214 er
1517 2183 1586 2218 seine
1606 2182 1698 2221 Räche
1717 2181 1923 2220 uneigennützig
1944 2188 1985 2210 er-

1076 2235 1261 2275 theilt.habe.
1300 2231 1426 2268 Dieselbe
1445 2230 1480 2266 sei
1503 2229 1563 2266 ihm
1593 2228 1634 2263 oft
1663 2227 1745 2264 lästig
1766 2227 1908 2265 geworden
1928 2226 1985 2255 und

1076 2290 1105 2314 er
1123 2279 1192 2318 habe
1211 2275 1384 2316 verschiedene
1405 2274 1488 2312 Wege
1503 2273 1708 2311 ekngeschlagen,
1728 2270 1778 2301 üm
1792 2270 1927 2308 dersewen
1938 2270 1984 2300 lo»

1077 2335 1110 2366 zu
1131 2325 1244 2354 werden.
1286 2320 1338 2351 Nie
1370 2319 1434 2350 aber
1463 2317 1532 2354 habe
1553 2325 1581 2348 er
1600 2317 1664 2351 nach
1691 2316 1780 2352 seinen
1800 2314 1936 2352 Angaben
1957 2314 1987 2344 in

1078 2370 1186 2405 Sachen
1206 2366 1286 2403 Rath
1317 2363 1435 2401 ertheilt,
1463 2369 1508 2393 wo
1530 2370 1557 2391 er
1577 2360 1654 2398 selbst
1674 2369 1706 2399 zu
1727 2358 1837 2395 Gericht
1868 2357 1986 2396 gesessen.

1077 2415 1148 2445 Nun
1169 2412 1231 2442 aber
1253 2409 1319 2446 habe
1340 2417 1367 2439 er
1387 2408 1418 2438 in
1439 2410 1498 2437 dem
1517 2405 1624 2444 Prozeß
1633 2403 1779 2440 Hausherr
1788 2403 1867 2438 Rath
1881 2402 1988 2439 ertheilt

1077 2459 1134 2488 und
1165 2456 1227 2491 doch
1259 2454 1294 2492 sei
1324 2461 1352 2483 er
1378 2450 1460 2483 darin
1480 2459 1513 2489 zu
1533 2450 1644 2484 Gericht
1672 2447 1790 2487 gesessen.
1831 2447 1933 2477 Damit
1952 2446 1987 2482 sei

1076 2499 1280 2538 nachgewiesen,
1309 2496 1362 2533 daß
1383 2504 1412 2527 er
1432 2494 1479 2532 fich
1502 2494 1573 2523 einer
1598 2492 1700 2531 groben
1721 2491 1881 2529 Verletzung
1903 2489 1987 2524 seiner

1076 2543 1254 2581 Amtspflicht
1274 2540 1390 2578 schuldig
1413 2539 1540 2577 gemacht.
1559 2536 1647 2574 Zwar
1667 2537 1729 2574 gebe
1750 2535 1806 2565 die»
1819 2535 1871 2569 Hr.
1884 2533 1986 2564 Ullmer

1077 2589 1108 2619 in
1127 2590 1188 2619 dem
1207 2591 1361 2624 genannten
1381 2583 1443 2618 Fall
1464 2583 1535 2618 nicht
1554 2589 1598 2620 zu,
1618 2580 1680 2611 aber
1706 2579 1737 2609 in
1751 2579 1858 2616 eigenen
1879 2578 1987 2613 Sachen

1077 2633 1178 2670 spreche
1198 2639 1225 2661 er
1245 2629 1315 2663 nicht
1347 2628 1445 2657 immer
1475 2625 1516 2656 die
1544 2624 1699 2661 Wahrheit.
1742 2622 1817 2658 Noch
1837 2622 1923 2656 macht
1944 2622 1989 2651 der

1076 2676 1188 2707 Redner
1215 2675 1266 2708 auf
1298 2673 1338 2703 die
1359 2670 1468 2708 Gefahr
1489 2673 1535 2700 de«
1556 2666 1833 2704 Berichtannehmen»
1854 2665 1988 2701 aufmerk¬

1076 2721 1144 2758 sam,
1176 2719 1267 2748 indem
1288 2719 1332 2747 der
1353 2715 1462 2750 Richter
1484 2715 1601 2749 dadurch
1622 2712 1696 2749 leicht
1717 2720 1750 2751 zu
1771 2710 1897 2746 Gunsten
1918 2709 1990 2739 einer

1077 2763 1175 2799 Partei
1196 2762 1331 2800 gestimmt
1351 2760 1438 2790 werde
1458 2760 1516 2788 und
1538 2757 1703 2791 Mißtrauen
1717 2755 1837 2791 entstehe.
1864 2754 1904 2784 Sr
1922 2753 1989 2790 habe

1079 2808 1119 2839 die
1139 2806 1349 2844 Ueberzeugung
1381 2809 1543 2840 gewonnen,
1575 2801 1627 2837 daß
1658 2801 1698 2830 die
1719 2798 1926 2836 Jurisprudenz
1948 2797 1990 2827 ein

1079 2850 1270 2885 wunderliche»
1291 2848 1369 2884 Ding
1390 2848 1448 2876 und
1470 2848 1499 2875 e»
1511 2848 1561 2883 gut
1572 2845 1616 2882 sei,
1637 2845 1711 2875 einen
1724 2842 1868 2881 günstigen
1881 2841 1991 2877 Richter

1079 2904 1113 2935 zu
1134 2894 1228 2928 haben.

1141 2942 1243 2973 Wollte
1275 2949 1339 2970 man
1370 2939 1473 2969 Ullmer
1494 2937 1524 2966 in
1545 2936 1780 2975 Anklagezustand
1808 2935 1941 2973 versetzen,
1961 2934 1990 2969 so

1082 2987 1175 3023 müßte
1196 2993 1261 3015 man
1282 2984 1330 3020 ihn
1350 2985 1409 3012 dem
1430 2980 1649 3017 Schwurgericht
1669 2979 1832 3015 überweisen
1846 2983 1903 3008 und
1920 2977 1991 3013 nicht

1082 3032 1154 3062 einer
1185 3025 1528 3067 Großraihökommiffion.
1569 3024 1610 3054 E»
1632 3024 1667 3060 sei
1688 3023 1745 3053 eine
1770 3023 1892 3059 traurige
1916 3021 1990 3056 Auf¬

1081 3075 1158 3114 gabe,
1191 3074 1266 3105 einen
1295 3072 1429 3102 Beamten
1459 3068 1632 3107 anzuklagen,
1662 3069 1706 3097 der
1727 3066 1775 3103 fich
1796 3066 1877 3103 durch
1908 3064 1991 3102 große

1081 3117 1270 3153 Arbeitskraft
1289 3117 1345 3145 und
1371 3114 1477 3148 manche
1498 3111 1689 3147 verdienstliche
1709 3110 1804 3140 Werke
1827 3109 1990 3149 auSzeichne.

1082 3163 1154 3200 Dieß
1176 3162 1261 3192 könne
1282 3160 1346 3190 aber
1366 3160 1437 3193 nicht
1450 3158 1575 3194 hindern,
1596 3155 1663 3185 volle
1678 3154 1920 3192 Pflichterfüllung
1935 3160 1991 3184 von

1082 3208 1140 3247 ihm
1162 3215 1195 3246 zu
1217 3207 1328 3242 fordern
1350 3206 1407 3233 und
1430 3202 1487 3238 dieß
1508 3202 1599 3230 würde
1619 3200 1690 3233 Hrn.
1711 3197 1842 3235 Zangger
1855 3198 1926 3234 nicht
1942 3205 1989 3236 zu-

1082 3251 1245 3289 rückhalten,
1267 3249 1316 3286 ihn
1337 3246 1513 3286 anzuklagen,
1533 3252 1611 3274 wenn
1633 3252 1658 3274 er
1679 3244 1744 3278 noch
1756 3242 1786 3272 in
1799 3242 1896 3279 seinem
1908 3241 1989 3272 Amte

1083 3297 1163 3326 wäre.
1206 3294 1273 3324 Nur
1302 3292 1357 3329 sein
1387 3290 1524 3322 Rücktritt
1554 3288 1687 3324 bestimme
1719 3286 1778 3323 ihn,
1807 3286 1846 3317 die
1867 3285 1990 3323 Anklage

1083 3340 1164 3378 fallen
1186 3348 1219 3378 zu
1239 3337 1333 3374 lassen,
1353 3338 1424 3366 denn
1445 3335 1523 3370 durch
1544 3333 1620 3363 einen
1642 3331 1747 3371 Prozeß
1768 3332 1860 3362 würde
1887 3329 1990 3360 Ullmer

1084 3384 1221 3423 höchsten»
1251 3381 1336 3419 seine»
1367 3379 1466 3410 Amte»
1498 3378 1605 3415 entsetzt.
1645 3375 1713 3412 Also
1746 3374 1813 3411 habe
1844 3383 1909 3404 man
1934 3373 1990 3404 kein

1082 3428 1213 3465 Interesse
1234 3425 1310 3462 mehr
1330 3433 1367 3454 an
1388 3425 1461 3454 einer
1479 3422 1575 3459 Klage.
1615 3420 1774 3457 Immerhin
1795 3420 1886 3449 würde
1900 3427 1927 3449 er
1942 3420 1991 3448 den

1083 3473 1194 3509 Antrag
1225 3472 1270 3500 der
1300 3468 1456 3499 Minorität
1487 3466 1582 3497 wieder
1610 3465 1784 3501 aufnehmen,
1815 3471 1893 3494 wenn
1924 3470 1990 3493 man

1083 3517 1187 3549 weitere
1207 3513 1413 3550 Untersuchung
1436 3510 1579 3548 beschlösse.

1144 3565 1196 3599 Hr.
1215 3563 1269 3592 Di.
1294 3560 1408 3591 Römer.
1451 3561 1505 3590 Die
1535 3557 1709 3595 Darstellung
1742 3559 1788 3587 de»
1819 3556 1992 3587 Vorredner-

1084 3609 1152 3647 Habe
1173 3611 1222 3638 den
1242 3604 1507 3642 Rechtsstandpunkt
1527 3605 1570 3633 der
1591 3603 1678 3637 Sache
1699 3601 1824 3633 verrückt.
1845 3601 1897 3630 Die
1918 3599 1992 3635 Auf¬

1085 3653 1151 3692 gabe
1172 3655 1218 3681 der
1237 3649 1424 3686 Kommission
1446 3649 1481 3684 sei
1502 3647 1543 3678 bei
1563 3649 1612 3676 den
1634 3645 1775 3684 Anklagen
1796 3653 1878 3683 gegen
1901 3644 1994 3680 unsere

1083 3696 1178 3728 Ober-
1198 3695 1256 3724 und
1276 3692 1475 3730 Untergerichte
1496 3690 1620 3729 gewesen,
1641 3690 1681 3720 die
1702 3698 1783 3728 ganze
1804 3687 1994 3725 AmtSthätig-

1083 3740 1134 3771 keit
1154 3741 1200 3769 der
1220 3737 1343 3774 Gerichte
1364 3745 1396 3774 zu
1417 3736 1600 3771 untersuchen.
1641 3734 1695 3764 Die
1716 3733 1791 3770 Zahl
1806 3735 1850 3764 der
1864 3732 1995 3768 Urtheile,

1084 3783 1138 3815 mit
1157 3785 1241 3813 denen
1272 3781 1312 3811 die
1342 3780 1530 3816 Kommission
1550 3777 1622 3813 nicht
1642 3777 1840 3812 einverstanden
1870 3777 1996 3814 gewesen,

1084 3827 1122 3865 sei
1142 3827 1170 3863 so
1192 3825 1303 3861 minim,
1323 3825 1376 3862 daß
1397 3824 1439 3854 die
1459 3823 1582 3860 Anträge
1603 3823 1647 3852 der
1660 3821 1997 3858 KommiffionSmehrheit

1085 3871 1267 3903 vollkommen
1289 3868 1483 3906 gerechtfertigt
1503 3865 1632 3902 dastehen.
1673 3866 1727 3897 Die
1753 3865 1909 3896 Minorität
1929 3864 1997 3902 habe

1086 3917 1135 3954 fich
1159 3914 1235 3951 wohl
1265 3913 1384 3951 gehütet,
1413 3910 1578 3950 sämmtliche
1609 3908 1752 3948 Anklagen
1783 3919 1817 3948 zu
1846 3909 1997 3946 würdigen.

1085 3961 1162 3992 Man
1193 3959 1278 3996 müsse
1308 3958 1371 3988 aber
1401 3959 1453 3987 da»
1485 3956 1578 3994 Ganze
1600 3955 1647 3985 in»
1667 3954 1747 3993 Auge
1770 3955 1861 3993 fassen.
1902 3955 1997 3992 Dieser

1087 4004 1273 4040 Standpunkt
1303 4002 1370 4039 habe
1401 4001 1443 4031 die
1468 3999 1608 4036 Mehrheit
1629 4000 1676 4029 in»
1697 3999 1777 4037 Auge
1798 3999 1898 4037 gefaßt,
1919 4006 1998 4030 wenn

1085 4051 1153 4084 auch
1173 4049 1217 4079 ein
1238 4055 1307 4084 paar
1326 4045 1449 4081 Urtheile
1469 4045 1568 4082 gerügt
1588 4046 1711 4074 wurden.
1753 4043 1807 4073 Die
1828 4043 1999 4079 Minderheit

1087 4094 1156 4131 habe
1176 4100 1232 4122 nur
1252 4091 1294 4121 die
1319 4089 1428 4127 Absicht
1449 4087 1556 4126 gehabt,
1576 4087 1650 4122 Hrn.
1672 4088 1775 4119 Ullmer
1795 4095 1828 4126 zu
1849 4086 1997 4124 beseitigen.

1085 4136 1213 4172 Derselbe
1235 4136 1270 4172 sei
1290 4135 1361 4170 nicht
1381 4133 1457 4169 mehr
1478 4133 1517 4163 im
1536 4131 1619 4163 Amte
1640 4136 1697 4162 und
1719 4132 1800 4165 daher
1822 4131 1906 4168 haben
1922 4133 1999 4161 deren

1086 4181 1214 4218 Angriffe
1244 4180 1335 4211 keinen
1365 4177 1457 4215 Zweck
1486 4177 1571 4213 mehr.
1613 4177 1653 4207 Sr
1684 4177 1804 4211 wünscht
1834 4176 1917 4211 nicht,
1949 4175 2000 4212 daß

1086 4231 1179 4261 wegen
1210 4226 1256 4254 der
1289 4223 1374 4257 Form
1405 4224 1452 4253 der
1483 4221 1652 4259 Entlassung
1679 4229 1745 4251 neue
1762 4219 2001 4256 Untersuchungen

1087 4268 1251 4304 ftattfindm.
1295 4268 1370 4303 Noch
1400 4266 1485 4303 müsse
1506 4265 1621 4297 bemerkt
1641 4267 1764 4300 werden,
1785 4263 1836 4298 daß
1857 4263 1898 4293 die
1918 4270 2000 4298 ange¬

1087 4310 1221 4348 griffenen
1257 4310 1380 4347 Urtheile
1415 4309 1565 4347 wesentlich
1595 4307 1842 4346 Jnjurienprozeffe
1877 4305 1999 4341 betreffen

2040 769 2097 799 und
2118 767 2159 798 bei
2180 767 2274 802 diesem
2307 765 2385 803 spiele
2416 765 2456 796 die
2483 764 2656 803 Stimmung
2677 765 2724 794 de»
2744 762 2834 801 Tage»
2855 762 2952 793 immer

2041 811 2101 842 mit.
2122 810 2194 846 Dieß
2214 812 2300 841 werde
2321 810 2419 840 immer
2439 809 2469 844 so
2489 808 2602 839 bleiben.

2098 859 2149 895 Hr.
2171 857 2390 895 Stadtschreiber
2419 857 2472 887 vr.
2493 858 2589 894 Escher
2607 855 2762 894 unterstützt
2792 857 2842 886 den
2870 853 2952 889 Refe¬

2040 907 2132 935 renten
2164 905 2209 934 der
2239 901 2435 939 Kommission,
2461 901 2536 936 Hrn.
2562 901 2646 938 Prof.
2667 900 2716 934 Fr.
2738 906 2763 930 v.
2784 899 2868 938 Wyß.
2910 899 2952 930 E»

2041 948 2127 986 liegen
2148 947 2212 987 zwei
2234 955 2302 985 ganz
2324 946 2499 982 verschiedene
2519 945 2627 984 Fragen
2648 951 2716 975 vor:
2738 943 2769 982 1)
2790 942 2836 977 Ist
2858 942 2953 979 Anlaß

2042 992 2209 1029 vorhanden,
2230 991 2270 1021 die
2291 988 2448 1028 Thätigkeit
2468 989 2578 1025 unserer
2598 989 2721 1025 Gerichte
2741 989 2773 1027 zii
2792 988 2880 1025 rügen
2895 989 2952 1018 und

2043 1036 2076 1073 2)
2106 1036 2138 1070 ist
2163 1043 2246 1073 gegen
2275 1035 2347 1070 Hrn.
2380 1034 2485 1065 Ullmer
2513 1035 2559 1064 ein
2589 1033 2729 1064 tadelnder
2757 1032 2892 1069 Beschluß
2921 1040 2955 1071 zu

2043 1080 2146 1117 fassen?
2177 1079 2282 1110 Worin
2313 1078 2410 1116 besteht
2430 1079 2473 1109 die
2492 1078 2650 1117 Tragweite
2680 1079 2726 1108 der
2756 1076 2955 1114 beiderseitigen

2043 1124 2188 1163 Anträge?
2217 1123 2268 1158 Hr.
2290 1123 2421 1161 Zangger
2450 1123 2520 1161 sagt,
2552 1123 2593 1154 di«
2613 1121 2785 1158 Minderheit
2815 1120 2884 1158 habe
2904 1120 2956 1151 mit

2044 1169 2130 1203 ihrem
2151 1168 2262 1206 Antrag
2283 1176 2338 1198 nur
2359 1170 2409 1197 den
2429 1167 2526 1203 Zweck,
2548 1167 2590 1198 die
2610 1166 2734 1204 Gerichte
2755 1174 2788 1205 zu
2808 1166 2958 1196 erneuerter

2044 1212 2148 1243 Würde
2183 1213 2240 1242 und
2274 1210 2509 1246 Unparteilichkeit
2539 1211 2740 1250 anjuspornen.
2787 1209 2957 1243 Jedermann

2044 1257 2135 1287 würde
2156 1255 2219 1287 aber
2240 1256 2270 1286 in
2291 1257 2337 1286 der
2358 1254 2505 1291 Annahme
2529 1255 2604 1291 ihre»
2624 1255 2755 1292 Antrag»
2774 1254 2819 1284 ein
2838 1253 2956 1284 Tadel»«

2044 1304 2140 1331 Votum
2172 1308 2255 1338 gegen
2283 1299 2325 1330 die
2345 1298 2467 1336 Gerichte
2488 1299 2622 1330 erblicken.
2663 1298 2903 1334 Neulichwurd«'
2911 1302 2956 1335 ge¬

2045 1345 2115 1382 sagt,
2143 1353 2211 1374 man
2242 1343 2309 1381 habe
2342 1343 2414 1377 nicht
2433 1343 2475 1374 die
2495 1342 2587 1382 Justiz
2606 1344 2646 1373 im
2665 1342 2853 1380 Allgemeinen
2873 1343 2958 1379 ange¬

2046 1389 2152 1426 griffen.
2193 1387 2258 1424 Zur
2286 1387 2487 1425 Widerlegung
2518 1387 2603 1424 dessen
2632 1387 2746 1418 verlie-t
2773 1384 2958 1418 der"Redner

2047 1432 2133 1470 einige
2161 1432 2269 1463 Stellen
2298 1434 2353 1463 au»
2374 1433 2425 1462 den
2444 1431 2639 1468 Pamphleten,
2660 1437 2704 1462 wo
2726 1433 2775 1462 da»
2796 1439 2880 1470 ganze
2900 1431 2958 1462 Ge¬

2045 1477 2214 1513 richtswesen
2246 1476 2416 1511 korrumpirt
2443 1478 2509 1506 und'
2520 1476 2615 1511 unsere
2635 1475 2725 1515 Justiz
2746 1475 2785 1507 dir
2805 1475 2958 1513 schlechteste

2046 1520 2115 1552 aller.
2140 1521 2246 1551 Länder
2277 1523 2400 1558 genannt
2431 1519 2511 1551 wird.
2553 1519 2632 1556 Diese
2664 1520 2755 1558 Sätze,
2783 1520 2875 1555 welche
2887 1522 2956 1554 "da»

2046 1563 2223 1602 Obergericht
2243 1572 2276 1602 zu
2296 1564 2396 1601 seinem
2416 1563 2519 1600 Gesuch
2541 1571 2591 1593 um
2601 1564 2805 1602 Untersuchung
2826 1564 2961 1602 bestimmt

2046 1608 2142 1645 haben,
2164 1608 2248 1646 müsse
2269 1616 2336 1637 mau
2358 1607 2405 1637 in»
2426 1606 2506 1645 Auge
2525 1607 2619 1644 fassen.
2660 1607 2730 1639 Von
2744 1605 2837 1645 diesem
2848 1609 2960 1640 Stand¬

2046 1652 2134 1688 punkt
2165 1655 2219 1683 au»
2247 1652 2317 1687 seien
2337 1650 2379 1682 die
2399 1650 2494 1681 beiden
2511 1650 2638 1690 Anträge
2658 1652 2705 1682 der
2721 1652 2962 1693 Kommission'zu

2047 1696 2201 1734 würdigen.
2240 1696 2309 1726 Sine
2331 1703 2434 1733 genaue
2454 1694 2661 1733 Untersuchung
2682 1693 2750 1731 habe
2762 1696 2962 1734 stattgefünde«

2047 1744 2104 1771 und
2125 1742 2175 1771 da»
2198 1740 2336 1771 Material
2357 1739 2506 1777 derselben^
2515 1739 2584 1777 liege
2604 1739 2644 1770 i«
2663 1739 2784 1776 Berichte
2804 1746 2865 1772 vor.
2906 1734 2961 1773 Bie

2048 1785 2224 1822 Minderheit
2240 1784 2317 1821 selbst
2337 1784 2408 1822 sage,
2429 1783 2481 1821 daß
2503 1785 2549 1814 der
2559 1783 2700 1819 Borwurf
2712 1786 2760 1815 der
2771 1784 2960 1825 Korruption,

2048 1831 2092 1860 der
2112 1829 2222 1865 unser»
2236 1828 2448 1866 Gerichtswesen
2460 1829 2579 1866 gemach«
2591 1829 2710 1864 worden,
2732 1828 2816 1866 falsch'
2830 1829 2875 1866 sei.
2897 1826 2963 1863 Wir

2049 1872 2153 1903 können
2174 1874 2257 1910 daher
2277 1873 2337 1903 kein
2357 1872 2561 1903 TadelSvotum
2581 1873 2765 1909 auSsprrchen.
2792 1873 2879 1910 Alle»,
2900 1879 2961 1906 wa»

2049 1917 2088 1946 die
2109 1915 2249 1954 Ankläger
2269 1916 2453 1953 vorgebracht,
2472 1918 2567 1946 wurde
2588 1917 2744 1952 untersucht
2763 1920 2822 1948 und
2840 1914 2887 1949 der
2905 1917 2962 1950 Be¬

2049 1961 2116 1994 richt
2135 1960 2255 1991 darüber
2274 1960 2440 1997 einstimmig
2464 1959 2567 1998 gefaßt.
2607 1960 2659 1995 Hr.
2680 1959 2811 1999 Zangger
2829 1961 2899 1997 habe
2919 1972 2965 2001 ge¬

2050 2004 2119 2041 sagt,
2150 2005 2191 2034 die
2222 2004 2430 2043 Jurisprudenz
2456 2003 2492 2038 fei
2512 2004 2556 2034 ein
2577 2004 2769 2043 zweifelhafte«
2789 2006 2962 2046 Ding.-'S»

2050 2047 2168 2084 verhalte
2189 2048 2236 2085 fich
2258 2047 2309 2078 mit
2330 2047 2411 2084 dieser
2432 2046 2620 2085 Wissenschaft
2639 2047 2691 2078 wie
2702 2049 2755 2078 mit
2766 2050 2835 2085 jeder
2849 2052 2962 2088 andern,

2050 2100 2071 2130 z.
2084 2092 2123 2122 B.
2145 2094 2192 2122 der
2211 2091 2354 2131 Medizin/
2375 2098 2420 2121 wo
2447 2092 2512 2129 auch
2534 2091 2607 2128 nicht
2626 2091 2705 2123 Alle»
2725 2091 2783 2122 klar
2789 2098 2795 2115 -
2801 2093 2857 2130 sei?
2881 2093 2964 2126 Man

2052 2135 2136 2168 könne
2146 2150 2150 2162 -
2168 2137 2232 2166 eben
2254 2136 2285 2166 in
2303 2137 2374 2172 jeder
2405 2134 2594 2172 Wissenschaft
2623 2136 2691 2166 über
2717 2136 2832 2176 einzelne
2839 2138 2965 2172 "Punkte

2051 2181 2242 2217 verschiedener
2270 2179 2381 2217 Anficht
2400 2180 2467 2216 sein.
2505 2179 2566 2214 Der
2586 2179 2696 2211 Redner
2716 2180 2788 2210 kann
2800 2183 2872 2217 'auch
2892 2182 2965 2218 Hin.

2051 2224 2095 2253 vr
2124 2223 2233 2255 Römer
2253 2224 2325 2261 «icht
2347 2223 2524 2260 beistimmen,
2544 2231 2624 2254 wenn
2645 2223 2800 2261 erglaabt,
2822 2222 2966 2258 di»!Kom¬

2052 2268 2162 2305 mission
2182 2268 2252 2304 habe
2273 2267 2359 2305 einige
2380 2267 2502 2303 Urtheile
2522 2268 2613 2305 rügen
2632 2267 2742 2306 wollen,
2769 2269 2802 2305 fie
2822 2270 2890 2304 habe
2910 2280 2967 2302 nur

2054 2311 2282 2350 hervorgehoben,
2303 2310 2359 2348 daß
2370 2310 2403 2348 fie
2414 2310 2466 2341 mit
2475 2310 2616 2344 denselben
2627 2312 2698 2349 nicht
2709 2311 2910 2349 einverstanden
2922 2315 2965 2352 sei.

2053 2355 2127 2386 Man
2157 2355 2208 2393 soll
2239 2355 2286 2393 sich
2318 2355 2417 2393 hüten,
2449 2354 2491 2387 die
2518 2355 2751 2395 Selbständigkeit
2779 2357 2825 2388 der
2845 2358 2967 2395 Gericht«

2054 2400 2229 2439 anzugreifen
2249 2401 2306 2430 und
2327 2400 2361 2437 fie
2382 2399 2413 2429 in
2427 2399 2467 2430 die
2478 2389 2635 2438 politischen
2645 2399 2857 2438 Leidenschaften
2868 2402 2967 2439 herab«

2052 2445 2242 2492 zuzieheu..,,^
2275 2466 2283 2489 ,
2704 2454 2866 2487 ,je«r,irtz

2112 2493 2182 2523 Nun
2203 2493 2266 2531 geht
2287 2494 2333 2524 der
2353 2491 2464 2523 Redner
2483 2501 2518 2531 zu
2538 2495 2589 2523 den
2610 2493 2746 2532 einzelnen
2766 2496 2969 2534 angegriffenen

2052 2533 2193 2573 Urtheilen
2224 2537 2300 2567 über.
2341 2535 2420 2574 Zwei
2450 2536 2584 2571 derselben
2604 2553 2643 2559 —
2663 2537 2888 2573 Ullmer-Härlin
2910 2543 2967 2571 und

2053 2581 2268 2619 Scheuchzer-N.
2282 2580 2318 2617 Z.
2331 2579 2417 2617 Z.—
2437 2579 2553 2618 gehören
2565 2583 2624 2612 dem
2635 2581 2850 2620 Bezirksgericht
2868 2583 2971 2623 Zürich

2055 2634 2101 2656 an.
2122 2624 2349 2661 Wahrscheinlich
2372 2624 2445 2661 hätte
2467 2632 2495 2655 er
2515 2624 2545 2654 in
2568 2625 2660 2656 beiden
2682 2627 2783 2657 ander»
2802 2628 2971 2667 gesprochen,

2057 2669 2119 2700 aber
2140 2678 2166 2700 er
2187 2668 2272 2699 könne
2292 2668 2341 2707 fich
2362 2668 2421 2705 sehr
2442 2671 2494 2706 gut
2514 2668 2644 2705 erklären,
2676 2670 2728 2706 daß
2750 2670 2790 2701 die
2809 2670 2921 2708 Richter
2942 2673 2972 2703 in

2057 2714 2148 2745 beiden
2169 2712 2265 2747 Fällen
2285 2712 2317 2742 in
2338 2715 2423 2750 guten
2443 2712 2551 2743 Treuen
2573 2713 2603 2750 so
2617 2713 2764 2751 geurtheilt
2778 2714 2873 2752 haben.
2907 2717 2970 2748 Da»

2058 2758 2148 2792 erstere
2168 2758 2205 2795 sei
2226 2757 2316 2788 ältern
2337 2756 2464 2787 Datum»
2491 2758 2548 2787 und
2571 2759 2663 2788 wurde
2685 2765 2741 2788 nur
2762 2758 2812 2789 mit
2833 2759 2973 2798 Mehrheit

2057 2802 2157 2840 gefällt.
2199 2801 2269 2832 Von
2299 2803 2350 2831 den
2381 2800 2537 2838 damaligen
2568 2800 2700 2839 Richtern
2729 2802 2796 2840 seien
2822 2803 2878 2834 vier
2898 2804 2971 2841 nicht

2057 2846 2134 2884 mehr
2154 2854 2200 2875 am
2220 2844 2315 2875 Leben.
2356 2843 2408 2877 Im
2428 2844 2532 2882 letzter»
2553 2844 2615 2878 Fall
2646 2844 2714 2882 seien
2742 2854 2796 2877 nur
2817 2846 2874 2877 drei
2894 2846 2970 2877 Mit¬

2058 2890 2156 2929 glieder
2189 2889 2309 2927 gesessen.
2351 2888 2461 2926 Gesetzt,
2493 2888 2533 2919 die
2554 2888 2676 2926 Urtheile
2696 2890 2787 2919 wären
2807 2890 2880 2926 nicht
2901 2899 2973 2930 ganz

2058 2933 2163 2971 richtig,
2194 2933 2272 2963 wolle
2303 2939 2371 2962 man
2401 2933 2506 2961 darau»
2538 2932 2614 2962 einen
2639 2932 2725 2962 Tadel
2746 2933 2796 2968 auf
2816 2935 2867 2965 da»
2889 2943 2973 2973 ganze

2058 2977 2271 3015 Gerichtswesen
2291 2975 2476 3013 formuliren?
2497 2975 2573 3011 Auch
2595 2975 2634 3006 die
2654 2976 2718 3014 zwei
2740 2977 2779 3006 im
2800 2976 2912 3015 Bericht
2933 2988 2974 3010 er¬

2058 3022 2185 3059 wähnten
2205 3020 2328 3058 Prozesse
2350 3026 2399 3049 vor
2414 3018 2593 3056 Obergericht
2607 3023 2713 3050 werden
2727 3022 2973 3058 durchgenommen

2057 3069 2114 3096 und
2135 3064 2243 3104 gezeigt,
2265 3063 2316 3100 daß
2339 3062 2469 3099 dieselben
2489 3072 2523 3101 zu
2537 3063 2637 3094 keinem
2651 3063 2856 3095 TadelSvotum
2872 3066 2974 3103 berech¬

2058 3110 2139 3147 tigen.
2181 3107 2256 3138 Man
2276 3106 2343 3144 habe
2366 3106 2406 3136 die
2428 3106 2552 3144 Gerichte
2574 3107 2718 3145 allgemein
2739 3110 2785 3140 der
2794 3109 2974 3148 Korruption

2057 3151 2227 3190 beschuldigt,
2248 3151 2288 3181 die
2309 3150 2514 3188 Untersuchung
2536 3150 2605 3186 habe
2626 3154 2678 3182 da»
2701 3152 2864 3190 Gegentheil
2874 3155 2975 3192 gezeigt

2056 3199 2113 3227 und
2135 3196 2175 3226 die
2206 3195 2330 3232 wenigen
2351 3193 2481 3231 Urtheile,
2511 3195 2563 3224 mit
2584 3197 2669 3227 denen
2690 3204 2757 3226 man
2778 3197 2848 3233 nicht
2868 3198 2974 3229 einver¬

2058 3242 2165 3280 standen
2187 3242 2231 3279 sei.
2253 3240 2409 3278 begründen
2431 3240 2501 3270 keine
2521 3240 2621 3278 Klage.

2115 3290 2157 3323 In
2177 3290 2273 3328 Bezug
2295 3290 2346 3325 auf
2366 3289 2407 3319 die
2429 3288 2620 3328 Verhältnisse
2645 3292 2692 3320 de»
2712 3290 2785 3324 Hrn.
2805 3291 2911 3322 Ullmer
2930 3291 2974 3322 be¬

2056 3337 2152 3366 dauert
2171 3336 2217 3365 der
2238 3333 2358 3369 Redner,
2380 3332 2432 3369 daß
2454 3333 2496 3364 die
2509 3333 2973 3373 Schwurgerichtsverhandlungen

2055 3379 2127 3415 nicht
2158 3378 2360 3415 stattgefunden
2390 3375 2488 3414 haben.
2538 3378 2667 3414 Dadurch
2699 3378 2734 3415 sei
2767 3378 2807 3409 bei
2838 3379 2973 3417 einzelnen

2057 3423 2186 3458 Punkten
2218 3422 2274 3452 eine
2306 3420 2475 3458 Dunkelheit
2501 3422 2741 3461 zurückgeblieben,
2764 3422 2802 3453 die
2822 3422 2974 3460 ungünstig

2057 3467 2146 3497 wirke.
2191 3467 2256 3496 Da»
2287 3465 2464 3502 vorhandene
2499 3460 2634 3497 Material
2669 3467 2772 3503 genüge
2803 3474 2851 3504 zur
2884 3467 2976 3497 vollen

2056 3511 2185 3548 Klarheit
2215 3511 2296 3548 nicht,
2326 3510 2409 3541 allein
2440 3512 2485 3541 der
2516 3510 2629 3547 Bericht
2655 3512 2702 3541 der
2723 3509 2891 3547 Minderheit
2913 3510 2976 3548 gebe

2059 3558 2122 3591 doch
2143 3557 2184 3587 die
2215 3555 2414 3594 Beruhigung,
2446 3556 2498 3592 daß
2519 3555 2553 3592 fie
2574 3555 2614 3585 im
2635 3554 2825 3591 Wesentlichen
2858 3555 2911 3585 mit
2932 3558 2978 3587 der

2061 3602 2216 3639 Majorität
2237 3599 2467 3636 übereinstimme.
2488 3599 2574 3635 Zwar
2596 3600 2660 3634 stelle
2683 3598 2715 3634 fie
2729 3599 2826 3629 andere
2841 3597 2978 3637 Anträge,

2061 3648 2126 3678 aber
2145 3646 2210 3683 diese
2231 3645 2300 3683 seien
2321 3645 2392 3680 nicht
2413 3644 2568 3682 begründet.
2591 3643 2662 3678 Auch
2685 3650 2770 3680 gegen
2791 3646 2841 3673 den
2855 3643 2978 3680 höchsten

2062 3693 2196 3722 Beamten
2217 3690 2267 3726 soll
2288 3691 2339 3719 da»
2361 3688 2487 3725 Schwert
2508 3691 2552 3717 der
2572 3686 2767 3724 Gerechtigkeit
2781 3688 2891 3724 walten,
2913 3687 2977 3719 aber

2063 3738 2128 3771 auch
2149 3735 2207 3772 ihm
2229 3734 2332 3764 komme
2353 3734 2398 3763 der
2419 3732 2511 3769 gleiche
2532 3731 2629 3768 Schutz
2650 3738 2694 3771 zu,
2715 3735 2766 3762 den
2777 3733 2822 3762 der
2836 3732 2977 3769 gemeinste

2063 3780 2225 3815 Verbrecher
2256 3777 2371 3815 genieße.
2412 3775 2490 3812 Dazu
2521 3772 2633 3811 gehöre,
2664 3775 2718 3812 daß
2751 3784 2817 3806 man
2838 3776 2976 3806 Niemand

2062 3823 2235 3861 verurtheile,
2266 3821 2335 3858 ohne
2363 3819 2413 3854 daß
2435 3826 2499 3847 man
2520 3818 2571 3854 ihn
2593 3818 2692 3856 gehört
2713 3819 2790 3856 habe.
2830 3820 2884 3851 Bei
2903 3820 2976 3854 Hrn.

2063 3869 2167 3899 Ullmer
2197 3865 2264 3901 habe
2286 3867 2335 3895 da»
2356 3862 2426 3897 nicht
2447 3861 2656 3900 stattgefunden,
2687 3866 2759 3894 denn
2781 3865 2848 3900 seine
2869 3864 2977 3894 Beant¬

2064 3917 2193 3948 wortung
2215 3910 2300 3940 datire
2321 3914 2374 3937 von
2396 3906 2468 3936 einer
2487 3905 2552 3942 Zeit
2572 3907 2631 3945 her,
2651 3916 2697 3939 wo
2719 3911 2747 3939 e»
2764 3909 2811 3946 fich
2825 3911 2891 3943 noch
2906 3910 2977 3944 nicht

2064 3966 2112 3988 um
2138 3956 2218 3992 solche
2249 3951 2389 3988 Anklagen
2420 3949 2566 3987 gehandelt
2599 3952 2656 3989 hat.
2677 3968 2719 3974 —
2738 3953 2796 3987 Hat
2814 3961 2843 3984 er
2864 3953 2912 3989 fich
2931 3953 2978 3983 der

2064 3995 2387 4035 AmtSpflichtverletzung
2409 3993 2528 4032 schuldig
2548 3997 2691 4033 gemacht?
2718 3996 2777 4027 Der
2797 3997 2895 4035 einzige
2917 3995 2978 4030 Fall

2064 4051 2118 4074 von
2139 4041 2314 4078 Bestechung,
2345 4038 2392 4067 der
2412 4038 2539 4074 erwähnt
2558 4043 2662 4078 wurde,
2685 4040 2753 4076 habe
2774 4041 2820 4077 fich
2841 4040 2913 4075 nicht
2934 4039 2978 4075 be¬

2065 4087 2171 4123 stätigt;
2192 4086 2220 4114 e»
2242 4082 2276 4118 sei
2296 4081 2451 4119 konstatirt,
2472 4083 2526 4120 daß
2538 4092 2564 4115 er
2580 4084 2610 4114 in
2622 4085 2694 4116 einer
2706 4084 2793 4121 Reihe
2804 4091 2861 4115 von
2875 4083 2978 4118 Fällen,

2064 4137 2107 4159 wo
2138 4136 2201 4158 man
2231 4125 2290 4162 ihm
2321 4125 2469 4163 Geschenke
2499 4128 2642 4166 zuschickte,
2663 4129 2697 4165 fie
2718 4128 2871 4160 retournirt
2900 4126 2977 4163 habe.

2065 4173 2128 4203 Da»
2156 4169 2383 4206 Belichtnehmen
2412 4170 2446 4206 ist
2476 4172 2542 4209 jetzt,
2565 4173 2717 4211 allerding»
2748 4172 2905 4209 untersagt;
2938 4170 2980 4202 die

2065 4214 2177 4250 früher»
2198 4213 2361 4252 gesetzlichen
2382 4214 2614 4254 Bestimmungen
2634 4216 2776 4248 erlaubten
2797 4218 2823 4246 e»
2844 4215 2935 4252 jedoch
2947 4215 2981 4245 in

2065 4257 2245 4293 Strafsälleu.
2287 4257 2385 4295 Selbst
2403 4266 2617 4297 augenommen,
2644 4260 2696 4296 Hr.
2719 4259 2818 4290 Ullmer
2839 4258 2915 4296 hätte
2938 4260 2982 4298 da,

2064 4308 2108 4332 wo
2131 4304 2159 4331 e»
2179 4301 2309 4333 verboten
2331 4301 2378 4341 ist,
2409 4303 2532 4342 Bericht«
2552 4312 2761 4342 angenommen,
2782 4303 2810 4342 so
2830 4304 2905 4335 wäre
2926 4303 2983 4335 ein«

3112 149 3119 187 i
