2648 3484
224 34 499 72 PrLnumrratton.
2074 46 2253 88 Jnsrttionö
2265 60 2276 74 -
2286 47 2465 88 Gebühr«».

164 97 521 131 Jährlich.*
535 100 579 131 3t.
981 110 989 119 •
2065 112 2117 140 Di«
2129 113 2194 141 Zeile
2211 115 2224 138 6
2239 113 2468 147 Zürcher-Kreuzer.

164 132 523 166 -»«jährlich.t
536 134 580 166 Fr.
2064 147 2152 179 Briefe
2172 149 2220 176 und
2234 149 2328 177 Selber
2339 150 2469 182 franco.

825 614 935 658 (Druck
955 621 1010 654 uni
1029 620 1136 660 Verlag
1156 628 1210 653 von
1230 622 1348 660 Orrll,
1368 620 1477 658 Flißll
1496 621 1551 654 und
1571 623 1816 664 Compagnie.)

222 732 413 762 Vcdw-i;eri(Le
430 735 660 765 Sirgenonciislbast
678 738 900 764 (Dcrbandl,mgen
916 737 960 759 der
975 736 1132 765 ragiätzung,
1160 738 1202 760 der
1218 735 1310 764 grollen
1327 736 1403 762 Stäche
1420 738 1463 760 der
1480 738 1593 762 Kanton«
1607 738 1706 767 Zürich,
1731 741 1808 766 keisin
1826 744 1873 766 und
1890 743 2016 770 «prenjell
2029 744 2220 771 Außcrrhoden,
2241 748 2284 770 der
2299 747 2468 777 Vers-ssung«-

251 762 317 787 räld-
336 765 377 787 der
390 767 499 789 Uantonc
518 769 607 790 Waadr
623 770 671 789 und
689 768 730 789 *5i.
745 766 839 789 '«allen
854 768 902 788 und
927 767 968 788 de»
984 766 1226 791 Äprrllalidnlratb»
1245 770 1300 789 vom
1321 767 1420 790 N-nioa
1441 767 1563 795 Ä-rg-u.)
1590 779 1612 785 -
1645 769 1808 795 Deuischland.
1837 781 1863 789 —
1893 773 2042 800 Frankreich.
2074 785 2093 791 -
2123 775 2238 802 Belgien.
2267 786 2290 793 —
2326 777 2417 803 Polen.
2445 788 2468 795 —

252 791 358 818 Italien.
385 805 405 810 -
435 795 552 823 Schweiz.
568 796 611 819 l!,t.
627 796 642 818 6
659 798 715 822 (an«
731 793 832 822 Zürich,
850 794 932 819 Lasel,
953 793 999 818 Et.
1015 795 1120 820 Gallen,
1135 795 1219 818 Aarau
1235 797 1283 817 und
1300 794 1417 822 Trogen.)

395 892 683 928 Schweizerische
713 889 1073 927 Eidgenossenschaft.

224 948 288 978 Da«
309 948 352 977 der
372 949 584 987 Tagsatzung
604 958 646 979 am
671 952 715 978 >5.
737 949 817 983 Febr.
839 956 888 978 von
909 949 976 983 ihrer
996 950 1204 985 diplomatischen
1224 951 1302 981 Com¬

166 986 266 1019 mission
288 987 450 1023 ringereicht«
471 989 621 1017 Gutachten
644 988 798 1022 hinsichtlich
821 988 888 1016 einer
910 987 1073 1025 Vertagung
1095 988 1136 1017 der
1154 990 1301 1025 Sitzungen

165 1024 208 1052 der
228 1022 342 1059 höchsten
366 1024 608 1058 Bundesbehörd«,
645 1027 724 1057 besten
747 1025 819 1056 unser
840 1026 920 1059 letzte»
942 1026 1022 1054 Blakt
1042 1027 1174 1063 vorläufig
1194 1026 1301 1063 gedacht

165 1065 229 1095 hat,
264 1060 416 1089 entwickelte
445 1063 498 1090 eine
529 1062 661 1097 zwiefache
692 1062 892 1094 Ansichtder
913 1062 1050 1096 Mehrheit
1081 1072 1162 1100 gegen
1183 1066 1237 1093 und
1258 1064 1301 1098 her

163 1097 327 1132 Minderheit
346 1096 389 1132 für
409 1098 447 1127 die
469 1101 647 1137 Vertagung.
688 1101 741 1131 Die
764 1098 877 1130 Gründe
897 1099 940 1128 der
961 1101 1071 1133 letzteren
1092 1109 1179 1130 waren
1197 1102 1302 1134 wesent¬

162 1135 209 1168 lich
231 1135 370 1171 folgende:
394 1136 447 1166 Die
463 1139 599 1171 Geschäfte
620 1141 693 1172 sehen
714 1138 840 1174 erledigt;
862 1138 899 1165 die
916 1137 992 1171 Ruhe
1016 1139 1050 1167 im
1070 1139 1179 1173 Innern
1200 1140 1240 1173 sey
1257 1139 1304 1172 auf

165 1174 237 1202 einen
259 1174 352 1206 solchen
367 1174 426 1208 Fuß
448 1176 539 1203 wieder
561 1177 721 1213 hergestrllt,
743 1176 791 1206 daß
815 1175 879 1203 keine
901 1176 1031 1206 besonder«
1051 1177 1187 1210 Gefahren
1207 1184 1300 1212 vorzu¬

163 1212 234 1244 sehen
267 1211 374 1245 wären;
409 1212 448 1240 die
480 1213 659 1247 militärischen
689 1214 885 1248 Anordnungen
919 1213 1047 1244 befänden
1078 1215 1123 1246 sich
1157 1215 1201 1248 auf
1222 1215 1301 1243 einem

164 1249 281 1283 Punkte,
303 1250 351 1282 daß
375 1249 450 1279 durch
472 1252 520 1279 den
533 1252 651 1282 General
672 1250 725 1279 und
747 1251 792 1278 den
816 1252 974 1287 Kriegsrath
995 1251 1051 1280 dem
1073 1252 1239 1285 Btdürfniss«
1255 1253 1302 1280 de«

165 1287 342 1323 Augenblicks
370 1287 528 1324 hinlänglich
556 1290 717 1324 entsprochen
744 1288 796 1317 und
826 1286 948 1324 nökhigrn
970 1289 1046 1323 Fall«
1065 1290 1119 1318 eine
1138 1290 1303 1326 Tagsatzung

167 1326 226 1354 bald
247 1326 341 1355 wieder
361 1326 518 1356 versammelt
540 1328 639 1356 werden
660 1328 764 1355 könnte.
805 1326 883 1356 Diese
898 1326 1003 1359 Ansicht
1020 1329 1114 1358 machte
1127 1327 1301 1360 insbesondere

165 1364 228 1393 auch
250 1366 311 1396 noch
334 1363 378 1395 auf
399 1364 437 1391 die
459 1365 646 1400 nachtheiligen
668 1363 810 1394 Eindrücke
831 1363 1012 1397 aufmerksam,
1040 1366 1128 1398 welche
1151 1365 1204 1394 eine
1225 1367 1301 1394 unbe¬

164 1400 297 1437 schäftigt«
312 1401 476 1438 Tagsatzung
488 1403 513 1431 in
526 1403 569 1431 der
583 1401 743 1437 öffentlichen
754 1402 887 1438 Meinung
906 1403 1107 1439 Hervordringen
1116 1403 1213 1436 müßt«.
1247 1403 1302 1433 Dir

166 1438 314 1470 Majorität
330 1439 466 1473 hinwieder
476 1441 555 1477 gieng
577 1440 659 1468 davon
681 1445 743 1472 aus,
767 1440 816 1471 baß
839 1442 897 1470 noch
919 1440 1089 1471 verschiedene
1108 1441 1225 1477 wichtige
1246 1443 1303 1471 Ge¬

165 1476 304 1511 genstände
317 1477 464 1511 Hauptfach-
476 1480 521 1507 lich
534 1478 560 1505 in
570 1478 673 1510 Absicht
694 1477 737 1507 auf
758 1475 806 1504 das
821 1477 1015 1509 Militärwesen
1036 1487 1066 1515 zu
1089 1477 1203 1507 erörtern
1225 1478 1301 1515 übrig

166 1514 285 1548 bleiben;
307 1514 354 1545 daß
376 1514 414 1542 die
426 1515 616 1547 ausländischen
626 1516 718 1547 sowohl
728 1516 769 1543 als
778 1514 817 1542 die
826 1514 995 1545 inländischen
1009 1517 1246 1552 Angelegenheiten
1255 1517 1301 1550 sich

166 1551 192 1580 in
204 1552 272 1580 einer
285 1554 350 1587 Lage
362 1551 495 1584 bejänden,
508 1553 597 1580 welch«
609 1553 636 1581 in
646 1553 723 1585 jedem
736 1551 905 1587 Augenblicke
915 1552 954 1580 die
963 1553 1087 1584 wirkliche
1099 1554 1301 1590 Versammlung

167 1589 211 1618 der
230 1589 394 1625 Tagsatzung
416 1590 579 1626 noihwendig
602 1592 706 1621 machen
725 1588 826 1621 könne;
848 1594 909 1620 auch
930 1589 971 1618 die
989 1592 1149 1628 Spalinung
1172 1593 1260 1622 weiche
1274 1592 1302 1620 in

168 1628 270 1662 Luzern
291 1627 360 1659 selbst
381 1628 487 1659 herrsche
508 1626 569 1664 (bcy
591 1628 637 1658 sich
660 1625 787 1660 nahender
807 1627 887 1660 Wahl
908 1626 951 1655 der
977 1636 1058 1656 neuen
1080 1629 1202 1661 Verfass»
1207 1630 1301 1666 ngrbe-

165 1663 274 1699 hörden)
300 1664 402 1693 erlaube
432 1665 520 1698 nicht,
557 1665 583 1693 in
610 1664 691 1699 deffen
713 1664 822 1699 Leitung
849 1664 897 1692 da»
918 1664 1077 1700 gewünschte
1099 1667 1250 1695 Vertrauen
1271 1674 1301 1701 zu

167 1703 250 1737 setzen.
293 1703 362 1732 Eine
385 1702 545 1738 Vertagung
568 1703 659 1731 könnte
680 1705 755 1730 unter
776 1702 855 1732 diesen
879 1703 1034 1732 Umständen
1053 1704 1096 1732 als
1116 1704 1155 1732 ein
1172 1704 1302 1735 Gestand»

168 1741 212 1773 niß
232 1741 369 1777 angesehen
391 1740 502 1773 werden,
525 1748 585 1768 man
606 1740 750 1775 verzweifle
770 1747 803 1767 an
825 1739 869 1767 den
891 1739 1005 1774 höchsten
1021 1741 1167 1775 Interessen
1185 1741 1229 1770 de«
1244 1742 1302 1770 Va¬

166 1777 307 1812 terlandes,
328 1777 381 1807 und
395 1777 473 1806 damit
494 1777 543 1805 da«
558 1778 791 1812 Loosungszeichen
813 1776 854 1809 für
874 1779 995 1808 manchen
1012 1778 1180 1814 gefährlichen
1195 1776 1304 1809 Schritt

168 1816 282 1853 gegeben
301 1816 384 1848 s«vn;
417 1816 564 1848 beynebrn«
591 1814 666 1845 ward
697 1816 759 1844 auch
787 1813 912 1847 bemerkt,
948 1815 995 1848 daß
1026 1816 1066 1843 die
1087 1818 1242 1845 Antwortin
1261 1814 1304 1843 der

170 1853 281 1885 Mächte
307 1853 353 1885 auf
378 1853 417 1880 die
443 1854 519 1888 ihnen
549 1850 698 1886 übersandte
725 1852 916 1887 schweizerische
937 1852 1118 1882 NeutralitätS
1131 1865 1139 1878 -
1152 1853 1302 1890 Erklärung

170 1893 231 1924 noch
255 1891 322 1921 nicht
344 1890 510 1926 eingetroffen
532 1891 617 1923 sehen.
664 1891 723 1920 Der
743 1889 944 1922 Gesandte.von
967 1890 1056 1926 Zürich
1080 1892 1230 1920 entwickelte
1249 1892 1303 1920 als¬

169 1928 239 1956 dann
262 1930 340 1961 naher
360 1919 421 1956 nöa,
443 1929 480 1957 die
501 1927 616 1957 Gründe
636 1927 679 1956 der
708 1927 871 1960 Minorität,
907 1935 937 1962 zu
967 1929 1009 1956 der
1037 1937 1060 1957 er
1090 1930 1134 1960 sich
1163 1929 1301 1963 bekannte;

168 1967 223 1994 eine
242 1965 427 1998 Commission,
463 1966 567 2000 glaubt«
593 1972 635 1999 er,
666 1963 759 1993 könnte
779 1964 835 1993 dem
856 1965 971 1994 Vororte
992 1965 1164 2003 beygeordnet
1184 1967 1302 2000 werden;

168 2003 208 2032 die
229 2002 429 2038 unbeschäftigte
448 2002 610 2039 Tagsatzung
632 2003 760 2037 hingegen
780 2002 866 2036 müßte
887 2002 967 2031 neben
987 2004 1032 2033 der
1058 2005 1115 2038 Zeit
1140 2006 1202 2037 auch
1230 2005 1301 2040 ihren

167 2040 260 2072 Kredit
282 2040 334 2068 und
355 2040 484 2074 Zutrauen
505 2040 640 2077 allmählig
654 2045 800 2074 verzehren.
842 2041 944 2071 Bern'«
960 2042 1155 2078 Abgeordneter
1170 2043 1300 2079 bezeugte,

168 2081 220 2113 sein
251 2078 347 2109 Stand
373 2078 412 2111 sey
444 2086 513 2114 zwar
545 2079 630 2112 bisher
660 2079 705 2105 der
733 2077 869 2113 Meinung
899 2080 1031 2115 gewesen,
1066 2081 1119 2108 eine
1138 2080 1302 2117 Vertagung

169 2118 266 2146 möchte
287 2115 393 2153 zuläßig
415 2116 491 2150 seyn;
525 2124 578 2144 nun
604 2117 665 2145 aber
692 2115 737 2148 bey
767 2115 813 2143 den
839 2116 959 2151 jüngsten
980 2118 1143 2154 Ereignissen
1166 2119 1209 2147 des
1231 2120 1303 2147 Aus¬

169 2154 262 2185 landes
278 2175 286 2187 ,
322 2155 397 2186 inüst«
432 2161 456 2182 er
485 2155 601 2183 weiteres
628 2153 900 2186 Beysammmbleibru
927 2152 971 2185 für
1006 2156 1173 2192 nothwendig
1203 2158 1302 2190 halten.

169 2194 224 2225 Die
246 2193 398 2224 Gesandten
419 2199 468 2221 von
490 2194 561 2225 Ury,
594 2192 714 2226 Schwyz
735 2190 788 2219 und
812 2192 989 2221 Unterwalden
1011 2194 1132 2226 äußerte»
1156 2194 1201 2228 sich
1224 2194 1303 2226 indif¬

166 2231 248 2265 ferent
270 2230 324 2258 und
344 2237 402 2265 zum
423 2231 533 2260 Bleiben
554 2228 896 2265 oder'Auseinandergehen
917 2229 1016 2263 bereit,
1038 2231 1086 2260 wie
1107 2230 1144 2260 die
1167 2233 1303 2265 Mehrheit

169 2276 197 2297 es
219 2267 343 2299 wünsche.
385 2268 490 2298 Glaru«
510 2268 595 2302 sprach
618 2266 804 2297 nachdrucksam
826 2274 906 2303 gegen
928 2268 967 2295 die
985 2269 1160 2306 Vertagung,
1180 2270 1303 2301 vermißte

169 2305 210 2335 dir
236 2304 433 2341 Bedingungen
463 2307 530 2336 einer
557 2304 748 2342 hinlänglichen
775 2305 954 2341 ^'.ruhigung
981 2306 1021 2334 di«
1047 2307 1112 2341 dazu
1142 2308 1301 2340 erforderlich

169 2350 240 2382 lyare
261 2343 314 2371 und
334 2345 396 2378 trug
416 2343 509 2376 daraus
526 2352 561 2373 an
573 2365 581 2377 ,
616 2344 656 2372 die
685 2344 771 2379 Frage
796 2342 844 2375 auf
864 2348 898 2371 io
918 2344 961 2372 bi«
982 2346 1018 2373 14
1037 2344 1113 2381 Tage
1132 2353 1166 2381 zu
1185 2346 1304 2379 verschie¬

170 2382 229 2411 ben.
272 2379 330 2416 Zug
351 2380 420 2412 hätte
439 2388 470 2416 zu
491 2382 581 2418 kurzer
598 2382 653 2411 und
674 2379 829 2416 temporärer
851 2381 1011 2419 Vertagung
1034 2383 1080 2415 sich
1103 2383 1220 2421 geneigt,
1249 2383 1302 2412 will

169 2421 229 2449 aber
250 2417 296 2447 den
319 2420 445 2452 mehreren
468 2420 603 2450 Stimmen
624 2420 721 2456 folgen.
774 2418 925 2455 Freyburg«
954 2420 1100 2451 Gesandter
1126 2421 1187 2455 hielt
1207 2419 1303 2454 dafür,

169 2457 218 2487 mit
237 2456 296 2485 dem
314 2456 583 2490 Deysammenbkeiben
604 2458 660 2487 lade
680 2465 740 2486 man
763 2456 848 2492 keine,
869 2458 916 2486 mit
936 2458 1200 2496 Auseinandergehen
1217 2459 1305 2488 würde

169 2503 229 2525 man
256 2495 309 2524 eine
337 2494 415 2531 große
442 2495 673 2532 Verantwortung
703 2495 749 2528 auf
777 2494 824 2529 sich
854 2494 940 2525 laden.
991 2497 1146 2529 Solothurn
1177 2498 1303 2530 wünscht«

170 2533 305 2567 Derschub
325 2531 370 2561 de«
391 2532 568 2569 Rathschlag«
585 2535 633 2567 auf
653 2535 690 2563 14
709 2533 784 2569 Tage
807 2532 860 2561 und
879 2532 926 2562 den
946 2534 1034 2565 Druck
1054 2535 1100 2564 de«
1123 2536 1300 2568 Gutachten».

172 2571 251 2602 Basel
281 2571 342 2605 hielt
369 2570 461 2604 dafür,
494 2570 533 2600 di«
562 2571 714 2606 Gesandte»
734 2571 845 2601 könnten
867 2572 913 2605 sich
934 2572 1084 2601 eineweilrn
1106 2573 1302 2608 Instruktionen

172 2610 231 2638 über
252 2609 405 2644 Formation
427 2608 471 2637 de«
491 2608 680 2644 BnndeSrath«
702 2610 787 2643 holen.
840 2610 982 2646 Appenzell
1011 2609 1063 2639 und
1094 2611 1301 2645 Schaffyaufen,

172 2646 372 2679 Graubündten
391 2647 445 2675 und
467 2650 575 2680 Aargau
596 2647 714 2682 sprachen
733 2654 816 2687 gegen
837 2646 874 2676 die
895 2648 1076 2686 Vertagung;
1109 2650 1169 2678 eben
1195 2650 1221 2682 so
1246 2650 1301 2680 St.

171 2687 272 2717 Gallen
293 2686 339 2714 mit
360 2686 403 2714 der
423 2686 604 2722 Bemerkung,
640 2688 667 2713 e«
694 2686 733 2719 sey
755 2685 794 2714 dir
816 2685 982 2723 Aufstellung
1003 2686 1048 2716 de«
1067 2687 1302 2721 Repräsentanten-

170 2726 243 2758 rath«
275 2729 326 2752 au«
352 2723 468 2760 Mangel
494 2723 536 2752 der
562 2721 752 2755 erforderlichen
769 2724 994 2760 'Bestimmungen
1018 2723 1162 2761 unmöglich
1183 2725 1237 2755 und
1257 2733 1304 2761 zur

171 2761 339 2795 Ernennung
360 2762 428 2790 einer
449 2761 613 2794 Commission
637 2761 702 2798 liege
721 2760 790 2789 kein«
812 2762 948 2798 Befugniß
970 2764 1005 2792 im
1020 2762 1128 2793 Bunde.
1170 2763 1301 2799 Thurgau

170 2796 240 2829 hätte
261 2803 309 2831 zur
328 2797 487 2836 Vertagung
507 2799 654 2837 gestimmt»
676 2800 781 2835 glaubte
802 2798 887 2833 jedoch
902 2801 943 2829 die
958 2801 1100 2830 vollendet«
1113 2802 1302 2839 Organisation

171 2832 214 2862 der
246 2831 384 2866 Behörden
418 2835 461 2863 de«
488 2838 607 2867 Vorort«
637 2836 720 2870 dürfte
746 2838 808 2868 noch
835 2838 990 2873 abgeivartrt
1017 2838 1129 2869 werden.
1182 2839 1301 2873 Wallt«-,

170 2868 289 2905 Waadt,
310 2870 475 2906 Neuenburg
494 2875 556 2902 und.
569 2875 648 2910 Genf
664 2876 782 2911 sprachen
803 2875 956 2907 entschieden
976 2876 1031 2906 sind
1045 2878 1089 2906 der
1102 2878 1195 2913 letztere
1207 2877 1304 2909 Stand

170 2910 220 2939 mit
240 2909 296 2937 dem
316 2905 424 2944 größten
446 2909 605 2945 Nachdruck,
627 2920 709 2948 gegen
729 2913 769 2942 die
794 2914 968 2951 Vertagung.
1008 2914 1121 2948 Endlich
1142 2915 1232 2947 wurde
1256 2916 1304 2945 mit

170 2951 206 2977 21
236 2946 375 2978 Stimmen
402 2945 441 2973 «in
470 2947 600 2980 Aufschub
627 2950 791 2984 beschlossen,
825 2953 852 2981 in
879 2952 921 2980 der
949 2952 1085 2991 Meinung
1099 2974 1107 2988 ,
1135 2959 1165 2983 t«
1190 2955 1234 2988 soll
1255 2954 1304 2983 da«

170 2986 323 3017 Gutachten
353 2984 396 3013 der
422 2982 586 3018 Commisflon
613 2984 661 3015 den
689 2987 818 3017 Standen
844 2990 998 3026 mikgetheilt
1029 2992 1158 3029 werden,.
1182 2992 1236 3021 Und
1264 2992 1305 3021 die

170 3023 339 3057 Commisston
360 3021 404 3054 soll
426 3022 470 3055 sich
492 3022 630 3056 berathen,
661 3024 710 3052 wie
729 3025 766 3053 im
786 3025 847 3060 Fall
867 3028 935 3057 einer
957 3028 1137 3067 Vertagung,
1168 3032 1216 3060 mit
1235 3030 1304 3070 Hin¬

167 3063 233 3098 sicht
257 3060 307 3097 auf
337 3059 469 3097 Stellung
495 3060 542 3089 de«
567 3060 690 3090 Vorort»
717 3061 773 3089 und
798 3063 974 3101 Krieg»ra>h«
998 3070 1172 3104 augemrsten»
1189 3069 1303 3100 Bestim¬

169 3106 286 3136 mungen
307 3106 339 3136 zu
360 3098 449 3134 treffen
470 3097 542 3135 sehen
552 3097 567 3127 %
599 3097 693 3134 Zürich
718 3097 775 3127 und
801 3104 907 3137 nachher
932 3103 1027 3140 Tessin
1043 3106 1168 3143 behielten
1188 3107 1236 3144 sich
1256 3107 1304 3137 da»

166 3137 306 3175 Protokoll
334 3136 412 3171 offen.

227 3175 376 3213 Folgende«
403 3173 435 3206 ist
463 3173 506 3204 der
544 3173 572 3204 ia
600 3171 645 3202 der
671 3171 788 3210 Sitzung
823 3179 886 3204 von»
920 3180 969 3206 12.
1002 3179 1122 3214 Februar
1160 3182 1303 3219 eiunmthig

170 3211 232 3244 über
258 3213 299 3244 die
326 3212 467 3247 Bxlseisch«
494 3212 584 3245 Sache
611 3210 714 3248 gefaßte
739 3212 867 3246 Beschluß
893 3212 939 3243 der
962 3214 1144 3256 Tagfatzuug:
1185 3221 1304 3256 ^Nach¬

170 3250 225 3282 dem
260 3252 300 3282 die
331 3250 427 3282 oberste
457 3245 682 3286 BuntzeSbehörde
723 3249 754 3279 iw
792 3251 861 3284 ihrer
899 3254 1025 3291 heutigen
1052 3253 1169 3294 Sitzung
1200 3253 1303 3289 Kemit-

171 3291 215 3328 niß
236 3290 350 3328 erhalten
369 3290 416 3328 hat
434 3294 484 3321 von
504 3288 563 3323 d«m
579 3288 633 3321 von
657 3287 867 3327 Bürgermeister
891 3290 946 3321 und
972 3293 1302 3332 Regierungseommifsion

1340 877 1385 907 de«
1411 878 1539 907 Kanton«
1569 879 1648 911 Basel
1672 886 1714 908 am
1734 884 1782 910 30.
1804 881 1907 915 Jenner
1926 885 1998 912 1831
2019 890 2054 912 an
2074 883 2122 913 den
2143 884 2349 921 eidgenössischen
2369 887 2472 918 Vorort

1340 923 1373 951 zu
1392 916 1508 951 Händen
1529 916 1573 944 der
1591 917 1757 953 Lagsatzung
1777 919 1930 954 gerichteten
1951 920 2116 955 Schreiben,
2145 925 2250 952 welche«
2277 923 2317 952 dir
2342 926 2475 958 Gesandt¬

1340 952 1417 986 schaft
1442 960 1495 981 von
1524 953 1601 984 Basel
1631 955 1671 982 der
1698 955 1745 983 mit
1774 957 1931 993 Beratyung
1958 958 2002 985 der
2028 959 2262 995 Angrlegenhritrn
2284 961 2329 990 de«
2349 963 2474 993 Stande«

1340 991 1420 1022 Lasel
1440 990 1627 1027 beauftragten
1648 992 1815 1026 Commission
1836 993 1863 1023 in
1885 995 1927 1023 der
1948 995 2063 1031 Sitzung
2083 1004 2140 1025 vom
2165 1003 2190 1025 i.
2214 1001 2345 1036 Hornung
2364 1001 2473 1030 Abend«

1340 1028 1526 1065 kingehändigk
1557 1032 1645 1063 halte,
1680 1032 1731 1058 und
1759 1030 1876 1065 wodurch
1904 1038 1954 1061 von
1983 1033 2025 1061 der
2045 1034 2207 1071 Tagsatzung
2228 1037 2267 1064 ein
2289 1038 2384 1066 ernste»
2404 1040 2475 1069 Ein¬

1340 1065 1457 1099 schreiten
1489 1074 1573 1102 gegen
1599 1067 1672 1094 einen
1702 1069 1743 1096 der
1771 1069 1859 1099 Stadt
1887 1070 1967 1101 Basel
1987 1076 2038 1098 au,
2057 1073 2152 1100 andern
2174 1077 2313 1103 Kantonen
2333 1075 2475 1111 drohenden

1341 1101 1542 1137 Volkrübrrsall
1564 1105 1685 1141 verlangt
1704 1104 1792 1139 wird,
1816 1120 1850 1126 —
1881 1107 1934 1135 und
1956 1106 2074 1138 nachdem
2095 1110 2126 1143 sie
2146 1110 2303 1148 gleichzeitig
2322 1120 2373 1141 von
2393 1115 2476 1142 einem

1340 1145 1482 1176 zweyten,
1514 1148 1566 1169 von
1588 1141 1632 1170 der
1653 1144 1793 1174 nämlichen
1814 1142 1935 1178 Behörde
1957 1150 2056 1174 unterm
2076 1150 2105 1176 8.
2125 1147 2257 1185 Hornung
2278 1158 2310 1177 an
2332 1150 2378 1179 den
2400 1152 2475 1181 Vor¬

1340 1181 1382 1207 ort
1402 1178 1557 1214 gezüchteten
1581 1179 1726 1211 Schreiben
1748 1181 1864 1214 Einsicht
1884 1190 2034 1218 genommen
2056 1186 2122 1219 hat,
2156 1187 2303 1217 vermittelst
2325 1187 2402 1220 deffen
2424 1190 2476 1218 die-

1340 1216 1402 1249 selbr
1425 1217 1553 1248 einerseits
1579 1216 1625 1244 da»
1646 1224 1686 1245 am
1709 1221 1738 1246 8.
1760 1219 1891 1255 Hornung
1911 1227 1969 1248 vom
1991 1222 2087 1257 großen
2108 1223 2182 1257 Rath
2203 1224 2247 1254 de»
2268 1225 2392 1256 Stande«
2417 1228 2475 1258 Ba¬

1341 1254 1373 1286 sel
1400 1254 1518 1286 erlassene
1545 1254 1769 1290 AmnestirgLletz,
1804 1255 1856 1285 und
1876 1257 2015 1288 anderseits
2036 1260 2172 1296 dasjenige
2191 1262 2393 1293 Kreisschreiben
2415 1265 2475 1293 mit-

1339 1292 1445 1326 getheilk
1471 1292 1564 1325 halte,
1594 1292 1701 1321 welche»
1728 1294 1768 1321 dir
1794 1294 2123 1331 Regierungecommission
2150 1306 2191 1326 am
2217 1301 2327 1336 gleichen
2354 1301 2418 1339 Tag
2440 1309 2474 1332 an

1341 1328 1492 1361 sammtliche
1514 1328 1578 1357 löbl.
1600 1329 1712 1359 Stände
1733 1331 1854 1364 erlassen,
1888 1334 1940 1360 und
1969 1335 2052 1362 worin
2079 1335 2128 1363 da»
2155 1335 2294 1373 dringende
2322 1339 2474 1377 Verlangen

1339 1373 1373 1394 an
1393 1368 1442 1394 all«
1462 1365 1759 1404 Kantonsrrgierungen
1780 1369 1877 1403 gestellt
1898 1369 1985 1404 wird,
2007 1374 2081 1400 Alle»
2096 1376 2287 1410 anzuwenden,
2309 1375 2389 1406 damit
2404 1379 2474 1410 nicht

1340 1410 1391 1432 von
1420 1403 1500 1433 Seite
1528 1404 1594 1432 einer
1624 1406 1796 1438 unberufenen
1828 1406 1923 1438 äußern
1954 1409 2185 1448 Volksbewegung
2212 1414 2264 1441 eine
2286 1414 2473 1452 Einmischung

1340 1440 1367 1468 in
1396 1440 1435 1469 die
1462 1442 1700 1477 Angelegenheiten
1726 1443 1772 1473 de»
1792 1444 1915 1473 Kantons
1935 1445 2014 1477 Bafel
2036 1448 2150 1483 erfolge,
2169 1464 2205 1471 —
2226 1451 2317 1484 spricht
2337 1452 2375 1480 dir
2395 1454 2473 1490 Tag¬

1341 1478 1460 1515 satzung,
1497 1478 1523 1506 in
1559 1472 1722 1516 sorgfältiger
1755 1481 1913 1518 Beachtung
1946 1485 2012 1517 ihrer
2048 1486 2177 1522 Stellung
2208 1495 2288 1524 gegen
2322 1490 2360 1518 die
2392 1494 2474 1526 hohen

1342 1516 1470 1548 Stände,
1492 1515 1531 1545 die
1551 1519 1756 1555 Uederzeuguiig
1776 1523 1842 1547 au«:
1865 1521 1915 1552 daß
1936 1522 1983 1554 bey
2005 1524 2161 1560 Berathung
2182 1523 2226 1553 de«
2243 1534 2284 1555 am
2298 1530 2326 1557 8.
2341 1529 2474 1565 Hornung

1342 1559 1392 1582 von
1415 1554 1495 1584 Basrl
1515 1561 1547 1582 an
1570 1553 1723 1587 sämmttjche
1745 1556 1853 1586 Stände
1873 1558 1995 1590 dießfall«
2016 1560 2144 1596 gestellten
2166 1562 2336 1599 Begehren«,
2372 1570 2400 1594 e«
2426 1567 2475 1595 den

1340 1590 1415 1623 tiefen
1443 1591 1593 1626 Eiiislchten
1621 1593 1662 1620 der
1690 1595 1772 1628 hohen
1799 1595 1985 1632 Negierungen
2017 1599 2083 1630 nicht
2105 1602 2227 1634 entgehen
2247 1601 2353 1635 werde,
2383 1602 2474 1636 wtlch«

1339 1628 1494 1660 bedenkliche
1524 1630 1579 1657 und
1604 1630 1674 1662 nicht
1701 1638 1733 1665 zu
1760 1633 1927 1664 berechnende
1946 1634 2049 1671 Folgen
2067 1637 2109 1664 «in
2128 1638 2222 1669 solche«
2242 1640 2388 1676 Ereigniß,
2424 1642 2474 1671 wir

1340 1673 1367 1694 «,
1388 1667 1428 1694 di«
1447 1666 1602 1703 Regierung
1624 1675 1675 1695 von
1697 1669 1780 1701 Basel
1798 1670 1954 1704 befürchtet,
1976 1672 2093 1707 zunächst
2114 1674 2160 1707 auf
2175 1674 2212 1704 die
2226 1677 2316 1712 Ruhe,
2336 1678 2473 1716 Ordnung

1341 1706 1393 1732 und
1414 1704 1564 1739 Sicherheit
1584 1712 1619 1732 im
1641 1705 1748 1738 Innern
1768 1708 1811 1736 der
1832 1707 2080 1744 Eidgenossenschaft
2101 1712 2179 1745 haben
2198 1711 2304 1748 würde,
2326 1729 2360 1735 —
2381 1718 2473 1750 welche

1341 1742 1401 1775 noch
1423 1740 1530 1774 ernstere
1550 1742 1685 1775 Gefahren
1703 1743 1751 1776 für
1771 1744 1809 1772 di«
1830 1747 1924 1781 täglich
1945 1747 2113 1779 bedenklicher
2131 1750 2265 1780 werdendr
2285 1753 2416 1790 Stillung
2430 1754 2474 1785 der

1341 1772 1466 1812 Schweiz
1488 1785 1569 1815 gegen
1589 1779 1638 1807 da«
1658 1781 1782 1809 Ausland
1802 1782 1901 1811 darau«
1922 1786 2094 1821 hervorge-eu
2115 1787 2167 1814 und
2187 1789 2234 1817 wie
2254 1790 2379 1822 fruchtlos
2399 1790 2475 1820 über¬

1340 1817 1423 1850 haupt
1441 1816 1491 1842 allr
1512 1816 1870 1852 Vrrthridigungraustalten
1891 1828 1972 1857 gcgrn
1992 1822 2041 1850 den
2059 1822 2157 1854 äußern
2179 1825 2262 1858 Feind
2282 1827 2378 1855 bleiben
2398 1828 2473 1861 müß¬

1341 1857 1382 1880 ten
1394 1871 1404 1886 ,
1427 1859 1502 1880 wenn
1521 1852 1546 1886 je
1569 1852 1610 1881 der
1632 1854 1721 1887 Friede
1743 1856 1777 1884 im
1797 1857 1904 1890 Innern
1924 1856 2019 1893 gestört
2038 1862 2137 1889 werden
2161 1862 2241 1893 sollte.
2282 1865 2378 1899 Dabey
2399 1866 2473 1894 über¬

1341 1889 1396 1921 läßt
1417 1889 1463 1923 sich
1486 1890 1524 1918 die
1544 1890 1731 1927 Tagsatzung,
1762 1896 1814 1922 voll
1837 1895 2004 1924 Vertrauen«
2025 1899 2070 1931 auf
2090 1899 2136 1927 den
2159 1901 2372 1935 vaterländischen
2393 1904 2472 1933 Sinn

1342 1928 1391 1956 de«
1407 1927 1618 1963 schweizerischen
1641 1930 1831 1959 Volke«der
1850 1934 2067 1968 zuversichtlichen
2095 1937 2285 1975 Erwartung:
2321 1945 2348 1968 e«
2372 1942 2473 1971 werden

1342 1965 1381 1993 die
1401 1965 1587 2001 Regierungen
1608 1966 1775 1999 sammtlicher
1796 1970 1857 1997 lvdl.
1882 1971 2010 2006 Stande,
2033 1974 2059 2002 in
2075 1975 2229 2012 Beachtung
2244 1978 2331 2012 obiger
2345 1978 2474 2008 Betrach¬

1341 2006 1458 2040 tungen,
1480 2003 1556 2036 solche
1573 2003 1765 2040 Verfügungen
1781 2007 1884 2042 treffen,
1909 2009 2026 2039 wodurch
2042 2011 2094 2044 jedr
2109 2014 2269 2048 gewaltsame
2284 2016 2472 2052 Einmischung

1342 2042 1383 2069 der
1403 2039 1587 2077 Bevölkerung
1609 2043 1678 2070 eines
1700 2044 1758 2072 oder
1780 2048 1903 2078 mehrerer
1923 2047 2044 2077 Kantonr
2065 2050 2091 2078 in
2113 2051 2151 2078 die
2172 2052 2403 2088 Angelegenlieiten
2425 2062 2474 2083 an¬

1342 2079 1411 2107 derer
1433 2078 1543 2109 Stande
1564 2080 1729 2115 verhindert.,
1751 2085 1802 2109 und
1824 2083 1895 2113 somit
1915 2092 1966 2112 von
1987 2085 2042 2114 d«>»
2063 2088 2244 2123 gemeinsamen
2266 2091 2417 2120 Vaterland
2431 2093 2472 2122 ein

1342 2116 1453 2150 dasselbe
1476 2116 1504 2145 in
1525 2117 1548 2148 so
1570 2120 1658 2150 hohem
1680 2119 1763 2151 Maße
1783 2119 1967 2156 gefährdende«
1988 2123 2116 2161 Er.'igniß
2135 2128 2300 2162 obgewendet
2320 2129 2419 2162 werde,
2437 2144 2474 2151 —

1343 2152 1394 2182 und
1416 2154 1511 2186 ersucht
1531 2154 1572 2182 dir
1592 2154 1918 2193 Ehrengesanbischasten,
1940 2160 1980 2188 die
1999 2161 2075 2193 ihnen
2095 2163 2123 2192 in
2143 2164 2289 2200 gedruckten
2311 2167 2473 2200 Abschriften

1341 2199 1373 2228 zu
1403 2190 1577 2228 übergebende
1606 2193 1709 2229 heutige
1736 2195 1929 2234 Verhandlung
1957 2206 1990 2227 an
2018 2200 2069 2234 ihr«
2101 2204 2163 2235 hohe
2192 2202 2376 2241 R-gieeuiigen
2407 2208 2472 2237 ohne

1341 2228 1483 2266 Zögerung
1515 2236 1546 2264 zu
1575 2230 1728 2264 befördern,
1764 2231 1843 2262 damit
1869 2236 1907 2263 die
1934 2235 1998 2264 löbl.
2022 2238 2129 2267 Stände
2159 2243 2324 2270 unverwellte
2344 2241 2395 2270 und
2417 2250 2472 2271 um¬

1342 2267 1476 2301 ständliche
1488 2267 1623 2301 Kennkniß
1645 2276 1695 2297 von
1716 2269 1770 2298 dem
1791 2272 1877 2305 bisher
1892 2274 1917 2301 in
1932 2272 1975 2302 der
1987 2275 2073 2307 Sach«
2086 2278 2315 2316 Vorgegangenen
2327 2280 2472 2315 erhalten."

1340 2320 1380 2327 —
1397 2305 1454 2335 Bi»
1475 2312 1533 2340 zum
1554 2309 1601 2334 21.
1626 2306 1742 2340 Februar
1762 2317 1816 2338 war
1837 2310 1874 2339 dir
1895 2310 2059 2350 Tagsatzuug
2081 2316 2149 2345 nicht
2170 2317 2260 2345 wieder
2282 2319 2452 2351 versammelt.

1400 2344 1459 2373 Der
1479 2343 1558 2379 große
1578 2343 1653 2378 Rath
1673 2343 1717 2373 de«
1737 2346 1861 2384 Kanton«
1881 2349 2005 2384 Zürich
2025 2353 2070 2385 hat
2089 2353 2117 2381 in
2135 2354 2180 2382 der
2199 2355 2316 2392 Sitzung
2342 2362 2402 2385 vom
2424 2360 2470 2387 18.

1343 2379 1478 2415 Februar,
1513 2380 1552 2409 die
1574 2382 1614 2410 bi«
1636 2381 1743 2411 Abends
1765 2392 1831 2414 neun
1853 2388 1904 2421 Uhr
1924 2389 2085 2424 andauertr,
2120 2390 2159 2419 die
2185 2396 2284 2428 zweyte
2311 2393 2400 2431 Hälfte
2428 2394 2473 2423 de«

1343 2419 1490 2453 siebenten,
1524 2419 1564 2448 die
1589 2420 1831 2458 Gewerbsfreyheit
1855 2424 2026 2460 betreffenden
2053 2428 2168 2457 Artikel«
2192 2437 2252 2459 vom
2279 2432 2472 2467 Verfaffung«-

1342 2456 1474 2489 entwurf,
1505 2457 1531 2486 in
1561 2456 1692 2493 folgender
1712 2460 1827 2497 Fassung
1853 2463 1901 2491 mit
1928 2464 1982 2498 sehr
2013 2466 2104 2500 großer
2129 2466 2393 2504 Stimmenmehrheit
2420 2469 2474 2503 (die

1342 2495 1420 2523 kleine
1450 2493 1615 2529 Minderheit
1643 2497 1716 2526 ward
1747 2499 1815 2530 nicht
1840 2500 1954 2537 gezählt)
1983 2508 2187 2541 angenommen:
2222 2507 2318 2541 „Das
2345 2507 2474 2545 bisherige

1341 2531 1477 2570 gesetzliche
1488 2532 1617 2567 System,
1640 2534 1793 2569 hinsichtlich
1807 2537 1852 2565 de«
1858 2538 2060 2574 Erfordernisse»
2072 2541 2273 2579 obrigkeitlicher
2285 2545 2473 2583 Bewilligung

1342 2569 1382 2603 für
1404 2570 1487 2606 rinigr
1507 2578 1541 2599 an
1563 2571 1702 2604 bestimmte
1722 2575 1878 2605 Locaiitäten
1900 2577 2047 2613 gebundene
2072 2582 2218 2615 Gewerbe,
2252 2584 2293 2611 ai»
2321 2584 2474 2614 Tavernen-

1342 2607 1566 2642 Wirthschaften,
1590 2611 1710 2646 Metzgen
1731 2619 1760 2641 u.
1782 2613 1801 2646 s.
1824 2613 1845 2647 f.
1865 2615 1909 2645 soll
1930 2615 2114 2652 forkbestehrn,
2134 2618 2221 2651 jedoch
2236 2620 2284 2649 den
2300 2621 2473 2656 Zeitumstän-

1342 2646 1389 2675 den
1410 2645 1502 2682 gemäß
1522 2646 1657 2682 modificirt
1678 2649 1791 2679 werden.
1845 2651 2035 2687 Insbesondere
2063 2655 2108 2688 soll
2131 2657 2175 2685 Nn
2198 2657 2359 2691 beförderlich
2381 2665 2413 2695 »u
2434 2667 2473 2688 «r-

1343 2685 1466 2717 lassrnde»
1499 2683 1585 2719 Gesetz
1617 2687 1749 2724 Dorjorgr
1778 2689 1886 2724 treffen,
1918 2690 1967 2723 daß
1993 2690 2041 2721 den
2067 2693 2253 2733 Forderungen
2280 2698 2325 2725 de«
2345 2697 2473 2728 Gemein»
2517 2714 2527 2721 .

1342 2723 1429 2757 wohl«
1448 2721 1503 2751 und
1523 2721 1571 2751 den
1590 2726 1770 2758 vorhandenen
1789 2726 1911 2759 örtlichen
1930 2727 2118 2764 Bedürfnissen
2137 2732 2212 2765 durch
2243 2734 2402 2772 Ertheiiung
2429 2735 2474 2764 der

1343 2760 1534 2795 erforderlichen
1549 2762 1765 2800 Bewilligungen
1786 2767 1973 2802 vorzugsweise
1994 2775 2028 2797 an
2043 2770 2217 2806 Gemeinden,
2231 2772 2257 2801 in
2272 2772 2365 2806 sreyem
2379 2772 2474 2805 Sinne

1343 2795 1458 2835 Genüge
1479 2798 1611 2834 geleistet,
1645 2801 1698 2830 und
1728 2803 1776 2834 daß
1796 2802 1834 2832 die
1853 2804 2059 2839 aurschließliche
2078 2808 2216 2845 Befugniß
2236 2810 2279 2840 der
2300 2810 2394 2839 bereit«
2404 2818 2473 2840 .vor¬

1343 2837 1473 2871 handenen
1501 2835 1561 2865 oder
1588 2839 1648 2868 noch
1672 2839 1994 2876 enlstrhenden.Gewerbe
2016 2844 2096 2876 dieser
2113 2848 2165 2875 Art
2184 2848 2252 2881 nicht
2272 2849 2319 2883 auf
2336 2849 2390 2878 ein«
2410 2847 2471 2877 drü¬

1343 2874 1540 2907 ckende.Weise
1565 2876 1740 2913 ausgedehnt,
1770 2878 1878 2911 sondern
1903 2881 1951 2910 mit
1976 2880 2020 2910 der
2047 2883 2170 2918 Freyhrtt
2188 2885 2231 2915 der
2250 2887 2397 2922 Einzelnen
2418 2885 2472 2916 und

1342 2911 1478 2948 besonder«
1499 2911 1540 2942 der
1552 2912 1781 2951 Landwirthschaft
1800 2917 1945 2948 treibenden
1953 2919 2042 2954 Klafft
2051 2921 2186 2957 möglichst
2199 2924 2343 2954 vereinbart
2357 2924 2472 2954 werde."

1398 2951 1442 2985 In
1471 2950 1515 2979 der
1540 2951 1657 2988 Sitzung
1682 2960 1741 2982 vom
1769 2957 1816 2985 iS.
1838 2955 1954 2991 Februar
1981 2958 2053 2987 ward
2074 2960 2154 2998 gleich
2176 2962 2300 3000 Anfang«
2320 2969 2370 2992 von
2390 2964 2472 2993 einen»

1344 2986 1474 3026 Mitglied
1502 2988 1541 3018 die
1567 2990 1821 3031 Berichterstattung
1847 3000 1898 3023 von
1924 2995 1972 3024 drn
2000 2996 2224 3035 Verhandlungen
2245 2999 2288 3029 der
2307 3000 2471 3039 Lagsatzung

1343 3028 1383 3063 in.
1398 3029 1545 3063 Anregung
1574 3027 1714 3074 gebrach^,
1747 3031 1795 3060 wie
1823 3030 1880 3065 dieß
1905 3035 1966 3066 auch
1992 3033 2071 3073 Lag»
2098 3039 2190 3070 vorher
2211 3039 2284 3072 schon
2304 3039 2344 3067 «in
2364 3040 2473 3068 andere«

1343 3063 1475 3102 Mitglied
1495 3069 1590 3101 gethan
1611 3066 1698 3103 hätte',
1719 3067 1774 3099 und
1792 3068 1933 3104 daraufhin
1951 3072 2060 3101 wurden
2078 3080 2129 3103 v»n
2150 3074 2198 3104 den
2218 3083 2290 3111 zwey
2307 3076 2471 3109 anwesenden

1344 3103 1471 3132 Gliedern
1493 3103 1536 3132 der
1556 3103 1754 3140 Gesandtschaft
1774 3107 1843 3142 (deir
1854 3108 1955 3145 Herren
1975 3110 2064 3147 Hirzei
2085 3111 2138 3141 Und
2153 3115 2369 3150 Hegsischwylcr)
2395 3115 2473 3150 theii«

1341 3141 1425 3177 «jnige
1451 3141 1624 3179 beruhigende
1644 3144 1835 3183 Aeußerungen
1862 3151 1987 3184 getyan,
2015 3155 2050 3178 an
2075 3149 2115 3179 die
2141 3151 2189 3183 sich
2208 3149 2321 3187 ähnliche
2343 3154 2403 3182 über
2423 3153 2472 3182 den

1342 3179 1548 3217 befriedigende»
1575 3181 1713 3219 Fortgang
1740 3183 1784 3213 der
1810 3182 2065 3224 Militärrüstungen
2095 3189 2265 3225 anschloffen,
2300 3191 2390 3221 welche
2420 3192 2472 3227 Hr.

1342 3218 1437 3250 Oberst
1449 3225 1502 3247 von
1516 3219 1637 3254 Muralt,
1657 3221 1700 3250 al,
1713 3221 1843 3259 Mitglied
1854 3221 1902 3252 de«
1915 3224 2089 3260 Krirgsraih«
2101 3227 2163 3263 gab.
2184 3229 2263 3263 thell«
2278 3228 2346 3258 dann
2359 3228 2421 3259 aber
2433 3229 2475 3258 dir

1341 3256 1443 3292 baldige
1461 3257 1646 3292 umfassendere
1663 3259 1919 3297 Berichterstattung
1938 3261 2084 3297 verheißen.
2105 3280 2141 3288 —
2170 3265 2229 3296 Der
2250 3267 2354 3302 siebente
2374 3267 2474 3297 Artikel

1335 3292 1390 3325 -k«
1406 3294 1722 3334 Aerfaffungsentwurf«
1745 3298 1817 3330 ward
1842 3299 1943 3337 hierauf
1963 3299 2048 3339 (durch
2068 3301 2246 3341 einen.Zusatz
2258 3304 2473 3345 vervollständigt
