3841 5551
179 192 264 250 M
291 190 392 250 45
457 189 680 261 Erstes
715 188 1112 253 «bmdblatt.
1477 183 1558 255 Dtt
1589 181 1748 253 Wchtt
1779 182 1942 258 Zeit«,
1973 182 2068 246 11«.
2101 181 2324 255 ZchMtz
2541 174 2962 245 Donnerstag,
2995 169 3104 231 14.
3133 167 3424 241 Februar
3455 162 3664 222 1895.

183 323 984 715 Neue
1095 309 3624 799 Zmcher-Zeitmm

344 840 753 876 AdaunemeutStzreise.
921 847 1038 871 «,_

165 875 256 903 g»kich
272 879 331 899 t*emn
344 877 376 899 »je
389 877 480 904 Stttuni
492 876 585 904 abgeholt
597 877 651 899 wir»
673 892 679 900 ,
706 890 714 899 .
739 890 747 899 .
780 876 815 903 Fr.
828 877 847 898 8.
861 876 887 898 50
913 873 946 903 Fr
965 875 996 897 10.
1011 884 1034 890 —

200 902 234 925 fco.
273 902 320 931 {#•*
332 902 395 932 Hau,
409 904 503 932 «.»rocht
545 916 748 927 ..
859 913 881 919 -
925 916 936 929 .
962 901 995 923 11.
1008 900 1036 923 i»

164 927 276 958 «chw.t,
297 930 413 958 »eitettaag
427 931 476 952 beim
489 930 884 955 «aftbureau.«.50
925 927 1035 955 .12.50

218 957 251 980 fco.
298 957 338 980 mit
353 957 421 985 »tiug
434 957 493 983 aat«
504 956 661 983 Priaatabeetze«
671 956 882 981 ....&-
924 954 936 982 .
965 954 996 977 15.
1012 962 1034 970 -

165 973 346 1010 »ratjchlaBd
367 983 483 1011 B-ftrllun,
502 983 557 1006 Krim
569 983 679 1009 Postamt.
705 997 714 1004 .
739 996 747 1004 .
767 972 845 1004 vkt.«.
859 991 882 999 —

166 1009 443 1036 Veit,rr.ich.Unoora
520 1008 555 1034 bo.
709 1007 733 1034 ft.
747 1007 767 1030 I.
780 1007 813 1030 O.
825 1008 845 1030 5.
858 1009 886 1031 <0

166 1036 422 1066 Stallen.Egypten
519 1038 554 1060 fco.
709 1050 716 1058 .
743 1050 750 1058 .
777 1034 814 1063 St.
826 1035 844 1057 8.
859 1035 885 1056 10
913 1032 951 1061 Fr.
965 1031 998 1053 15.
1012 1031 1038 1054 50

167 1061 254 1090 Bebrlge
262 1064 351 1086 Staaten
365 1065 399 1086 bei
415 1063 651 1089 SOtllKoftotttlnl
675 1075 748 1084 ...
790 1077 800 1086 .
815 1060 886 1083 12.50
927 1075 938 1086 .
964 1060 1036 1081 24.-

219 1095 234 1118 8
246 1095 385 1128 XoBfcotttflT.
402 1091 691 1128 aUbottiomotmtfl»
708 1091 814 1118 »bthrftr.
828 1092 1063 1134 10_

1262 894 1403 1027 nt
1454 893 1983 1054 WWes
2034 888 2551 1053 HmtMÄ.

2781 914 2906 942 »oroI-Jnt.

3034 810 3399 856 J»sertt««»Pretf»r

2914 849 3430 966 ■ßfS®
3430 853 3534 929 61
3534 901 3666 933 “

3030 967 3142 995 Ibtilli
3154 967 3276 993 3a|eT*tea
3284 973 3293 984 •
3301 962 3424 988 tau»«*:

3074 997 3228 1028 Rudolf
3241 995 3370 1025 Mosse
3396 997 3451 1001 —

2779 1039 3021 1066 «attaa«B.»i|KWtton
3039 1039 3075 1067 ,Sr
3088 1039 3126 1061 alle
3139 1037 3298 1065 ,ch«eiteri,ch«.
3314 1034 3358 1056 an»
3373 1031 3527 1059 oaMnfctsch»
3544 1030 3662 1059 Leltaa»»

2978 1067 3144 1100 »roaholleft«.
3168 1064 3266 1100 Zürich
3292 1065 3439 1092 «Stfc.ftr.10

334 1185 849 1259 Tagesbericht

443 1281 508 1308 vom
534 1272 585 1306 14.
609 1269 752 1312 Februar.

238 1343 334 1379 Wenn
360 1352 429 1377 man
453 1343 533 1385 schon
555 1341 634 1383 nicht
657 1341 780 1383 leugnen
816 1339 899 1376 kann,
953 1336 1010 1378 daß

173 1389 301 1431 Betrug,
329 1386 531 1429 Unterschleif.
558 1386 828 1426 Veruntreuungen
868 1383 929 1417 und
953 1381 1012 1415 Er¬

175 1433 349 1477 pressungen
372 1431 485 1466 überall
507 1429 700 1468 Vorkommen,
728 1428 758 1469 so
777 1426 846 1469 muß
862 1435 933 1460 man
946 1424 1011 1467 doch

174 1477 352 1519 zugestehen,
391 1475 450 1517 daß
473 1473 518 1509 die
542 1472 775 1515 Erscheinungen
807 1471 854 1505 der
877 1470 1013 1510 Korrup-

175 1520 241 1555 tion
266 1520 298 1555 in
323 1519 429 1554 keinem
453 1518 551 1554 Lande
574 1516 604 1558 so
628 1516 730 1559 häufig
746 1514 939 1553 Vorkommen,
959 1513 1015 1547 wie

173 1563 206 1598 in
233 1563 466 1607 Frankreich,
509 1561 683 1604 wenigstens
707 1560 741 1595 in
779 1558 903 1599 neuester
927 1557 1010 1601 Zeit.

173 1607 267 1642 Keine
289 1608 394 1650 Woche
416 1607 543 1650 vergeht,
576 1606 649 1648 ohne
671 1604 729 1645 daß
753 1603 830 1646 nicht
853 1603 900 1637 ein
924 1611 1013 1637 neuer

175 1651 317 1685 Skandal
343 1651 464 1686 entdeckt
488 1651 575 1689 wird,
618 1651 667 1683 der
689 1648 743 1690 auf
766 1648 812 1682 die
834 1646 1013 1690 herrschende

174 1694 277 1737 Klasse
299 1696 357 1728 das
380 1693 619 1736 allerschlimmste
642 1693 722 1735 Licht
747 1692 840 1733 wirst.
879 1692 925 1725 Es
950 1690 1013 1731 sind

175 1739 247 1773 eben
264 1738 341 1779 nicht
358 1738 522 1781 mehr,.wie
539 1737 571 1771 in
588 1738 697 1770 andern
715 1735 860 1773 Ländern,
888 1734 1015 1776 einzelne

176 1772 526 1826 Persönlichkeiten'und
549 1780 682 1817 Beamte,
732 1779 779 1812 die
815 1778 867 1819 auf
889 1778 1017 1819 Abwege

177 1830 297 1870 geraten
322 1825 398 1866 sind,
449 1824 572 1866 sondern
595 1823 654 1856 alle
675 1822 748 1862 diese
771 1821 926 1857 Beamten.
954 1820 1015 1853 Ab¬

178 1872 355 1914 geordneten
380 1870 442 1903 und
465 1869 576 1902 andern
600 1865 815 1908 hochgestellten
833 1863 1018 1906 Persönlich¬

179 1915 282 1953 keiten,
322 1913 370 1948 die
391 1912 449 1947 mit
481 1916 543 1946 dem
568 1910 759 1953 Strafgesetze
782 1908 815 1943 in
837 1907 1019 1949 Berührung

179 1963 310 2003 geraten,
362 1957 476 2000 hängen
513 1955 571 1990 wie
603 1954 722 1989 Kletten
761 1953 922 1995 zusammen
957 1953 1019 1986 und

180 2012 267 2038 wenn
291 2004 341 2037 der
365 1999 707 2043 Untersuchungsrichter
746 1998 828 2031 einen
873 1996 950 2038 faßt,
989 1995 1020 2037 so

180 2048 279 2091 folgen
303 2045 391 2089 gleich
415 2047 478 2080 eine
500 2053 588 2088 ganze
611 2042 725 2085 Anzahl
749 2043 868 2075 anderer
891 2040 971 2081 nach.

249 2090 372 2131 Gestern
395 2089 512 2129 standen
537 2088 644 2122 wieder
660 2087 721 2121 eine
738 2095 825 2129 ganze
840 2084 933 2127 Reihe
950 2083 1020 2123 einst

181 2137 250 2179 hoch
286 2134 475 2177 angesehener
497 2133 633 2168 Männer
666 2139 719 2165 vor
743 2130 870 2171 Gericht,
921 2128 1022 2169 welche

182 2183 233 2215 der
257 2178 504 2221 Erpressung
526 2175 680 2219 angeklagt
695 2182 806 2208 waren.
832 2174 878 2208 Es
901 2173 1023 2215 handelt

182 2226 237 2268 sich
263 2226 299 2258 da
330 2222 466 2262 meistens
512 2230 560 2255 um
585 2217 1019 2263 Zeitungsunternehmungen,

184 2270 243 2304 wie
266 2278 291 2311 z.
318 2267 362 2302 B.
390 2268 447 2301 das
474 2266 575 2306 „XIX.
602 2264 737 2303 Siöcle",
789 2266 843 2296 das
866 2261 937 2302 einst
962 2260 1024 2294 eine

182 2313 362 2348 bedeutende
377 2310 468 2345 Rolle
492 2308 612 2352 gespielt
635 2308 716 2347 hatte
740 2308 801 2340 und
818 2308 896 2340 dann
912 2303 1023 2348 zurück-

184 2360 349 2402 gckoinmen
375 2363 450 2389 war.
498 2353 605 2394 Dieses
629 2352 718 2386 Blnit
743 2353 803 2384 und
827 2350 895 2391 noch
930 2348 1025 2390 einige

184 2403 293 2437 andere
339 2399 466 2433 konnten
501 2399 562 2431 und
598 2396 705 2430 können
743 2395 797 2436 sich
831 2394 907 2435 nicht
945 2396 1025 2434 mehr

183 2447 288 2482 halten
311 2445 363 2478 als
386 2443 472 2484 durch
496 2439 763 2481 außerordentliche
786 2437 956 2480 Zuschüsse;
979 2437 1025 2470 die

184 2491 303 2530 eigenen
318 2486 507 2523 Einnahmen
524 2485 631 2526 langen
655 2484 698 2517 bei
723 2482 836 2516 weitem
852 2482 931 2523 nicht
947 2480 1026 2520 mehr

183 2535 251 2574 hi»,
279 2540 329 2565 um
355 2534 399 2563 die
422 2531 532 2571 großen
557 2527 718 2570 Ausgaben
742 2537 777 2568 zu
802 2525 904 2560 decken.
950 2524 1027 2558 Eine

185 2575 306 2618 Anzahl
337 2572 463 2615 Pariser
494 2572 619 2605 Blätter
653 2570 789 2613 gedeihen
833 2568 1023 2609 vortrefflich,

188 2620 247 2653 wie
271 2629 294 2660 z.
313 2618 356 2651 B.
384 2618 434 2650 der
460 2615 622 2657 „Figaro",
651 2618 704 2648 das
734 2613 838 2654 „Petit
853 2612 1022 2651 Journal",

191 2666 229 2696 da
247 2662 286 2703 sie
307 2661 361 2702 sich
385 2660 463 2694 einer
486 2660 546 2701 sehr
570 2658 678 2699 großen
708 2658 836 2700 Auflage
879 2657 1028 2700 erfreuen;

190 2708 299 2740 andere
321 2703 471 2746 dagegen.!
482 2703 542 2737 und
568 2702 629 2744 sehr
653 2702 710 2735 alte
734 2701 1022 2742 Unternehmungen,

189 2750 236 2780 die
271 2747 355 2779 einen
390 2751 479 2789 guten
503 2747 618 2781 Namen
643 2746 745 2787 haben,
798 2745 906 2779 können
945 2745 1028 2778 kaum

188 2789 273 2830 mehr
294 2789 433 2831 bestehen,
463 2791 499 2824 da
522 2790 561 2830 sie
585 2799 618 2830 zu
643 2790 782 2830 vornehm
800 2789 932 2831 gehalten
949 2787 1024 2828 sind,

187 2843 238 2868 um
264 2832 347 2866 einen
373 2833 483 2874 großen
505 2832 665 2871 Leserkreis
709 2832 892 2872 auzuziehen.
943 2832 1028 2868 (Wir

188 2877 299 2912 wollen
323 2876 400 2910 keine
424 2876 538 2910 Namen
572 2874 711 2916 nennen).
762 2874 877 2907 Wieder
922 2875 1028 2907 andere

187 2922 259 2956 aber
304 2920 405 2961 fristen
441 2919 488 2961 ihr
520 2918 633 2960 Dasein
668 2925 725 2951 von
760 2916 933 2959 vornherein
969 2926 1027 2950 nur

188 2965 278 3006 durch
314 2964 473 3006 Zuschüsse
515 2971 575 2997 von
620 2961 879 3004 Parteifreunden.
929 2960 1027 2995 Wenn

189 3011 265 3049 diese
288 3008 357 3042 aber
381 3007 486 3049 fehlen,
535 3005 646 3047 müssen
670 3005 707 3046 sie
730 3005 784 3046 sich
808 3005 874 3045 nach
902 3006 1027 3038 anderen

188 3052 408 3097 Hülfsmitteln
433 3050 564 3092 umsehen
590 3050 651 3082 und
675 3048 747 3087 diese
785 3048 884 3089 finden
907 3047 961 3089 sich
985 3047 1031 3086 oft

188 3108 249 3133 nur
273 3097 326 3138 auf
350 3095 545 3130 unerlaubten
571 3093 690 3134 Wegen.
728 3092 785 3125 Um
811 3091 902 3132 diesen
926 3090 1030 3132 Punkt

189 3140 405 3185 hauptsächlich
429 3139 526 3180 drehte
551 3137 604 3179 sich
621 3146 683 3171 nun
699 3137 748 3169 der
765 3135 882 3177 gestrige
898 3134 1027 3177 Prozeß.

257 3187 309 3219 Da
345 3192 409 3219 war
443 3182 530 3225 zuerst
564 3182 619 3215 das
645 3178 1026 3223 Panama-Unlernehmen,

187 3239 248 3265 von
274 3231 336 3264 dem
362 3229 476 3269 manche
498 3225 668 3269 Zeitungen
698 3227 784 3266 lange
807 3223 876 3265 Zeit
899 3222 1025 3265 zehrten.

187 3276 256 3318 Für
279 3274 325 3308 die
349 3271 538 3314 Anpreisung
564 3269 708 3311 desselben
748 3267 886 3309 erhielten
921 3265 961 3308 sie
983 3265 1030 3299 be-

187 3319 331 3354 deutende
356 3317 516 3350 Summen.
558 3314 641 3347 Mun
665 3312 732 3347 aber
756 3312 808 3354 hat
839 3310 909 3353 diese
932 3309 1030 3344 Gold-

188 3362 287 3405 quelle
302 3361 470 3403 anfgehört.
497 3363 530 3393 es
544 3358 669 3397 mußten
683 3365 756 3390 neue
771 3355 882 3398 gesucht
901 3355 1028 3388 werden.

188 3409 290 3443 Wenn
313 3406 368 3447 sich
392 3404 530 3439 niemand
565 3400 718 3443 freiwillig
764 3399 866 3437 anbot,
894 3399 974 3433 Geld
995 3407 1032 3440 zu

188 3453 289 3495 geben,
318 3450 349 3491 so
366 3448 469 3489 mußte
484 3447 600 3488 jemand
616 3448 689 3486 dazu
711 3452 884 3486 gezwungen
902 3442 1029 3476 werden.

187 3498 241 3531 Da
266 3495 338 3537 fand
365 3502 433 3527 man
459 3493 532 3525 denn
557 3490 605 3524 die
620 3489 781 3531 Spielsäle,
809 3488 868 3530 sog.
900 3487 1029 3526 Cercles,

187 3541 295 3584 gerade
318 3538 437 3577 bequem
463 3544 566 3578 genug,
607 3542 656 3568 um
680 3533 717 3575 sie
741 3532 789 3566 ein
823 3531 918 3574 wenig
941 3539 1033 3572 anzu-

187 3585 304 3628 zapfen.
347 3582 419 3616 Bon
444 3581 555 3614 Monte
579 3577 672 3612 Carlo
695 3576 772 3618 weiß
796 3585 874 3615 man,
902 3574 961 3615 daß
985 3575 1034 3608 der

187 3629 308 3670 dortige
332 3626 543 3668 Spielpächter
567 3632 640 3664 ganz
685 3620 860 3656 bedeutende
883 3620 1033 3654 Summen

186 3674 282 3716 zahlt,
332 3680 385 3705 um
423 3669 471 3702 die
506 3666 678 3710 Zeitungen
713 3674 779 3707 zum
818 3663 1032 3706 Verschweigen

186 3716 323 3756 mancher
363 3711 598 3752 Vorkommnisse
635 3720 671 3753 zu
715 3710 858 3751 bewegen.
907 3708 1033 3743 Warum

187 3761 300 3801 sollten
323 3757 404 3797 nicht
425 3756 496 3797 auch
533 3755 582 3789 die
604 3753 726 3797 Pariser
750 3752 942 3793 Spielhöllen
986 3751 1033 3784 be¬

188 3802 315 3846 zahlen?
341 3800 462 3839 dachten
484 3797 753 3840 erfindungsreiche
774 3797 878 3839 Köpfe.
912 3795 1032 3829 Darum

188 3848 295 3882 wurde
318 3845 372 3878 den
390 3843 533 3885 Besitzern
557 3843 663 3883 solcher
686 3841 839 3883 Spielsäle
859 3840 905 3875 die
920 3838 1034 3882 Pistole

187 3891 244 3932 auf
270 3889 316 3923 die
339 3886 433 3927 Brust
458 3886 562 3929 gesetzt.
612 3885 740 3927 Manche
764 3884 857 3925 ließen
881 3883 934 3925 sich
982 3882 1034 3924 auf

188 3937 247 3969 den
284 3931 402 3976 Handel
436 3939 485 3964 cm
519 3930 581 3964 und
615 3930 740 3971 zahlten,
790 3928 904 3969 manche
939 3926 1030 3968 nicht.

188 3978 296 4019 Außer
319 3978 375 4010 den
399 3974 570 4016 Spielsälen
595 3973 651 4014 gab
675 3977 706 4006 es
729 3972 799 4014 auch
823 3973 889 4013 noch
927 3972 1035 4005 andere

188 4021 501 4063 Unternehmungen.,
526 4016 722 4059 Kaufhäuser.
750 4016 872 4051 Banken
885 4023 915 4049 u.
932 4014 955 4057 s.
977 4022 1029 4055 w.,

1054 1163 1155 1206 welche
1176 1161 1298 1204 bedroht
1321 1160 1454 1195 wurden.
1502 1159 1562 1194 Wo
1585 1162 1681 1193 etwas
1719 1158 1785 1201 faul
1830 1166 1894 1193 war

1055 1209 1123 1244 oder
1146 1214 1192 1242 wo
1215 1206 1262 1241 ein
1278 1204 1424 1246 Verdacht
1447 1202 1592 1244 entstand,
1621 1202 1679 1245 daß
1704 1205 1798 1237 etwas
1814 1203 1893 1246 nicht

1056 1253 1088 1287 in
1111 1251 1263 1294 Ordnung
1286 1248 1338 1293 sei,
1368 1249 1453 1291 flugs
1476 1255 1575 1282 waren
1599 1247 1644 1282 die
1669 1246 1819 1289 Erpresser
1842 1248 1890 1287 da.

1055 1307 1105 1331 um
1129 1296 1182 1340 sich
1206 1295 1283 1332 Geld
1307 1292 1395 1339 geben
1419 1302 1455 1335 zu
1478 1292 1571 1333 lassen
1609 1291 1657 1333 für
1681 1293 1738 1325 das
1762 1291 1894 1334 Schwei¬

1057 1351 1120 1384 gen,
1161 1341 1217 1375 das
1251 1339 1289 1381 sie
1324 1337 1356 1374 in
1391 1337 1475 1380 ihren
1497 1336 1642 1372 Blättern
1678 1336 1749 1370 über
1773 1335 1818 1370 die
1840 1345 1894 1370 an¬

1057 1385 1169 1428 rüchige
1191 1384 1309 1426 Affaire
1331 1392 1367 1425 zu
1390 1382 1490 1424 halten
1527 1380 1724 1423 versprachen.
1773 1380 1819 1418 Ja
1851 1380 1899 1415 die

1059 1429 1183 1464 Gauner
1206 1429 1313 1471 gingen
1337 1426 1405 1468 noch
1436 1425 1555 1466 weiter;
1600 1432 1659 1459 wer
1684 1425 1725 1459 im
1750 1424 1898 1466 Bewußt¬

1058 1473 1118 1515 sein
1153 1472 1244 1515 seiner
1266 1470 1412 1513 Unschuld
1436 1469 1513 1504 Geld
1546 1478 1582 1511 zu
1617 1468 1709 1512 geben
1744 1468 1797 1510 sich
1828 1468 1899 1503 wei¬

1059 1521 1147 1560 gerte,
1175 1518 1237 1551 dem
1260 1515 1362 1550 wurde
1385 1514 1515 1556 gedroht,
1544 1514 1602 1554 daß
1625 1522 1655 1546 er
1679 1513 1741 1547 und
1758 1512 1819 1553 sein
1836 1513 1896 1548 Ge¬

1059 1561 1147 1604 schäft
1170 1560 1283 1604 schlecht
1307 1559 1433 1602 gemacht
1465 1558 1596 1592 würden.
1645 1556 1716 1591 Und
1739 1561 1772 1590 es
1796 1558 1900 1600 gelang

1059 1606 1128 1648 auch
1163 1607 1243 1639 dann
1277 1605 1339 1639 und
1363 1610 1452 1637 wann
1483 1602 1529 1636 ein
1576 1600 1683 1642 solches
1709 1599 1842 1643 Geschäft
1867 1601 1900 1635 in

1059 1649 1171 1691 Verruf
1193 1659 1230 1692 zu
1252 1648 1386 1691 bringen,
1436 1646 1509 1688 ohne
1532 1645 1591 1686 daß
1621 1647 1670 1680 der
1693 1644 1820 1686 Besitzer
1843 1645 1898 1688 sich

1059 1695 1185 1737 dagegen
1232 1693 1346 1735 wehren
1386 1691 1499 1726 konnte.
1549 1690 1595 1723 Es
1633 1697 1697 1723 war
1736 1689 1797 1731 also
1835 1689 1898 1724 eine

1059 1738 1157 1780 wahre
1180 1736 1404 1773 Räuberbande,
1433 1735 1479 1769 die
1501 1734 1563 1768 eine
1579 1733 1650 1777 Zeit
1674 1733 1746 1775 lang
1770 1733 1897 1777 einzelne

1060 1782 1339 1823 Unternehmungen
1372 1778 1588 1820 brandschatzte.
1636 1777 1712 1811 Nun
1735 1777 1788 1818 hat
1825 1787 1895 1812 man

1062 1825 1102 1865 sie
1135 1825 1234 1866 gefaßt
1267 1825 1331 1857 und
1365 1823 1456 1863 macht
1501 1823 1584 1861 ihren
1607 1821 1807 1863 Mitgliedern
1844 1823 1899 1855 den

1065 1868 1192 1910 Prozeß.

1130 1924 1260 1958 Anderer
1283 1923 1345 1956 Art
1379 1921 1443 1962 sind
1478 1920 1524 1955 die
1546 1920 1757 1962 Betrügereien
1792 1929 1830 1954 an
1853 1920 1903 1954 der

1065 1966 1402 2010 Südbahngesellschaft,
1451 1973 1497 1999 wo
1532 1965 1605 1998 beim
1629 1964 1700 1998 Bau
1736 1965 1797 1998 und
1828 1964 1902 1998 beim

1064 2012 1190 2047 Betrieb
1214 2011 1383 2047 Millionen
1429 2008 1649 2051 unrechtmäßig
1672 2009 1705 2043 in
1730 2009 1775 2042 die
1799 2008 1904 2050 Tasche

1065 2057 1205 2100 einzelner
1229 2056 1363 2090 Männer
1395 2054 1530 2097 geflossen
1555 2053 1631 2094 sind,
1681 2062 1746 2095 zum
1771 2052 1904 2094 Nachteil

1066 2103 1115 2136 der
1138 2100 1357 2142 Aktienbesitzer
1381 2102 1442 2132 und
1466 2099 1516 2132 des
1542 2097 1671 2132 Werkes.

1132 2146 1188 2179 Am
1213 2143 1398 2186 schlimmsten
1422 2142 1457 2182 ist
1480 2142 1548 2175 aber
1572 2143 1620 2175 der
1636 2140 1747 2181 neueste
1764 2141 1901 2175 Skandal

1068 2197 1164 2231 wegen
1190 2190 1242 2222 des
1272 2187 1440 2231 abgesetzten
1465 2186 1764 2226 Steuereinnehmers
1787 2185 1904 2219 Levail-

1068 2224 1145 2270 laiit.
1183 2236 1234 2267 der
1256 2232 1299 2266 bei
1324 2231 1414 2266 einem
1439 2230 1595 2272 jährlichen
1620 2229 1811 2264 Einkommen
1844 2237 1903 2263 von

1068 2277 1300 2320 achtzigtansend
1317 2275 1451 2318 Franken
1472 2275 1524 2316 sich
1548 2274 1617 2316 noch
1641 2274 1672 2307 in
1690 2274 1781 2308 einem
1799 2274 1904 2315 schmu¬

1069 2322 1155 2364 tzigen
1179 2321 1294 2365 Handel
1319 2320 1452 2362 bezahlen
1478 2318 1548 2358 ließ,
1582 2327 1631 2352 uin
1656 2318 1751 2358 seinen
1776 2317 1905 2359 Einfluß

1069 2367 1122 2408 auf
1156 2365 1201 2400 die
1224 2365 1343 2406 Richter
1377 2373 1411 2405 zu
1435 2362 1568 2404 Gunsten
1615 2361 1703 2402 dieser
1742 2363 1801 2396 und
1825 2361 1903 2403 jener

1069 2410 1268 2452 Angeklagten
1292 2407 1474 2450 auszuüben.
1524 2406 1597 2448 Also
1632 2408 1681 2439 der
1704 2405 1907 2448 Richterstand

1069 2454 1104 2492 ist
1139 2454 1220 2496 schon
1258 2452 1419 2496 angesteckt.
1467 2451 1535 2485 Und
1559 2452 1614 2484 das
1639 2450 1672 2490 ist
1698 2451 1755 2484 das
1778 2441 1907 2492 Gefähr¬

1070 2497 1162 2540 lichste
1185 2498 1234 2538 für
1257 2499 1310 2531 den
1337 2497 1435 2530 Staat
1459 2497 1520 2529 und
1543 2494 1589 2528 die
1612 2494 1770 2533 Republik.

1136 2542 1294 2584 Wahrlich,
1324 2545 1356 2575 es
1379 2540 1413 2577 ist
1438 2539 1498 2574 kein
1522 2538 1635 2581 schönes
1659 2539 1747 2576 Bild,
1789 2538 1907 2580 welches

1072 2587 1121 2620 der
1144 2586 1346 2628 Abgeordnete
1368 2584 1536 2624 Boucher
1567 2584 1599 2617 in
1644 2583 1749 2622 seinem
1773 2582 1909 2624 Berichte

1072 2630 1141 2664 über
1165 2632 1220 2664 das
1243 2631 1364 2672 Budget
1387 2630 1438 2662 des
1461 2628 1581 2665 Inner»
1605 2635 1661 2661 von
1687 2629 1742 2661 den
1765 2627 1909 2667 Justiz-

1072 2676 1134 2708 und
1157 2671 1620 2716 Polizeiverhältnissen
1636 2670 1828 2713 Frankreichs
1844 2674 1909 2704 ent¬

1073 2718 1167 2760 wirft.
1217 2718 1261 2752 Er
1283 2716 1418 2759 schreibt:

1136 2775 1194 2813 „In
1222 2775 1289 2806 allen
1311 2772 1429 2806 Ländern
1461 2772 1548 2810 wächst
1578 2772 1618 2803 die
1648 2771 1753 2811 Anzahl
1784 2771 1827 2802 der
1847 2771 1912 2803 Ver¬

1074 2815 1173 2853 brechen
1194 2815 1223 2844 in
1246 2813 1425 2853 bedrohlichem
1446 2813 1551 2850 Maße;
1576 2812 1604 2842 in
1626 2811 1776 2849 Frankreich
1797 2811 1912 2850 schneller

1073 2856 1118 2883 als
1139 2854 1231 2890 irgend
1252 2853 1401 2882 anderswo.
1442 2851 1509 2882 Das
1530 2851 1562 2887 ist
1582 2851 1647 2886 nicht
1667 2851 1747 2881 allein
1768 2850 1818 2880 das
1839 2854 1912 2880 trau¬

1072 2892 1128 2930 rige
1149 2890 1284 2930 Ergebnis
1305 2891 1377 2920 eines
1398 2889 1562 2924 moralischen
1583 2889 1725 2926 Verfalles,
1754 2889 1798 2919 der
1819 2890 1846 2919 in
1866 2889 1911 2920 der

1072 2940 1171 2970 ganzen
1192 2929 1353 2962 civilistcrten
1375 2928 1447 2960 Welt
1467 2928 1541 2966 durch
1562 2927 1610 2958 den
1632 2928 1722 2967 harten
1733 2928 1832 2965 Kampf
1846 2932 1908 2958 unis

1073 2970 1177 3005 Dasein
1210 2967 1401 3008 herbeigefnhrt
1433 2967 1536 2998 worden
1569 2967 1618 3006 ist;
1647 2972 1676 2998 es
1705 2966 1739 3005 ist
1769 2968 1828 3004 auch
1856 2967 1908 2998 das

1075 3009 1225 3048 Symptom
1246 3009 1314 3039 einer
1335 3007 1386 3038 Art
1408 3008 1555 3038 nationaler
1565 3006 1717 3046 Krankheit.
1746 3006 1811 3037 Nun
1827 3006 1908 3046 haben

1075 3048 1136 3078 aber
1156 3048 1205 3078 alle
1227 3047 1379 3084 Epidemien
1410 3047 1483 3085 ihren
1504 3046 1605 3078 Grund
1626 3046 1653 3076 in
1674 3046 1809 3084 Vergehen
1830 3056 1909 3085 gegen

1075 3086 1115 3116 die
1136 3086 1276 3122 öffentliche
1295 3085 1415 3124 Hygiene
1435 3085 1489 3115 und
1509 3085 1564 3119 sind
1579 3085 1680 3124 zumeist
1695 3083 1744 3120 auf
1754 3085 1805 3114 das
1819 3078 1910 3115 Konto

1075 3125 1119 3156 der
1140 3124 1412 3164 GesundhcitSpolizei
1433 3133 1463 3163 zu
1484 3124 1566 3160 setzen.
1607 3124 1662 3154 Die
1682 3124 1828 3161 moralische
1848 3123 1913 3162 Epi¬

1075 3165 1164 3203 demie,
1185 3165 1224 3195 die
1245 3163 1435 3204 augenblicklich
1459 3163 1487 3194 in
1498 3163 1647 3201 Frankreich
1668 3165 1757 3199 wütet,
1779 3164 1842 3200 muß
1856 3164 1914 3193 des¬

1077 3205 1140 3243 halb
1160 3204 1301 3244 gleichfalls
1333 3203 1407 3241 ihren
1428 3203 1563 3242 Ursprung
1595 3203 1623 3233 in
1644 3212 1713 3233 einer
1733 3203 1786 3233 Art
1805 3203 1913 3241 Zerrüt¬

1076 3247 1143 3283 tung
1164 3244 1268 3279 unserer
1286 3243 1440 3273 nationalen
1451 3242 1569 3281 Hygiene
1590 3241 1682 3280 haben.
1704 3241 1765 3273 Mit
1778 3241 1821 3272 der
1835 3243 1913 3279 wach¬

1076 3283 1166 3320 senden
1178 3283 1250 3321 Zahl
1260 3282 1303 3313 der
1314 3281 1469 3320 Verbrechen
1481 3282 1577 3311 nimntt
1595 3281 1737 3316 anderseits
1757 3280 1797 3310 die
1806 3280 1911 3316 Bestra¬

1077 3323 1142 3362 fung
1163 3322 1217 3353 und
1239 3321 1419 3367 Vorbeugung
1439 3320 1563 3354 derselben
1592 3320 1635 3351 ab.
1675 3320 1736 3352 Der
1758 3320 1911 3352 Staatsan¬

1079 3365 1144 3393 walt
1163 3362 1258 3393 Albert
1277 3361 1382 3400 Guyon
1403 3370 1430 3391 tn
1451 3360 1514 3395 Pau
1533 3359 1620 3398 führte
1639 3359 1774 3398 jüngsthin
1795 3360 1913 3400 folgende

1077 3402 1181 3440 Zahlen
1202 3406 1255 3433 aus
1274 3400 1318 3432 der
1340 3399 1566 3438 Gcrichtsstalistik
1586 3409 1638 3430 von
1660 3401 1736 3430 1892
1764 3408 1818 3431 an:
1848 3400 1911 3431 Von

1077 3443 1205 3476 450,000
1238 3442 1285 3471 den
1327 3439 1463 3475 Gerichten
1503 3439 1700 3471 unterbreiteten
1742 3439 1912 3477 Strafsachen

1078 3483 1185 3512 wurden
1206 3482 1334 3517 254,000
1354 3480 1421 3517 nicht
1440 3479 1620 3519 stattgegcben.
1663 3479 1727 3511 Von
1757 3479 1834 3515 dieser
1864 3489 1914 3510 un¬

1078 3522 1217 3561 geheueren
1238 3521 1309 3559 Zahl
1331 3529 1384 3550 von
1404 3519 1549 3559 leichtfertig
1571 3519 1744 3559 eingeleiteten
1776 3519 1835 3549 oder
1864 3529 1914 3549 un¬

1078 3561 1214 3601 genügend
1246 3560 1388 3600 verfolgten
1413 3559 1646 3599 Angelegenheiten
1666 3559 1776 3597 mußten
1797 3560 1913 3597 82,000,

1078 3593 1103 3631 i>.
1125 3600 1151 3638 h.
1172 3602 1209 3630 32
1236 3599 1352 3639 Prozent
1384 3599 1463 3635 fallen
1497 3599 1607 3639 gclasien
1641 3599 1751 3635 werden,
1784 3599 1842 3629 weil
1874 3599 1915 3629 die

1079 3640 1243 3679 Schuldigen
1265 3640 1331 3677 nicht
1351 3638 1456 3669 entdeckt
1477 3639 1576 3670 werden
1591 3639 1710 3669 konnten.
1753 3637 1832 3674 Diese
1843 3638 1914 3670 Sta¬

1078 3679 1145 3717 tistik
1172 3679 1218 3710 der
1248 3678 1446 3718 Straflosigkeit
1475 3678 1507 3715 ist
1537 3678 1674 3712 besonder»
1704 3677 1816 3716 deshalb
1836 3678 1914 3708 beun¬

1077 3719 1215 3759 ruhigend,
1246 3719 1303 3750 weil
1334 3718 1374 3748 die
1404 3718 1507 3756 Ziffern
1530 3718 1575 3753 seit
1596 3719 1671 3747 1886
1692 3718 1721 3748 in
1744 3717 1914 3756 beständigem

1079 3759 1204 3798 Wachsen
1226 3758 1352 3799 begriffen
1371 3757 1428 3794 sind
1448 3758 1501 3788 und
1521 3757 1550 3788 in
1570 3757 1631 3794 fünf
1648 3758 1756 3796 Jahren
1777 3767 1822 3787 um
1851 3758 1917 3793 nicht

1079 3799 1192 3837 weniger
1212 3800 1257 3829 als
1280 3800 1316 3828 14
1337 3797 1454 3836 Prozent
1473 3797 1517 3836 sich
1538 3797 1665 3835 vermehrt
1687 3796 1781 3836 haben.
1821 3795 1863 3828 Es
1884 3796 1917 3833 ist

1079 3836 1240 3877 überflüssig,
1262 3838 1308 3868 den
1330 3837 1499 3877 gefährlichen
1521 3836 1645 3874 Einfluß,
1655 3837 1702 3867 den
1717 3837 1760 3867 ein
1774 3836 1917 3875 derartiger

1079 3877 1198 3915 Zustand
1218 3877 1266 3914 auf
1284 3877 1324 3908 die
1344 3875 1526 3916 Vermehrung
1547 3876 1591 3907 der
1604 3876 1760 3912 Verbrechen
1775 3875 1803 3907 in
1817 3876 1917 3913 Frank¬

1078 3918 1142 3956 reich
1162 3918 1283 3948 auSüben
1303 3917 1379 3955 muß,
1401 3916 1537 3950 besonders
1557 3916 1773 3955 nachzuweiscn".

1143 3969 1219 4012 Herr
1242 3970 1373 4010 Boucher
1411 3968 1489 4010 weist
1521 3968 1628 4010 darauf
1664 3968 1744 4011 nach,
1778 3968 1836 4010 daß
1872 3967 1918 4002 die

1078 4013 1280 4057 französischen
1302 4013 1421 4055 Richter
1453 4012 1493 4047 im
1521 4012 1708 4055 allgemeinen
1742 4011 1820 4054 ihrer
1842 4012 1918 4054 Auf¬

1941 1158 2012 1201 gabe
2045 1159 2121 1201 nicht
2154 1165 2207 1201 gev
2215 1165 2235 1192 a
2247 1156 2314 1199 hsen
2351 1154 2422 1197 seien
2446 1153 2508 1187 und
2542 1150 2616 1193 stellt
2649 1158 2701 1193 zur
2722 1149 2781 1184 Be¬

1942 1202 2106 1246 kräftigung
2140 1202 2226 1244 dieser
2261 1200 2461 1241 Behauptung
2495 1191 2587 1236 außer
2619 1194 2674 1228 den
2709 1193 2782 1228 oben

1942 1250 2099 1290 gemachten
2112 1247 2255 1289 Angaben
2278 1245 2340 1287 fest,
2363 1243 2421 1285 daß
2443 1238 2604 1283 alljährlich
2626 1237 2658 1273 in
2672 1237 2783 1281 Frank¬

1943 1292 2012 1334 reich
2049 1292 2125 1334 nicht
2161 1291 2288 1334 weniger
2324 1288 2374 1323 als
2411 1287 2497 1320 8000
2520 1282 2784 1326 Justiz-Jrrtümer

1945 1336 2134 1371 Vorkommen.
2179 1333 2306 1379 Hierauf
2339 1332 2404 1375 geht
2438 1339 2468 1365 er
2501 1337 2553 1373 zur
2585 1327 2784 1370 Besprechung

1945 1381 1994 1414 der
2016 1378 2315 1423 Polizeiverhältnisse
2337 1377 2417 1411 über.
2463 1374 2508 1408 Er
2529 1372 2609 1415 sagt:

2006 1428 2159 1468 „Während
2180 1429 2229 1460 alle
2250 1427 2362 1465 übrigen
2382 1424 2591 1461 Verwaltungen
2615 1419 2662 1452 deS
2682 1419 2785 1453 Lande?

1945 1469 2018 1506 straff
2039 1468 2206 1503 centralisiert
2226 1468 2292 1505 sind,
2313 1466 2345 1504 ist
2364 1465 2404 1496 die
2414 1462 2516 1503 Polizei
2536 1461 2564 1496 so
2577 1459 2785 1497 drcentralisiert.

1945 1509 1997 1547 daß
2017 1509 2056 1540 die
2076 1508 2207 1547 Zustände
2238 1506 2363 1548 geradezu
2383 1506 2427 1535 als
2448 1500 2621 1540 anarchistisch
2651 1500 2787 1540 bezeichnet

1946 1548 2044 1579 werden
2075 1548 2182 1585 inüflen.
2223 1548 2281 1579 Die
2301 1544 2459 1584 munizipale
2479 1540 2581 1581 Polizei
2611 1539 2642 1578 ist
2669 1549 2722 1571 :on
2742 1539 2787 1570 der

1947 1587 2195 1628 Eentralrcgierung
2226 1587 2310 1627 völlig
2330 1583 2471 1623 losgelöst;
2499 1581 2539 1613 die
2568 1580 2713 1618 städtischen
2733 1578 2787 1611 Be¬

1948 1628 2043 1666 hörden
2064 1629 2155 1668 sorgen
2176 1636 2228 1658 mir
2248 1627 2294 1662 für
2313 1625 2353 1656 die
2364 1618 2511 1662 Sicherheit
2532 1619 2603 1659 ihrer
2612 1619 2787 1657 Ortschaften,

1947 1668 2012 1705 ohne
2032 1668 2076 1707 sich
2097 1677 2142 1699 um
2162 1667 2201 1698 die
2222 1665 2373 1707 allgemeine
2394 1661 2543 1702 Sicherheit
2563 1669 2594 1700 zu
2615 1660 2788 1691 bekünimer«.

1947 1708 2001 1739 Sie
2021 1708 2156 1747 verfahre»
2188 1716 2255 1747 ganz
2278 1706 2339 1744 »ach
2361 1704 2442 1743 ihrem
2465 1701 2626 1735 Gutdünken
2654 1699 2709 1731 und
2730 1699 2788 1730 des¬

1946 1747 2007 1786 halb
2037 1747 2116 1784 findet
2137 1756 2199 1778 man
2230 1747 2270 1777 die
2300 1745 2411 1786 größten
2433 1740 2606 1780 Unterschiede
2635 1739 2664 1770 in
2685 1738 2787 1778 polizei¬

1944 1787 2019 1826 licher
2036 1787 2153 1826 Hinsicht
2182 1786 2300 1826 zwischen
2331 1785 2379 1815 den
2410 1783 2539 1821 einzelnen
2564 1779 2696 1812 Städten.
2737 1775 2786 1810 So

1946 1826 2042 1857 wendet
2070 1827 2111 1857 die
2132 1826 2220 1857 Stadt
2240 1826 2332 1864 Havre
2362 1824 2406 1859 für
2435 1823 2491 1861 ihre
2511 1820 2612 1860 Polizei
2639 1822 2658 1849 4
2679 1819 2727 1856 Fr.
2746 1820 2783 1848 01

1948 1865 1993 1901 aus
2031 1866 2080 1895 den
2119 1865 2190 1902 Kopf
2228 1865 2273 1894 der
2294 1863 2476 1901 Bevölkerung
2518 1862 2581 1897 aus;
2619 1859 2718 1890 Rouen
2756 1858 2786 1889 in

1948 1903 2086 1940 demselben
2121 1903 2311 1939 Departement
2346 1904 2363 1930 3
2384 1901 2431 1938 Fr.
2451 1903 2507 1939 08;
2533 1899 2631 1931 ReimS
2664 1903 2787 1936 Dagegen,

1949 1942 1999 1973 das
2020 1943 2073 1974 eine
2094 1943 2223 1981 ungefähr
2244 1942 2321 1982 gleich
2342 1942 2423 1980 große
2442 1939 2498 1971 und
2519 1938 2620 1978 ähnlich
2631 1937 2789 1975 zusammen¬

1950 1983 2045 2022 gesetzte
2066 1983 2248 2021 Bevölkerung
2270 1980 2395 2018 aufweist,
2417 1989 2469 2011 nur
2502 1981 2516 2010 1
2550 1979 2598 2017 Fr.
2619 1978 2677 2013 74;
2702 1975 2789 2012 Paris

1951 2023 2045 2053 nimmt
2066 2021 2192 2060 natürlich
2212 2022 2262 2052 mit
2286 2023 2322 2050 13
2344 2021 2390 2058 Fr.
2413 2021 2449 2049 15
2481 2019 2528 2056 auf
2558 2019 2606 2049 den
2627 2015 2790 2053 Einwohner

1950 2062 1997 2093 den
2018 2062 2161 2100 allerersten
2182 2061 2267 2101 Rang
2288 2061 2340 2091 ein.
2381 2059 2436 2091 Tie
2467 2055 2712 2099 ungeheuerlichsten
2736 2055 2790 2086 Ab¬

1951 2102 2109 2133 normitäten
2130 2101 2185 2137 sind
2205 2101 2238 2131 da
2251 2094 2422 2139 'festzitstellen
2435 2108 2443 2138 ;
2463 2099 2514 2130 wir
2534 2098 2622 2135 finden
2636 2097 2691 2127 eine
2702 2095 2792 2127 Stadt

1952 2151 2002 2172 von
2024 2143 2101 2172 7300
2122 2130 2314 2180 Einwohnern,
2336 2140 2376 2170 die
2396 2148 2448 2170 nur
2475 2139 2549 2169 einen
2581 2136 2696 2176 einzigen
2717 2134 2792 2172 Feld-

1952 2182 2058 2220 wächtcr
2078 2181 2220 2218 unterhält,
2241 2180 2367 2218 während
2387 2179 2416 2209 in
2436 2178 2508 2217 ihrer
2528 2177 2607 2216 Nähe
2636 2176 2692 2206 eine
2710 2175 2792 2206 Kom¬

1953 2231 2029 2252 mune
2060 2231 2112 2252 von
2134 2222 2190 2250 700
2221 2219 2404 2258 Einwohnern
2434 2219 2510 2249 deren
2542 2218 2597 2248 vier
2623 2215 2792 2254 aufzuweisen

1954 2261 2007 2299 hat.
2048 2261 2114 2292 Seit
2136 2260 2310 2298 Einführung
2332 2260 2377 2289 des
2398 2258 2515 2295 Gesetzes
2547 2266 2599 2288 von
2631 2256 2707 2286 1884
2737 2254 2793 2291 sind

1953 2301 1992 2331 die
2013 2301 2187 2341 munizipalen
2212 2299 2442 2339 Polizeibehörden
2473 2297 2588 2337 gänzlich
2618 2295 2711 2326 wieder
2741 2303 2793 2324 von

1953 2341 1997 2371 der
2017 2340 2222 2379 Ecntralgewalt
2242 2339 2374 2379 losgelöst
2389 2338 2442 2369 «nb
2470 2337 2538 2368 üben
2569 2334 2724 2374 selbständig
2753 2333 2794 2364 die

1954 2380 2063 2419 Leitung
2083 2380 2126 2410 d»
2149 2378 2365 2418 Gcrichtspolizei
2395 2382 2457 2408 aus.
2499 2376 2555 2409 Die
2585 2374 2793 2414 Staatspolizei,

1955 2429 2006 2451 ntir
2027 2430 2078 2451 von
2098 2420 2155 2450 dem
2186 2418 2267 2451 Leiter
2296 2419 2341 2449 der
2372 2417 2530 2455 öffentlichen
2562 2414 2710 2455 Sicherheit
2739 2414 2793 2444 und

1955 2460 2054 2499 einigen
2077 2458 2369 2498 Spezialkommiffären
2391 2457 2508 2496 gebildet,
2529 2455 2569 2486 die
2588 2455 2627 2485 die
2641 2453 2793 2493 Bahnhöfe,

1955 2500 2042 2537 Häfen
2062 2499 2116 2530 und
2138 2498 2260 2538 Grenzen
2292 2508 2324 2538 zu
2353 2497 2515 2535 überwachen
2547 2495 2639 2534 haben,
2671 2494 2703 2531 ist
2730 2494 2794 2524 aller

1956 2533 2046 2576 Rechte
2066 2538 2174 2570 beraubt
2193 2537 2341 2576 außerhalb
2370 2537 2416 2567 des
2436 2537 2480 2574 ihr
2506 2535 2708 2575 angewiesenen,
2738 2533 2794 2572 sehr

1958 2579 2128 2617 beschränkten
2159 2577 2286 2610 Gebietes
2317 2587 2349 2617 zu
2378 2577 2482 2613 wirken,
2512 2577 2567 2606 und
2588 2574 2693 2613 verfügt
2713 2573 2794 2604 weder

1957 2619 2019 2648 über
2037 2618 2077 2649 die
2098 2618 2204 2656 nötigen
2214 2617 2375 2657 Hilfskräfte
2394 2617 2454 2654 noch
2475 2615 2539 2646 über
2553 2614 2591 2645 die
2602 2613 2794 2651 erforderlichen

1958 2658 2060 2689 Mittel.
2101 2657 2175 2690 Was
2195 2657 2234 2687 die
2255 2656 2426 2689 Gendarmen
2456 2655 2608 2693 anbclangt,
2639 2655 2665 2688 so
2686 2653 2742 2689 sind
2761 2653 2795 2688 sie

1957 2697 2070 2737 derartig
2101 2697 2151 2728 mit
2182 2697 2293 2727 anderen
2315 2696 2463 2735 Aufgaben,
2495 2695 2544 2726 wie
2564 2693 2731 2732 Herstellung
2750 2692 2795 2723 der

1958 2737 2038 2768 Akten
2058 2736 2121 2768 über
2132 2736 2299 2767 Kandidaten
2321 2736 2364 2773 für
2385 2734 2474 2773 irgend
2496 2734 2569 2765 einen
2581 2733 2687 2770 Posten,
2703 2731 2795 2763 Ueber-

1958 2777 2080 2815 ivachung
2100 2777 2145 2807 der
2166 2775 2350 2812 Eisenbahnen
2371 2776 2424 2805 und
2451 2773 2588 2809 besonders
2619 2773 2676 2803 dem
2696 2772 2796 2803 Nekru-

1958 2815 2161 2856 ticruiigsdicnst
2185 2815 2334 2853 überhäuft,
2365 2814 2418 2852 daß
2449 2814 2481 2851 sie
2501 2812 2541 2844 die
2562 2811 2794 2852 Polizeiaufgaben

1958 2856 2023 2894 nicht
2042 2857 2114 2895 mehr
2135 2855 2250 2893 versehen
2273 2855 2400 2885 können."

2195 2960 2557 3028 Kantone.

2304 3047 2459 3084 Aargau.

2024 3087 2080 3129 (A
2105 3086 2194 3120 Korr,
2230 3092 2299 3118 vom
2337 3088 2388 3118 12.
2414 3084 2523 3126 gebt.)
2570 3083 2665 3126 Heute
2696 3082 2796 3125 publi¬

1960 3129 2051 3173 zieren
2085 3130 2131 3163 die
2161 3128 2353 3171 freisinnigen
2376 3128 2589 3171 Tagesblätt-r
2636 3128 2692 3161 das
2717 3127 2797 3168 Pro-

1960 3184 2081 3217 graniin,
2110 3173 2162 3214 auf
2185 3174 2239 3207 das
2264 3173 2318 3214 sich
2343 3172 2437 3215 letzten
2456 3173 2601 3213 Soniltag
2627 3171 2672 3205 die
2694 3171 2798 3205 Komi¬

1962 3223 2020 3252 tees
2044 3221 2092 3252 der
2116 3217 2216 3251 beiden
2240 3217 2431 3259 freisinnigen
2448 3215 2630 3258 Fraktionen
2647 3217 2699 3248 des
2714 3216 2796 3249 Kan¬

1961 3266 2031 3296 tons
2055 3266 2141 3296 unter
2164 3261 2242 3294 einer
2260 3261 2467 3303 gemeinsamen
2485 3259 2675 3301 freisinnigen
2693 3259 2796 3301 Fahne

1958 3305 2085 3348 geeinigt
2117 3304 2220 3347 haben.
2270 3305 2341 3339 Wir
2370 3303 2516 3346 begrüßen
2551 3302 2710 3346 ausrichtig
2741 3305 2795 3337 den

1959 3349 2087 3391 Schritt,
2139 3354 2187 3382 der
2210 3349 2321 3390 endlich
2356 3349 2464 3391 gethan
2498 3348 2618 3382 worden
2641 3346 2688 3387 ist.
2737 3347 2799 3382 Die

1958 3393 2145 3436 freisinnigen
2163 3393 2415 3435 Miteidgenossen
2439 3393 2471 3427 in
2496 3393 2549 3426 den
2574 3392 2700 3426 anderen
2717 3391 2799 3426 Kan¬

1960 3442 2047 3472 tonen
2071 3439 2186 3472 werden
2210 3437 2426 3479 die.Nachricht
2449 3436 2528 3479 nicht
2552 3436 2665 3470 minder
2681 3436 2799 3478 freudig

1960 3487 2095 3525 entgegen
2142 3491 2311 3524 genommen
2354 3482 2456 3522 haben.
2506 3480 2567 3515 Die
2601 3480 2642 3514 im
2677 3481 2800 3522 Aargau

1961 3531 2046 3560 unter
2069 3528 2123 3560 den
2147 3525 2402 3567 fortschrittlichen
2419 3522 2590 3559 Elementen
2615 3524 2668 3565 seit
2683 3525 2800 3566 Jahren

1960 3571 2121 3613 bestehende
2137 3570 2304 3612 Dissonanz
2318 3588 2358 3595 —
2383 3569 2439 3604 wir
2463 3568 2555 3610 haben
2572 3570 2628 3602 das
2644 3569 2689 3610 oft
2706 3579 2800 3611 genug

1960 3615 2062 3649 betont
2087 3632 2125 3640 —
2152 3614 2232 3656 hatte
2255 3614 2305 3648 nie
2338 3614 2400 3647 eine
2445 3614 2546 3647 innere
2569 3613 2796 3655 Berechtigung.

1961 3659 2007 3693 Es
2031 3668 2093 3693 war
2116 3658 2218 3694 immer
2241 3659 2322 3701 mehr
2345 3658 2392 3692 ein
2415 3657 2504 3700 Krieg
2527 3657 2661 3699 zwischen
2686 3657 2800 3699 Person

1961 3705 2021 3737 und
2046 3703 2238 3745 persönlichen
2262 3702 2443 3744 Interessen,
2482 3702 2532 3735 als
2563 3701 2626 3735 eine
2648 3701 2801 3745 Differenz

1961 3747 2031 3781 über
2053 3747 2284 3789 Bestrebungen.
2311 3747 2382 3781 Das
2399 3745 2655 3788 Schlachtschwert
2678 3745 2714 3785 ist
2737 3755 2800 3779 nun

1962 3792 2129 3834 hoffentlich
2154 3791 2205 3831 auf
2229 3793 2316 3833 lange
2339 3791 2409 3833 Zeit
2443 3789 2597 3832 begraben.
2647 3789 2708 3823 Die
2737 3797 2800 3823 ver¬

1962 3835 2091 3878 einigten
2123 3835 2378 3877 fortschrittlichen
2402 3834 2552 3868 Elemente
2585 3834 2637 3867 des
2659 3833 2801 3868 KantonS

1963 3882 2075 3914 werden
2099 3887 2158 3913 von
2182 3889 2244 3913 nun
2269 3889 2309 3913 an
2334 3881 2387 3913 den
2411 3878 2526 3912 Namen
2559 3877 2663 3919 führen
2713 3878 2801 3918 „frei¬

1963 3922 2294 3966 sinnig-demokratische
2317 3922 2459 3964 Partei."
2485 3921 2547 3956 Die
2562 3921 2714 3956 Vertreter
2738 3923 2801 3955 der¬

1965 3967 2056 4009 selben
2079 3968 2111 4001 in
2136 3968 2186 4000 der
2209 3966 2554 4008 Bundesversammlung
2581 3965 2723 3999 bekennen
2748 3965 2800 4008 sich

1962 4022 1997 4054 zu
2020 4014 2069 4046 der
2103 4012 2136 4046 in
2160 4011 2254 4045 Olten
2290 4012 2486 4053 gegründeten
2532 4009 2800 4052 freisinnig-demo¬

2826 1148 2980 1191 kratischen
3004 1145 3124 1191 Partei,
3163 1143 3268 1179 womit
3303 1143 3359 1176 daS
3389 1139 3512 1175 liberale
3532 1138 3673 1176 Komitee

2827 1191 3001 1235 einstimmig
3025 1191 3079 1234 sich
3102 1187 3322 1229 einverstanden
3355 1184 3464 1220 erklärt
3493 1183 3557 1225 hat.
3604 1182 3671 1218 Di«

2827 1237 3002 1279 Forderung
3025 1237 3075 1270 der
3097 1233 3307 1270 Demokraten,
3334 1229 3392 1272 daß
3415 1226 3579 1270 Beschlüsse
3599 1233 3672 1261 vor«

2827 1281 2997 1315 beratender
3020 1278 3382 1323 Parteiversammlungen
3404 1273 3456 1316 für
3489 1271 3549 1307 alle
3570 1270 3673 1314 Ange«

2829 1325 2950 1368 hörigen
2983 1325 3034 1358 der
3056 1322 3163 1366 Partei
3197 1318 3440 1361 verbindlich
3479 1315 3538 1358 sein
3562 1315 3669 1356 sollen,

2830 1370 2933 1404 wurde
2953 1368 3046 1410 fallen
3080 1366 3216 1411 gelassen.
3264 1363 3327 1399 Die
3348 1361 3503 1397 Liberalen
3548 1361 3673 1395 würden

2830 1424 2866 1457 zu
2890 1413 2980 1448 einem
3005 1412 3115 1454 solchen
3136 1410 3234 1453 Opfer
3257 1410 3308 1443 der
3344 1405 3538 1449 persönlichen
3561 1403 3674 1439 Ueber«

2830 1467 2962 1502 zeugung
2984 1456 3035 1492 nie
3056 1456 3146 1500 Hand
3169 1454 3293 1499 geboten
3316 1451 3419 1493 haben.

2897 1502 2968 1537 DaS
2991 1500 3171 1544 aufgestellte
3192 1499 3375 1543 Programm
3420 1492 3538 1537 schließt
3561 1492 3615 1535 sich
3638 1491 3675 1528 in

2831 1545 3067 1590 eidgenössischen
3091 1544 3224 1587 Dingen,
3274 1539 3385 1583 sowohl
3409 1538 3450 1573 im
3488 1536 3671 1579 politischen,

2831 1591 2881 1626 als
2905 1591 2946 1625 im
2969 1588 3229 1633 sozialpolitischen
3254 1586 3317 1621 und
3336 1581 3676 1624 volkswirtschaftlichen

2831 1635 2918 1670 Teile
2940 1636 3001 1669 dem
3026 1634 3138 1669 Oltner
3160 1632 3341 1676 Programm
3364 1637 3417 1663 an.
3459 1627 3530 1661 DaS
3554 1624 3675 1660 Tabak«

2832 1679 2972 1720 Monopol
2996 1678 3031 1718 ist
3054 1676 3137 1712 dabei
3160 1676 3239 1719 nicht
3269 1673 3414 1715 erwähnt.
3463 1671 3527 1706 Der
3549 1670 3676 1705 Kanton

2833 1725 2886 1767 hat
2909 1723 2984 1763 seine
3007 1723 3101 1765 hohen
3124 1718 3375 1763 wirtschaftlichen
3397 1714 3581 1757 Interessen,
3619 1713 3676 1756 sich

2832 1769 2883 1803 der
2905 1767 3100 1810 Einführung
3134 1766 3185 1800 des
3210 1758 3476 1804 Tabakmonopols
3508 1768 3544 1803 zu
3567 1758 3679 1793 wider-

2832 1813 2927 1855 setzen.
2976 1811 3074 1846 Seine
3097 1810 3250 1845 Vertreter
3274 1809 3384 1842 können
3408 1804 3487 1847 nicht
3524 1803 3590 1838 eine
3612 1803 3677 1841 In¬

2831 1856 2950 1897 dustrie.
2976 1855 3078 1898 welche
3101 1854 3156 1889 mit
3180 1855 3229 1888 der
3245 1851 3379 1894 Existenz
3401 1857 3461 1884 von
3476 1847 3574 1883 vielen
3590 1847 3679 1882 Tau¬

2832 1900 2938 1940 senden
2960 1899 3050 1941 seiner
3072 1898 3240 1939 Bewohner
3263 1906 3318 1938 eng
3340 1893 3497 1935 verknüpft
3519 1892 3566 1932 ist,
3608 1901 3678 1935 zum

2836 1944 2935 1985 Opfer
2978 1943 3115 1985 bringen.
3162 1941 3226 1982 Auf
3265 1938 3451 1974 kantonalem
3485 1935 3608 1971 Gebiete
3642 1935 3680 1974 ist

2835 1986 2980 2028 ebenfalls
3004 1986 3051 2020 ein
3075 1985 3280 2027 reichhaltiges
3297 1982 3592 2024 Arbeitsprogramm
3609 1980 3679 2021 auf¬

2836 2032 2947 2074 gestellt
2970 2032 3100 2065 worden.
3126 2028 3273 2072 Dasselbe
3296 2026 3414 2068 umfaßt
3437 2024 3525 2069 zwölf
3548 2023 3678 2058 Artikel.

2836 2077 2883 2110 Es
2906 2075 2994 2109 bietet
3019 2074 3111 2117 Stoff
3147 2074 3197 2117 für
3219 2071 3412 2114 Jahrzehnte.
3454 2068 3583 2104 Obenan
3605 2067 3680 2110 steht

2836 2120 2884 2154 die
2917 2120 3093 2162 Forderung
3142 2119 3190 2152 der
3225 2107 3420 2159 Beschaffung
3467 2114 3516 2147 der
3553 2111 3680 2154 nötigen

2837 2164 3014 2199 Geldmittel
3030 2173 3083 2206 zur
3098 2162 3333 2204 Durchführung
3348 2161 3398 2194 der
3412 2156 3582 2199 staatlichen
3596 2156 3680 2197 Auf¬

2838 2209 2943 2252 gaben.
2976 2208 3047 2242 Das
3072 2207 3251 2250 Programm
3274 2203 3430 2246 verspricht
3455 2202 3502 2236 die
3524 2200 3682 2243 Aufrecht-

2838 2253 2996 2295 erhaltung
3032 2253 3081 2286 der
3115 2248 3441 2293 verfassungsmäßigen
3466 2245 3610 2288 Beiträge
3641 2254 3683 2279 an

2838 2298 2895 2331 das
2919 2296 3030 2338 Schul-
3064 2298 3126 2330 und
3149 2293 3352 2334 Armenwesen
3398 2293 3448 2325 der
3478 2289 3683 2332 Gemeinden;

2839 2342 2894 2376 den
2918 2340 3013 2382 Erlaß
3045 2340 3126 2375 eines
3149 2335 3595 2378 Verantwortlichkeitsgesetzes
3630 2333 3684 2375 für

2839 2385 2885 2419 die
2908 2385 3073 2427 Behörden.
3102 2384 3247 2419 Beamten
3294 2382 3355 2417 und
3377 2379 3594 2423 Angestellten;
3631 2377 3682 2412 die

2838 2430 2993 2472 Regelung
3040 2431 3092 2463 des
3115 2425 3512 2470 Amtsbürgschaftswesens,
3540 2422 3682 2464 Abschaf-

2838 2474 2911 2516 fung
2937 2475 2984 2507 der
3007 2472 3206 2514 unbedingten
3223 2469 3453 2514 Bürgschaften;
3470 2468 3517 2502 die
3531 2466 3682 2508 Revision

2839 2519 2890 2552 des
2914 2515 3373 2560 Brandversicherungsgesetzes;
3404 2513 3452 2547 die
3474 2510 3681 2554 Ausführung

2839 2563 2888 2596 der
2904 2562 3083 2604 Verfassung
3107 2560 3265 2602 betreffend
3289 2559 3348 2593 das
3363 2557 3488 2591 Armen-
3504 2557 3567 2590 und
3583 2555 3685 2590 Wirt¬

2840 2606 3038 2649 schaftsgesetz.
3077 2605 3163 2647 sowie
3194 2604 3241 2638 die
3264 2600 3603 2643 Lebensmittelpolizei;
3637 2599 3687 2633 die

2841 2650 3114 2692 Unentgeltlichkeit
3137 2650 3187 2683 der
3201 2647 3396 2690 Lehrmittel;
3418 2645 3466 2680 die
3480 2644 3607 2689 Hebung
3630 2644 3686 2678 des

2841 2693 3165 2736 landwirtschaftlichen
3202 2692 3375 2733 Bildungs-
3420 2690 3483 2724 und
3518 2687 3685 2729 Genossen¬

2840 2738 3077 2782 schaftswesens;
3116 2737 3162 2771 die
3198 2734 3529 2776 Katastervermessung.
3572 2732 3687 2766 Unter¬

2841 2783 2968 2826 stützung
2997 2783 3048 2816 der
3069 2781 3399 2822 Bodenverbesserung;
3434 2778 3481 2812 die
3504 2778 3684 2819 Förderung

2841 2829 2890 2861 der
2906 2826 3073 2869 Viehzucht,
3100 2825 3322 2866 Unterstützung
3340 2825 3389 2857 der
3404 2821 3685 2864 Viehversicherung

2839 2873 2900 2904 und
2925 2872 2973 2904 der
2995 2869 3311 2913 Hagelversicherung;
3325 2866 3607 2908 die.Unterstützung
3630 2867 3684 2898 der

2838 2915 3056 2957 Bestrebungen
3100 2923 3152 2955 zur
3186 2913 3314 2956 Hebung
3348 2912 3399 2945 des
3431 2908 3686 2950 landwirtschaft¬

2839 2959 2930 3000 lichen
2952 2957 3185 2999 Kreditwesens;
3217 2956 3263 2991 die
3285 2955 3432 2996 staatliche
3457 2953 3684 2996 Unterstützung

2838 3002 2888 3043 für
2911 3001 3106 3045 Einführung
3148 3011 3237 3035 neuer
3270 2997 3536 3041 Industriezweige
3559 2998 3685 3040 (Haus¬

2840 3045 3011 3087 industrie).

2909 3089 2971 3123 Die
2989 3090 3163 3132 Forderung
3186 3090 3236 3123 der
3252 3087 3344 3130 Wahl
3366 3088 3415 3122 der
3430 3086 3603 3129 Regierung
3619 3087 3683 3120 und

2844 3135 2895 3168 der
2918 3134 3105 3167 Ständeräte
3128 3134 3212 3175 durch
3237 3134 3293 3168 das
3318 3131 3393 3167 Volk
3416 3132 3516 3165 wurde
3546 3130 3624 3173 nicht
3650 3130 3686 3164 in

2844 3179 2900 3212 das
2924 3177 3104 3220 Programm
3128 3178 3360 3220 aufgenommen.
3410 3175 3471 3210 Sie
3492 3174 3585 3209 bleibt
3618 3174 3685 3208 eine

2843 3222 2938 3263 offene
2961 3222 3066 3264 Frage.
3115 3222 3204 3264 Zeigt
3229 3226 3260 3255 es
3285 3220 3338 3263 sich
3362 3218 3416 3253 mit
3440 3220 3490 3253 der
3513 3218 3595 3261 Zeit,
3623 3218 3685 3260 daß

2842 3268 2899 3300 das
2922 3265 3010 3300 Glück
3033 3267 3094 3300 und
3118 3266 3187 3308 Heil
3210 3266 3262 3300 des
3282 3264 3423 3300 KantonS
3446 3272 3506 3297 nur
3528 3262 3600 3305 noch
3621 3270 3686 3297 von

2842 3310 2937 3351 diesen
2954 3309 3166 3351 Volkswahlen
3189 3309 3333 3353 abhängt,
3360 3308 3390 3350 so
3414 3308 3529 3341 werden
3552 3307 3601 3341 die
3618 3306 3688 3341 bis¬

2844 3355 2963 3398 herigen
2984 3354 3140 3388 Liberalen
3172 3354 3243 3396 auch
3266 3353 3345 3396 nicht
3367 3352 3399 3393 so
3421 3350 3588 3394 hartnäckig
3622 3351 3687 3393 sein

2845 3400 2908 3433 und
2946 3398 2998 3440 sich
3034 3399 3136 3440 länger
3168 3399 3248 3432 einer
3271 3398 3446 3440 Forderung
3492 3395 3681 3439 widersetzen,

2846 3444 2932 3477 deren
2955 3442 3122 3484 Bedürfnis
3155 3453 3220 3485 zum
3255 3441 3341 3486 Heile
3385 3442 3436 3474 des
3471 3439 3614 3474 KantonS
3646 3440 3691 3482 sie

2846 3488 2932 3530 heute
2955 3490 3021 3529 noch
3046 3487 3125 3529 nicht
3147 3487 3316 3530 einzusehen
3341 3487 3508 3528 vermögen.

3204 3539 3333 3578 Tessin.

2908 3579 2998 3617 (Korr,
3018 3588 3078 3610 vom
3101 3580 3148 3610 12.
3160 3579 3255 3618 Fcbr.)
3275 3580 3330 3611 Am
3341 3577 3443 3616 meisten
3464 3577 3612 3617 beschäftigt
3624 3586 3691 3608 man

2847 3619 2893 3658 sich
2914 3620 3090 3659 gegenwärtig
3125 3619 3161 3650 im
3182 3620 3293 3651 Kanton
3328 3618 3377 3649 mit
3409 3618 3458 3648 den
3479 3616 3691 3656 bevorstehenden

2847 3658 3141 3697 Ersatzwahlen
3170 3660 3209 3690 in
3239 3659 3312 3690 daS
3343 3657 3602 3697 Obergericht
3634 3657 3691 3687 und

2848 3699 2897 3729 mit
2918 3698 2962 3729 der
2982 3709 3026 3730 am
3046 3699 3126 3737 erste»
3147 3699 3282 3739 Sonntag
3314 3698 3359 3728 des
3381 3697 3464 3736 März
3490 3695 3691 3735 statrfindende»

2847 3738 3113 3779 Volksabstimmung
3152 3739 3215 3769 über
3254 3739 3307 3769 das
3346 3736 3481 3768 revidierte
3509 3736 3693 3774 Kirchen»

2848 3788 2888 3817 ge
2900 3779 2970 3815 setz.
3010 3778 3068 3810 Die
3088 3778 3195 3813 ersteren
3215 3778 3300 3817 haben
3327 3776 3371 3808 der
3391 3775 3526 3815 Hinschied
3546 3775 3593 3805 deS
3613 3776 3693 3815 lang»

2848 3818 2970 3857 jähngen
3003 3817 3059 3848 und
3092 3818 3192 3853 allseits
3226 3818 3365 3857 geachteten
3390 3817 3480 3855 Herrn
3502 3814 3691 3854 Ermenegildo

2847 3856 2926 3895 Rossi
2946 3857 3000 3887 und
3020 3857 3073 3887 daS
3093 3857 3224 3895 plötzliche,
3255 3857 3306 3894 fast
3331 3854 3523 3901 unbegreifliche
3542 3854 3690 3885 Austreten

2846 3897 2891 3927 der
2911 3897 3008 3936 jungen
3030 3896 3195 3935 Oberrichter
3208 3895 3452 3931 Garbani-Verini,
3474 3894 3599 3925 Andreas
3611 3893 3692 3931 Ernst

2846 3936 2901 3967 und
2920 3935 2988 3966 Karl
3014 3936 3127 3975 Stoppa
3157 3936 3307 3975 notwendig
3339 3935 3459 3974 gemacht.
3511 3934 3567 3965 Sie
3597 3942 3689 3964 verur-

2848 3976 2932 4014 sachcn
2953 3976 2981 4006 in
3002 3975 3090 4006 beiden
3111 3976 3257 4015 politische»
3276 3977 3379 4013 Lagern
3410 3974 3458 4004 wie
3478 3973 3507 4004 in
3527 3973 3576 4003 den
3597 3972 3689 4004 beiden

2847 4015 3025 4055 Wahlkreisen
3046 4016 3173 4054 (Sopra-
3196 4015 3251 4047 und
3286 4013 3474 4051 Sottoceneri)
3507 4022 3557 4052 gar
3583 4013 3689 4051 manche

208 4192 246 4220 „
479 4149 774 4220 Jeuilkelon.

500 4270 606 4313 Gros
628 4271 736 4313 Jarl.

341 4335 454 4366 Roman
474 4331 524 4365 von
542 4330 716 4365 Hermann
733 4330 887 4366 Heiberg.

243 4396 299 4425 Als
318 4393 393 4425 Graf
418 4390 508 4421 Adain
537 4387 594 4417 eine
625 4386 734 4416 Stunde
765 4394 814 4415 vor
843 4387 886 4415 der
916 4386 961 4419 für
990 4387 1036 4420 ihn

189 4437 308 4470 späteren
327 4431 448 4467 Tischzeit
467 4430 504 4459 im
523 4425 631 4461 Schloß,
654 4427 682 4455 in
700 4428 750 4454 daS
761 4425 960 4459 PastorrnhanS
980 4426 1036 4454 rin-

188 4479 253 4511 trat,
278 4475 359 4509 schlug
380 4472 433 4505 ihm
454 4477 522 4505 zwar
540 4468 585 4498 der
615 4466 746 4502 gewohnte
765 4464 896 4498 säuerliche
914 4464 1034 4495 TabakS-

190 4517 288 4551 geruch,
310 4515 362 4543 mit
381 4512 438 4541 dem
459 4508 608 4544 PompejuS
632 4507 698 4538 nicht
715 4505 776 4534 eben
808 4503 949 4539 angenehm
982 4503 1034 4532 da«

190 4564 271 4591 ganze
289 4555 371 4589 HanS
390 4559 420 4586 zu
447 4549 624 4584 parfümieren
653 4547 753 4581 pflegte,
787 4545 836 4573 wie
864 4545 959 4573 imnier
978 4544 1035 4572 ent¬

190 4604 280 4631 gegen,
303 4593 363 4626 doch
384 4598 435 4620 von
456 4591 504 4619 den
522 4587 702 4622 Einwohnern
721 4593 778 4614 war
796 4585 876 4618 nichts
904 4591 934 4618 ,u
963 4582 1035 4617 sehen

190 4637 245 4665 und
265 4642 296 4669 zu
315 4634 406 4668 hören.

243 4674 316 4707 Nach
335 4673 421 4705 kurzer
439 4669 562 4702 Umschau
594 4666 676 4701 begab
705 4673 732 4694 er
749 4664 794 4698 sich
819 4663 925 4698 deshalb
944 4662 975 4691 in
994 4661 1034 4690 die

187 4714 280 4748 Küche.
319 4710 449 4748 Zunächst
469 4716 524 4738 war
542 4707 604 4740 auch
634 4707 690 4741 hier
706 4704 831 4734 niemand
858 4711 888 4738 zu
906 4702 1032 4733 erblicken.

187 4754 267 4784 Alles
286 4761 344 4782 war
368 4752 431 4781 aber
462 4749 523 4781 nach
553 4751 613 4775 dem
639 4745 810 4780 Mittagessen
840 4744 911 4777 schon
941 4742 1036 4772 wieder

187 4794 369 4829 aufgeräumt.
409 4790 470 4820 Der
486 4787 623 4822 Theekessel
654 4785 769 4818 dampfte
788 4784 959 4820 blankgepuht
989 4782 1037 4817 auf

188 4833 247 4863 dem
268 4833 361 4865 sauber
379 4829 537 4866 gereinigten
556 4826 629 4860 Herd
647 4826 703 4855 und
721 4825 786 4859 sang
815 4824 870 4853 eine
899 4823 958 4856 leise
974 4822 1035 4852 Me¬

187 4873 265 4903 lodie.
306 4872 347 4902 Er
365 4872 430 4905 barg
455 4870 508 4897 da«
524 4866 634 4901 Wasser,
668 4865 720 4894 daS
749 4863 889 4894 demnächst
920 4862 966 4897 für
995 4862 1036 4891 die

187 4911 335 4947 Bereitung
354 4913 403 4940 de»
420 4909 527 4940 Kaffee«
546 4905 732 4939 Verwendung
750 4904 842 4936 finden
859 4903 940 4937 sollte.

241 4951 385 4985 Unendlich
420 4946 566 4985 geradlinig
602 4945 657 4974 und
692 4943 826 4978 blitzblank
859 4943 967 4977 standen
994 4941 1036 4972 di«

187 4991 374 5027 Gegenstände
393 4989 434 5024 da.
458 4989 519 5017 oder
535 4986 631 5021 hingen
658 4992 696 5013 an
725 4984 774 5013 den
804 4982 934 5013 Wänden.
973 4981 1036 5011 Nur

186 5032 266 5066 zeigte
285 5032 330 5060 der
347 5028 496 5066 Fußboden
525 5026 588 5059 noch
618 5022 708 5059 sanfte'
718 5023 832 5057 Spuren
862 5030 914 5051 von
944 5022 1034 5054 nassen

185 5070 368 5106 Aufnahmen,
391 5069 446 5098 und
465 5068 507 5097 ein
525 5065 626 5096 Geruch
645 5064 751 5098 hiervon
763 5063 819 5092 und
831 5062 871 5091 ein
891 5061 963 5096 Dust
982 5069 1035 5091 von

185 5112 359 5146 gebranntem
377 5108 470 5140 Kasse«
487 5106 588 5139 mischte
606 5105 650 5138 sich
670 5103 877 5136 durcheinander.

236 5151 284 5185 Zn
303 5149 397 5182 diesem
415 5146 569 5182 Augenblick
587 5145 654 5180 kam,
689 5144 746 5176 hoch
776 5141 947 5178 ausgeschürzt
977 5141 1034 5170 und

182 5190 307 5225 eilfertig,
328 5187 467 5218 Marieken
486 5193 546 5214 vom
564 5183 629 5218 Hof,
658 5183 769 5213 erblickte
787 5183 836 5211 den
855 5182 959 5212 Grase»
978 5181 1034 5209 und

181 5229 235 5263 gab
254 5229 303 5263 sich
326 5227 384 5263 sehr
409 5223 707 5262 zimperllch-überrascht
735 5222 791 5252 und
822 5221 960 5256 übernöttg
992 5228 1033 5256 ge»

180 5267 305 5303 sprächig.

234 5306 313 5340 Graf
326 5304 399 5341 Jarl
414 5304 480 5334 aber
496 5303 580 5338 sagte:

235 5346 340 5382 „Bitte,
361 5345 435 5378 bitte,
464 5343 607 5377 alternde«,
640 5341 704 5372 aber
719 5341 890 5375 freunbllche«
906 5339 1029 5377 Küche»«,

178 5384 308 5416 Stuben«
325 5385 384 5416 und
401 5382 634 5420 Kaffee-MSdchm
652 5382 682 5411 in
700 5382 858 5412 vollendeter
869 5381 1030 5417 Perfektiv».

1081 4111 1208 4145 Dagegen
1226 4112 1308 4139 etwas
1333 4110 1458 4138 anderes:
1494 4109 1545 4139 Wo
1576 4109 1641 4142 steckt
1671 4109 1740 4138 denn
1771 4110 1810 4137 die
1840 4117 1918 4144 ganze

1082 4149 1323 4184 Pastor-Familie?
1341 4149 1401 4177 Und
1419 4149 1449 4183 ist
1467 4148 1534 4184 Herr
1550 4148 1660 4178 Eduard
1678 4148 1846 4184 gekommen?
1865 4149 1918 4179 Wo

1083 4189 1112 4223 ist
1132 4189 1183 4218 das
1202 4188 1391 4222 Brautpaar?"

1135 4229 1206 4263 „Die
1223 4228 1399 4262 Herrschaften
1418 4228 1522 4262 schlafen
1540 4228 1581 4262 ihr
1598 4228 1840 4264 MittagsLiäschen,
1854 4228 1920 4263 Herr

1082 4267 1163 4301 Graf,
1184 4268 1240 4296 und
1259 4268 1331 4302 heute
1350 4268 1441 4303 später,
1475 4269 1532 4297 weil
1563 4268 1689 4302 Fräulein
1709 4268 1785 4302 Tessa
1815 4269 1861 4301 erst
1892 4269 1920 4301 so

1082 4309 1158 4342 lange
1176 4315 1220 4337 am
1240 4306 1366 4342 Bahnhof
1384 4307 1432 4336 auf
1449 4307 1497 4337 den
1515 4307 1629 4341 nächsten
1642 4309 1702 4343 Zug
1721 4310 1844 4344 gewartet
1862 4308 1916 4340 hat.

1082 4347 1140 4376 Der
1159 4347 1236 4382 junge
1255 4347 1321 4380 Herr
1339 4347 1369 4379 ist
1388 4347 1454 4380 nicht
1483 4347 1641 4382 gekommen.
1679 4348 1720 4377 Er
1750 4348 1796 4381 hat
1824 4347 1919 4376 ablele-

1082 4387 1221 4421 graphiert.
1262 4387 1319 4421 Erst
1339 4386 1509 4422 übermorgen
1527 4387 1558 4421 ist
1577 4394 1604 4416 er
1622 4387 1669 4416 da!
1696 4387 1824 4422 Fräulein
1844 4387 1918 4421 Tessa

1081 4426 1111 4461 ist
1131 4426 1167 4456 im
1188 4426 1305 4456 Garten!

1136 4466 1221 4501 „Soll
1240 4468 1275 4496 ick
1292 4467 1325 4499 sie
1344 4466 1464 4500 vielleicht
1482 4467 1564 4502 rufen,
1587 4467 1654 4502 Herr
1671 4465 1762 4500 Graf?
1798 4466 1864 4496 Soll
1882 4466 1917 4500 ich

1080 4504 1141 4538 auch
1160 4506 1235 4539 Frau
1254 4506 1351 4539 Pastor
1369 4506 1492 4536 wecken?"
1513 4506 1593 4541 schloß
1611 4507 1644 4541 sie
1661 4506 1888 4541 überdiensteiftig.

1134 4543 1229 4579 „Nein,
1251 4545 1327 4574 nein!
1353 4545 1446 4579 Nichts
1465 4553 1517 4575 von
1535 4547 1653 4582 alledem,
1673 4546 1809 4576 Marieken
1825 4545 1917 4579 Mahl¬

1081 4582 1146 4616 dorf.
1186 4583 1261 4616 Nicht
1280 4583 1373 4618 wahr?
1406 4585 1564 4619 Mahldors?
1597 4587 1652 4620 Ihr
1670 4586 1755 4615 Vater
1786 4593 1841 4615 war
1859 4585 1917 4619 doch

1081 4621 1123 4651 der
1143 4621 1243 4655 frühere
1262 4622 1441 4657 Totengräber
1458 4625 1488 4654 in
1504 4625 1630 4654 Klüw«?"

1134 4661 1190 4696 „Ja
1217 4662 1300 4696 gewiß
1325 4669 1357 4697 zu
1388 4663 1488 4698 dienen,
1520 4663 1588 4697 Herr
1605 4664 1684 4698 Graf.
1723 4664 1801 4694 Mein
1831 4664 1918 4699 seliger

1081 4700 1163 4731 Vater
1181 4701 1235 4730 und
1255 4704 1312 4730 wo«
1331 4701 1416 4730 meine
1433 4702 1507 4737 selige
1523 4702 1629 4732 Mutter
1645 4703 1676 4734 ist
1694 4703 1745 4724 —"

1134 4741 1204 4777 „Ein
1222 4741 1367 4776 andermal,
1400 4743 1477 4776 gutes
1494 4741 1641 4775 Hauskind.
1680 4742 1735 4771 Ein
1765 4742 1915 4771 andermal!

1081 4780 1177 4817 Sagen
1196 4781 1249 4811 Sie
1268 4782 1379 4811 drinnen
1396 4788 1444 4816 gar
1461 4781 1535 4816 nicht,
1568 4781 1622 4815 daß
1651 4781 1686 4813 ich
1711 4782 1746 4811 da
1766 4789 1829 4811 war.
1867 4781 1916 4816 Ich

1081 4821 1180 4851 komme
1197 4822 1271 4857 heute
1299 4821 1384 4851 abend
1413 4821 1474 4855 noch
1503 4821 1600 4850 einmal
1631 4820 1737 4850 wieder!
1773 4820 1836 4853 Also
1865 4821 1916 4849 das

1081 4861 1208 4897 Fräulein
1226 4862 1257 4896 ist
1276 4862 1312 4891 im
1330 4861 1454 4892 Garten?
1489 4861 1537 4892 Da
1554 4861 1638 4891 «erde
1664 4861 1699 4895 ich
1718 4860 1760 4895 ihr
1777 4860 1836 4890 dott
1855 4861 1915 4894 noch

1080 4902 1142 4931 eben
1161 4904 1240 4936 guten
1258 4902 1316 4937 Tag
1334 4901 1438 4936 sagen."

1134 4942 1189 4977 „O,
1211 4942 1263 4971 das
1283 4941 1348 4972 wird
1365 4942 1401 4976 sie
1417 4941 1472 4976 sehr
1488 4941 1590 4976 freue«!
1607 4941 1674 4977 Herr
1691 4940 1794 4974 Gras!"
1813 4940 1916 4971 betonte

1080 4981 1215 5012 Marieken
1234 4982 1298 5013 stark
1315 4982 1372 5012 und
1390 4982 1486 5014 machte
1503 4982 1736 5016 verständnisvolle
1753 4981 1855 5017 Augen.

1130 5022 1175 5057 In
1193 5022 1275 5054 ihrem
1293 5022 1363 5052 Blick
1379 5022 1485 5055 erschien
1513 5023 1556 5052 «in
1574 5022 1713 5058 Ausdruck,
1746 5024 1791 5050 al«
1822 5021 1854 5051 ob
1883 5021 1917 5054 sie

1080 5062 1156 5097 sagen
1174 5063 1278 5091 wollte:
1296 5063 1361 5097 „Ich
1380 5062 1496 5098 versteh«,
1517 5061 1554 5092 du
1571 5062 1619 5094 bist
1637 5062 1666 5092 in
1683 5063 1718 5095 sie
1736 5061 1807 5097 «gl
1825 5076 1859 5083 —
1876 5061 1918 5091 Es

1079 5101 1110 5136 ist
1127 5102 1191 5131 aber
1207 5102 1269 5135 auch
1287 5102 1343 5131 eine
1361 5101 1458 5131 Blume
1476 5110 1535 5136 zum
1555 5102 1676 5135 Pflücken
1681 5102 1705 5132 l"

1129 5141 1198 5176 Jarl
1215 5141 1278 5171 aber
1295 5141 1364 5175 warf
1380 5142 1422 5177 ihr
1437 5141 1513 5171 eine«
1532 5142 1611 5176 seiner
1628 5143 1684 5177 kur,
1693 5141 1919 5177 zurückwcisenden

1079 5180 1161 5216 «licke
1177 5189 1210 5216 ta
1227 5182 1283 5211 und
1300 5182 1384 5216 schritt
1403 5182 1468 5216 ohne
1485 5182 1571 5212 «dien
1588 5182 1653 5212 über
1669 5183 1720 5212 de»
1737 5181 1793 5217 Hvf
1821 5181 1851 5212 in
1868 5182 1916 5211 den

1096 5220 1213 5251 Gatten.

1130 5261 1192 5295 Ihn
1209 5261 1368 5298 beschäftigte
1385 5261 1455 5296 traft
1472 5262 1537 5295 nicht
1555 5262 1627 5295 leicht
1652 5261 1710 5292 mb
1738 5261 1825 5296 lange,
1858 5263 1916 5291 was

1079 5299 1157 5333 dieser
1175 5301 1237 5330 «der
1254 5302 1323 5337 jener
1341 5302 1438 5332 «eint,
1467 5303 1529 5332 «der
1545 5302 1624 5338 sag«.
1663 5302 1723 5332 Der
1752 5301 1833 5331 «Ne»
1863 5301 1917 5331 «e-

1078 5340 1175 5376 bahren
1194 5341 1304 5377 versetzte
1321 5341 1369 5375 ihn
1400 5342 1430 5371 in
1459 5342 1515 5373 eine
1543 5340 1723 5378 Unbehaglich«
1742 5340 1916 5379 Stimmung.

1078 5380 1118 5410 Et
1137 5381 1188 5418 gab
1207 5382 1262 5417 Ihm
1280 5389 1312 5418 zu
1329 5381 1435 5413 denken.

2018 4109 2083 4142 Leise
2101 4108 2249 4142 auftretend
2268 4108 2353 4142 schritt
2371 4116 2405 4142 er,
2438 4107 2483 4140 sich
2501 4107 2583 4138 rechts
2602 4107 2735 4142 wendend,
2757 4109 2804 4142 auf

1965 4149 2005 4178 die
2021 4149 2094 4178 Allee
2111 4156 2152 4183 zu.
2181 4148 2221 4177 Er
2237 4150 2388 4183 vermutete,
2404 4147 2456 4180 daß
2468 4148 2528 4176 dort
2546 4146 2622 4180 Tessa
2639 4147 2692 4180 sein
2711 4148 2801 4177 werde.

2018 4189 2087 4218 Aber
2104 4196 2132 4217 er
2149 4187 2214 4222 fand
2232 4187 2266 4221 sie
2285 4189 2368 4216 weder
2387 4187 2447 4223 hier,
2481 4186 2542 4219 noch
2571 4188 2599 4215 in
2618 4186 2687 4216 einer
2706 4187 2804 4216 andern

1966 4228 2072 4263 Gegend
2091 4228 2138 4257 deS
2157 4228 2278 4257 Gartens
2297 4228 2353 4256 und
2371 4228 2433 4262 ging
2463 4226 2558 4259 endlich
2589 4226 2682 4255 wieder
2700 4227 2748 4261 auf
2765 4227 2804 4256 die

1965 4268 2044 4304 Allee,
2066 4271 2120 4297 ttat
2139 4276 2174 4297 an
2193 4268 2247 4297 eine
2266 4268 2312 4296 der
2330 4268 2390 4296 dort
2408 4266 2574 4300 befindlichen
2593 4266 2691 4301 Bänke,
2723 4267 2803 4301 nahm

1966 4308 2060 4342 darauf
2078 4309 2150 4342 Platz
2169 4308 2223 4336 und
2242 4307 2294 4341 gab
2312 4307 2357 4341 sich
2377 4306 2459 4341 seinen
2479 4306 2621 4336 Gedanken
2640 4306 2695 4340 hin.

2017 4348 2058 4377 Es
2077 4348 2154 4381 störte
2172 4347 2225 4383 ihn,
2248 4347 2302 4380 daß
2311 4346 2421 4376 Eduard
2430 4346 2495 4379 nicht
2506 4345 2655 4381 gekommen
2675 4354 2733 4375 war
2749 4347 2804 4375 und

1965 4387 2023 4420 doch
2042 4386 2165 4421 empfand
2185 4394 2211 4415 er
2229 4386 2343 4415 darüber
2367 4386 2505 4415 wiederum
2536 4386 2592 4414 eine
2623 4386 2723 4420 gewisse
2752 4386 2805 4415 Be¬

1965 4427 2119 4462 friedigung.
2158 4426 2229 4462 Zum
2247 4427 2386 4460 erstenmal
2404 4425 2522 4459 entstand
2541 4428 2595 4454 aus
2626 4426 2669 4454 der
2687 4425 2803 4455 Enttäu¬

1964 4467 2060 4503 schung,
2094 4466 2169 4500 Tessa
2188 4466 2254 4499 nicht
2272 4474 2305 4501 zu
2323 4466 2420 4502 finden,
2454 4469 2506 4495 aus
2526 4465 2570 4494 der
2589 4464 2742 4501 Sehnsucht,
2776 4465 2804 4495 in

1964 4507 2031 4537 ihrer
2048 4507 2123 4541 Nähe
2142 4513 2173 4540 zu
2192 4506 2252 4542 sein,
2276 4506 2319 4535 ein
2338 4506 2417 4541 heftig
2435 4505 2588 4540 unruhiges,
2620 4506 2731 4534 andere«
2750 4505 2802 4534 Ge¬

1964 4546 2027 4581 fühl,
2049 4548 2100 4576 das
2119 4554 2147 4575 er
2165 4547 2231 4578 nicht
2249 4553 2280 4580 zu
2299 4545 2449 4578 bcmeistern
2468 4545 2615 4579 vermochte,
2637 4545 2689 4573 das
2707 4552 2735 4573 er
2743 4545 2804 4574 aber

1964 4586 2025 4619 auch
2044 4586 2096 4621 jetzt
2114 4585 2182 4618 nicht
2200 4585 2381 4614 unterdrücken
2400 4586 2495 4614 wollte.
2534 4584 2601 4612 Eine
2621 4585 2670 4613 mit
2688 4584 2803 4618 trotziger

1964 4625 2133 4660 Auflehnung
2151 4632 2229 4660 gegen
2247 4625 2288 4653 die
2307 4624 2537 4659 Unmöglichkeiten
2555 4623 2684 4658 gemischte
2696 4622 2801 4652 Leiden-

1964 4664 2038 4697 schaft
2055 4666 2136 4698 nahm
2156 4663 2331 4696 schrankenlos
2350 4671 2402 4692 von
2420 4663 2473 4696 ihm
2484 4662 2571 4695 Besitz.
2594 4662 2647 4690 Die
2665 4663 2728 4695 lang
2746 4662 2800 4690 und

1964 4703 2079 4736 künstlich
2097 4702 2314 4737 zurückgrstauten
2326 4701 2541 4735 Empfindungen
2560 4700 2742 4733 durchbrachen
2761 4701 2800 4729 die

1963 4741 2087 4771 Dämme.
2127 4741 2201 4770 Sein
2218 4741 2287 4770 Blut
2306 4748 2364 4769 war
2382 4741 2410 4769 in
2428 4740 2596 4774 Auftegung;
2624 4739 2667 4772 für
2684 4740 2741 4769 eine
2759 4748 2799 4774 ge¬

1963 4789 2052 4810 raume
2068 4781 2130 4815 Zeit
2148 4780 2215 4815 gabS
2232 4780 2301 4809 keine
2319 4779 2452 4814 Vernunft
2470 4778 2524 4809 und
2534 4779 2719 4814 Ueberlegung.
2739 4779 2801 4809 Nur

1963 4821 2033 4856 jenes
2052 4820 2199 4856 drängende
2217 4819 2325 4856 Gefühl,
2360 4820 2410 4848 das
2440 4827 2486 4848 um
2505 4819 2578 4854 jeden
2600 4818 2681 4852 Preis
2699 4819 2801 4854 besitzen

1963 4861 2025 4897 will,
2048 4861 2148 4894 erfüllte
2166 4859 2220 4894 ihn.
2241 4860 2302 4889 Und
2321 4860 2414 4889 immer
2433 4859 2526 4889 wieder
2544 4867 2575 4894 zu
2587 4858 2696 4889 Eduard
2706 4860 2801 4895 gingen

1963 4901 2026 4935 seine
2046 4900 2195 4930 Gedanken.

2015 4940 2054 4969 Er
2073 4940 2168 4975 wußte,
2190 4939 2243 4974 daß
2261 4947 2290 4969 er
2306 4940 2354 4974 sich
2371 4940 2426 4974 sehr
2443 4938 2575 4974 mißfällig
2593 4938 2656 4968 über
2685 4939 2732 4974 ihn
2762 4947 2802 4975 ge-

1964 4980 2055 5014 äußett
2073 4981 2152 5015 hatte,
2174 4980 2227 5013 daß
2245 4987 2272 5009 er
2290 4980 2337 5013 ihn
2356 4980 2421 5014 ohne
2438 4981 2555 5009 weitere«
2573 4982 2651 5009 unter
2668 4978 2709 5008 die
2738 4979 2802 5009 Ber-

1964 5022 2068 5051 lorenen
2086 5021 2142 5050 und
2160 5019 2333 5056 Abgethanen
2352 5020 2487 5055 geworfen.

2018 5061 2087 5097 „Am
2105 5060 2211 5090 Endel"
2230 5061 2370 5090 murmelte
2387 5060 2453 5095 Jarl
2479 5059 2525 5093 sich
2551 5058 2719 5095 selbstsüchtig
2749 5067 2804 5089 ver¬

1965 5100 2069 5138 lierend,
2103 5100 2185 5137 „habe
2214 5100 2249 5134 ich
2267 5101 2327 5134 doch
2345 5100 2407 5133 auch
2423 5100 2465 5129 ein
2483 5099 2570 5135 Recht,
2603 5099 2746 5133 menschlich
2775 5108 2805 5135 zu

1965 5141 2062 5175 fühlen.
2099 5140 2143 5171 ««
2161 5140 2208 5175 hat
2225 5141 2313 5170 keinen
2332 5139 2419 5176 Sinn,
2440 5140 2494 5173 daß
2512 5140 2557 5168 der
2575 5139 2631 5168 eine
2649 5139 2709 5170 Tell
2725 5140 2806 5170 allein

1965 5182 2042 5217 giebt»
2063 5180 2108 5210 der
2125 5180 2220 5210 andere
2238 5188 2291 5210 nur
2308 5181 2414 5210 nimmt.
2453 5179 2546 5210 Leitete
2575 5180 2640 5212 «ich
2658 5180 2730 5209 mein
2748 5182 2804 5209 red»

1965 5220 2040 5252 liches
2058 5220 2227 5256 Empfinden,
2249 5220 2301 5249 das
2308 5220 2388 5249 Glück
2405 5220 2449 5249 der
2466 5219 2558 5249 beiden
2576 5220 2645 5255 nicht
2660 5220 2693 5255 |H
2711 5219 2803 5256 stören,

1965 5261 2031 5291 nicht
2049 5261 2079 5291 in
2096 5262 2210 5295 fremde«
2227 5260 2373 5296 Eigentum
2389 5260 2569 5296 einzugreise»,
2602 5260 2630 5293 so
2660 5260 2754 5290 konnte
2771 5261 2807 5294 ich

1965 5301 2078 5336 dagegen
2096 5301 2166 5334 wohl
2184 5300 2214 5330 in
2231 5300 2363 5335 Anspruch
2381 5302 2499 5338 nehmen,
2529 5298 2584 5335 daß
2601 5307 2668 5329 man
2686 5300 2741 5330 mir
2757 5301 2807 5331 mit

1965 5340 2090 5373 Rücklicht
2108 5340 2241 5375 begegnet.'

2018 5380 2128 5419 »Dieser
2146 5379 2255 5411 Eduard
2274 5380 2307 5415 ist
2326 5380 2396 5412 einer
2413 5387 2466 5411 v»n
2490 5379 2566 5417 finen
2596 5380 2797 5417 pedantisch-kor

2850 4109 2933 4137 rekten
2952 4108 3095 4144 Menschen,
3130 4108 3169 4137 die
3187 4109 3234 4142 aus
3253 4109 3322 4137 alles
3352 4106 3496 4141 hochmütig
3526 4105 3687 4140 herabsehen,

2851 4151 2910 4177 was
2941 4148 3005 4181 nicht
3023 4151 3076 4177 aus
3107 4148 3248 4181 demselben
3279 4146 3531 4181 sieif.unbiegsamen
3552 4145 3619 4179 Holz
3647 4151 3692 4179 ge¬

2851 4187 2972 4221 schnitten
2989 4188 3027 4223 ist,
3051 4188 3099 4216 wie
3119 4188 3150 4221 sie
3168 4188 3248 4221 selbst.
3270 4188 3343 4217 Man
3360 4186 3502 4220 respektiett
3520 4185 3596 4219 solche
3602 4184 3689 4220 Leut«,

2851 4228 2912 4257 aber
2929 4227 2962 4260 sie
2980 4228 3037 4261 sind
3056 4229 3138 4257 einem
3158 4228 3299 4257 namenlos
3318 4225 3549 4260 unsympathisch."

2903 4267 2972 4300 Auch
2991 4267 3041 4296 das
3061 4267 3187 4301 Gespräch
3205 4268 3323 4302 zwischen
3342 4267 3394 4300 ihm
3413 4266 3468 4295 und
3476 4264 3559 4300 Tessa,
3581 4264 3691 4293 damal»

2850 4308 2898 4341 auf
2915 4307 2960 4335 der
2978 4306 3125 4341 Plattform
3144 4308 3189 4336 des
3207 4307 3387 4340 Waldturms,
3418 4305 3476 4334 kam
3494 4304 3561 4339 Jarl
3592 4304 3620 4332 in
3637 4303 3690 4332 Er¬

2850 4348 2988 4381 innerung.
3027 4347 3081 4377 Sie
3100 4347 3170 4381 hatte
3188 4347 3242 4381 ihm
3262 4347 3356 4381 gesagt,
3378 4345 3431 4379 daß
3450 4344 3483 4378 sie
3496 4343 3605 4373 Eduard
3623 4342 3691 4375 nicht

2850 4387 2921 4421 liebe,
2943 4386 2997 4415 und
3016 4394 3044 4415 er
3062 4387 3131 4421 hatte
3150 4386 3190 4421 ihr
3207 4389 3321 4422 geraten,
3355 4385 3400 4419 sich
3426 4392 3456 4419 zu
3476 4384 3562 4418 fügen.
3600 4381 3689 4410 Wenn

2850 4426 2901 4455 das
2919 4426 2982 4455 aber
2999 4426 3144 4461 unmöglich
3162 4426 3194 4460 sei
3213 4441 3246 4447 —
3266 4427 3292 4459 so
3311 4432 3368 4453 war
3385 4424 3450 4457 seine
3456 4423 3528 4452 Rede
3544 4428 3575 4456 zu
3594 4421 3691 4450 deutea

2850 4466 2960 4501 gewesen
2990 4480 3023 4487 —
3054 4466 3159 4499 so.solle
3176 4466 3209 4499 sie
3227 4465 3338 4494 Eduard
3364 4464 3419 4492 eine
3437 4463 3520 4495 offene
3539 4460 3691 4497 Erklamng

2849 4505 2936 4540 geben,
2959 4504 3010 4538 daß
3028 4505 3062 4538 sie
3080 4505 3134 4538 ihm
3153 4506 3218 4537 nicht
3237 4503 3384 4538 angehören
3403 4501 3494 4530 könne.

2902 4544 2958 4577 Auf
2975 4544 3037 4576 diese
3055 4544 3145 4573 Wotte
3164 4551 3219 4572 war
3237 4543 3313 4576 Tessa
3333 4542 3493 4575 verstummt,
3528 4540 3578 4569 wie
3608 4548 3689 4570 wenn

2848 4584 2930 4613 einem
2950 4583 3033 4617 Vogel
3051 4583 3158 4617 plötzlich
3188 4583 3232 4611 der
3262 4581 3330 4611 Laut
3357 4581 3385 4610 in
3415 4581 3460 4610 der
3477 4580 3556 4615 Kehle
3586 4580 3690 4616 erstickt,

2846 4623 2902 4651 und
2920 4623 2981 4654 auch
2999 4621 3038 4650 bei
3057 4622 3135 4655 dieser
3152 4622 3314 4657 Begegnung
3331 4620 3416 4655 (hatte
3445 4621 3480 4654 sie
3510 4620 3580 4650 keine
3610 4619 3694 4650 Silbe

2846 4661 2958 4690 darüber
2976 4660 3107 4696 geäußert.
3133 4661 3175 4690 Es
3194 4662 3272 4695 schien
3291 4660 3438 4695 überhaupt
3456 4660 3526 4690 alles
3543 4661 3573 4689 in
3592 4660 3635 4694 ihr
3651 4668 3693 4688 er«

2845 4702 2949 4734 loschen.
2988 4700 3042 4731 Sie
3060 4708 3118 4730 war
3135 4701 3189 4731 ihm
3208 4701 3308 4737 höflich,
3343 4701 3404 4730 aber
3434 4700 3485 4730 mit
3503 4701 3577 4729 toten
3594 4698 3693 4734 Auge«

2846 4740 2976 4776 begegnet.

2898 4780 3015 4814 Plötzlich
3034 4780 3112 4813 schien
3130 4780 3196 4816 Jarl
3214 4781 3283 4811 alle«
3301 4779 3433 4810 verloren!
3469 4778 3606 4813 Während
3629 4786 3693 4808 vor«

2845 4820 2904 4850 dem
2922 4820 2988 4853 seine
3006 4820 3149 4850 Gedanken
3167 4821 3212 4856 sich
3242 4822 3291 4856 auf
3309 4820 3436 4855 Verzicht«
3454 4820 3573 4855 gerichtet
3590 4819 3692 4855 hatten,

2846 4860 2886 4889 die
2904 4867 2932 4890 er
2948 4860 3015 4889 üben
3034 4862 3131 4897 wollte,
3164 4861 3260 4897 gingm
3291 4861 3325 4895 sie
3343 4868 3400 4890 nun
3418 4860 3510 4896 dahin,
3543 4859 3597 4892 daß
3615 4859 3693 4893 Test»

2846 4901 2892 4934 ihn
2911 4900 3024 4935 garnicht
3044 4902 3137 4930 wieder
3155 4902 3218 4931 lieb«
3248 4902 3304 4931 und
3330 4901 3382 4934 daß
3400 4900 3433 4934 sie
3452 4901 3497 4933 sich
3517 4902 3545 4929 tn
3563 4899 3632 4928 alles
3648 4907 3695 4934 ge»

2847 4939 2955 4976 sunden.
2976 4939 3010 4969 da
3028 4940 3141 4971 Eduard
3158 4942 3199 4971 bei
3215 4942 3262 4972 der
3279 4943 3367 4977 letzten
3375 4940 3633 4975 Wirderbegegnnn,
3650 4939 3697 4974 ihr

2849 4980 3013 5015 Schwanken
3030 4981 3073 5010 ein
3091 4981 3136 5014 für
3153 4983 3262 5012 allemal
3277 4981 3453 5011 überwunden
3473 4979 3546 5014 habe.

2902 5021 2964 5050 Und
2982 5023 3034 5051 au»
3051 5021 3217 5054 Widerstand
3235 5021 3357 5056 entstand
3375 5020 3424 5050 wie
3454 5019 3525 5054 stets,
3558 5018 3622 5051 auch
3650 5018 3696 5048 bei

2849 5060 2915 5096 ihm,
2936 5062 2980 5091 rin
2997 5061 3117 5096 erhöhte«
3130 5062 3272 5097 Begehren,
3292 5061 3350 5091 und
3366 5068 3398 5095 zu
3416 5059 3509 5092 diesem
3528 5058 3628 5093 gefillte
3645 5058 3694 5091 sich

2851 5116 2885 5122 -
2903 5100 2945 5130 die
2963 5101 3110 5136 «ijrrsucht.
3150 5101 3219 5136 Auch
3249 5100 3390 5134 Eifersucht
3419 5100 3491 5133 hatte
3516 5098 3563 5133 ihn
3582 5098 3693 5133 geleitet,

2851 5141 2897 5171 al«
2914 5148 2943 5170 er
2960 5142 3067 5171 vordem
3085 5141 3195 5171 Eduard
3212 5142 3325 5176 abfällig
3342 5138 3489 5169 beurteilte!

2904 5180 2979 5214 «ras
2995 5181 3083 5211 «dam
3101 5184 3197 5214 macht«
3215 5182 3261 5215 sich
3279 5182 3333 5211 da«
3349 5179 3470 5210 nüchtern
3488 5177 3543 5206 klar
3571 5175 3629 5205 und
3645 5175 3697 5210 saß

2852 5220 2943 5255 finster
2960 5221 3023 5251 über
3040 5221 3086 5255 sich
3104 5229 3136 5257 zu
3154 5222 3278 5256 Gerichte.
3300 5219 3342 5250 Er
3358 5220 3445 5248 wollt«
3462 5218 3548 5250 nicht«
3556 5215 3694 5246 Unreiae»

2851 5261 2881 5291 in
2900 5261 2946 5295 sich
2963 5261 3130 5295 auflommen
3147 5261 3234 5297 laste»,
3268 5260 3324 5290 und
3351 5258 3410 5291 doch
3428 5257 3510 5292 «ahm
3528 5257 3570 5286 die
3588 5255 3697 5286 Leiden»

2852 5301 2928 5336 schast
2946 5303 2996 5331 mit
3012 5303 3100 5337 allem,
3121 5304 3181 5331 wa«
3197 5303 3228 5331 in
3258 5301 3343 5335 ihre«
3360 5298 3479 5333 Gefolge,
3513 5297 3693 5331 schrankral»»

2853 5349 2906 5371 von
2924 5341 2979 5375 ihm
2998 5341 3085 5376 Besitz.
3124 5341 3163 5371 Sr
3192 5340 3235 5376 riß
3265 5341 3307 5371 die
3324 5338 3411 5374 Mütze
3439 5345 3494 5367 von
3510 5337 3571 5366 de«
3587 5336 3696 5371 Haupt,

2852 5382 2908 5412 «ad
2927 5380 2997 5417 strich
3014 5381 3067 5412 mit
3083 5382 3129 5412 der
3146 5380 3225 5417 Hand
3242 5380 3307 5411 »der
3325 5380 3367 5410 die
3383 5378 3499 5414 fiebernd
3516 5375 3589 5412 heiße
3600 5375 3694 5407 Stim.
