2599 3484
291 93 427 121 Jährlicher
442 95 681 124 PrLnumeratlont.
687 96 764 125 Prell

179 128 224 157 für
239 130 288 156 den
305 132 406 156 Kanton
418 131 519 161 Zürich,
542 134 604 159 acht
617 134 863 162 Schweizersrauke«.

1867 100 2187 131 Elnrückungs.Gebühren

1692 137 1770 166 sechs
1784 140 1839 167 gute
1846 140 1964 167 Area,er,
1987 141 2046 164 »»er
2058 141 2129 164 »ter
2143 140 2277 168 Schilling«
2290 141 2325 164 die
2335 141 2411 169 Zeile.

465 259 805 384 Reue
909 261 2117 412 Zürcher-Zcitililg.

203 523 430 581 Mittwoch
1178 532 1311 581 Nro.
1341 534 1396 581 90
1398 536 1412 578 »
1813 538 1888 574 den
1912 536 1948 575 9.
1973 535 2219 575 November
2245 535 2373 575 1825.

855 634 961 670 (Druck
981 633 1035 665 und
1054 634 1158 680 Verlag
1177 641 1228 665 von
1246 635 1368 672 Orrll,
1393 635 1495 671 Füßli
1521 634 1573 667 und
1598 638 1735 675 Komp.)

181 761 376 791 Schweijerische
399 765 627 793 Eidgenossenschaft
653 768 873 796 (Kriminalprozeß
894 770 919 792 in
936 769 1026 797 Luzern
1046 769 1095 792 und
1116 770 1219 793 andere»
1235 770 1304 796 mehr
1322 774 1370 793 von
1384 771 1424 793 da.
1459 771 1652 796 Rundschreiben
1666 771 1707 795 der
1722 771 1915 800 schweizerischen
1939 772 2141 803 gemeinnügigen
2157 774 2315 801 Gesellschaft.
2353 774 2424 799 Edikt

211 797 257 816 von
276 792 448 819 Außerrhoden
465 800 541 823 gegen
557 796 667 821 fremden
682 797 854 824 Kricg«dienss.
893 798 1005 821 Steuern
1020 799 1075 822 nach
1092 797 1264 825 Walpertwyl.
1303 799 1353 822 Tod
1369 798 1411 822 de«
1427 798 1471 826 Hr.
1486 800 1721 826 Necker-Saussure>.
1761 801 1876 827 Spanien
1891 801 2047 829 (Haussriede
2061 803 2095 826 im
2111 803 2231 827 Etkurtal.
2266 801 2423 831 Einführung

213 822 367 849 gedoppelter
385 823 573 852 Buchhaltung).
611 824 822 849 Großbritannien
839 825 1082 854 (Mannigfaltiger).
1113 826 1275 850 Niederlande
1291 827 1400 853 (Bayern
1417 828 1566 856 betreffend).
1604 828 1743 855 Srankreich
1769 829 1827 858 (Hr.
1840 830 1888 858 Zea
1908 824 1955 859 und
1971 824 2064 859 Herzog
2086 833 2133 858 von
2149 831 2294 859 Infantad».
2331 831 2422 857 Schuld

212 854 243 873 an
259 849 393 877 Amerika).
423 852 589 878 Deutschland.
619 853 720 880 Turkey.
749 854 956 883 Mannigfaltige«
974 854 1193 882 (Dampfmaschine
1208 853 1263 881 für«
1280 855 1461 882 Bratwürsten).

384 961 667 998 Schweizerische
693 961 1054 999 Eidgenosseuschaft.

212 1025 285 1056 Dem
304 1023 430 1060 täglichen
453 1026 527 1060 Math
550 1026 596 1055 deS
619 1026 742 1057 Standes
765 1028 806 1058 Lu
815 1033 892 1061 lern
919 1027 989 1057 ward
1008 1034 1052 1057 am
1071 1028 1100 1057 5.
1124 1029 1197 1060 Nov.
1218 1027 1273 1058 eine

152 1070 283 1106 Zuschrift
302 1071 347 1101 der
364 1072 726 1108 Zentralverhörkommission
748 1072 795 1102 des
811 1076 863 1104 aus
876 1074 989 1109 Auftrag
1006 1074 1135 1108 mehrerer
1152 1076 1273 1106 Kantone

153 1116 289 1152 geführten
307 1117 403 1153 großen
425 1119 657 1152 GaunerprozeffcS
682 1119 826 1153 vorgelegt,
860 1120 910 1149 mit
936 1120 979 1149 der
1002 1121 1130 1154 Anzeige,
1161 1120 1209 1156 daß
1230 1120 1272 1156 sich

154 1167 205 1194 aus
230 1164 278 1194 den
296 1164 465 1199 beharrlichen
489 1165 623 1201 Aussagen
650 1172 699 1195 von
724 1165 785 1199 fünf
804 1164 959 1201 implizirtcn
983 1166 1148 1201 Individuen
1169 1169 1271 1202 ergebe,

154 1211 184 1239 es
208 1210 246 1245 ftp
269 1210 309 1240 der
335 1210 470 1245 verewigte
484 1212 552 1247 Herr
572 1209 729 1244 Schultheiß
756 1212 842 1241 Keller
868 1219 911 1241 am
932 1211 1018 1247 späten
1042 1212 1131 1243 Abend
1156 1213 1201 1243 des
1225 1217 1260 1243 12
1263 1234 1271 1243 .

154 1256 351 1291 HerbstmonatS
373 1258 445 1286 1816
454 1274 461 1287 ,
495 1257 574 1292 theils
598 1258 671 1288 durch
696 1255 750 1291 sie,
783 1257 861 1291 theilS
884 1257 911 1287 in
931 1258 1010 1292 ihrem
1037 1258 1158 1292 Bepfepu
1183 1259 1209 1289 in
1232 1259 1272 1289 die

154 1303 231 1338 Meuß
259 1303 367 1337 gestürzt
396 1303 447 1332 und
471 1303 520 1337 daß
545 1302 625 1338 dieser
651 1304 734 1334 Mord
763 1303 809 1336 auf
834 1303 964 1337 Anstiftcn
991 1304 1034 1333 der
1053 1305 1153 1339 Herren
1174 1306 1272 1336 Doktor

154 1348 311 1384 Corragioni
331 1348 495 1384 (seitheriges
511 1348 641 1383 Mitglied
662 1349 707 1378 des
723 1348 846 1383 täglichen
865 1351 980 1383 Rathes)
1000 1350 1051 1379 und
1066 1350 1164 1385 Joseph
1173 1352 1272 1387 Pfyffer

153 1401 202 1425 von
208 1395 322 1431 Heidegg
331 1395 487 1430 (damaliger
497 1397 705 1426 Oberamtmann
716 1396 768 1424 und
777 1395 948 1431 gegenwärtig
957 1396 1089 1431 Mitglied
1099 1396 1147 1427 deS
1157 1398 1272 1428 Staats¬

153 1442 241 1475 raths)
252 1459 261 1473 ,
282 1442 368 1474 welche
383 1441 422 1470 die
435 1440 548 1472 Mörder
563 1441 633 1474 hiezu
648 1441 779 1476 gedungen
797 1440 905 1474 hätten,
923 1442 1013 1472 verübt
1026 1443 1129 1472 worden
1150 1444 1208 1478 ftp;
1229 1444 1271 1474 die

152 1486 415 1521 Verhörkommission
436 1488 567 1522 verlangte
584 1487 624 1517 die
638 1488 803 1521 Verhaftung
817 1488 861 1517 der
874 1493 1064 1522 vorgenannten
1077 1489 1272 1524 RathSglieder.

153 1533 211 1563 Der
228 1533 332 1568 tägliche
347 1534 419 1567 Rath
436 1533 545 1569 beschloß
564 1533 686 1569 hierauf,
714 1533 866 1569 gesetzlichen
896 1534 1070 1569 Vorschriften
1089 1535 1192 1571 zufolg,
1224 1537 1271 1565 den

152 1579 247 1614 großen
268 1579 339 1614 Rath
360 1579 409 1613 auf
426 1580 544 1614 Montag
562 1581 609 1609 den
629 1583 657 1609 7.
682 1581 755 1610 Nov.
773 1581 817 1613 bey
843 1579 925 1610 Eiden
946 1581 1090 1615 zusammen
1110 1588 1139 1613 zu
1157 1582 1270 1616 berufen,

152 1626 295 1661 demselben
307 1625 373 1659 diese
384 1625 584 1660 Angelegenheit
601 1633 629 1658 zu
652 1624 765 1660 eröffnen
783 1624 835 1655 und
858 1626 957 1660 darauf
971 1630 1148 1661 anzutragcn,
1169 1628 1216 1662 daß
1230 1628 1270 1657 die

153 1672 286 1707 beklagten
300 1678 367 1704 zwep
386 1672 571 1705 Ratbsglieder
586 1671 613 1700 in
631 1672 815 1705 Anklagestand
831 1672 917 1707 gesetzt
935 1673 988 1701 und
1007 1672 1048 1702 die
1064 1672 1187 1708 Führung
1200 1674 1271 1706 ihres

151 1718 302 1752 Prozesses,
335 1715 386 1746 mit
409 1716 556 1752 Vorbehalt
588 1717 631 1746 der
655 1716 820 1752 Judikatur,
850 1719 893 1747 der
916 1717 1271 1754 Zentralverhörkommission

151 1763 293 1798 übergeben
310 1764 403 1793 werde.
444 1762 566 1797 Sogleich
588 1763 692 1792 wurden
714 1762 755 1792 die
775 1763 869 1797 beyden
890 1764 1075 1798 RathSglieder
1096 1763 1123 1793 in
1142 1766 1270 1800 Arrestzu-

152 1810 223 1843 stand
243 1809 361 1844 versetzt:
391 1808 432 1838 bis
452 1808 499 1842 auf
517 1810 564 1838 den
584 1810 672 1839 Abend
693 1809 787 1842 fanden
807 1808 841 1843 sie
862 1808 905 1842 sich
925 1810 998 1841 durch
1020 1810 1095 1840 einen
1114 1811 1223 1846 Offizier
1241 1812 1269 1841 in

151 1856 223 1888 ihren
235 1856 409 1889 Wohnungen
424 1855 535 1886 bewacht
548 1856 600 1883 und
620 1855 723 1884 wurden
743 1855 810 1884 dann
835 1856 882 1889 auf
904 1857 950 1885 daS
972 1857 1115 1890 Rathhaus
1135 1856 1162 1886 in
1181 1856 1222 1887 die
1240 1865 1268 1891 zu

150 1901 245 1937 diesem
268 1901 358 1935 Behuf
376 1900 535 1935 bestimmten
555 1900 775 1935 Verhaftzimmer
794 1902 922 1936 gebracht.
959 1903 1028 1938 Ihre
1048 1902 1183 1937 Schriften
1202 1910 1268 1933 wur¬

150 1949 199 1977 den
220 1952 296 1978 unter
316 1947 411 1982 Siegel
431 1948 526 1982 gelegt.
576 1947 631 1977 Die
652 1947 699 1979 auf
723 1946 771 1975 Len
792 1950 818 1977 7.
840 1949 911 1978 Nov.
934 1948 1156 1983 ansgeschriebene
1175 1949 1269 1984 Konfe¬

149 2000 207 2028 renz
228 2000 315 2029 wegen
336 1994 382 2023 des
402 1986 633 2028 Gaunerproz'esses
655 1993 681 2023 in
701 1995 815 2026 Luzern,
836 1993 907 2024 wird,
922 1994 997 2029 durch
1019 1994 1066 2024 den
1085 1995 1135 2031 Hr.
1155 1997 1269 2026 Staats¬

147 2041 210 2075 rath
228 2041 334 2070 Eduard
352 2039 455 2074 Pfvffer
473 2046 524 2069 von
543 2038 693 2073 Altishofeu
715 2038 845 2074 präsidirt.

205 2088 263 2117 Der
275 2086 352 2115 kleine
367 2086 441 2119 Rath
454 2086 498 2115 des
515 2086 638 2121 Standes
656 2085 769 2121 Zürich
790 2086 835 2120 hat
850 2093 892 2116 am
908 2089 934 2116 5.
949 2087 1023 2117 Nov.
1040 2087 1088 2116 den
1102 2087 1153 2122 Hr.
1166 2088 1266 2122 Raths-

148 2134 224 2167 Herrn
242 2132 323 2165 Rahn
347 2140 380 2160 an
402 2132 440 2161 die
463 2132 604 2165 Konferenz
627 2131 656 2161 in
680 2134 792 2164 Luzern,
812 2133 975 2167 abgeordnet.
1014 2135 1082 2164 Auch
1109 2133 1152 2164 der
1174 2135 1265 2165 Stand

148 2179 297 2210 Bünden
319 2177 432 2213 beschickt
451 2177 491 2207 die
511 2178 674 2214 Konferenz;
696 2177 819 2214 Tessin
841 2178 964 2215 hingegen
984 2180 1029 2215 hat
1041 2179 1082 2209 die
1096 2180 1265 2216 Theiluahmc

148 2226 293 2263 abgelehnt.

206 2274 248 2309 In
268 2272 309 2302 der
329 2271 414 2304 Nacht
431 2277 489 2300 vom
506 2272 554 2300 30.
573 2270 619 2304 auf
637 2270 682 2300 den
704 2273 753 2300 31.
778 2272 889 2302 Oktober
913 2273 1023 2302 brannte
1047 2272 1096 2302 daS
1119 2273 1264 2308 Pfarrhaus

148 2319 177 2350 in
194 2318 359 2357 Hergiswpl,
389 2318 492 2349 Kanton
518 2316 746 2348 Nidwalden,
781 2325 843 2350 ganz
866 2319 906 2348 ab.
957 2320 1019 2349 Das
1040 2321 1123 2354 Feuer
1143 2320 1215 2354 hatte
1239 2320 1263 2354 so

148 2366 236 2403 schnell
257 2372 301 2395 um
321 2363 363 2398 sich
383 2362 521 2398 gegriffen,
542 2362 590 2398 daß
611 2362 678 2395 nicht
699 2363 749 2392 das
767 2363 898 2397 Mindeste
916 2369 1027 2398 gerettet
1042 2366 1142 2395 werden
1163 2366 1261 2396 konnte.

147 2412 228 2445 Nicht
247 2418 297 2442 nur
318 2410 403 2440 wurde
422 2411 486 2438 alles
504 2408 639 2441 Mobiliar
660 2408 716 2438 eine
731 2412 817 2440 Beute
839 2410 882 2439 der
899 2411 1048 2446 Flammen,
1071 2411 1179 2445 sondern
1193 2412 1261 2446 selbst

147 2461 196 2490 alle
216 2457 384 2496 Pfarrbücher
403 2455 527 2490 (Tauf-,
547 2456 663 2486 Tobten-
681 2456 734 2485 und
755 2456 909 2492 Chebücher)
930 2457 1037 2493 giengen
1057 2465 1086 2490 zu
1107 2458 1225 2488 Grunde.

205 2509 256 2537 Am
280 2504 368 2535 Abend
395 2503 441 2531 deS
463 2504 509 2532 31.
542 2503 611 2532 brach
642 2505 700 2534 auch
721 2504 802 2538 Feuer
830 2503 857 2534 in
882 2503 952 2534 einer
983 2506 1103 2537 Scheune
1131 2512 1180 2534 von
1206 2505 1261 2535 dem

147 2551 345 2586 Bruch-Kloster
372 2555 434 2584 ganz
460 2548 524 2580 nahe
551 2550 596 2581 bey
616 2551 741 2580 Luzern
769 2552 831 2580 aus.
881 2551 920 2581 ES
941 2551 1032 2586 gelang
1056 2550 1106 2583 d-S
1128 2552 1209 2587 Feuer
1231 2559 1260 2584 zu

146 2597 261 2633 löschen,
280 2598 343 2631 ohne
364 2595 412 2630 daß
432 2595 480 2623 das
501 2594 626 2625 Gebäude
647 2595 797 2629 namhaften
817 2596 938 2630 Schaden
959 2596 1014 2627 litt.
1052 2598 1132 2627 Ueber
1151 2599 1196 2627 den
1216 2599 1260 2628 Ur¬

146 2643 240 2678 sprung
271 2644 323 2673 und
349 2642 390 2672 die
410 2641 599 2675 Veranlassung
627 2640 711 2675 dieses
732 2642 855 2673 Brandes
880 2644 976 2673 walten
994 2644 1150 2679 mancherlep
1165 2645 1257 2677 Mutff

146 2688 310 2722 maßungen,
332 2689 386 2718 und
404 2687 470 2718 viele
490 2687 617 2722 glauben,
638 2687 694 2720 dass
717 2688 769 2717 mit
788 2688 881 2723 solchen
901 2689 1070 2724 Verwirrung
1090 2692 1257 2725 erzeugenden

146 2732 295 2769 Auftritte»
317 2734 357 2765 die
378 2735 529 2769 Befrepuog
548 2734 592 2763 der
609 2733 694 2763 vielen
715 2734 883 2769 Gefangenen
902 2735 1015 2770 versucht
1033 2736 1132 2765 werde«
1151 2736 1255 2769 möchte.

201 2780 264 2810 Von
278 2779 321 2809 der
334 2782 392 2817 nach
413 2780 526 2817 Zürich
544 2781 754 2815 übergegangnen
768 2780 895 2811 Direkt»«
913 2782 956 2817 der
978 2781 1257 2817 schweizerischen

144 2824 437 2863 gemeinnützigen
456 2826 701 2862 Gesellschaft,
715 2825 744 2861 ist
752 2826 848 2857 bereits
856 2831 959 2858 unterm
974 2830 1001 2858 S.
1013 2829 1125 2859 Oktober
1135 2828 1183 2859 da«
1199 2831 1257 2865 erste

144 2872 301 2909 dießjährige
325 2871 531 2903 Rundschreiben
553 2881 587 2903 an
610 2873 650 2903 die
672 2873 830 2908 Mitglieder
854 2874 922 2908 (ihre
947 2875 1013 2911 Zahl
1036 2875 1066 2909 ist
1086 2875 1256 2911 gegenwärtig

143 2923 213 2956 371)
231 2919 335 2953 erlassen
357 2917 475 2949 worden,
502 2920 600 2952 worin,
627 2920 707 2950 neben
728 2922 849 2953 anderm,
882 2920 922 2950 die
941 2920 1035 2955 nächste
1055 2921 1255 2957 Versammlung

143 2967 188 2999 der
211 2965 376 3002 Gesellschaft
397 2963 443 2997 auf
462 2963 508 2993 den
528 2968 563 2995 23
566 2985 575 2995 .
594 2967 647 2995 und
667 2968 716 2996 24.
738 2967 835 3001 August
854 2968 926 2997 1826
940 2967 1074 3003 festgesetzt
1096 2967 1127 3002 ist
1145 2970 1196 2998 und
1217 2969 1253 2998 die

141 3012 395 3052 Hauptgegenstände
420 3010 462 3039 der
481 3010 702 3046 Verhandlungen
732 3014 778 3043 deS
804 3014 966 3043 kommenden
989 3015 1090 3050 Jahres
1119 3014 1254 3048 bezeichnet

141 3062 254 3092 werden.
292 3059 380 3094 »Wir
392 3057 477 3090 halte«
492 3056 566 3090 dafür
587 3057 625 3091 (so
647 3057 731 3089 drückt
753 3058 794 3095 sich
813 3060 862 3090 das
880 3060 1086 3094 Rundschreiben
1105 3063 1186 3096 anS),
1206 3061 1253 3093 daß

141 3106 185 3147 sich
196 3106 293 3142 »nftre
313 3104 512 3139 anzustellenden
535 3103 757 3138 Untersuchungen
784 3113 834 3136 von
859 3108 929 3144 Jahr
955 3115 986 3141 zu
1004 3108 1074 3144 Jahr
1100 3115 1133 3137 an
1154 3107 1193 3137 die
1216 3109 1253 3138 be¬

139 3153 208 3185 reits
226 3153 390 3191 geschehe»««
415 3152 476 3185 nach
496 3148 663 3187 Crforderuiß
687 3149 842 3186 anschließen
864 3152 952 3189 sollen.
999 3155 1046 3186 Da
1066 3153 1116 3185 wir
1138 3162 1191 3185 nun
1218 3153 1254 3185 im

1311 938 1388 973 Fache
1410 937 1452 967 der
1472 939 1499 968 V
1510 938 1732 974 olkSbildnug
1750 942 1803 970 uns
1823 939 1859 970 im
1878 940 1983 975 vorigen
2002 941 2074 976 Jahr
2089 941 2139 972 mit
2156 942 2198 972 der
2217 943 2298 978 Frage
2317 942 2422 976 beschäf¬

1310 982 1394 1016 tigten
1405 987 1414 1012 :
1440 985 1497 1013 waS
1523 984 1619 1014 bereits
1639 984 1667 1014 in
1686 984 1789 1019 unftrm
1807 987 1969 1016 Vaterlande
1991 986 2034 1021 für
2056 985 2176 1023 Bildung
2196 988 2239 1018 der
2258 989 2423 1020 Schullehrer

1309 1028 1403 1062 gekhan
1423 1030 1544 1061 worden,
1565 1029 1589 1064 so
1608 1029 1698 1064 hätten
1720 1030 1768 1060 wir
1787 1031 1853 1064 nicht
1873 1038 1971 1066 ungern
1991 1032 2048 1067 jene
2064 1033 2252 1069 Untersuchung
2271 1034 2344 1066 darch
2365 1035 2422 1064 eine

1310 1073 1425 1108 Aufgabe
1447 1075 1669 1110 vervollständigt,
1700 1077 1789 1106 welche
1813 1076 1856 1111 sich
1882 1078 1929 1111 auf
1948 1078 1990 1107 die
2016 1078 2173 1114 Grondsähe
2198 1079 2303 1114 bezöge«
2332 1078 2423 1112 hätte,

1310 1121 1368 1151 nach
1393 1119 1472 1149 denen
1492 1120 1532 1150 die
1553 1121 1672 1156 Bildung
1691 1120 1892 1156 schweizerischer
1912 1124 2079 1158 Schullehrer
2099 1132 2128 1158 zu
2148 1124 2226 1155 leite«
2246 1125 2299 1159 se».
2334 1125 2421 1155 Allein

1309 1163 1356 1195 wir
1380 1165 1492 1199 fanden,
1526 1167 1572 1202 daß
1594 1166 1660 1201 diese
1682 1169 1764 1203 Frage
1784 1169 1945 1205 »vthwendig
1971 1173 2049 1199 unter
2073 1170 2223 1206 denjenigen
2244 1171 2303 1206 ftp«
2323 1173 2420 1203 werde,

1309 1210 1370 1240 über
1389 1212 1476 1243 welche
1502 1214 1554 1241 uns
1580 1212 1636 1242 eine
1657 1220 1685 1245 zu
1707 1215 1802 1246 Luzern
1826 1218 1950 1244 ernannte
1977 1214 2147 1251 Kommission
2173 1217 2217 1251 bep
2245 1217 2289 1246 der
2308 1216 2420 1251 nächsten

1308 1256 1509 1293 Versammlung
1533 1258 1639 1291 Bericht
1658 1259 1779 1293 erstatten
1798 1259 1883 1295 wird;
1911 1260 1960 1290 wir
1976 1261 2062 1297 setzten
2079 1264 2138 1294 auch
2154 1264 2267 1295 voraus,
2286 1262 2333 1296 daß
2354 1262 2420 1295 diese

1309 1301 1478 1338 Kommission
1506 1311 1541 1333 im
1563 1304 1640 1338 Laufe
1664 1304 1708 1334 des
1726 1305 1826 1341 JahreS
1842 1312 1892 1336 von
1906 1308 2027 1336 Keuoero
2046 1307 2118 1341 jenes
2138 1308 2329 1343 GegeustaadeS
2349 1310 2420 1340 Bep,

1310 1348 1382 1382 träge
1402 1349 1453 1377 und
1472 1349 1683 1385 Mittheilungen
1704 1352 1821 1385 erhalten
1846 1352 1943 1384 werde,
1975 1353 2028 1382 und
2052 1351 2164 1387 wählten
2187 1355 2332 1387 deSnahen,
2364 1362 2419 1383 ver¬

1310 1393 1400 1429 anlaßt
1420 1395 1491 1428 durch
1510 1396 1591 1431 einige
1610 1396 1744 1431 besondere
1764 1397 1941 1432 Rücksichten,
1974 1402 2025 1428 ans
2044 1399 2136 1436 diesem
2154 1403 2230 1437 Fache
2249 1400 2290 1430 die
2302 1401 2419 1436 folgenve

1308 1441 1405 1475 Frage:
1462 1442 1535 1471 Wie
1562 1450 1634 1476 mag
1666 1442 1718 1472 die
1746 1443 1938 1479 Adfassuug
1965 1446 2029 1474 und
2055 1446 2292 1481 Verbreitung
2318 1452 2418 1482 guter

1308 1486 1586 1522 Volksschriften
1619 1496 1667 1518 am
1697 1489 1974 1526 zweckmäßigste«
2004 1491 2127 1524 erzielt
2161 1493 2311 1522 werden?
2356 1492 2419 1524 Wir

1308 1531 1403 1561 denken
1421 1535 1491 1565 unS,
1513 1534 1560 1567 daß
1581 1534 1620 1564 die
1640 1534 1774 1570 gefälligen
1790 1536 1943 1567 Bearbeiter
1965 1536 2046 1571 dieser
2067 1539 2183 1573 Aufgabe
2202 1546 2252 1569 von
2270 1539 2417 1574 verschiede-

1308 1584 1359 1606 ueo
1379 1579 1583 1614 Standpunkten
1607 1583 1736 1615 auögehen
1760 1584 1880 1615 werden,
1911 1583 1986 1613 deren
2013 1582 2096 1613 keiner
2121 1587 2184 1619 ohne
2207 1585 2332 1621 Interesse
2357 1585 2416 1620 ftp«

1309 1625 1385 1653 kann.
1423 1625 1463 1655 Es
1487 1633 1545 1660 mag
1568 1626 1674 1661 dieselbe
1702 1627 1740 1656 im
1762 1628 1937 1664 Allgemeinen
1961 1630 2014 1659 und
2037 1631 2174 1665 umfassend
2196 1632 2329 1664 behandelt
2354 1639 2417 1662 wer¬

1309 1670 1373 1702 den,
1404 1669 1491 1700 indem
1510 1671 1550 1701 die
1568 1672 1761 1707 Eigenschaften
1780 1674 1909 1710 nützlicher
1929 1677 2153 1711 VolkSschrifteo,
2181 1680 2239 1710 nach
2259 1677 2326 1711 ihrer
2342 1680 2416 1713 allge¬

1307 1714 1409 1744 meinen
1432 1717 1484 1745 und
1503 1717 1641 1752 besonder«
1662 1718 1843 1755 Bestimmung
1864 1722 1917 1749 und
1939 1725 1999 1755 nach
2025 1721 2098 1756 ihren
2116 1725 2226 1758 Formen
2244 1722 2285 1752 die
2308 1723 2416 1754 Würdi¬

1307 1767 1375 1795 gung
1392 1761 1525 1795 erhalten:
1545 1762 1576 1797 sie
1595 1765 1660 1794 kann
1676 1765 1736 1794 aber
1761 1768 1819 1798 auch
1842 1766 1870 1795 in
1888 1766 1961 1801 ihren
1981 1767 2111 1800 einzelnen
2127 1770 2284 1800 Momenten
2303 1770 2414 1800 bearbei¬

1309 1810 1347 1836 tet
1365 1809 1475 1837 werden.
1528 1810 1586 1843 Sep
1610 1812 1639 1839 es
1662 1809 1701 1840 die
1724 1811 1898 1848 Schilderung
1923 1813 1968 1842 der
1988 1818 2066 1843 unter
2089 1815 2189 1849 unftrm
2208 1816 2288 1845 Volke
2315 1815 2414 1845 bereits

1308 1852 1433 1883 beliebte«
1450 1858 1529 1889 guten
1544 1855 1765 1891 Volksschriften,
1791 1858 1850 1888 oder
1866 1858 1908 1889 die
1924 1859 2017 1892 nähere
2040 1860 2216 1896 Bezeichnung
2238 1862 2284 1890 deö
2300 1862 2416 1892 Schlim¬

1307 1905 1381 1930 men,
1402 1900 1449 1929 daS
1468 1900 1587 1937 Eingang
1608 1902 1706 1938 findet,
1726 1902 1787 1933 oder
1804 1903 1845 1934 die
1864 1904 2028 1941 Aufzählung
2048 1906 2142 1942 dessen,
2163 1909 2217 1937 waS
2238 1907 2284 1937 deS
2303 1907 2415 1942 Einfüh-

1306 1947 1368 1974 renS
1384 1945 1481 1981 würdig
1503 1947 1585 1983 wäre;
1607 1948 1648 1983 ftp
1666 1950 1695 1978 eS
1716 1948 1758 1979 die
1779 1949 1963 1986 Nachweisung
1984 1951 2080 1986 dessen,
2101 1955 2158 1983 was
2176 1953 2293 1989 abgefaßt
2312 1954 2412 1984 werden

1308 1990 1395 2025 sollte,
1427 1992 1485 2022 oder
1515 1993 1556 2023 die
1585 1993 1722 2029 historische
1751 1997 1855 2030 Angabe
1885 1996 1933 2027 wie
1961 1998 1993 2028 da
2022 1999 2081 2028 oder
2102 1999 2161 2030 dort
2181 2001 2254 2034 durch
2278 2004 2337 2035 gute
2359 2001 2413 2031 und

1306 2036 1418 2073 schlechte
1433 2040 1601 2070 Volkslektur
1618 2040 1725 2076 gewirkt
1746 2042 1865 2077 worden;
1889 2043 1963 2078 sepen
1982 2046 2013 2073 eS
2027 2045 2155 2082 Versuche
2169 2046 2224 2076 und
2241 2046 2343 2082 Proben
2360 2054 2411 2076 von

1305 2082 1399 2118 solchen
1413 2085 1548 2120 Schriften
1568 2086 1657 2122 selbst,
1676 2089 1727 2117 aus
1747 2086 1835 2122 irgend
1856 2088 1942 2119 einem
1958 2090 2000 2120 der
2017 2090 2108 2127 Fächer
2127 2092 2170 2122 der
2188 2092 2410 2127 VolkSIiteratur;

1304 2129 1406 2166 betreffe
1427 2130 1467 2161 die
1486 2135 1607 2163 Antwort
1619 2131 1800 2170 hauptsächlich
1820 2126 1860 2164 dit
1882 2136 2055 2171 Maßregeln,
2076 2138 2124 2168 wie
2144 2139 2218 2173 solche
2235 2140 2324 2170 Lektur
2346 2140 2411 2175 nütz,

1305 2175 1350 2210 lich
1370 2182 1402 2209 zu
1423 2180 1524 2211 machen
1550 2179 1606 2214 ftp,
1632 2180 1692 2210 oder
1715 2179 1757 2210 die
1777 2180 1890 2213 Mittel,
1924 2181 1957 2217 sie
1978 2188 2053 2213 unter
2077 2184 2125 2214 daS
2148 2186 2213 2215 Volk
2233 2193 2264 2219 zu
2285 2185 2409 2221 bringen;

1305 2222 1462 2259 beschäftigte
1484 2223 1515 2260 sie
1538 2224 1581 2260 sich
1604 2226 1697 2259 endlich
1718 2233 1782 2261 ganz
1809 2228 1904 2261 speziell
1929 2229 1981 2259 mit
2005 2231 2047 2259 der
2071 2230 2229 2266 Erörrcrung
2250 2232 2293 2262 der
2311 2233 2409 2267 Wege,

1305 2271 1390 2304 welche
1409 2271 1497 2307 unsere
1515 2271 1678 2307 Gesellschaft
1701 2272 1773 2308 selbst
1794 2274 1835 2308 für
1853 2274 1893 2304 die
1910 2277 2037 2310 Auswahl
2056 2279 2115 2307 unss
2122 2278 2300 2313 Verbreitung
2317 2278 2409 2313 solcher

1304 2315 1438 2351 Schriften
1462 2318 1617 2354 einschlagen
1647 2318 1757 2350 könnte:
1787 2319 1876 2350 immer
1896 2323 1995 2351 werden
2019 2326 2069 2353 ans
2093 2324 2175 2359 diesen
2193 2325 2342 2360 Beyträgeu
2368 2326 2409 2354 be¬

1303 2364 1420 2396 lehrende
1440 2365 1636 2400 Bemerkungen
1658 2366 1711 2395 und
1734 2366 1910 2403 zweckmäßige
1927 2369 2079 2403 Vorschläge
2099 2372 2285 2406 hervvrgehen,
2317 2373 2407 2403 welche

1301 2415 1357 2440 zum
1380 2411 1518 2444 Vorwurfe
1538 2411 1692 2446 fruchtbarer
1708 2411 1886 2446 Wirksamkeit
1908 2415 1954 2443 des
1974 2415 2104 2446 Vereines
2122 2419 2221 2447 werden
2244 2416 2351 2447 können.
2371 2431 2406 2439 —

1301 2455 1350 2489 Im
1373 2456 1448 2492 Fache
1472 2458 1517 2488 deS
1549 2457 1838 2494 GewerbfleifseS
1869 2460 1977 2493 glauben
1997 2461 2044 2491 wir
2065 2463 2113 2492 den
2135 2464 2202 2498 Plan
2221 2464 2352 2499 festhalten
2375 2472 2407 2497 zu

1302 2501 1392 2534 sollen,
1413 2502 1469 2534 eine
1486 2503 1674 2540 Geschichte
1693 2504 1750 2535 der
1770 2505 2051 2541 schweizerischen
2068 2510 2244 2545 Industrie
2265 2510 2328 2544 feit
2348 2512 2404 2541 der

1300 2554 1425 2578 neuern
1444 2548 1523 2586 Zeit
1540 2556 1570 2582 zu
1592 2549 1709 2584 erzielen.
1760 2551 1825 2582 Eine
1845 2553 1920 2587 solche
1942 2554 2034 2585 Arbeit
2051 2555 2123 2588 hätte
2150 2556 2189 2586 die
2208 2556 2406 2592 geschichtliche»

1300 2593 1412 2626 Notizen
1430 2598 1480 2625 auS
1506 2595 1625 2631 frühere«
1647 2596 1793 2631 Perioden,
1821 2599 1853 2628 da
1878 2606 1915 2629 wo
1936 2598 1968 2634 sie
1991 2600 2079 2635 nithig
2100 2602 2200 2634 wären,
2220 2603 2287 2636 nicht
2308 2606 2403 2636 auSz»,

1300 2639 1435 2675 fchließen,
1469 2641 1506 2672 im
1527 2644 1634 2675 Ganzen
1653 2643 1713 2672 aber
1734 2644 1897 2680 Fingerzeige
1921 2646 1982 2676 über
2011 2648 2142 2685 dasjenige
2163 2657 2195 2683 zu
2221 2650 2317 2685 geben,
2346 2652 2402 2679 waS

1298 2685 1386 2720 unsere
1404 2687 1540 2723 Industrie
1564 2687 1661 2723 fördert
1677 2689 1738 2719 «der
1759 2690 1866 2726 hemmt.
1914 2694 1985 2729 Jene
2008 2694 2140 2730 Aufgabe,
2171 2695 2212 2726 die
2234 2696 2272 2726 im
2297 2696 2404 2731 vorigen

1298 2734 1380 2768 Jahre
1399 2732 1434 2763 im
1453 2735 1646 2771 Allgemeinen,
1664 2735 1840 2768 vorbereitend
1858 2738 1911 2768 und
1928 2738 2066 2770 einleitend
2085 2742 2226 2777 mifgestellt
2246 2750 2314 2776 war,
2335 2743 2401 2779 thel,

1297 2780 1337 2808 len
1359 2778 1407 2809 wir
1424 2786 1479 2810 nun
1499 2781 1570 2815 ihres
1590 2781 1716 2818 Umfangs
1732 2789 1831 2819 wegen,
1865 2783 1893 2815 kn
1912 2785 1970 2815 eine
1985 2786 2069 2821 Reihe
2088 2787 2212 2822 einzelner
2233 2790 2332 2825 Fragen
2349 2791 2401 2823 ad,

1297 2827 1384 2859 welche
1408 2829 1460 2857 unS
1476 2830 1588 2862 mehrere
1608 2829 1691 2864 Jahre
1717 2829 1884 2866 beschäftige»
1903 2831 2018 2867 können,
2044 2834 2097 2864 und
2120 2837 2178 2868 «ach
2198 2837 2248 2864 und
2268 2837 2328 2869 nach
2350 2843 2400 2866 ua,

1299 2872 1349 2904 sere
1375 2874 1523 2908 Gerberep,
1555 2873 1816 2911 Milchwirthftbaft,
1845 2877 2014 2913 Leinwand-,
2053 2881 2171 2914 Seide-,
2200 2883 2400 2916 Baumwolle,,

1296 2920 1572 2957 Wolle-Fabrikation,
1591 2922 1679 2956 unsere
1692 2924 1888 2959 Uhrmacherey,
1908 2932 1936 2954 ».
1962 2925 1983 2960 f.
2003 2932 2036 2955 w.
2055 2927 2175 2963 betreffen
2194 2929 2304 2958 werden.
2344 2929 2401 2966 Für

1296 2965 1352 3001 dieß
1369 2967 1432 2998 Mal
1450 2965 1540 3002 fragen
1554 2967 1620 3000 wir:
1660 2969 1812 3000 Welches
1832 2970 1906 3004 sind
1932 2972 1983 3001 die
2002 2973 2309 3010 Beränderungeu,
2341 2975 2400 3007 die

1296 3013 1328 3042 in
1357 3013 1413 3043 der
1444 3014 1591 3048 Schweiz
1620 3014 1672 3045 die
1700 3017 1879 3051 Gerberep
1909 3017 1977 3053 feit
2002 3020 2167 3057 ungefähr
2193 3024 2252 3051 den
2278 3024 2396 3059 letzten

1294 3059 1434 3095 drepßig
1460 3062 1593 3097 Jahren
1618 3062 1839 3096 durchlaufen
1867 3063 1945 3098 hat?
1971 3066 2107 3098 welches
2127 3067 2162 3103 ist
2180 3067 2214 3098 in
2233 3069 2398 3103 verfchie,

1294 3107 1398 3136 denen
1427 3108 1606 3138 Kantone«
1636 3106 1709 3141 ihre
1739 3109 1990 3147 gegenwärtige
2023 3114 2126 3148 Lage,
2165 3116 2229 3146 und
2260 3118 2396 3148 welches

1294 3152 1368 3187 find
1387 3152 1439 3184 die
1459 3155 1609 3190 Mittel,
1629 3155 1677 3192 sie
1694 3155 1731 3191 zu
1752 3155 1874 3191 heben?
1910 3158 1951 3190 SS
1967 3158 1996 3194 ist
2006 3159 2170 3196 wüuschhar,
2189 3162 2242 3198 dass
2256 3163 2297 3194 der
2309 3164 2336 3193 in
2350 3165 2394 3194 der
