3896 5551
69 109 161 165 M
197 107 273 169 51
371 108 571 174 Erstes
607 110 813 169 Blatt.

1481 108 1889 181 VinmöseMßkr
1925 107 2153 181 Zihr,,,,

2607 110 2939 175 Mittwoch.
2977 113 3073 171 L«.
3111 112 3393 184 Februar
3431 114 3605 176 1884.

83 236 923 637 Neue
979 230 3611 728 Lürcher-Zeituna

204 781 726 817 «bonnementSpretse.

617 828 631 848 5
640 826 738 848 Monat«.
761 825 891 851 ««on-te-i

616 853 624 855 '
666 855 687 876 5.
701 853 729 875 50
754 853 793 880 Ar.
807 855 841 876 10.
856 865 882 870 -

181 873 525 910 ___I_
541 901 546 903 .
624 901 633 906 .
664 881 685 903 6.
698 881 725 902 70
766 882 882 906 .11.60

79 910 115 932 io.
141 907 223 933 (btrette
238 907 355 936 Bestellung
368 910 402 931 bet
414 909 448 930 in
460 907 583 935 Cfbebttton

135 936 180 957 uni
195 934 265 962 8ejug
279 937 342 957 unter
354 935 519 960 Prwaiaireste)
540 950 546 957 .
574 950 580 956 .
623 949 633 959 .
662 935 684 957 7.
697 934 725 956 50
765 948 776 960 ,
805 936 840 958 14.

50 962 231 989 Deutjdjlanb
255 962 384 986 (Seitenuna
405 963 460 984 beim
478 962 581 987 Postamt»
607 961 654 983 TOf.
664 962 684 984 7.
700 973 723 978 —

51 989 338 1016 Oesterreich-Ungarn
351 989 415 1016 (Best.
425 991 447 1012 t>,
457 989 561 1014 Postamt)
577 989 654 1014 ft,5JB.
663 990 683 1010 5.
698 990 725 1010 10

51 1016 216 1042 Uraukrelch.
227 1015 338 1040 Aiateen
351 1017 398 1039 uni
410 1016 482 1043 übrige
493 1016 584 1038 Staaten

135 1044 173 1065 iel
187 1043 432 1069 Weltpostverein»
448 1044 529 1069 (bereite
544 1043 584 1065 Be-

135 1071 223 1099 peSung
235 1072 269 1094 bei
282 1071 317 1093 ier
331 1070 467 1098 Sipeiitton)
507 1086 513 1093 .
540 1085 546 1093 .
573 1086 581 1094 .
607 1070 647 1097 Fr.
657 1071 689 1092 U.
698 1070 727 1092 50
753 1070 790 1096 Fr.
804 1072 840 1093 21.
855 1082 880 1088 —

1801 785 1899 843 trnb

1040 873 1840 1101 schivchmschks
1912 878 2676 1090 ßmdrlsliktt.

3005 787 3476 825 S«sertion»srbühr.

2829 857 2875 883 Für
2888 857 2921 881 i>e
2934 857 3029 886 Schweiz
3042 860 3069 881 20
3082 858 3129 885 «p..
3144 833 3346 886 sür^ba^Aunäni
3361 862 3389 884 25
3400 862 3443 889 «p.
3457 863 3505 885 »ier
3519 865 3547 886 »0

3105 889 3142 912 per
3155 886 3296 915 sechrspatiige
3308 888 3375 915 Zelle.

2977 912 3100 938 Vertane*
3114 919 3141 936 ec.
3155 915 3225 939 (unter
3239 917 3284 936 iem
3297 914 3411 937 Redattion
3414 916 3500 943 »strich):

3044 940 3071 961 50
3080 939 3113 966 Rp
3136 944 3170 967 per
3182 942 3313 969 vtrrspatilge
3323 942 3437 970 Petit,eite.

2869 964 2968 992 Inserate
2985 969 3029 988 uni
3043 966 3155 989 Reelameu
3172 968 3217 994 stni
3230 969 3379 994 auischleeKI-.ch
3392 970 3524 995 eineusenien
3537 976 3566 993 an
3579 973 3613 996 iß«
3649 981 3655 993 -

2841 992 2944 1020 r«wei,.
2959 994 3184 1020 jtueu>»eru,urr«uj
3196 999 3238 1016 von
3251 995 3315 1023 #rcff
3327 987 3403 1020 »ü«li
3415 987 3436 1025 i
3449 998 3496 1025 tu.
3510 998 3538 1020 <*
3549 998 3642 1027 IM4,

3022 1020 3085 1046 Basel
3106 1022 3175 1047 Lern,
3187 1022 3306 1048 Lausanne,
3320 1022 3385 1050 Senf,
3393 1029 3420 1046 ,c.
3431 1029 3458 1046 re.

3037 1049 3108 1071 Nrei«
3121 1050 3161 1072 irr
3173 1050 3289 1077 einzelne»
3302 1052 3447 1073 Nummern:

2908 1074 3006 1101 Einfache
3020 1076 3049 1097 10
3062 1075 3107 1102 Sp.
3122 1078 3163 1099 mit
3177 1078 3264 1107 Beilage
3279 1079 3306 1100 15
3318 1078 3368 1104 «».,
3381 1079 3474 1104 ioppelte
3487 1078 3515 1101 20
3528 1078 3570 1105 ft».

110 1135 321 1188 ^ägkich,
349 1135 444 1176 mit
471 1135 781 1187 Ausnahme
810 1136 895 1176 öes
924 1135 1208 1188 Sonntags,
1236 1136 1541 1189 zweimalige
1567 1135 1827 1189 Ausgabe.

2043 1136 2271 1187 Würeau
2300 1138 2388 1178 6er
2415 1137 2724 1188 AeöaKtion:
2753 1138 3092 1192 Wrunngasse
3118 1140 3222 1192 Ar.
3250 1145 3283 1182 2
3309 1141 3372 1183 in
3396 1140 3593 1196 Zürich.

191 1280 255 1324 Ein
284 1279 463 1332 llrdtlstan-
493 1278 535 1320 im
564 1277 790 1329 Armknwksrn.

126 1367 157 1389 x.
193 1354 236 1387 Es
259 1353 294 1392 ist
317 1352 422 1392 endlich
448 1352 554 1385 einmal
578 1361 617 1384 an
641 1352 689 1384 der
712 1351 789 1391 Zeit,
820 1351 923 1392 hinzu-

55 1402 159 1440 weisen
182 1399 234 1438 auf
258 1398 338 1430 einen
360 1397 539 1438 Uebelstand,
567 1396 681 1436 welcher
709 1405 760 1437 zur
784 1396 924 1436 Erschwe¬

56 1456 137 1488 rung
161 1445 209 1476 der
233 1444 286 1475 den
310 1443 485 1477 Gemeinden
516 1442 699 1483 obliegenden
722 1442 925 1478 Armenlasten

55 1490 236 1532 Namhaftes
261 1489 395 1530 beiträgt,
421 1487 548 1527 welchem
572 1488 640 1520 aber
657 1486 759 1527 Gesetze
782 1487 842 1519 und
866 1487 925 1520 Be-

58 1538 170 1580 Hörden
204 1534 345 1574 machtlos
380 1533 638 1575 gegenüberstehen.
685 1533 728 1571 Je
761 1532 841 1572 mehr
877 1531 926 1571 seit

60 1585 139 1617 einer
162 1580 252 1620 Reihe
285 1585 343 1612 von
365 1579 484 1620 Jahren
517 1578 560 1611 die
583 1577 827 1618 Auswanderung
857 1577 926 1616 nach

56 1627 196 1663 Amerika
220 1624 374 1663 erleichtert
397 1624 481 1662 wird,
516 1625 600 1664 sogar
623 1622 709 1662 durch
732 1621 799 1662 freie
822 1621 927 1655 Urber-

59 1674 146 1716 sahrt
168 1670 237 1709 nach
263 1669 389 1711 gewissen
414 1669 569 1705 Kolonien,
606 1668 679 1707 desto
714 1666 845 1708 häufiger
870 1676 928 1699 em¬

60 1721 191 1760 pfangen
226 1715 449 1755 Armenpflegen
484 1714 527 1746 die
560 1712 733 1746 betrübende
766 1711 926 1752 Nachricht,

61 1764 123 1802 daß
147 1762 192 1795 ein
216 1759 377 1800 außerhalb
406 1760 454 1791 der
477 1757 737 1799 Heimatgemeinde
760 1757 929 1798 wohnender

61 1811 194 1848 Bürger,
220 1806 304 1844 Frau
320 1805 378 1838 und
396 1804 507 1837 Kinder
529 1804 560 1836 in
583 1803 677 1844 völlig
700 1803 835 1843 hülfloser
855 1803 930 1843 Lage

62 1851 279 1896 zurücklaffend,
314 1849 443 1890 heimlich
484 1848 571 1888 „über
606 1848 659 1880 den
696 1847 803 1889 großen
826 1847 924 1888 Bach"

63 1907 211 1943 gegangen
235 1895 280 1936 sei.
306 1896 356 1929 Da
379 1895 470 1936 fallen
494 1894 567 1927 denn
580 1894 632 1933 auf
645 1893 753 1926 einmal
769 1893 838 1931 vier,
863 1894 931 1934 fünf

63 1946 127 1979 und
150 1942 230 1983 mehr
265 1950 438 1981 unerzogene
462 1940 570 1973 Kinder
593 1940 656 1971 dem
679 1939 857 1980 Armengute
880 1948 932 1979 zur

61 1991 141 2029 Last,
166 1988 209 2020 die
220 1985 380 2027 Ausgaben
404 1985 543 2024 desselben
566 1985 685 2026 steigern
701 1983 751 2025 sich
763 1984 817 2017 mit
830 1984 932 2017 Einem

64 2035 195 2075 Schlage
229 2041 281 2064 um
317 2033 380 2063 500
405 2031 453 2064 bis
479 2032 563 2062 1000
588 2030 720 2069 Franken
755 2035 804 2066 per
838 2029 933 2070 Jahr,

64 2081 129 2115 und
141 2079 186 2110 die
201 2077 398 2115 Steuerquote
414 2076 487 2115 muß
502 2074 681 2114 beträchtlich
694 2074 794 2114 erhöht
810 2074 933 2106 werden.

138 2121 272 2162 Kürzlich
295 2121 348 2162 hat
369 2121 441 2161 solch
470 2121 516 2153 ein
538 2119 739 2160 gewifienloser
762 2119 935 2159 Hausvater

64 2175 153 2213 sogar
184 2168 238 2200 mit
263 2167 484 2207 Hinterlassung
509 2171 565 2198 von
577 2174 654 2197 neun
667 2164 936 2205 arbeitsunfähigen

67 2215 203 2251 Kindern
227 2213 281 2244 das
305 2211 399 2245 Weite
435 2210 551 2252 gesucht.
599 2211 641 2249 Je
675 2209 755 2250 tnehr
789 2218 853 2242 nun
889 2211 937 2241 der

70 2259 201 2300 Mangel
225 2267 265 2290 an
289 2256 375 2290 allem
400 2255 606 2298 Pflichtgefühl
640 2254 701 2287 und
733 2254 777 2287 die
801 2254 938 2294 Mißach¬

68 2312 147 2347 tung
179 2304 227 2336 der
261 2303 417 2343 theuersten
440 2302 553 2339 Bande,
590 2300 688 2340 welche
712 2299 862 2340 Menschen
887 2309 939 2332 an¬

72 2350 211 2387 einander
234 2348 340 2389 fesseln,
373 2347 523 2388 überhand
545 2346 675 2387 nehmen,
712 2345 783 2385 desto
808 2345 940 2386 häufiger

71 2397 186 2432 werden
209 2394 252 2426 die
269 2393 449 2432 Hausväter,
474 2391 571 2430 welche
593 2390 663 2431 nach
679 2389 849 2432 Gründung
865 2391 941 2423 einer

71 2439 249 2485 zahlreichen
274 2438 400 2476 Familie
423 2437 467 2469 die
484 2437 581 2477 Sorge
605 2437 655 2476 für
678 2434 792 2474 dieselbe
815 2441 873 2468 von
890 2435 941 2477 sich

71 2485 251 2527 abschütteln
275 2483 334 2515 und
358 2483 441 2524 ihren
457 2481 651 2522 Mitbürgern
671 2479 842 2521 aufbürden.
868 2481 942 2514 Eine

70 2532 162 2574 solche
185 2527 413 2569 Schändlichkeit
436 2526 505 2560 aber
528 2527 637 2567 müssen
659 2525 712 2567 sich
734 2525 777 2558 die
800 2525 943 2566 ehrbaren

71 2581 196 2618 Bürger
230 2574 343 2615 hülflos
377 2573 501 2614 gefallen
535 2572 633 2613 lassen.
681 2571 737 2604 Sie
760 2572 869 2613 müssen
893 2580 943 2611 zu-

71 2624 167 2667 sehen,
202 2620 254 2653 wie
279 2619 324 2651 ein
346 2617 624 2660 Pflichtvergessener
659 2618 705 2658 sie,
741 2615 783 2648 die
818 2616 944 2657 ohnehin

73 2670 135 2703 mit
170 2666 303 2699 Steuern
336 2662 557 2700 Ueberladenen,
593 2662 715 2703 zwingt,
751 2660 811 2701 ihm
846 2661 945 2702 Jahre

74 2717 152 2754 lang
175 2709 260 2744 Weib
284 2709 344 2741 und
369 2708 481 2741 Kinder
504 2717 539 2747 zu
562 2707 702 2748 erhalten.
725 2705 844 2738 Wollen
861 2708 946 2738 näm¬

74 2759 133 2798 lich
157 2757 200 2788 die
222 2754 446 2794 Armenpflegen
483 2753 534 2792 auf
569 2751 622 2784 den
646 2752 855 2784 Entronnenen
878 2751 947 2784 tele-

80 2800 226 2845 graphisch
250 2798 375 2840 fahnden
398 2799 497 2838 lassen,
533 2806 584 2829 um
619 2797 708 2835 seiner
742 2801 786 2828 wo
822 2795 947 2837 möglich

79 2855 137 2882 vor
159 2845 287 2885 Abfahrt
311 2844 359 2877 des
382 2842 507 2884 Schiffes
533 2841 600 2881 noch
624 2841 746 2883 habhaft
768 2850 802 2881 zu
825 2842 947 2879 werden,

76 2897 110 2935 so
133 2893 225 2925 lautet
245 2890 293 2922 der
305 2889 454 2929 Bescheid:
484 2887 559 2926 „Die
574 2887 691 2927 schweiz.
706 2886 840 2925 Konsuln
853 2887 885 2919 in
896 2887 950 2919 den

81 2936 291 2980 Hafenstädten
307 2935 426 2975 nehmen
446 2933 531 2974 solche
545 2933 690 2973 Aufträge
713 2930 788 2972 nicht
811 2941 861 2970 an,
883 2932 950 2965 weil

78 2987 132 3017 der
154 2980 322 3020 betreffende
344 2980 451 3017 Staat,
476 2988 499 3019 z.
525 2978 563 3011 B.
589 2976 761 3017 Frankreich
782 2977 851 3009 oder
873 2977 950 3018 Hol-

79 3028 164 3066 land,
201 3026 244 3059 die
275 3026 487 3066 Auslieferung
523 3024 570 3056 des
604 3022 795 3064 Jnhaftirten
831 3031 871 3055 an
906 3022 950 3055 die

75 3070 324 3116 Heimatbehörde
347 3070 520 3111 verweigern
544 3068 641 3101 würde
665 3068 698 3100 in
721 3067 867 3108 Betracht,
892 3067 950 3107 daß

81 3121 153 3154 laut
187 3116 240 3150 den
264 3116 533 3156 Staatsverträgen
566 3123 625 3146 nur
648 3112 819 3151 Verbrecher
846 3117 951 3154 ausge-

80 3165 180 3205 liefert
203 3161 344 3195 werden."
380 3162 449 3195 Das
473 3161 508 3200 ist
532 3158 667 3200 juristisch
691 3157 851 3200 allerdings
875 3158 952 3191 voll-

82 3213 214 3245 komnien
230 3207 396 3248 begründet.
422 3206 495 3239 Soll
520 3204 585 3238 aber
609 3214 660 3237 um
683 3203 834 3243 deßwillen
858 3203 951 3244 nichts

78 3255 191 3299 gethan
225 3252 346 3291 werden,
381 3252 443 3285 dem
478 3249 756 3291 beklagenswerthen
779 3249 951 3290 Uebelstand

81 3298 281 3341 abzuhelfen?

156 3344 225 3378 Wir
248 3344 357 3375 können
388 3347 448 3375 uns
472 3351 531 3374 nur
551 3341 619 3381 zwei
640 3340 729 3381 Wege
753 3349 803 3379 zur
826 3339 954 3380 Abhülfe

84 3392 204 3426 denken:
240 3388 391 3421 Entweder
427 3387 502 3427 sucht
537 3396 606 3419 man
641 3386 685 3418 die
708 3385 956 3426 Staatsverträge

84 3437 179 3478 dahin
201 3443 236 3474 zu
258 3435 406 3474 ergänzen,
444 3432 501 3472 daß
529 3441 597 3464 man
620 3430 673 3472 sich
695 3431 861 3472 gegenseitig
886 3430 955 3470 auch

84 3492 141 3525 zur
164 3479 372 3520 Auslieferung
405 3478 510 3518 solcher
533 3478 712 3517 Hausväter,
748 3476 845 3517 welche
869 3485 956 3509 uner-

86 3536 190 3570 zogene
218 3524 327 3558 Kinder
361 3523 508 3556 mittellos
542 3522 735 3563 zurücklassen,
772 3521 955 3562 verpflichtet,

86 3575 158 3607 oder
181 3580 251 3604 man
274 3569 380 3603 nimmt
403 3569 453 3601 eitt
472 3567 574 3608 solches
597 3567 762 3608 Verfahren
785 3574 843 3600 von
856 3567 957 3607 Haus¬

88 3621 196 3654 vätern
219 3624 305 3657 gegen
327 3614 387 3656 ihre
410 3613 559 3654 Familien
582 3613 642 3645 und
658 3612 958 3654 Heimatsgemeinden

89 3665 145 3705 auf
167 3664 253 3695 unter
277 3660 320 3693 die
343 3660 385 3693 im
407 3657 647 3700 Strafgesetzbuch
671 3658 863 3699 angeführten
882 3658 958 3691 Der-

90 3708 217 3750 brechen,
252 3707 312 3739 und
348 3706 393 3739 ein
417 3703 593 3743 Verbrechen
628 3704 663 3742 ist
687 3707 717 3736 es
740 3703 772 3735 in
795 3704 842 3737 der
867 3704 958 3744 That,

92 3754 165 3789 ein
188 3751 453 3791 Verbrechen
482 3758 610 3791 gegen
638 3748 703 3781 die
733 3748 961 3790 menschliche

93 3797 385 3840 Gesellschaft
419 3797 447 3835 so
477 3797 531 3835 gut
553 3794 601 3827 als
625 3793 723 3835 irgend
747 3793 831 3828 eines.
879 3794 961 3827 Oder

91 3847 157 3884 wie,
181 3844 259 3885 heißt
272 3843 326 3875 das
337 3842 411 3883 nicht
424 3841 467 3874 die
478 3839 738 3881 Heimatgemeinde
750 3848 800 3872 um
811 3840 962 3880 Hunderte

92 3892 155 3925 und
179 3888 327 3929 Tausende
349 3894 408 3922 von
420 3885 553 3927 Franken
575 3883 790 3922 berauben,
816 3892 900 3918 wenn
917 3885 963 3918 ein

92 3939 214 3978 Bürger
238 3933 323 3974 durch
345 3932 488 3975 heimliche
512 3931 615 3971 Flucht
638 3929 752 3970 dieselbe
776 3930 960 3972 zwingt,

966 1262 1027 1303 ihm
1050 1262 1093 1294 die
1116 1261 1272 1303 Ausgaben
1295 1264 1344 1302 für
1368 1263 1441 1302 seine
1463 1263 1590 1302 Familie
1615 1262 1828 1303 abzunehmen?

968 1307 1026 1340 Ein
1050 1306 1251 1348 gewöhnlicher
1276 1308 1350 1342 Dieb
1386 1307 1518 1348 erscheint
1551 1308 1727 1350 wahrhaftig
1761 1310 1830 1348 noch

968 1352 1091 1393 weniger
1103 1352 1222 1392 schlecht,
1246 1353 1283 1385 da
1299 1363 1328 1386 er
1343 1352 1388 1385 bei
1404 1354 1451 1385 der
1467 1353 1832 1396 Cigenthumsschädigung

968 1407 1055 1438 gegen
1071 1397 1182 1429 Andere
1199 1397 1273 1437 nicht
1296 1398 1364 1437 auch
1388 1398 1456 1438 noch
1472 1398 1517 1430 die
1532 1399 1677 1439 heiligsten
1690 1399 1832 1439 Pflichten

970 1443 1030 1474 und
1055 1441 1178 1482 Gefühle
1213 1443 1261 1475 der
1284 1443 1619 1483 Blutsverwandtschaft
1652 1443 1706 1476 mit
1730 1444 1834 1484 Füßen

970 1487 1048 1520 tritt.
1084 1487 1195 1520 Würde
1218 1488 1244 1525 so
1270 1488 1312 1521 ein
1329 1488 1449 1529 Bürger
1471 1488 1543 1529 seine
1557 1488 1835 1530 Hcimatsgemeinde

971 1542 1031 1564 nur
1064 1542 1117 1564 um
1143 1534 1205 1564 100
1230 1533 1283 1572 Fr.
1317 1533 1464 1574 bestehlen,
1501 1536 1574 1566 etwa
1609 1533 1693 1573 durch
1728 1535 1835 1568 Unter¬

973 1577 1136 1618 schlagung,
1171 1579 1198 1617 so
1227 1577 1390 1620 behandelte
1413 1588 1483 1611 man
1507 1579 1557 1620 ihn
1580 1579 1631 1612 als
1653 1578 1835 1619 Verbrecher.

972 1622 1044 1661 Daß
1056 1632 1085 1654 er
1098 1623 1133 1663 sie
1148 1622 1286 1664 hingegen
1308 1623 1393 1663 durch
1409 1624 1466 1664 sein
1481 1624 1644 1665 heimliches
1657 1625 1837 1664 Entweichen

974 1667 1136 1709 wissentlich
1167 1677 1219 1700 um
1242 1669 1388 1708 Tausende
1423 1669 1554 1710 schädigt,
1590 1670 1644 1709 soll
1677 1669 1737 1703 kein
1759 1670 1836 1704 Ver¬

973 1712 1086 1752 brechen
1109 1713 1188 1752 sein?
1236 1714 1313 1754 Doch
1349 1714 1404 1747 wir
1434 1715 1537 1748 wollen
1560 1719 1621 1747 uns
1643 1715 1739 1748 weiter
1761 1715 1838 1754 nicht

974 1758 1005 1791 in
1029 1758 1177 1799 juristische
1201 1758 1432 1801 Betrachtungen
1455 1760 1604 1793 verlieren.

1043 1803 1099 1836 Ein
1123 1803 1317 1845 Schutzmittel
1348 1814 1435 1846 gegen
1458 1806 1512 1838 das
1547 1805 1708 1846 dargelegte
1731 1804 1840 1844 Unheil

976 1848 1050 1880 wird
1073 1848 1221 1890 ausfindig
1256 1850 1381 1891 gemacht
1406 1850 1516 1882 werden
1539 1851 1658 1890 müssen,
1689 1856 1773 1882 wenn
1797 1849 1841 1881 die

976 1894 1176 1933 Armenlastcn
1201 1894 1248 1926 der
1273 1895 1447 1927 Gemeinden
1469 1895 1521 1935 sich
1556 1894 1642 1934 durch
1676 1894 1719 1926 die
1753 1894 1838 1927 über¬

976 1938 1206 1979 handnehmende
1230 1938 1493 1981 Gewissenlosigkeit
1518 1940 1641 1980 weniger
1671 1938 1844 1972 bemittelter

978 1984 1147 2024 Hausväter
1177 1983 1252 2023 nicht
1277 1985 1325 2017 ins
1349 1984 1567 2026 Unerträgliche
1590 1984 1710 2025 steigern
1745 1985 1843 2024 sollen.

980 2029 1063 2061 Man
1086 2029 1179 2061 wende
1203 2033 1261 2062 uns
1285 2029 1359 2069 nicht
1383 2030 1440 2067 ein,
1470 2033 1499 2062 cs
1524 2030 1559 2069 sei
1582 2029 1615 2070 ja
1638 2029 1697 2062 kein
1722 2030 1843 2068 Schade,

979 2079 1063 2106 wenn
1087 2073 1256 2115 dergleichen
1280 2075 1481 2116 Taugenichtse
1504 2075 1560 2107 das
1583 2074 1665 2108 Land
1687 2075 1845 2116 verlassen;

981 2119 1056 2150 denn
1079 2119 1122 2151 die
1145 2119 1313 2161 Erfahrung
1336 2120 1418 2161 zeigt,
1444 2120 1500 2160 daß
1524 2120 1610 2160 solche
1623 2120 1791 2160 Hausväter
1815 2121 1848 2152 in

981 2164 1030 2196 der
1053 2164 1142 2205 Regel
1163 2164 1269 2205 rüstige
1281 2165 1339 2197 und
1352 2165 1484 2206 geschickte
1495 2165 1631 2198 Arbeiter
1654 2165 1724 2206 sind,
1749 2165 1848 2205 welche

983 2209 1046 2249 ihre
1069 2209 1216 2249 Familien
1249 2210 1304 2244 mit
1339 2210 1437 2251 Ehren
1471 2210 1678 2251 durchbringen
1712 2211 1845 2248 könnten,

984 2261 1067 2286 wenn
1091 2256 1127 2295 sie
1150 2254 1216 2287 eben
1239 2264 1297 2288 nur
1320 2255 1414 2297 sähen,
1440 2256 1496 2294 daß
1521 2256 1557 2296 sie
1587 2256 1753 2296 müssen
1788 2256 1849 2288 und

984 2299 1071 2340 ihnen
1094 2300 1258 2341 unmöglich
1290 2301 1334 2341 sei,
1371 2301 1454 2342 ihren
1484 2301 1611 2334 Gatten-
1646 2301 1706 2333 und
1742 2301 1852 2335 Bater-

985 2345 1127 2385 pflichten,
1158 2354 1209 2378 uni
1233 2345 1281 2378 der
1313 2346 1460 2387 mehreren
1481 2346 1719 2387 Bequemlichkeit
1753 2346 1853 2380 willen

986 2400 1020 2431 zu
1057 2391 1218 2424 entrinnen.
1273 2392 1315 2424 Es
1350 2391 1423 2424 wird
1460 2401 1545 2433 gegen
1579 2391 1722 2432 derartige
1757 2392 1853 2430 Maß¬

986 2437 1084 2477 regeln
1108 2436 1175 2476 auch
1198 2435 1272 2475 nicht
1296 2436 1483 2478 eingewendet
1506 2437 1630 2475 werden,
1666 2436 1723 2477 daß
1747 2438 1782 2478 sie
1806 2436 1854 2469 der

987 2481 1176 2521 Persönlichen
1200 2482 1325 2523 Freiheit
1347 2492 1383 2522 zu
1406 2482 1481 2523 nahe
1503 2484 1618 2523 treten;
1642 2482 1715 2515 denn
1740 2482 1783 2515 die
1795 2482 1854 2515 Be¬

986 2527 1160 2568 schränkung
1182 2526 1231 2559 der
1253 2527 1445 2568 persönlichen
1466 2527 1594 2568 Freiheit
1619 2527 1703 2566 durch
1716 2527 1856 2568 Rücksicht

988 2573 1040 2612 auf
1064 2572 1118 2605 das
1142 2571 1339 2613 Gemeinwohl
1374 2573 1434 2605 und
1458 2573 1505 2605 des
1540 2572 1658 2612 Rechtes
1693 2572 1777 2613 durch
1813 2572 1857 2605 die

988 2617 1096 2658 Pflicht
1120 2617 1219 2659 gehört
1242 2627 1276 2657 zu
1301 2618 1352 2651 den
1386 2617 1513 2658 obersten
1549 2618 1742 2659 Grundsätzen
1776 2618 1854 2659 jedes

989 2663 1217 2702 Staatswesens.
1264 2663 1332 2695 Wie
1355 2663 1496 2700 vollends,
1523 2669 1606 2695 wenn
1632 2663 1675 2696 ein
1686 2664 1858 2703 Hausvater

990 2708 1034 2740 die
1059 2708 1171 2740 Seinen
1195 2707 1332 2749 verlassen
1355 2708 1446 2749 hätte,
1481 2718 1532 2741 um
1556 2708 1607 2749 sich
1631 2708 1698 2747 nach
1722 2709 1859 2743 Batavia

992 2752 1146 2785 anwerben
1167 2761 1202 2792 zu
1225 2753 1340 2795 lassen?
1387 2754 1496 2793 Dürfte
1521 2754 1558 2785 da
1582 2754 1644 2785 eine
1654 2753 1861 2795 Verwendung

993 2797 1042 2830 des
1066 2797 1286 2838 Bundesrathes
1309 2798 1352 2831 bei
1387 2798 1436 2830 der
1472 2798 1640 2839 Regierung
1669 2798 1717 2831 der
1741 2799 1860 2832 Nieder-

993 2843 1080 2875 lande
1103 2843 1177 2883 nicht
1213 2843 1415 2885 gerechtfertigt
1452 2843 1612 2883 erscheinen,
1649 2843 1771 2885 obgleich
1794 2844 1861 2885 hin¬

994 2888 1113 2930 sichtlich
1137 2889 1225 2929 dessen
1249 2888 1319 2921 keine
1338 2889 1585 2930 Staatsverträge
1610 2888 1765 2929 existiren?
1789 2889 1862 2923 Wir

996 2933 1131 2974 glauben,
1155 2938 1184 2967 es
1208 2933 1303 2976 dürfte
1325 2934 1441 2975 dieselbe
1464 2934 1558 2966 keinen
1572 2934 1705 2974 Anstand
1729 2935 1861 2975 nehmen,

995 2980 1049 3012 den
1071 2978 1305 3020 Angeworbenen
1326 2989 1412 3021 gegen
1435 2980 1672 3021 Rückerstattung
1694 2979 1744 3013 der
1756 2981 1864 3021 Kosten

994 3025 1083 3064 seiner
1107 3024 1234 3064 Familie
1263 3025 1364 3058 wieder
1399 3024 1628 3066 zurückzugeben,
1664 3026 1691 3065 so
1716 3025 1807 3066 gewiß
1833 3030 1863 3059 es

996 3071 1058 3103 eine
1080 3069 1235 3110 öffentliche
1258 3070 1366 3103 Moral
1389 3069 1463 3112 gibt,
1497 3075 1553 3103 vor
1575 3070 1690 3110 welcher
1713 3071 1765 3112 sich
1789 3071 1860 3110 auch

996 3115 1039 3148 die
1063 3116 1207 3157 Regenten
1230 3124 1263 3155 zu
1287 3116 1395 3157 beugen
1417 3115 1521 3157 haben.

997 3218 1259 3271 Verhandlungen
1287 3220 1342 3262 des
1361 3218 1574 3272 zürcherischen
1592 3218 1866 3272 Kautonsrathes.

1234 3281 1346 3318 Sitzung
1364 3290 1424 3312 vom
1446 3281 1487 3312 19.
1504 3281 1632 3317 Februar.

1071 3327 1128 3357 Der
1164 3326 1343 3362 Kantonsralh
1388 3327 1534 3360 behandelte
1570 3328 1598 3357 in
1636 3327 1715 3361 seiner
1751 3329 1869 3365 heutigen

999 3368 1113 3403 Sitzung
1132 3367 1180 3396 das
1208 3367 1337 3404 wichtigste
1365 3367 1546 3398 Traktandum
1566 3367 1609 3398 der
1630 3376 1725 3403 ganzen
1744 3369 1870 3405 Session':

999 3409 1037 3438 die
1058 3408 1279 3442 Liquidation
1300 3412 1354 3438 der
1364 3408 1750 3442 Nationalbahnschuld.
1771 3410 1869 3445 Oberst

999 3449 1037 3478 M
1047 3457 1060 3478 e
1069 3449 1078 3478 i
1087 3449 1108 3483 st
1117 3457 1130 3478 e
1137 3457 1153 3478 r
1169 3448 1318 3484 verließden
1325 3449 1628 3484 Präsidentenstuhl.um
1639 3450 1682 3479 als
1692 3450 1869 3486 Vorsitzender

1000 3490 1043 3519 der
1063 3489 1234 3523 Kommission
1252 3497 1281 3526 zu
1301 3490 1429 3525 referiren.
1456 3490 1495 3520 Er
1513 3490 1659 3524 konstatirte
1676 3491 1797 3528 zunächst,
1817 3492 1868 3526 daß

1001 3529 1039 3559 die
1057 3529 1230 3564 Kommission
1248 3532 1316 3561 allen
1334 3531 1470 3566 Anträgen
1487 3530 1533 3560 des
1552 3531 1805 3566 Negicrungsrathcs
1826 3540 1869 3567 zu¬

1002 3571 1102 3604 stimme
1132 3571 1185 3600 und
1217 3571 1366 3608 begründete
1397 3571 1495 3603 sodann
1525 3572 1556 3600 in
1573 3571 1872 3609 anderthalbstündigem

1002 3611 1132 3647 Vortrage
1164 3611 1239 3641 deren
1257 3612 1438 3646 Standpunkt.
1476 3612 1514 3642 Er
1542 3612 1590 3645 gab
1630 3612 1707 3647 zuerst
1727 3613 1782 3643 eine
1800 3614 1869 3643 klare

1003 3653 1175 3687 Darstellung
1192 3653 1237 3682 der
1256 3652 1444 3688 geschichtlichen
1463 3652 1641 3689 Entwicklung
1659 3653 1701 3682 der
1713 3653 1873 3689 Angelegen¬

1004 3694 1054 3728 heit
1073 3694 1115 3723 der
1128 3693 1522 3730 Nationalbahngarantieschuld
1543 3694 1586 3728 seit
1604 3693 1662 3723 dem
1674 3694 1700 3724 3.
1709 3694 1782 3729 Juni
1793 3695 1873 3730 1883,

1004 3734 1062 3764 dem
1079 3735 1156 3771 Tage,
1189 3734 1222 3764 da
1241 3734 1285 3768 sich
1304 3735 1346 3765 der
1363 3734 1707 3771 zürcherischeKantonsrath
1725 3744 1783 3770 zum
1793 3736 1875 3771 ersten

1005 3776 1072 3806 Mal
1089 3776 1137 3805 mit
1155 3775 1197 3805 der
1217 3775 1299 3809 Sache
1318 3776 1478 3811 beschäftigte.
1495 3775 1554 3805 Der
1564 3775 1687 3810 Beschluß
1698 3775 1741 3806 der
1751 3776 1875 3806 Bundes¬

1006 3816 1197 3851 versammlung
1226 3823 1285 3846 vom
1304 3816 1348 3845 21.
1367 3815 1504 3851 Dezember
1524 3815 1597 3844 1883
1625 3815 1658 3849 ist
1683 3816 1726 3846 der
1744 3817 1875 3853 Ausgang

1006 3857 1051 3887 der
1070 3856 1154 3890 Sache
1174 3864 1222 3886 vor
1240 3856 1288 3886 den
1307 3856 1544 3891 Bundesbehörden
1563 3855 1617 3886 und
1637 3856 1706 3891 heute
1723 3857 1805 3892 stehen
1825 3858 1876 3887 wir

1007 3906 1066 3927 nun
1084 3906 1133 3928 vor
1150 3897 1192 3927 der
1209 3897 1313 3934 Frage:
1331 3897 1430 3928 Sollen
1451 3897 1500 3926 wir
1518 3900 1575 3926 uns
1591 3897 1719 3931 zufrieden
1737 3899 1815 3933 geben
1826 3898 1878 3927 mit

1007 3939 1050 3968 der
1069 3938 1237 3974 Vcrtheilung
1255 3939 1299 3968 des
1318 3938 1461 3973 Anleihens
1488 3938 1543 3968 und
1574 3938 1620 3967 wie
1640 3938 1687 3973 soll
1706 3937 1749 3968 der
1768 3938 1877 3969 Kanton

1873 1263 1913 1292 die
1930 1263 1988 1297 Last
2006 1264 2053 1293 mit
2072 1263 2236 1299 Winterthur
2253 1264 2344 1298 thcilen
2356 1264 2371 1294 ?
2389 1264 2434 1299 Ist
2453 1263 2497 1293 der
2514 1264 2560 1299 auf
2578 1264 2625 1294 den
2636 1264 2743 1296 Kanton

1874 1303 1969 1339 Zürich
1987 1303 2096 1334 fallende
2114 1304 2188 1337 Theil
2215 1305 2240 1338 so
2258 1304 2331 1340 groß,
2350 1304 2401 1338 daß
2420 1313 2445 1333 er
2465 1304 2668 1340 zurückgewiesen
2682 1314 2744 1335 wer¬

1875 1345 1923 1373 den
1941 1343 2007 1377 muß
2032 1344 2087 1373 und
2105 1344 2152 1377 soll
2170 1343 2263 1380 Zürich
2283 1345 2342 1377 bloß
2361 1344 2478 1378 dcßhalb,
2507 1345 2563 1374 weil
2582 1345 2619 1375 im
2638 1345 2744 1381 Aargau

1876 1383 2097 1417 Schwierigkeiten
2114 1391 2143 1418 zu
2154 1383 2320 1414 überwinden
2329 1384 2396 1417 sind,
2405 1384 2460 1413 eine
2473 1385 2746 1421 unverhältnißmäßig

1879 1424 1958 1459 große
1977 1423 2078 1457 Schuld
2095 1424 2262 1458 annehmen?
2281 1424 2337 1454 Der
2356 1424 2463 1455 Kanton
2475 1424 2569 1460 Zürich
2587 1426 2629 1459 hat
2648 1426 2692 1460 für
2708 1427 2746 1456 die

1878 1464 2077 1497 Nationalbahn
2094 1464 2240 1498 3,341,000
2263 1464 2313 1499 Fr.
2340 1464 2507 1499 ausgegeben.
2544 1474 2571 1494 er
2601 1466 2642 1498 hat
2672 1466 2747 1501 dieser

1879 1504 1997 1533 Summe
2015 1504 2088 1533 einen
2106 1503 2241 1539 jährlichen
2252 1504 2362 1539 Beitrag
2382 1504 2542 1540 hinzugefügt
2562 1505 2590 1534 in
2609 1506 2652 1535 der
2665 1506 2748 1542 Form

1878 1544 1925 1573 des
1942 1544 2158 1579 dreiprozcntigen
2167 1544 2512 1577 Ein-Millionenanleihcns
2529 1553 2565 1574 an
2579 1545 2749 1579 Winterthur.

1880 1584 1958 1619 Dazu
1976 1584 2092 1614 kommen
2110 1584 2149 1614 die
2167 1583 2289 1619 Beiträge
2307 1585 2349 1614 der
2368 1584 2549 1617 Gemeinden,
2581 1585 2608 1619 so
2638 1585 2687 1620 daß
2705 1586 2750 1620 sich

1880 1625 1920 1654 die
1946 1624 2096 1659 Leistungen
2132 1625 2178 1653 des
2209 1624 2324 1655 Staates
2360 1625 2416 1654 und
2451 1624 2495 1654 der
2524 1625 2683 1656 Gemeinden
2704 1627 2749 1661 auf

1882 1665 2041 1699 14,345,011
2062 1665 2109 1700 Fr.
2127 1665 2254 1698 belaufen.
2273 1665 2326 1696 Die
2343 1664 2518 1699 Kommission
2537 1665 2581 1698 hat
2601 1666 2640 1694 die
2657 1666 2750 1703 Frage,

1883 1706 1916 1735 ob
1925 1705 2018 1741 Zürich
2036 1705 2174 1741 angesichts
2192 1705 2269 1740 dieser
2279 1713 2403 1735 enormen
2410 1706 2496 1740 Opfer
2507 1706 2566 1739 noch
2579 1706 2620 1735 ein
2629 1705 2751 1737 Weiteres

1883 1747 1949 1779 thun
1969 1746 2036 1779 solle,
2055 1746 2104 1775 mit
2122 1745 2163 1780 Ja
2192 1746 2366 1775 beantwortet.
2403 1746 2465 1775 Aus
2492 1746 2538 1775 den
2556 1746 2650 1782 Voten,
2669 1748 2706 1777 die
2724 1749 2753 1777 in

1883 1786 1933 1816 den
1950 1786 2054 1821 Räthen
2074 1786 2182 1821 gefalle»
2211 1787 2276 1822 sind,
2306 1787 2397 1816 konnte
2425 1795 2489 1816 man
2516 1786 2677 1823 entnehmen,
2704 1789 2754 1823 daß

1885 1827 2017 1857 Niemand
2035 1828 2118 1856 daran
2137 1827 2242 1861 zweifle,
2270 1827 2365 1863 Zürich
2385 1827 2466 1857 werde
2484 1830 2512 1856 cs
2530 1828 2667 1864 vorziel,en,
2695 1830 2755 1864 noch

1886 1868 1993 1903 größere
2012 1867 2095 1902 Opfer
2112 1876 2142 1902 zu
2161 1867 2279 1903 bringen,
2310 1876 2362 1897 nur
2381 1876 2428 1897 um
2445 1867 2539 1902 endlich
2557 1868 2596 1897 die
2614 1868 2698 1905 Frage
2716 1879 2756 1905 ge¬

1887 1909 1941 1938 löst
1959 1916 1989 1943 zu
2009 1909 2087 1942 sehen,
2106 1909 2146 1937 die
2164 1908 2231 1943 nicht
2250 1908 2311 1941 bloß
2329 1909 2383 1938 eine
2402 1908 2487 1944 Frage
2512 1908 2556 1938 des
2576 1908 2681 1943 Geldes,
2700 1910 2757 1941 son¬

1887 1950 1950 1979 dern
1969 1949 2023 1979 eine
2040 1948 2114 1983 solche
2132 1948 2176 1977 der
2194 1949 2262 1982 Ehre
2281 1949 2320 1983 ist.
2338 1948 2433 1985 Zürich
2451 1949 2538 1978 würde
2556 1948 2602 1982 sich
2621 1949 2691 1985 selbst
2705 1959 2754 1980 un¬

1888 1992 1946 2019 treu
1964 1988 2075 2023 werden,
2093 1989 2178 2019 wollte
2206 1992 2235 2019 es
2259 1990 2314 2019 eine
2331 1989 2423 2019 andere
2440 1989 2559 2025 Haltung
2578 1997 2614 2019 an
2631 1989 2679 2020 den
2697 1991 2755 2028 Tag

1890 2032 1970 2065 legen,
1988 2030 2031 2059 als
2050 2029 2088 2058 die
2108 2029 2195 2065 welche
2214 2038 2264 2060 von
2284 2030 2338 2064 ihm
2367 2032 2485 2059 erwartet
2504 2030 2578 2059 wird.
2596 2029 2649 2060 Die
2667 2031 2759 2067 Frage,

1891 2072 1924 2100 ob
1940 2070 2035 2106 Zürich
2064 2070 2121 2100 dem
2147 2070 2326 2106 Bundesrath
2349 2071 2417 2105 seine
2445 2071 2570 2100 Antwort
2596 2071 2761 2103 übermitteln

1891 2111 1959 2145 solle,
1979 2111 2055 2140 bevor
2064 2111 2172 2146 Aargau
2191 2111 2241 2140 das
2258 2112 2324 2147 letzte
2338 2111 2417 2141 Wort
2430 2111 2574 2146 gesprochen
2583 2111 2634 2147 hat,
2647 2114 2761 2148 gewinnt

1891 2160 1927 2181 an
1945 2151 2101 2186 Bedeutung
2132 2151 2207 2186 durch
2238 2152 2276 2182 die
2305 2152 2388 2187 letzten
2415 2151 2551 2186 Beschlüsse
2580 2152 2623 2181 der
2646 2153 2762 2189 Bürgcr-

1893 2192 2039 2226 gcmeindcn
2058 2199 2110 2221 von
2129 2191 2221 2221 Baden
2241 2192 2295 2222 und
2313 2192 2450 2227 Lenzburg.
2471 2191 2539 2224 Auch
2558 2192 2588 2221 in
2605 2192 2682 2227 dieser
2696 2194 2763 2229 Hin¬

1894 2233 1950 2267 sicht
1969 2232 2000 2266 ist
2019 2232 2061 2261 der
2072 2232 2144 2267 Weg,
2163 2232 2212 2262 den
2222 2232 2316 2268 Zürich
2334 2240 2363 2267 zu
2383 2232 2516 2268 verfolgen
2533 2232 2586 2267 hat,
2604 2241 2687 2268 genau
2704 2243 2763 2265 vor¬

1895 2273 2032 2309 gezeichnet.

1952 2313 2017 2343 Das
2034 2312 2168 2348 energische
2177 2312 2322 2349 Festhalten
2332 2312 2442 2349 Zürichs
2460 2321 2496 2343 an
2515 2314 2584 2343 einer
2602 2313 2764 2348 ehrenvollen

1896 2354 2000 2390 Lösung
2019 2353 2061 2383 der
2080 2353 2163 2389 Frage
2192 2354 2236 2387 hat
2263 2354 2301 2383 im
2320 2354 2430 2389 Aargau
2448 2353 2522 2383 einen
2540 2354 2710 2392 Umschwung
2729 2356 2765 2386 be.

1899 2394 1982 2423 wirkt.
2011 2393 2160 2427 Mannhaft
2178 2394 2209 2428 ist
2228 2394 2270 2423 der
2291 2393 2381 2428 Große
2399 2393 2471 2428 Rath
2491 2393 2534 2427 für
2552 2394 2593 2424 die
2611 2394 2695 2430 Sache
2713 2397 2768 2426 ein-

1898 2434 2042 2469 gestanden,
2061 2433 2117 2463 und
2136 2436 2165 2463 cs
2182 2434 2215 2468 ist
2234 2442 2262 2470 zu
2280 2434 2376 2469 hoffen,
2404 2434 2454 2468 daß
2483 2433 2521 2464 die
2550 2434 2671 2469 früheren
2691 2439 2769 2472 guten

1899 2474 2079 2510 Beziehungen
2097 2475 2141 2503 der
2161 2474 2279 2505 Kantone
2308 2483 2337 2510 zu
2364 2474 2487 2504 einander
2515 2475 2606 2505 wieder
2632 2476 2770 2513 hcrgestcllt

1900 2515 2011 2545 werden.
2046 2515 2100 2545 Die
2117 2514 2239 2551 Haltung
2265 2515 2310 2545 der
2328 2515 2487 2545 Gemeinden
2505 2516 2600 2546 Baden
2625 2517 2682 2547 und
2699 2518 2772 2554 Lenz¬

1900 2556 1966 2591 burg
1986 2555 2085 2586 können
2103 2557 2157 2584 uns
2176 2555 2242 2590 nicht
2260 2555 2378 2591 hindern,
2407 2557 2550 2591 unmtwegt
2579 2557 2625 2590 auf
2654 2559 2770 2593 unserem

1901 2596 1979 2632 Wege
1997 2596 2130 2625 vorwärts
2153 2603 2184 2630 zu
2212 2596 2327 2631 schreiten
2354 2595 2411 2625 und
2439 2595 2496 2626 dem
2514 2597 2696 2632 Bundcsrathe
2725 2607 2770 2634 zur

1902 2638 1998 2669 rechten
2017 2637 2076 2672 Zeit
2093 2644 2123 2671 zu
2142 2636 2264 2671 erklären,
2284 2636 2336 2671 daß
2354 2637 2406 2666 wir
2424 2637 2471 2666 den
2484 2637 2707 2674 Bundesbeschluß
2725 2648 2772 2669 an¬

1904 2677 2014 2713 nehmen
2032 2677 2134 2706 wollen.

1957 2718 2054 2753 Welche
2073 2717 2138 2753 Lage
2156 2717 2241 2753 schafft
2258 2726 2316 2748 nun
2331 2717 2369 2747 die
2387 2718 2527 2753 Annahme
2545 2718 2592 2749 des
2609 2719 2773 2756 Darleihens

1902 2759 1960 2789 dem
1990 2759 2088 2789 Staate
2115 2759 2257 2794 gegenüber
2284 2758 2476 2793 Winterthur?
2513 2758 2573 2789 Von
2603 2760 2699 2791 Seiten
2727 2761 2774 2792 des

1905 2800 2020 2830 Staates
2038 2800 2068 2834 ist
2088 2798 2163 2834 durch
2180 2801 2232 2829 das
2250 2799 2447 2835 dreiprozentige
2464 2799 2775 2836 Eininillionenanleihcn

1911 2840 2077 2874 Winterthur
2096 2840 2138 2870 ein
2156 2839 2287 2875 jährlicher
2300 2840 2410 2876 Beitrag
2428 2848 2481 2870 von
2495 2841 2592 2876 10,000
2605 2841 2652 2877 Fr.
2670 2844 2776 2879 geleistet

1906 2881 2022 2912 worden.
2040 2880 2129 2911 Wenn
2147 2880 2253 2911 damals
2270 2881 2315 2911 der
2333 2880 2516 2915 Kantonsrath
2533 2881 2572 2911 die
2590 2882 2776 2920 Berechtigung

1908 2923 1977 2952 einer
1995 2921 2188 2958 Hülfeleistung
2207 2922 2370 2955 anerkannte,
2400 2922 2427 2956 so
2449 2922 2515 2956 muß
2542 2931 2568 2952 er
2588 2923 2620 2957 sie
2638 2922 2717 2960 heute,
2744 2925 2777 2954 da

1909 2962 2078 2995 Winterthur
2096 2963 2145 2992 mit
2164 2963 2270 2993 weitem
2288 2963 2408 2997 800,000
2419 2962 2465 2998 Fr.
2486 2963 2586 2998 belastet
2604 2966 2703 2994 werden
2722 2966 2791 3002 soll,.

1908 3012 1956 3033 um
1975 3004 2002 3037 so
2022 3003 2095 3038 mehr
2112 3002 2280 3037 anerkennen,
2309 3011 2385 3033 wenn
2404 3011 2432 3033 er
2450 3004 2516 3035 nicht
2532 3004 2581 3034 mit
2598 3004 2644 3040 sich
2660 3006 2731 3039 selbst
2749 3006 2779 3036 in

1909 3043 2085 3078 Widerspruch
2105 3044 2221 3074 komnicn
2241 3044 2306 3074 will.
2342 3044 2388 3074 So
2418 3044 2506 3078 mußte
2533 3053 2586 3074 von
2609 3046 2716 3082 Anfang
2743 3055 2779 3077 an

1909 3085 1958 3115 das
1976 3083 2075 3118 Gefühl
2095 3083 2134 3113 die
2155 3083 2331 3118 Kommission
2350 3084 2514 3120 beherrschen,
2538 3088 2620 3115 etwas
2638 3086 2717 3121 müsse
2736 3087 2780 3116 der

1910 3125 2017 3156 Kanton
2046 3124 2092 3158 für
2119 3124 2158 3154 die
2186 3125 2323 3160 bedrängte
2348 3124 2434 3155 Stadt
2460 3125 2535 3160 thun.
2570 3125 2615 3161 In
2632 3125 2719 3163 Bezug
2734 3128 2781 3162 auf

1911 3166 1960 3196 das
1971 3165 2060 3200 „Wie"
2072 3165 2140 3200 sagte
2158 3164 2203 3201 sich
2222 3165 2261 3195 die
2270 3165 2445 3199 Kommission
2462 3166 2512 3195 mit
2530 3166 2586 3196 dem
2606 3166 2782 3204 Regierungs¬

1913 3206 1980 3242 rath,
1998 3206 2042 3236 der
2054 3205 2178 3241 Beschluß
2196 3206 2243 3236 des
2255 3206 2466 3240 Kantonsrathes
2487 3206 2565 3241 müsse
2584 3208 2722 3243 angesichts
2739 3209 2783 3239 der

1913 3248 2001 3283 kurzen
2019 3247 2091 3283 Frist
2109 3247 2136 3281 so
2155 3247 2241 3282 gefaßt
2258 3246 2367 3280 werden,
2395 3247 2447 3282 daß
2464 3247 2514 3279 das
2526 3248 2700 3281 Referendum
2719 3249 2783 3282 nicht

1913 3288 2003 3323 nöthig
2023 3287 2065 3322 sei.
2102 3288 2160 3318 Der
2178 3288 2361 3322 Kantonsrath
2389 3288 2456 3317 kann
2488 3289 2541 3318 eine
2560 3288 2665 3324 jährlich
2683 3290 2785 3320 wieder-

1916 3329 2032 3364 kehrende
2051 3328 2176 3363 Ausgabe
2194 3337 2249 3358 von
2266 3329 2365 3365 20,000
2384 3329 2432 3365 Fr.
2452 3329 2618 3364 beschließen;
2646 3332 2683 3361 im
2702 3332 2784 3367 letzten

1918 3370 1989 3405 Jahr
2007 3369 2050 3403 hat
2068 3377 2096 3399 er
2114 3369 2158 3403 für
2167 3368 2332 3403 Winterthur
2350 3370 2443 3400 bereits
2457 3370 2555 3404 10,000
2564 3370 2612 3406 Fr.
2633 3370 2784 3408 beschlossen,

1916 3409 2015 3445 folglich
2035 3409 2102 3439 kann
2120 3418 2147 3439 er
2166 3409 2226 3440 blos
2245 3410 2304 3443 noch
2322 3411 2421 3440 weitere
2440 3410 2538 3445 10,000
2555 3410 2603 3446 Fr.
2621 3411 2716 3446 leistm.

1971 3451 2026 3480 Die
2051 3450 2189 3484 jährlichen
2206 3451 2351 3486 Ausgaben
2376 3451 2425 3480 des
2441 3450 2603 3486 Haushaltes
2630 3451 2673 3482 der
2700 3452 2785 3482 Stadt

1917 3491 2081 3525 Winterthur
2101 3491 2221 3526 betragen
2234 3491 2352 3526 340,000
2360 3491 2419 3527 Fr.,
2437 3491 2475 3521 die
2489 3492 2655 3525 Einnahmen
2667 3493 2785 3529 370,000

1917 3532 1973 3568 Fr.,
1994 3532 2020 3564 so
2039 3531 2090 3566 daß
2110 3534 2138 3561 es
2155 3531 2261 3567 jährlich
2278 3533 2354 3561 einen
2372 3532 2525 3567 Ueberschuß
2550 3540 2601 3562 von
2619 3533 2719 3567 30,000
2737 3533 2785 3569 Fr.

1919 3573 2009 3608 erzielt.
2031 3572 2074 3608 In
2096 3572 2172 3608 erster
2190 3573 2263 3604 Linie
2280 3573 2344 3606 stellt
2363 3573 2409 3609 sich
2428 3573 2487 3603 aber
2506 3574 2561 3603 dem
2579 3574 2718 3609 gegenüber
2735 3575 2785 3604 das

1917 3613 2024 3648 Pariser
2033 3613 2161 3648 Anleihen
2170 3621 2223 3644 von
2236 3613 2306 3649 11'/»
2317 3614 2393 3643 Mill.
2412 3614 2504 3648 Dieses
2514 3613 2639 3647 Anleihen
2652 3615 2786 3649 veranlaßt

1918 3653 2022 3689 jährlich
2040 3654 2087 3688 auf
2105 3653 2144 3684 die
2162 3653 2257 3684 Dauer
2273 3662 2326 3684 von
2348 3654 2386 3683 82
2395 3653 2499 3689 Jahren
2522 3654 2574 3684 eine
2594 3653 2717 3691 Ausgabe
2735 3663 2787 3685 von

1923 3694 2040 3729 507.000
2057 3694 2106 3730 Fr.
2124 3695 2201 3731 Dazu
2220 3696 2314 3725 koimnt
2332 3694 2381 3725 das
2400 3694 2617 3728 Staatsanleihen
2637 3695 2711 3729 sowie
2729 3696 2783 3726 eine

1920 3735 2020 3770 Anzahl
2039 3734 2159 3765 kleinerer
2177 3736 2347 3771 Hypotheken.
2373 3735 2442 3765 Eine
2459 3734 2654 3772 Verpflichtung
2674 3737 2788 3770 schwerer

1920 3775 1971 3805 Art
1999 3775 2070 3810 lastet
2099 3775 2159 3809 noch
2187 3776 2235 3809 auf
2262 3775 2443 3806 Winterthur:
2473 3778 2503 3804 es
2533 3776 2574 3809 hat
2606 3775 2710 3811 jährlich
2740 3777 2790 3807 das

1922 3816 2209 3851 Obligationeukapital
2241 3822 2283 3846 der
2312 3815 2496 3851 Tößthalbahn
2529 3816 2565 3845 im
2594 3817 2706 3853 Betrage
2737 3826 2790 3848 von

1924 3856 2070 3891 1.815.000
2088 3857 2134 3892 Fr.
2163 3858 2211 3887 mit
2239 3856 2340 3891 90,000
2365 3857 2414 3893 Fr.
2441 3865 2470 3892 zu
2500 3857 2635 3893 verzinsen.
2670 3858 2715 3894 In
2742 3859 2791 3888 den

1923 3898 2007 3933 letzten
2024 3898 2084 3933 zwei
2104 3897 2207 3932 Jahren
2226 3898 2258 3932 ist
2285 3901 2314 3927 es
2333 3898 2375 3928 der
2393 3898 2540 3932 sparsamen
2558 3897 2732 3935 Verwaltung
2749 3907 2791 3935 ge¬

1929 3939 2034 3974 lungen,
2060 3947 2096 3968 an
2115 3939 2153 3967 die
2172 3938 2515 3974 Obligationcnoerzinsung
2543 3939 2735 3976 vorzuschießen,
2764 3941 2792 3973 so

2793 1265 2843 1300 daß
2872 1266 2915 1295 der
2932 1266 3052 1302 Zinsfuß
3080 1274 3132 1297 von
3151 1267 3168 1296 5
3186 1267 3231 1299 aus
3249 1268 3348 1303 4'/,°/»
3371 1268 3526 1304 herabgesetzt
3554 1270 3655 1300 werden

2794 1306 2894 1336 konnte.
2912 1306 2964 1341 Im
2978 1306 3085 1342 Ganzen
3104 1307 3219 1343 beziffcm
3240 1308 3284 1341 sich
3301 1308 3340 1338 die
3360 1308 3492 1342 jährlichen
3511 1309 3655 1346 Ausgaben

2793 1346 2975 1380 Winterthurs
2987 1346 3030 1380 für
3049 1347 3330 1383 Schuldenverzinsung
3340 1349 3395 1377 und
3404 1348 3593 1382 Amortisation
3611 1351 3657 1383 auf

2794 1386 2914 1421 645,000
2931 1386 2990 1421 Fr.,
3017 1386 3096 1415 denen
3123 1388 3222 1422 30,000
3240 1388 3288 1423 Fr.
3314 1388 3480 1423 Einnahmen
3507 1390 3659 1424 gegcnüber-

2794 1427 2884 1461 stchen.

2849 1468 2900 1497 Um
2918 1467 2968 1496 dag
2988 1467 3014 1499 so
3041 1467 3195 1502 entstehende
3223 1468 3318 1504 Defizit
3345 1477 3399 1498 von
3426 1469 3545 1503 615.000
3562 1470 3609 1507 Fr.
3628 1479 3656 1506 zu

2795 1507 2884 1542 decken,
2915 1507 2945 1541 ist
2977 1508 3030 1537 eine
3062 1506 3281 1542 Gemeindesteuer
3309 1517 3361 1538 von
3393 1510 3459 1541 9°/oo
3487 1511 3664 1547 nothwendig,

2796 1548 2984 1583 vorausgesetzt,
3003 1548 3053 1582 daß
3073 1548 3139 1578 keine
3157 1549 3339 1583 Kapitalflucht
3358 1551 3430 1581 mehr
3447 1551 3554 1580 eintritt.

2849 1588 2903 1618 Die
2920 1588 3013 1623 Frage,
3040 1588 3073 1618 ob
3092 1587 3256 1624 Winterthur
3274 1589 3338 1622 nicht
3357 1590 3404 1623 auf
3422 1591 3568 1621 indirektem
3585 1592 3665 1627 Wege

2797 1628 2909 1663 geholfen
2928 1628 3029 1658 werden
3049 1628 3147 1663 könnte,
3166 1629 3233 1659 kann
3252 1629 3316 1663 nicht
3335 1630 3404 1664 leicht
3414 1630 3579 1662 beantwortet
3597 1640 3663 1662 wer¬

2797 1669 2852 1699 den.
2891 1670 2956 1700 Eine
2975 1670 3154 1706 Vermehrung
3171 1671 3215 1701 der
3232 1671 3353 1706 Beiträge
3373 1680 3408 1701 an
3427 1672 3466 1701 die
3484 1672 3578 1706 höher»
3589 1673 3664 1706 Lehr¬

2799 1709 2924 1743 anstalten
2943 1710 2999 1739 und
3016 1710 3065 1739 den
3084 1710 3318 1744 Einwohnerspital
3336 1711 3429 1741 könnte
3448 1720 3500 1742 nur
3519 1712 3566 1747 auf
3584 1713 3665 1749 gesetz-

2800 1750 2956 1785 geberischcin
2975 1750 3052 1786 Wege
3071 1750 3201 1785 geschehen.
3239 1751 3303 1781 Das
3321 1752 3351 1785 ist
3370 1752 3430 1782 aber
3450 1761 3535 1788 wegen
3553 1753 3596 1784 der
3607 1755 3666 1792 kur,

2801 1789 2952 1824 bemessenen
2970 1790 3039 1825 Frist
3059 1790 3121 1821 nickt
3141 1791 3211 1825 mehr
3242 1791 3356 1826 möglich.
3394 1793 3547 1828 Allerdings
3576 1795 3667 1825 konnte

2802 1830 2847 1863 sich
2865 1830 2904 1859 die
2921 1829 3093 1864 Kommission
3117 1832 3161 1860 der
3185 1831 3286 1864 Ansicht
3314 1832 3380 1866 nicht
3406 1841 3469 1868 ganz
3495 1833 3667 1869 verschließen,

2803 1871 2853 1903 daß
2871 1870 3014 1900 Sanitäts-
3031 1871 3087 1899 und
3105 1871 3387 1907 Erziehungsdircktion
3397 1873 3454 1908 Zeit
3464 1874 3552 1909 gehabt
3571 1875 3667 1910 hätten,

2804 1911 2843 1940 die
2861 1911 2944 1943 Sache
2964 1910 3078 1946 gesetzlich
3096 1919 3125 1947 zu
3144 1913 3250 1947 regeln;
3268 1913 3315 1947 auf
3333 1913 3377 1942 der
3386 1913 3483 1943 andern
3493 1914 3569 1945 Seite
3586 1916 3667 1951 liegen

2805 1951 2916 1987 dagegen
2933 1951 3045 1981 Gründe
3065 1959 3119 1987 vor,
3139 1953 3224 1986 welche
3242 1953 3331 1988 zeigen,
3350 1953 3401 1987 daß
3418 1954 3457 1983 die
3468 1954 3604 1989 Behörden
3614 1957 3669 1987 kein

2806 1992 2932 2026 Vorwurf
2951 1992 3042 2026 treffen
3062 1992 3136 2022 kann.
3173 1993 3226 2023 Die
3250 1993 3412 2029 Konsequenz
3439 1995 3504 2024 wird
3532 2004 3595 2025 man
3622 1998 3672 2026 mit

2807 2033 2850 2062 der
2867 2032 3059 2068 Hülfeleistung
3076 2041 3111 2063 an
3129 2033 3294 2067 Winterthur
3313 2034 3379 2069 nicht
3397 2035 3509 2071 schaffen,
3539 2036 3588 2070 daß
3607 2046 3671 2067 man

2807 2073 2859 2108 jede
2895 2073 3035 2103 Gemeinde
3071 2074 3223 2110 unterstütze,
3264 2075 3341 2104 deren
3377 2075 3523 2108 Steuerlast
3550 2077 3605 2108 eine
3624 2087 3662 2114 ge¬

2809 2114 2875 2148 wisse
2893 2114 2964 2149 Höbe
2983 2113 3082 2147 erreicht
3099 2114 3152 2149 hat.
3170 2115 3219 2145 Bei
3229 2115 3395 2150 Winterthur
3412 2117 3492 2152 liegen
3501 2118 3671 2153 Ausnahms-

2810 2154 2969 2189 Verhältnisse
2994 2162 3049 2184 vor.
3085 2155 3143 2186 Der
3161 2156 3266 2186 Kanton
3285 2157 3315 2188 ist
3332 2165 3369 2186 an
3398 2157 3441 2186 der
3468 2157 3532 2193 Lage
3559 2158 3675 2189 Winter¬

2810 2196 2887 2228 thurs
2905 2195 3062 2231 mitschuldig
3087 2197 3142 2226 und
3160 2197 3254 2226 darum
3280 2197 3312 2231 ist
3339 2198 3401 2231 auch
3427 2198 3479 2232 fein
3508 2199 3617 2236 Beitrag
3636 2201 3676 2230 be¬

2811 2235 2927 2272 gründet.

2865 2277 3014 2312 Regierung
3044 2276 3099 2305 und
3127 2277 3309 2312 Kantonsrath
3340 2279 3421 2311 haben
3451 2279 3489 2309 die
3519 2280 3679 2315 Eisenbahn¬

2813 2316 2900 2351 politik
2918 2316 3098 2349 Winterthurs
3115 2318 3279 2353 gutgeheißen
3309 2319 3363 2348 und
3391 2319 3447 2352 sind
3464 2328 3521 2354 zum
3541 2321 3614 2355 Theil
3633 2321 3678 2356 für

2814 2358 2852 2387 die
2870 2357 2970 2392 Folgen
2999 2356 3123 2391 derselben
3152 2359 3364 2393 verantwortlich.
3413 2360 3474 2390 Wir
3500 2361 3594 2391 wollen
3612 2362 3679 2395 nicht

2816 2398 2877 2428 über
2895 2397 3016 2432 dieselben
3034 2405 3065 2433 zu
3084 2397 3198 2433 Gerichte
3216 2399 3303 2434 sitzen;
3331 2400 3381 2429 wir
3408 2400 3488 2434 haben
3514 2401 3567 2437 jetzt
3584 2402 3679 2437 einfach

2816 2447 2846 2474 zu
2863 2439 2954 2473 sagen:
2983 2446 3024 2468 wo
3041 2437 3266 2474 Verpflichtungen
3286 2441 3424 2475 vorliegen,
3452 2441 3485 2470 da
3511 2442 3612 2477 müssen
3630 2443 3683 2472 wir

2817 2479 2849 2512 sie
2866 2478 2993 2512 erfüllen;
3019 2478 3079 2507 aber
3106 2480 3156 2509 wir
3184 2480 3278 2509 wollen
3306 2481 3360 2510 eine
3382 2489 3446 2510 neue
3464 2481 3546 2517 Bahn
3563 2482 3682 2513 betreten.

2816 2519 2860 2554 In
2885 2518 2933 2548 den
2960 2518 3065 2553 Räthen
3092 2519 3147 2549 und
3176 2520 3205 2549 in
3230 2519 3273 2549 der
3299 2520 3533 2556 bundesräthlichen
3552 2523 3681 2559 Botschaft

2818 2560 2905 2590 wurde
2922 2559 2969 2593 auf
2987 2559 3025 2588 die
3043 2558 3185 2594 Mitschuld
3203 2561 3248 2590 des
3266 2560 3390 2591 Kantons
3402 2562 3496 2598 Zürich
3513 2563 3680 2600 hingewiesen

2818 2601 2872 2630 und
2891 2600 3008 2635 offenbar
3026 2602 3101 2629 unter
3120 2601 3350 2638 Berücksichtigung
3380 2602 3456 2636 dieser
3474 2603 3576 2638 Schuld
3593 2605 3686 2635 wurde

2818 2650 2879 2671 vom
2897 2640 3081 2675 Bundcsrathe
3107 2641 3150 2671 der
3168 2642 3272 2676 Antheil
3300 2651 3344 2673 am
3362 2644 3504 2677 Darleihen
3522 2645 3552 2677 sv
3570 2646 3627 2680 hoch
3646 2646 3686 2675 be¬

2820 2682 2921 2717 messen.
2957 2681 3001 2711 Es
3019 2680 3076 2716 sind
3093 2682 3152 2711 aber
3170 2684 3229 2715 auch
3248 2682 3358 2713 Gründe
3382 2684 3540 2720 finanzieller
3558 2685 3617 2721 Art,
3645 2686 3685 2716 die

2821 2726 2875 2753 uns
2904 2730 2948 2758 zur
2966 2722 3105 2756 Annahme
3131 2723 3177 2752 des
3194 2723 3449 2760 Bundcsbcschlusses
3474 2725 3597 2762 bewegen.
3634 2727 3697 2757 Die-

2820 2763 2964 2798 finäNziclle
2975 2761 3146 2798 Konsequenz,
3166 2763 3204 2793 die
3221 2763 3265 2793 der
3273 2764 3397 2794 Konkurs
3412 2765 3591 2800 Winterthurs
3609 2768 3689 2803 hätte,

2823 2803 2891 2834 wäre
2910 2803 2958 2833 viel
2977 2802 3069 2838 größer
3086 2804 3129 2833 als
3147 2803 3191 2833 der
3208 2805 3306 2840 Betrag
3325 2805 3369 2835 des
3392 2806 3542 2840 AnleihenS,
3571 2808 3618 2837 den
3644 2808 3689 2838 der

2823 2843 2929 2875 Kanton
2946 2843 2995 2877 auf
3013 2842 3056 2877 sich
3076 2844 3182 2878 nehmen
3194 2845 3267 2879 muß.
3286 2845 3340 2875 und
3352 2846 3392 2875 die
3404 2846 3502 2882 Folgen
3511 2855 3564 2877 von
3574 2848 3686 2879 Winter¬

2824 2885 2901 2919 thurs
2918 2883 3040 2915 Konkurs
3058 2883 3103 2918 für
3120 2884 3170 2914 das
3186 2885 3300 2919 Tößthal
3328 2886 3385 2921 sind
3412 2887 3438 2921 so
3456 2888 3605 2925 großartig,
3636 2889 3690 2924 daß

2825 2925 2863 2954 die
2880 2924 3001 2958 800,000
3018 2924 3064 2959 Fr.
3083 2924 3128 2960 fast
3147 2933 3195 2960 gar
3212 2926 3276 2959 nicht
3294 2927 3323 2956 in
3340 2927 3459 2962 Betracht
3477 2929 3600 2959 kommen.
3625 2930 3684 2960 Alle

2825 2965 2887 2998 diese
2905 2964 3017 2995 Gründe
3036 2964 3115 2999 haben
3133 2967 3173 2995 die
3190 2965 3363 3002 Kommission
3382 2976 3428 3004 zur
3439 2968 3633 3006 Ueberzeugung
3652 2979 3691 3006 ge¬

2825 3007 2915 3040 bracht.
2942 3006 2995 3040 daß
3023 3006 3066 3035 der
3084 3005 3185 3041 Boden,
3214 3008 3261 3037 den
3279 3008 3322 3037 der
3339 3009 3563 3045 Regicrungsrath
3582 3011 3692 3041 betreten

2826 3047 2877 3081 hat,
2895 3046 2939 3076 der
2957 3046 3057 3082 richtige
3077 3046 3116 3081 sei,
3135 3047 3256 3083 diejenige
3273 3049 3373 3085 Lösung
3393 3050 3490 3087 bringe,
3517 3050 3556 3080 die
3575 3052 3692 3082 Winter¬

2828 3088 2887 3122 thur
2915 3090 2942 3117 es
2970 3087 3122 3123 ermöglicht,
3150 3089 3188 3118 bei
3214 3090 3278 3119 aller
3303 3090 3485 3126 Anstrengung
3514 3092 3599 3125 seinen
3626 3093 3694 3124 Ver¬

2828 3128 2999 3163 pflichtungen
3025 3128 3238 3164 nachzukommen,
3275 3130 3330 3160 und
3364 3130 3416 3166 daß
3443 3131 3486 3161 der
3504 3132 3687 3169 Kantonsrath

2828 3169 2967 3203 seinerseits
3000 3168 3037 3198 bei
3063 3168 3107 3198 der
3132 3169 3234 3206 Lösung
3263 3170 3306 3200 der
3335 3171 3420 3208 Frage
3447 3173 3582 3207 innerhalb
3612 3174 3695 3209 seiner

2830 3209 3012 3245 Kompetenzen
3029 3208 3128 3243 handle.

2884 3250 3051 3286 Einstimmig
3069 3249 3178 3285 beschloß
3195 3251 3292 3286 hierauf
3320 3251 3362 3282 der
3380 3253 3461 3289 Rath,
3489 3254 3535 3289 auf
3563 3255 3602 3285 die
3619 3256 3691 3286 Vor-

2831 3292 2885 3327 lrge
2902 3291 3061 3326 einzutreten.

2883 3331 2940 3361 Der
2946 3331 3007 3365 erste
3016 3331 3112 3362 Artikel
3120 3332 3265 3368 ermächtigt
3274 3333 3321 3363 den
3330 3334 3565 3372 Regierungsrath,
3575 3337 3698 3367 Namens

2830 3372 2874 3401 des
2892 3371 3016 3402 Kantons
3028 3372 3121 3408 Zürich
3137 3374 3188 3403 das
3196 3374 3271 3406 durch
3280 3375 3340 3405 Art.
3354 3375 3369 3404 1
3383 3374 3429 3405 des
3441 3376 3701 3413 Bundesbeschlusses

2831 3421 2891 3443 vom
2909 3413 2954 3442 21.
2971 3412 3111 3448 Dezember
3130 3415 3201 3444 1883
3220 3415 3371 3445 anerbotene
3390 3417 3445 3446 und
3464 3417 3556 3453 gemäß
3574 3419 3632 3449 Art.
3651 3419 3669 3448 2
3681 3428 3699 3447 s

2830 3454 2905 3487 durch
2928 3453 3227 3490 Bundesrathsbcschluß
3253 3464 3316 3486 vom
3343 3457 3388 3487 15.
3416 3457 3526 3492 Januar
3555 3459 3626 3489 1884
3652 3460 3701 3494 auf

2831 3493 2948 3528 800,000
2965 3493 3014 3529 Fr.
3032 3493 3169 3531 festgesetzte
3181 3496 3460 3531 Bundes-Darlcihen,
3480 3499 3625 3534 verzinslich
3644 3500 3700 3529 und

2833 3534 2988 3569 rückzahlbar
3005 3535 3081 3568 durch
3099 3534 3132 3565 51
3153 3536 3317 3568 Annuitäten
3336 3546 3390 3568 von
3410 3538 3509 3575 28,000
3526 3539 3584 3576 Fr.,
3610 3548 3641 3576 zu
3659 3549 3701 3571 ac-

2833 3575 2949 3610 ceptircn.

2887 3615 2956 3650 Nach
2974 3615 3035 3646 Art.
3053 3616 3071 3645 2
3092 3617 3156 3648 wird
3175 3618 3254 3652 dieses
3272 3619 3399 3654 Anleihen
3423 3619 3466 3650 der
3489 3619 3703 3657 Stadtgcmeinde

2834 3656 2999 3692 Winterthur
3018 3657 3168 3693 abgetreten,
3188 3659 3274 3694 welche
3290 3659 3335 3694 für
3352 3660 3391 3689 die
3411 3661 3504 3691 Dauer
3521 3662 3567 3691 des
3579 3661 3703 3692 Bundes-

2835 3696 2997 3730 Darleihens
3016 3698 3067 3727 eine
3086 3698 3217 3730 Annuität
3235 3708 3287 3730 von
3307 3700 3407 3735 18,000
3419 3701 3465 3736 Fr.
3484 3701 3527 3735 für
3539 3701 3703 3738 Verzinsung

2836 3737 2890 3767 und
2909 3737 3100 3771 Amortisation
3117 3748 3152 3769 an
3181 3740 3227 3770 den
3246 3740 3330 3771 Staat
3348 3741 3442 3776 Zürich
3468 3749 3499 3777 zu
3517 3741 3631 3777 bezahlen
3651 3742 3705 3777 hat.

2894 3778 3104 3816 Finanzdirektor
3122 3780 3264 3816 Hauser
3284 3781 3425 3817 beleuchtete
3442 3782 3481 3811 bei
3499 3782 3589 3815 diesem
3606 3783 3704 3813 Artikel

2838 3819 2876 3848 die
2895 3819 3026 3855 Stellung
3044 3819 3089 3850 des
3108 3822 3359 3857 Regierungsrathes
3378 3831 3408 3858 zu
3427 3822 3599 3858 Winterthur,
3617 3824 3706 3853 indem

2839 3868 2866 3889 er
2884 3859 3012 3896 bemerkte,
3030 3860 3080 3894 daß
3098 3861 3142 3897 sich
3160 3862 3268 3896 derselbe
3296 3863 3344 3898 auf
3361 3863 3411 3893 den
3429 3863 3534 3899 gleichen
3553 3863 3647 3894 Boden
3665 3873 3703 3901 ge¬

2839 3900 2906 3934 stellt
2923 3900 2985 3935 habe
3004 3901 3051 3931 wie
3068 3901 3108 3932 die
3124 3903 3298 3937 Kommission
3316 3904 3371 3934 und
3388 3912 3443 3934 von
3460 3903 3505 3934 der
3521 3904 3624 3941 Ansicht
3641 3908 3708 3935 aus¬

2841 3949 2970 3977 gegangen
2990 3942 3032 3978 sei,
3050 3945 3078 3972 cs
3098 3943 3157 3979 liege
3176 3945 3213 3974 int
3231 3944 3358 3980 Interesse
3376 3944 3580 3980 Winterthurs,
3599 3946 3650 3979 daß
3667 3946 3708 3976 die

368 4066 544 4120 Feuilleton
577 4063 693 4109 1884.

255 4173 419 4210 Zwölfter
447 4168 797 4205 Rathhausvortrag.

97 4226 174 4261 Prof.
193 4224 227 4261 H.
246 4224 427 4255 Steiner:
464 4223 522 4253 Der
545 4221 660 4256 Mythus
687 4218 725 4248 bei
754 4220 802 4248 den
820 4217 964 4253 Hebräern.

152 4276 210 4306 Der
228 4273 343 4309 Mythos
361 4289 396 4295 —
414 4273 464 4304 mit
492 4272 567 4304 dieser
598 4269 764 4306 allgemeinen
791 4267 965 4303 Betrachtung

97 4317 165 4347 leitet
183 4316 226 4345 der
244 4314 422 4351 Vortragende
441 4314 507 4349 seine
525 4312 694 4347 Darstellung
722 4309 764 4340 ein
783 4323 816 4330 —
835 4309 866 4343 ist
893 4309 966 4343 inehr

98 4358 144 4387 ein
161 4357 309 4387 nationales
327 4357 371 4387 als
389 4357 431 4386 ein
450 4354 581 4391 religiöses
598 4351 716 4388 Produkt
744 4349 797 4380 und
815 4350 880 4384 seine
899 4350 966 4380 Ent¬

98 4398 205 4433 stehung
223 4397 253 4430 ist
271 4396 348 4432 daher
364 4397 410 4431 auf
428 4396 486 4426 dem
503 4395 596 4426 Boden
624 4393 689 4428 jeder
707 4391 831 4427 Religion
849 4391 965 4427 möglich.

98 4439 168 4469 Eine
186 4436 320 4469 besonders
347 4438 435 4473 innige
462 4435 607 4472 Beziehung
638 4434 680 4468 hat
706 4432 751 4462 der
777 4431 890 4467 Mythos
921 4439 966 4466 zur

101 4479 225 4513 Sprache.
266 4478 410 4514 .Mythos"
445 4477 516 4511 selbst
548 4476 656 4506 bedeutet
686 4472 861 4509 ursprünglich
888 4471 966 4506 Rede,

102 4520 261 4556 Erzählung.
299 4520 338 4550 Er
355 4520 386 4555 ist
404 4520 446 4550 ein
464 4518 581 4555 Versuch,
600 4517 662 4547 über
681 4514 838 4550 interessante
856 4514 967 4548 Erschei¬

103 4568 209 4596 nungen
228 4560 256 4590 in
275 4560 437 4595 bestimmter,
456 4558 638 4593 bezeichnender
647 4556 728 4589 Weise
746 4563 776 4591 zu
793 4555 877 4585 reden.
897 4554 968 4588 Auch

101 4610 145 4632 wo
164 4601 213 4631 wir
231 4601 291 4635 noch
310 4609 361 4632 von
381 4602 428 4631 den
438 4600 643 4636 Erscheinungen
660 4599 745 4633 reden,
762 4596 794 4627 da
806 4596 905 4628 machen
918 4595 968 4625 wir

103 4643 139 4676 sie
157 4650 186 4678 zu
204 4641 347 4675 Subjekten
366 4642 425 4671 oder
444 4649 491 4677 gar
508 4649 540 4676 zu
557 4640 698 4676 Personen,
722 4638 771 4667 wir
789 4637 878 4673 sagen:
916 4635 969 4666 Die

103 4683 203 4713 Sonne
221 4682 367 4717 verscheucht
385 4682 435 4712 das
444 4682 551 4712 Dunkel
567 4682 610 4711 der
620 4680 709 4714 Nacht,
728 4679 771 4709 der
783 4678 863 4709 Wind
872 4677 970 4713 peitscht

102 4723 143 4752 die
161 4722 266 4753 Wolken
285 4730 312 4751 u.
332 4723 349 4756 s.
363 4732 396 4753 w.
414 4754 418 4758 .
432 4723 503 4754 Auch
521 4722 560 4751 die
568 4720 749 4757 geschlechtliche
758 4718 969 4756 Differenzirung

103 4766 148 4793 der
166 4762 279 4797 Sprache
308 4764 395 4798 gehört
415 4762 522 4798 hierher.
558 4761 659 4798 Früher
672 4769 728 4791 war
740 4760 798 4791 aber
808 4760 848 4790 die
857 4759 970 4794 Sprach-

102 4805 212 4840 bildung
230 4803 291 4837 noch
309 4804 338 4834 in
366 4804 416 4834 viel
442 4803 548 4839 höherm
566 4803 654 4833 Grade
682 4811 735 4832 von
761 4801 805 4831 der
830 4800 971 4836 Phantasie

100 4844 243 4879 beeinflußt
255 4844 311 4874 und
322 4844 360 4874 die
369 4845 530 4879 sprachlichen
540 4844 745 4879 Bezeichnungen
755 4851 842 4874 waren
851 4842 971 4878 geradezu

101 4886 225 4915 Abbilder
243 4886 287 4915 der
299 4885 397 4922 Dinge,
415 4886 448 4919 sei
465 4888 494 4915 es
513 4893 579 4919 nun,
597 4884 648 4918 daß
657 4884 702 4919 für
714 4884 756 4914 ein
764 4884 841 4920 Ding
860 4883 970 4918 mehrere

99 4927 306 4963 Bezeichnungen
324 4926 367 4962 für
385 4927 424 4956 die
443 4926 570 4961 einzelnen
582 4925 678 4955 Seiten
688 4924 815 4960 desselben
834 4923 971 4961 geschaffen

97 4968 218 5003 wurden,
237 4968 269 5001 sei
287 4970 324 5003 es,
355 4968 405 5002 daß
422 4966 587 5002 überflüssige
605 4966 890 5002 Nebenbezeicknungen
907 4967 972 4995 aus¬

95 5008 209 5044 gelassen
228 5008 281 5039 und
299 5009 343 5039 der
361 5009 437 5045 übrig
464 5007 604 5044 gebliebene
632 5007 717 5037 Name
745 5008 790 5038 als
809 5008 971 5043 Eigenname

99 5049 212 5084 belassen
231 5051 328 5081 wurde.
364 5050 411 5081 So
429 5050 461 5085 ist
478 5049 522 5079 der
540 5048 663 5084 Mythos,
695 5057 743 5079 vor
760 5048 847 5079 Allem
874 5048 918 5078 der
936 5047 972 5081 so¬

97 5090 230 5126 genannte
247 5090 539 5126 Naturmythus
558 5089 598 5118 ein
610 5088 786 5125 Niederschlag
804 5090 849 5119 des
858 5088 972 5123 Sprach-

100 5131 225 5166 prozesses
242 5131 324 5166 selbst.
367 5132 436 5166 Auch
464 5129 581 5165 Mythus
608 5129 664 5159 und
691 5130 805 5165 religiöse
831 5130 972 5164 Redeweise

100 5172 205 5207 hängen
223 5180 283 5209 enge
301 5174 455 5209 zusammen.
492 5172 537 5207 Ist
556 5171 595 5200 ein
612 5170 680 5201 Volk
698 5170 792 5205 lebhaft
809 5171 864 5201 und
876 5172 972 5205 heitern

102 5212 257 5248 Gemüthcs,
286 5214 313 5248 so
342 5214 408 5245 wird
427 5214 472 5243 der
490 5212 607 5247 Mythus
631 5211 693 5246 auch
720 5212 749 5241 in
776 5213 820 5242 der
846 5212 973 5248 Religion

102 5253 283 5288 fortwachsen;
302 5255 333 5289 ist
351 5256 400 5286 daS
409 5254 476 5286 Volk
495 5253 564 5289 ernst
581 5252 636 5282 und
648 5252 677 5282 in
690 5252 735 5287 sich
745 5252 847 5289 gekehrt,
867 5254 894 5286 so
906 5253 973 5283 wird

99 5295 166 5325 auch
191 5294 235 5323 der
260 5295 465 5332 Bildungstrieb
491 5296 538 5325 des
564 5293 682 5329 Mythus
708 5293 846 5328 schwächer.
901 5294 974 5330 Max

101 5334 210 5366 Müller
229 5339 326 5366 nannte
344 5338 438 5367 darum
456 5336 505 5366 den
517 5335 634 5371 Mythus
652 5334 701 5364 den
717 5334 827 5365 dunkeln
837 5335 971 5371 Schatten,

1011 4028 1060 4058 den
1079 4029 1117 4058 die
1137 4028 1251 4062 Sprache
1268 4029 1314 4063 auf
1332 4030 1379 4058 den
1390 4028 1527 4059 Gedanken
1542 4028 1620 4062 wirst.
1657 4029 1726 4061 Auch
1738 4029 1777 4058 die
1786 4028 1878 4064 Philo¬

1009 4068 1092 4103 sophie
1111 4069 1142 4104 ist
1160 4069 1201 4098 ein
1219 4068 1316 4104 Kainpf
1334 4069 1379 4099 des
1401 4068 1556 4099 Gedankens
1583 4069 1631 4098 mit
1653 4068 1695 4098 der
1713 4069 1879 4106 Mythologie

1010 4108 1065 4138 und
1085 4109 1235 4145 umgekehrt,
1254 4118 1295 4140 wo
1314 4109 1351 4139 die
1372 4109 1608 4144 Gedankensprache
1634 4109 1698 4142 nicht
1726 4110 1797 4141 mehr
1815 4112 1880 4140 aus¬

1010 4149 1091 4182 reicht,
1109 4149 1142 4179 da
1161 4150 1225 4184 muß
1243 4149 1281 4181 die
1301 4150 1493 4186 mythologische
1510 4149 1654 4183 Redeweise
1671 4150 1812 4186 aushclfen.
1833 4150 1880 4181 So

1011 4190 1048 4220 im
1067 4189 1265 4225 Gnostizismus
1283 4191 1337 4222 und
1355 4191 1554 4227 Mystizismus.

1065 4231 1123 4262 Der
1141 4231 1284 4263 Kultur
1297 4241 1323 4262 m
1334 4232 1452 4268 ythus
1471 4232 1526 4262 tritt
1545 4232 1592 4266 erst
1603 4232 1660 4267 auf,
1679 4240 1753 4263 wenn
1763 4234 1803 4263 ein
1813 4233 1881 4263 Volk

1012 4270 1060 4300 den
1078 4271 1143 4307 Weg
1163 4272 1242 4306 seiner
1260 4273 1438 4309 Entwicklung
1458 4273 1517 4305 nach
1535 4271 1676 4302 rückwärts
1702 4280 1731 4308 zu
1750 4273 1882 4309 verfolgen

1012 4311 1086 4345 sucht.
1123 4312 1163 4341 Er
1181 4312 1237 4342 will
1254 4313 1291 4343 die
1310 4313 1385 4348 Kluft
1404 4312 1578 4347 überbrücken,
1610 4312 1697 4347 welche
1723 4313 1763 4343 die
1780 4313 1882 4350 Gegen¬

1013 4353 1080 4382 wart
1097 4360 1150 4382 von
1169 4353 1211 4383 der
1229 4353 1432 4390 Vergangenheit
1450 4355 1537 4383 trennt
1565 4353 1619 4383 und
1647 4353 1707 4387 füllt
1734 4354 1772 4384 die
1791 4354 1883 4385 Lücken

1012 4392 1057 4421 des
1076 4392 1191 4427 Wissens
1209 4394 1258 4424 mit
1276 4395 1321 4425 der
1338 4394 1479 4429 Phantasie
1496 4397 1557 4424 aus.
1593 4394 1652 4424 Der
1674 4393 1882 4431 Kulturmythus

1013 4433 1043 4467 ist
1062 4433 1104 4463 ein
1122 4434 1152 4463 in
1172 4434 1407 4471 Erzählungssorni
1435 4435 1577 4471 gekleideter
1601 4434 1721 4465 Gedanke
1749 4437 1813 4471 ohne
1842 4438 1883 4467 be¬

1013 4473 1124 4507 stimmte
1144 4474 1279 4511 historische
1292 4477 1472 4513 Erinnerung.
1490 4476 1592 4506 Natur-
1604 4477 1661 4506 und
1676 4476 1883 4513 Kulturmythus

1014 4514 1113 4545 können
1131 4518 1191 4548 auch
1209 4516 1238 4546 in
1258 4518 1378 4548 einander
1396 4517 1545 4553 übergehen.
1582 4517 1628 4547 So
1639 4516 1740 4548 werden
1756 4518 1884 4554 solarische

1014 4555 1117 4591 Mächte
1135 4564 1166 4591 zu
1183 4556 1290 4592 Helden,
1322 4559 1359 4588 die
1386 4567 1465 4595 gegen
1495 4558 1532 4588 die
1562 4558 1640 4590 rohen
1670 4558 1884 4596 Naturgewalten

1015 4596 1147 4631 kämpfen!
1184 4598 1274 4630 Dieser
1296 4599 1347 4629 Art
1375 4599 1407 4634 ist
1434 4599 1480 4629 der
1508 4599 1645 4635 griechische
1673 4598 1802 4637 Herakles,
1841 4602 1886 4632 der

1014 4637 1165 4673 phönizische
1182 4638 1305 4675 Melkart,
1324 4642 1366 4670 der
1384 4639 1518 4675 hebräische
1536 4639 1661 4673 Simson.

1070 4678 1146 4713 Diese
1165 4680 1334 4715 allgemeinen
1351 4681 1464 4717 Umrisse
1495 4680 1551 4716 sind
1582 4689 1639 4710 nun
1670 4681 1715 4717 aus
1743 4682 1792 4712 das
1817 4682 1886 4718 heb¬

1015 4718 1152 4753 räische
1171 4719 1263 4750 Volk
1281 4722 1463 4757 anzuwenden.
1500 4722 1543 4758 Zu
1564 4722 1701 4756 erwähnen
1719 4723 1750 4758 ist
1768 4723 1820 4758 hier
1839 4732 1887 4755 vor

1015 4759 1102 4788 Allein
1120 4760 1166 4789 des
1185 4759 1304 4796 jüngsten
1323 4762 1471 4797 Versuches,
1499 4763 1536 4792 die
1564 4762 1610 4797 aus
1638 4763 1754 4796 arischem
1782 4764 1888 4795 Gebiete

1016 4800 1187 4835 gehandhabte
1204 4801 1328 4836 Methode
1346 4804 1407 4838 auch
1432 4804 1480 4837 auf
1506 4804 1555 4834 das
1584 4804 1717 4839 hebräische
1734 4805 1809 4842 Volk,
1840 4814 1889 4837 vor

1015 4840 1104 4871 Allem
1121 4841 1170 4876 aus
1186 4841 1225 4872 die
1244 4842 1380 4879 Geschichte
1398 4844 1441 4874 der
1461 4845 1584 4881 Erzväter
1601 4846 1784 4880 anzuwenden.
1810 4847 1888 4881 Diese

1016 4881 1152 4916 Geschichte
1172 4883 1217 4915 soll
1236 4884 1278 4913 ein
1296 4893 1342 4920 zur
1361 4886 1514 4916 nationalen
1523 4886 1600 4922 Sage
1612 4887 1774 4923 gewordener
1786 4887 1889 4919 Natur-

1017 4923 1126 4959 mythus
1143 4923 1203 4957 sein.
1241 4924 1305 4955 Das
1324 4925 1500 4961 Hauptthema
1530 4927 1563 4962 ist
1581 4928 1641 4961 auch
1660 4927 1713 4963 hier
1730 4929 1774 4958 der
1790 4929 1889 4965 Kainpf

1015 4964 1130 5002 zwischen
1148 4964 1212 4999 Licht
1243 4969 1298 4996 und
1326 4966 1486 5003 Finsterniß.
1520 4968 1591 5003 Nach
1621 4968 1699 5003 dieser
1728 4970 1889 5007 Auffassung

1017 5006 1086 5036 wäre
1103 5005 1205 5036 Abram
1222 5005 1267 5037 der
1286 5007 1484 5046 Nachthimmel,
1501 5009 1582 5044 Isaak
1599 5010 1642 5041 der
1662 5010 1799 5045 leuchtende
1820 5012 1889 5049 Tag,

1016 5046 1110 5081 Sarah
1128 5046 1172 5076 der
1190 5047 1289 5084 Mond,
1307 5049 1398 5085 Hagar
1416 5050 1456 5080 die
1469 5050 1578 5086 Sonne,
1596 5051 1645 5082 Lea
1658 5051 1696 5081 die
1705 5053 1890 5089 untergehende

1017 5089 1123 5122 Sonne,
1142 5087 1234 5122 Rachel
1252 5090 1291 5119 die
1309 5090 1427 5126 Wolken,
1444 5091 1519 5127 Joses
1536 5092 1583 5122 der
1601 5092 1691 5129 Regen
1700 5100 1727 5123 u.
1737 5094 1756 5129 s.
1767 5102 1800 5124 w.
1818 5095 1890 5125 Aber

1016 5129 1079 5164 diese
1096 5129 1224 5165 Deutung
1243 5129 1287 5160 der
1304 5131 1410 5162 Namen
1428 5133 1460 5165 ist
1479 5133 1543 5167 nicht
1562 5134 1615 5164 klar
1640 5135 1695 5164 und
1722 5135 1788 5170 nicht
1814 5136 1890 5171 noth¬

1018 5171 1118 5206 wendig
1136 5171 1191 5200 und
1209 5173 1238 5200 cs
1257 5172 1288 5206 ist
1307 5172 1371 5207 nicht
1398 5174 1603 5210 wahrscheinlich,
1630 5175 1683 5210 daß
1709 5175 1748 5206 die
1775 5176 1890 5212 Hebräer

1018 5212 1080 5247 diese
1097 5211 1212 5248 Figuren
1232 5211 1261 5242 in
1279 5212 1369 5248 diesem
1388 5213 1481 5244 Sinne
1499 5215 1649 5250 verstanden
1669 5216 1757 5250 haben.

1073 5252 1164 5286 Schon
1183 5252 1235 5287 ihre
1245 5251 1362 5288 Sprache
1380 5254 1411 5287 ist
1430 5263 1460 5290 zu
1480 5255 1623 5291 derartigen
1633 5256 1890 5293 Mythenbildungen

1018 5294 1086 5329 nicht
1101 5294 1220 5330 geeignet.
1256 5293 1312 5329 Ihr
1330 5294 1410 5331 Stoff
1436 5296 1469 5331 ist
1487 5295 1596 5330 spröder,
1623 5297 1679 5331 ihre
1704 5296 1890 5332 Wortstämme

1018 5335 1121 5371 einfach,
1139 5334 1178 5364 die
1195 5334 1383 5372 Wortbildung
1408 5336 1475 5372 folgt
1503 5336 1662 5372 bestimmten
1691 5338 1815 5374 einfachen
1833 5339 1889 5370 Ge¬

1925 4029 2005 4064 setzen.
2041 4029 2094 4060 Die
2114 4028 2215 4064 meisten
2235 4029 2414 4065 Eigenuameit
2434 4029 2515 4064 haben
2533 4029 2584 4064 ihre
2605 4030 2792 4066 ursprüngliche

1925 4070 2077 4105 Bedeutung
2097 4069 2262 4105 beibehalten,
2280 4070 2335 4099 eine
2347 4069 2508 4106 Umbildung
2521 4078 2572 4100 von
2585 4069 2794 4101 Gemeinnamen

1926 4111 1954 4141 in
1972 4111 2122 4146 persönliche
2141 4111 2322 4147 Eigennamen
2341 4112 2371 4146 ist
2390 4119 2444 4141 nur
2467 4112 2497 4141 in
2516 4111 2692 4146 beschränktem
2711 4113 2795 4146 Maße

1925 4151 2040 4187 zulässig.
2076 4151 2147 4184 Auch
2165 4151 2204 4182 die
2222 4152 2399 4188 Polyonymie
2418 4152 2450 4188 ist
2466 4152 2565 4187 dürftig
2583 4153 2724 4183 entwickelt.
2750 4153 2796 4183 So

1926 4192 1969 4222 bot
1986 4192 2025 4221 die
2044 4192 2160 4227 Sprache
2179 4192 2251 4229 selbst
2271 4193 2313 4223 bis
2332 4193 2376 4228 auf
2395 4194 2470 4223 einen
2488 4193 2605 4228 gewissen
2626 4192 2705 4224 Grad
2723 4194 2797 4224 einen

1927 4232 2030 4263 Dainm
2049 4241 2127 4269 gegen
2145 4232 2184 4263 die
2197 4233 2388 4270 Vergötterung
2407 4233 2451 4263 der
2463 4234 2561 4264 Natur.
2599 4233 2687 4265 Einen
2697 4234 2797 4265 Natur¬

1927 4273 2033 4308 mythus
2052 4273 2080 4302 in
2100 4273 2158 4303 dem
2177 4274 2271 4304 Sinne
2302 4274 2349 4304 des
2378 4274 2443 4304 oben
2473 4274 2640 4310 angeführten
2670 4274 2798 4309 Beispiels

1928 4314 2007 4348 haben
2026 4313 2082 4348 also
2100 4313 2139 4344 die
2157 4314 2272 4351 Hebräer
2290 4315 2364 4351 nicht,
2394 4314 2453 4347 doch
2480 4314 2561 4350 haben
2588 4314 2650 4351 auch
2677 4316 2710 4350 sic
2737 4315 2799 4349 diese

1928 4354 2187 4391 Vorstellungsweise
2210 4355 2405 4392 durchgemacht.
2442 4355 2569 4391 Mythisch
2596 4356 2627 4390 ist
2657 4364 2677 4392 z.
2696 4356 2732 4387 B.
2761 4357 2800 4386 die

1928 4395 2082 4432 Schöpfung
2111 4396 2156 4426 des
2174 4396 2278 4427 Weibes
2314 4400 2367 4426 aus
2402 4396 2446 4426 der
2472 4397 2557 4432 Rippe
2593 4396 2640 4427 des
2669 4397 2800 4427 Mannes.

1927 4435 2045 4470 Knochen
2065 4436 2126 4467 oder
2144 4436 2245 4468 Gebein
2265 4438 2394 4474 bezeichnet
2413 4438 2474 4468 eben
2492 4437 2553 4472 auch
2571 4437 2620 4468 das
2632 4437 2722 4473 Wesen
2740 4438 2800 4468 oder

1929 4474 1967 4507 die
1985 4477 2121 4514 Substanz
2149 4478 2194 4509 des
2222 4479 2368 4514 Menschen.
2405 4479 2488 4514 Jener
2519 4479 2637 4514 Mythus
2664 4480 2720 4508 will
2747 4479 2801 4514 also

1929 4518 2011 4554 sagen,
2030 4518 2082 4553 daß
2101 4518 2141 4548 die
2158 4518 2234 4555 Frau
2253 4520 2360 4556 gleichen
2377 4519 2486 4554 Wesens
2506 4520 2554 4549 mit
2571 4520 2629 4549 dem
2641 4521 2747 4550 Manne
2760 4520 2803 4555 sei.

1929 4558 2057 4593 Mythisch
2076 4560 2107 4594 ist
2126 4560 2211 4594 ferner
2230 4561 2269 4590 die
2286 4560 2442 4597 Schöpfung
2461 4560 2506 4591 des
2520 4561 2656 4596 Menschen
2673 4564 2727 4591 aus
2746 4561 2803 4592 dem

1930 4601 2067 4632 Erdboden
2087 4610 2115 4632 u.
2134 4602 2153 4637 s.
2171 4610 2205 4633 w.

1985 4642 2029 4672 An
2049 4643 2092 4673 der
2110 4643 2260 4680 Phantasie,
2292 4644 2377 4680 welche
2396 4644 2575 4679 Menschliches
2593 4644 2640 4678 auf
2658 4645 2697 4675 die
2715 4644 2804 4675 Natur

1932 4684 2074 4720 überträgt,
2092 4684 2144 4720 fehl
2162 4688 2191 4715 es
2219 4687 2268 4715 den
2296 4685 2451 4720 hebräischen
2475 4686 2598 4719 Dichtern
2627 4686 2700 4721 nicht.
2735 4686 2805 4715 Aber

1932 4725 2040 4758 dadurch
2058 4725 2138 4755 allein
2157 4726 2224 4756 wird
2243 4726 2303 4760 noch
2322 4726 2375 4756 kein
2393 4726 2514 4762 Mythus
2539 4728 2645 4763 erzeugt.
2681 4726 2805 4763 Dagegen

1932 4767 2048 4796 erinnert
2066 4766 2117 4796 das
2127 4767 2199 4801 Buch
2208 4767 2278 4803 Hiob
2296 4767 2346 4797 mit
2364 4767 2458 4801 seinem
2467 4767 2604 4801 Leviathan
2623 4775 2659 4797 an
2676 4766 2806 4803 mythische

1933 4806 2051 4837 Gebilde.
2087 4807 2159 4841 Auch
2177 4808 2215 4837 die
2233 4808 2465 4844 Ausdrucksweisc,
2493 4808 2578 4842 welche
2607 4807 2675 4838 Gott
2702 4808 2807 4841 mensch¬

1933 4849 1990 4882 liche
2009 4847 2122 4882 Gestalt,
2142 4849 2295 4885 nienschliche
2314 4850 2504 4885 Eigenschaften
2532 4849 2586 4879 und
2604 4849 2735 4885 Zustände
2757 4848 2808 4878 bei¬

1933 4891 1992 4926 legt,
2011 4888 2079 4919 kann
2096 4890 2141 4919 als
2159 4891 2278 4926 mythisch
2287 4890 2416 4927 bezeichnet
2426 4892 2537 4921 werden.
2571 4890 2680 4927 Freilich
2697 4890 2742 4926 hat
2757 4891 2807 4920 das

1934 4930 2067 4965 hebräische
2093 4930 2262 4966 Bewußtsein
2288 4932 2349 4966 auch
2375 4932 2473 4962 reinere
2499 4932 2555 4961 und
2582 4932 2708 4968 geistigere
2737 4931 2809 4961 Aus¬

1933 4970 2017 5002 drücke
2036 4971 2079 5006 für
2097 4973 2149 5002 das
2158 4971 2249 5006 Wesen
2260 4972 2356 5004 Gottes
2374 4973 2512 5009 gefunden,
2528 4973 2587 5003 aber
2604 4972 2644 5003 die
2656 4972 2807 5007 mythischen

1935 5012 1989 5042 und
2006 5011 2103 5042 darum
2123 5013 2363 5049 volksthümlichern
2381 5014 2471 5049 laufen
2492 5014 2606 5044 daneben
2625 5013 2676 5050 her.
2709 5013 2811 5047 Gleich¬

1935 5053 1999 5089 falls
2028 5053 2197 5089 menschlicher
2214 5055 2344 5090 Analogie
2371 5054 2541 5090 entstammen
2567 5054 2606 5084 die
2634 5054 2810 5090 Bezeichnung

1934 5094 2034 5125 Gottes
2052 5096 2096 5125 als
2116 5095 2188 5126 eines
2207 5095 2311 5132 Königs
2329 5095 2384 5126 und
2395 5096 2478 5130 seines
2485 5096 2647 5132 Hofftaates,
2666 5097 2709 5126 der
2720 5096 2813 5132 Engel,

1934 5136 1979 5166 als
1996 5134 2094 5169 Söhne
2113 5135 2220 5167 Gottes.
2259 5137 2350 5171 Selbst
2374 5137 2477 5173 Satan,
2513 5138 2583 5167 einer
2610 5137 2686 5172 dieser
2717 5137 2812 5173 Engel,

1934 5177 1975 5207 ein
1993 5176 2078 5211 Feind
2096 5176 2143 5207 des
2161 5177 2308 5214 Menschen,
2327 5179 2358 5214 ist
2376 5179 2430 5208 eine
2449 5179 2577 5214 poetische,
2601 5178 2666 5214 nicht
2685 5179 2739 5209 eine
2756 5179 2816 5209 reli¬

1934 5217 2000 5254 giöse
2027 5217 2123 5254 Figur.
2170 5218 2225 5250 Ein
2258 5219 2349 5255 bloßes
2375 5219 2503 5255 Symbol
2538 5220 2600 5255 ohne
2628 5220 2741 5256 religiöse
2767 5220 2817 5250 Be¬

1935 5260 2050 5293 deutung
2068 5258 2126 5293 sind
2143 5259 2188 5290 der
2201 5259 2306 5295 Cherub
2324 5259 2384 5290 oder
2396 5260 2437 5290 die
2446 5260 2598 5295 Cherubim,
2616 5260 2666 5291 das
2678 5260 2818 5301 Fahrzeug

1935 5298 2041 5333 Gottes,
2060 5299 2153 5329 womit
2170 5308 2198 5330 er
2215 5300 2293 5337 durch
2310 5300 2352 5331 die
2368 5301 2442 5337 Lüfte
2460 5301 2539 5337 fährt,
2566 5301 2590 5331 d.
2619 5302 2639 5333 i.
2656 5301 2700 5332 die
2721 5301 2818 5336 Wolke.

1936 5340 1989 5371 Als
2008 5339 2160 5376 geflügeltes
2178 5340 2272 5376 Wesen
2291 5341 2359 5372 wird
2377 5341 2419 5372 der
2434 5342 2544 5377 Cherub
2563 5342 2660 5377 sodann
2673 5351 2731 5379 zum
2740 5342 2819 5378 Thier

2841 4032 2894 4061 und
2914 4032 3046 4068 schließlich
3075 4034 3119 4064 als
3141 4035 3282 4070 Cherubim
3310 4035 3371 4065 über
3399 4035 3443 4065 der
3471 4035 3638 4066 Bundcslade
3664 4036 3708 4066 der

2842 4072 3021 4109 unbewegliche
3039 4074 3137 4111 Träger
3155 4076 3199 4105 der
3216 4076 3349 4111 göttlichen
3367 4076 3503 4110 Majestät.

2895 4113 2962 4143 Was
2993 4114 3033 4149 die
3061 4116 3188 4149 zweite
3217 4116 3389 4152 Hauptform,
3421 4117 3469 4146 den
3499 4117 3713 4153 Kulturmythus,

2842 4153 2947 4190 betrifft,
2973 4155 3001 4189 so
3030 4155 3090 4191 liegt
3118 4157 3222 4191 derselbe
3250 4157 3427 4191 insbesondere
3454 4158 3483 4188 in
3511 4158 3557 4188 den
3578 4159 3611 4194 elf
3629 4159 3710 4195 ersten

2843 4195 2962 4230 Kapiteln
2980 4196 3025 4226 der
3043 4196 3151 4231 Genesis
3170 4198 3224 4228 und
3241 4206 3308 4234 zwar
3327 4199 3355 4234 in
3377 4200 3465 4234 zwei
3490 4199 3712 4235 Haupttypen

2844 4245 2899 4266 vor.
2941 4237 2999 4267 Der
3026 4238 3086 4272 erste
3112 4239 3280 4274 Haupttypus
3311 4240 3342 4273 ist
3371 4240 3415 4270 ein
3445 4239 3520 4271 Werk
3546 4242 3591 4271 der
3619 4241 3712 4277 Phan¬

2845 4277 2904 4312 tasie
2932 4277 2985 4307 und
3014 4277 3056 4307 der
3084 4278 3225 4313 dichtenden
3243 4279 3389 4316 Volkssage,
3419 4280 3461 4310 der
3478 4281 3561 4316 zweite
3574 4282 3616 4312 ein
3634 4282 3711 4313 Werk

2845 4318 2890 4347 des
2920 4318 3075 4352 Verstandes
3103 4320 3156 4350 und
3184 4320 3227 4350 der
3256 4321 3435 4355 priesterlichen
3460 4322 3610 4353 Tradition.
3638 4323 3712 4359 Zum

2846 4358 2925 4392 ersten
2943 4359 3038 4394 Typus
3054 4359 3140 4396 gehört
3167 4360 3206 4390 die
3224 4360 3397 4395 Stammtafel
3416 4362 3464 4392 mit
3489 4361 3532 4392 der
3561 4364 3713 4398 mythischen

2846 4398 3016 4435 Darstellung
3051 4399 3094 4429 der
3129 4400 3249 4437 Anfänge
3289 4401 3456 4436 menschlicher
3488 4402 3597 4434 Kultur.
3651 4404 3713 4435 Aus

2847 4440 2984 4475 Anfängen
3002 4440 3058 4474 sind
3076 4440 3129 4475 hier
3146 4442 3281 4478 Ansänger
3298 4443 3442 4478 geworden.
3478 4443 3531 4474 Die
3549 4446 3611 4480 erste
3628 4445 3714 4479 Stufe

2848 4479 2923 4510 bildet
2941 4481 2989 4510 das
2998 4480 3207 4513 Nomadenleben
3225 4483 3280 4512 und
3297 4484 3348 4515 mit
3364 4483 3421 4519 ihm
3438 4484 3477 4514 die
3495 4485 3610 4517 bildende
3621 4486 3716 4524 Kunst,

2848 4521 2932 4556 Jabal
2948 4521 3002 4551 und
3020 4522 3107 4558 Jubal
3125 4523 3180 4553 und
3197 4523 3275 4560 Kain,
3293 4524 3317 4555 b.
3328 4525 3352 4560 h.
3371 4525 3416 4555 der
3434 4525 3563 4561 Schmied.
3582 4527 3625 4563 In
3644 4527 3718 4558 Kain

2849 4562 2903 4592 und
2921 4562 2985 4592 Abel
3003 4564 3081 4593 treten
3101 4564 3146 4600 sich
3163 4564 3207 4594 der
3226 4564 3344 4595 Nomade
3362 4566 3418 4595 und
3436 4566 3479 4596 der
3492 4566 3652 4600 Ackerbauer,
3672 4569 3717 4599 der

2850 4603 2966 4633 Beduine
2990 4604 3045 4634 und
3067 4604 3111 4635 der
3135 4605 3225 4641 Fellah
3243 4606 3392 4642 gegenüber.
3429 4607 3520 4641 Dieser
3537 4608 3608 4640 Kain
3625 4610 3657 4644 ist
3674 4610 3717 4640 ein

2850 4644 3034 4680 Dopelgänger
3062 4644 3134 4680 jenes
3159 4646 3267 4676 andern.
3304 4647 3372 4678 Eine
3404 4648 3535 4682 besondere
3565 4649 3642 4680 Seite
3672 4652 3719 4680 des

2851 4684 3004 4714 Ackerbaues
3028 4685 3128 4716 vertritt
3144 4686 3223 4722 Noah
3246 4686 3290 4717 der
3307 4688 3475 4719 Weinbauer.
3511 4689 3564 4720 Die
3583 4690 3720 4726 Geschichte

2851 4725 2944 4761 Noahs
2961 4726 2991 4760 ist
3010 4726 3188 4763 ursprünglich
3207 4728 3323 4764 offenbar
3341 4729 3395 4759 eine
3409 4729 3572 4767 Fortsetzung
3591 4731 3637 4762 des
3654 4732 3719 4762 vier¬

2852 4769 2894 4796 ten
2911 4766 3031 4800 Kapitels
3057 4766 3102 4798 der
3121 4768 3248 4804 Genesis;
3278 4769 3316 4800 die
3334 4770 3428 4800 andere
3446 4770 3554 4807 Gestalt,
3572 4773 3611 4802 die
3629 4773 3658 4803 in
3676 4772 3721 4803 der

2853 4806 3029 4843 Verfluchung
3047 4807 3175 4839 Kanaans
3201 4810 3297 4846 gipfelt,
3323 4810 3411 4846 gehört
3439 4811 3521 4841 einem
3538 4813 3649 4843 anderen
3668 4812 3722 4843 Ge¬

2853 4847 3021 4882 dankenkreise
3039 4856 3083 4879 an.

2908 4888 2974 4919 Eine
3001 4890 3100 4921 weitere
3118 4890 3203 4928 Frage
3230 4900 3287 4922 war
3307 4901 3364 4922 nun
3381 4891 3440 4922 die:
3476 4892 3591 4924 Warum
3609 4894 3665 4929 sind
3683 4894 3727 4926 die

2855 4929 2990 4963 Menschen
3009 4930 3074 4965 nicht
3092 4932 3234 4969 gleichartig
3253 4933 3379 4970 gebliebm
3398 4934 3455 4964 und
3473 4941 3577 4964 warum
3596 4936 3721 4970 verstehen

2856 4971 2888 5006 sie
2914 4971 2961 5006 sich
2986 4972 3054 5006 nicht
3079 4973 3174 5008 mehr?
3211 4974 3264 5004 Die
3282 4974 3405 5005 Antwort
3429 4975 3526 5010 ertheilt
3542 4975 3588 5006 der
3604 4976 3724 5012 Mythus

2858 5020 2918 5042 vom
2946 5013 3136 5048 babylonischen
3153 5015 3265 5050 Thurm.
3302 5015 3360 5046 Der
3383 5015 3484 5051 kühnste
3502 5015 3583 5051 Wurf
3601 5016 3660 5047 aber
3678 5020 3725 5048 des

2858 5054 2976 5090 Mythus
2994 5054 3098 5089 bestand
3116 5056 3201 5089 darin,
3229 5056 3280 5092 daß
3298 5065 3324 5086 er
3341 5056 3390 5087 das
3408 5057 3556 5093 allgemeine
3576 5058 3724 5093 Menschen¬

2859 5097 2919 5126 loos
2937 5103 2967 5132 zu
2983 5096 3097 5127 erklären
3116 5097 3245 5131 versuchte.
3279 5098 3343 5128 Das
3360 5099 3443 5134 zweite
3460 5097 3516 5128 und
3534 5099 3572 5129 die
3592 5099 3727 5136 folgenden

2861 5136 2963 5172 Kapitel
2988 5136 3034 5167 der
3052 5137 3160 5174 Genesis
3187 5138 3279 5174 führe»
3306 5139 3356 5169 das
3373 5139 3457 5170 Elend
3486 5139 3540 5169 und
3557 5139 3599 5171 die
3615 5140 3728 5175 Mühsal

2862 5177 2907 5207 des
2925 5178 3097 5214 menschlichen
3116 5179 3212 5209 Lebens
3229 5179 3275 5214 auf
3293 5179 3331 5209 die
3350 5180 3512 5215 Erkenntniß
3529 5181 3622 5216 zurück,
3642 5181 3730 5215 welche

2864 5218 2932 5249 Gott
2949 5219 3023 5256 gleich
3048 5227 3077 5255 zu
3095 5219 3148 5255 sein
3164 5221 3262 5255 wähnt,
3289 5220 3349 5251 aber
3375 5221 3456 5251 darob
3484 5221 3532 5251 den
3548 5221 3657 5258 Frieden
3685 5222 3732 5251 der

2865 5259 2943 5290 Seele
2960 5260 3015 5291 und
3034 5259 3072 5290 die
3090 5260 3215 5297 Unschuld
3235 5261 3280 5292 des
3298 5262 3410 5298 Herzens
3432 5262 3542 5292 verliert.
3579 5263 3645 5293 Eine
3663 5262 3729 5296 weh-

2865 5301 3156 5339 müthig-pesstmistische
3171 5302 3334 5339 Stimmung
3361 5302 3451 5338 spricht
3475 5303 3522 5338 sich
3544 5302 3573 5333 in
3592 5302 3660 5337 jener
3678 5302 3732 5334 Er¬

2865 5342 2974 5379 zählung
2991 5345 3053 5374 aus.
