4306 5551
199 127 303 193 JE
333 122 503 182 359
553 114 867 192 Zweites
909 109 1443 185 Morgenblatt.
1727 109 1819 183 Dtt
1861 106 2045 180 Mrchtt
2087 102 2277 180 Zeitung
2325 100 2435 174 1S7.
2467 97 2717 177 Jahrgang.
3001 97 3389 176 Dienstag.
3417 98 3545 162 18.
3569 94 3995 172 September
4027 93 4271 155 190«.

203 262 1131 663 Neue
1259 241 2707 737 Zürcher
2819 234 4275 748 Zeitung

285 743 761 779 Abonnementspreise.

200 787 303 815 Züriih
322 790 392 809 wenn
406 786 443 808 die
460 785 565 813 ZeUun«
580 784 688 812 abgrtzo»
704 783 767 806 wird

262 867 496 894 __»nufl
511 866 582 889 unter
595 863 770 891 Petvataveege

203 895 405 920 Deutschland
431 894 566 921 Bestellung
589 891 650 914 betm
666 890 775 917 Postamt

203 920 384 948 Oesterret»
570 919 610 942 do.

828 749 961 774 »Monate
994 747 1124 771 «Monate
1149 745 1294 769 ILMonaN

832 782 876 809 Fe.
892 783 914 804 8.
925 782 955 803 50
1033 781 1070 802 10.
1082 789 1109 797 —
1185 779 1225 801 20.
1236 786 1265 794 —

1082 815 1109 823 -
1186 805 1267 827 2*.—

823 877 875 911 Äk.

819 942 917 1016 WbtiJ;
928 968 958 989 0«

1461 814 1621 946 «nd
1697 807 2317 971 schüchmslhes
2389 804 2993 967 Haadklsblatt.

3199 848 3400 877 Lokal-Inserat«
3411 849 3443 871 S0
3451 848 3501 875 R}>.
3507 848 3574 877 (ejft.

3510 748 3943 791 JnsertionSpretser

3451 794 3502 820 Per
3517 794 3658 822 einspaltige
3668 792 3789 819 Petitzeile
3803 792 3858 814 oder
3873 792 3942 813 deren
3955 790 4040 814 Rau«

3391 821 3432 849 für
3447 821 3483 843 die
3500 821 3606 848 Schwei,
3622 823 3652 844 *8
3669 820 3726 847 Rp..
3751 819 3791 846 für
3806 818 3853 840 da,
3870 818 3987 841 «»„and
4004 818 4036 840 «»
4051 816 4108 843 «P..

3393 848 3517 855 --
3583 848 3606 855 ~
3608 848 3670 871 inan
3672 852 3695 875 j.
3708 845 3991 874 u.Chiffre-«n»eigen,
4004 845 4079 870 sowie
4091 844 4107 871 f.
4118 843 4205 866 «ki>en
4219 843 4266 868 «es
4276 846 4284 868 >

3608 880 3678 897 amen
3692 874 3731 902 Fr
3751 874 3801 896 l.—
3815 878 3859 899 per
3867 869 3946 900 Zelle.

3520 906 3647 933 «Nein«,»
3662 906 3820 932 Inserate».
3831 904 3966 930 «nnahm,
3979 910 3985 927 :

3574 936 3752 966 «»«all'
3767 935 3917 965 Mosse

426 1030 780 1063 NedaLttonsVurea«:
802 1023 1014 1060 Goethestraße
1030 1025 1078 1052 10.

3237 975 3369 998 «nnoneen
3381 975 3519 1002 Expedition
3535 974 3577 999 für
3591 973 3635 995 alle
3649 972 3833 1001 fchwet,«rischen
3850 973 3900 994 und
3916 971 4097 998 auSlSndisihen
4112 970 4256 999 Zeitungen

3484 1007 3500 1027 »
3515 1003 3660 1034 Theatcrstr.
3682 1000 3794 1034 Zürich
3817 1004 3945 1030 Eoeihcstr
3970 1005 3999 1025 10

196 1117 262 1169 Die
283 1117 323 1160 in
345 1116 496 1168 MeriKo
519 1111 804 1167 hervorireien-e
826 1108 1048 1162 Avflchnuns
1071 1117 1178 1160 gegen

310 1170 368 1214 die
389 1167 743 1219 nordamerikanische
766 1164 1066 1214 Einwanderung.

286 1236 321 1275 O
356 1236 437 1273 Aus
482 1235 621 1278 Mexiko
667 1234 826 1268 kommen
871 1229 1027 1274 seltsame
1072 1229 1082 1250 5
1075 1228 1181 1281 Jtadj-

201 1283 340 1326 richten.
395 1282 488 1323 „Die
515 1278 751 1324 entschlossene
777 1275 942 1320 Haltung
971 1274 1030 1309 des
1059 1273 1182 1316 Präsi¬

203 1327 328 1361 denten
356 1327 449 1370 Diaz
478 1333 600 1370 zwang
644 1323 698 1359 die
738 1320 1002 1358 revolutionäre
1042 1319 1176 1360 Junta,

208 1371 261 1405 die
289 1380 367 1413 zum
399 1373 456 1405 16.
491 1368 701 1413 September
748 1367 821 1402 eine
846 1364 1021 1410 politische
1060 1363 1185 1399 Kund¬

205 1413 342 1457 gebung
370 1415 499 1456 plante,
552 1414 609 1458 ihr
635 1411 923 1456 Hauptquartier
967 1410 1007 1444 in
1047 1408 1187 1452 Mexiko

206 1457 418 1501 aufzugeben
445 1459 518 1493 und
546 1458 626 1501 nach
654 1459 771 1499 Texas
799 1453 1066 1500 überzusiedeln,
1114 1460 1187 1488 wo¬

207 1501 309 1544 durch
338 1501 384 1544 sie
411 1503 465 1537 die
504 1502 704 1545 vorläufige
732 1500 941 1542 Niederlage
981 1498 1181 1534 anerkennt.

208 1546 279 1582 Die
307 1546 464 1590 deutsche,
499 1545 675 1589 spanische,
711 1543 945 1587 französische,
980 1542 1190 1585 italienische

208 1590 283 1625 und
310 1590 570 1634 amerikanische
597 1589 750 1624 Kolonie
786 1589 825 1623 in
872 1588 930 1622 der
969 1587 1192 1630 Hauptstadt

209 1635 349 1677 Mexiko
376 1635 505 1678 hielten
534 1634 665 1677 gestern
681 1632 1019 1675 Zusammenkünfte
1047 1630 1090 1666 ab
1119 1629 1193 1665 und

207 1680 362 1723 nahmen
390 1679 497 1715 darin
525 1677 781 1720 Resolutionen
808 1687 865 1715 an,
903 1676 939 1710 in
968 1669 1075 1710 denen
1101 1675 1195 1711 Ver¬

209 1728 336 1760 trauen
365 1724 403 1760 in
433 1724 486 1759 die
513 1722 694 1767 Festigkeit
751 1721 808 1757 der
853 1720 1074 1764 bestehenden
1101 1720 1192 1756 Ver¬

208 1768 374 1814 hältnisse
401 1769 668 1814 ausgesprochen
697 1767 832 1802 wird."

289 1814 471 1854 Seltsam!
500 1814 587 1849 Eine
613 1812 881 1848 revolutionäre
909 1810 1056 1851 Junta!
1099 1810 1194 1846 Will

211 1859 265 1893 die
280 1859 497 1895 Revolution
525 1858 649 1893 wieder
677 1857 735 1901 ihr
752 1857 876 1899 Haupt
904 1855 1055 1899 erheben,
1093 1855 1193 1898 nach¬

211 1903 288 1939 dem
317 1904 374 1939 der
389 1905 480 1948 Sieg
500 1903 557 1939 der
575 1902 748 1938 liberalen
764 1901 888 1945 Partei
909 1903 1013 1935 unter
1028 1900 1195 1943 Porfirio

212 1949 307 1992 Diaz
337 1948 471 1992 (1876)
504 1949 578 1983 dem
606 1947 723 1984 Lande
750 1947 787 1990 so
814 1946 919 1989 lange
956 1945 1019 1980 den
1048 1945 1195 1987 Frieden

215 1994 287 2028 und
314 1993 459 2035 hiermit
487 1993 538 2028 die
558 1992 771 2036 Grundlage
803 2002 846 2035 zu
872 1989 1066 2034 blühender
1092 1990 1196 2025 wirt¬

215 2037 421 2080 schaftlicher
449 2037 688 2081 Entwicklung
716 2036 874 2080 gesichert
902 2035 990 2078 hat?
1023 2035 1091 2075 Im
1121 2035 1198 2077 Zu¬

216 2083 466 2128 sammenhang
485 2083 553 2118 mit
580 2081 685 2125 dieser
705 2081 886 2124 Meldung
913 2079 1027 2123 stehen
1055 2079 1190 2119 andere,

215 2127 354 2169 wonach
383 2128 443 2171 sich
471 2128 510 2162 in
537 2138 625 2172 ganz
653 2126 794 2168 Mexiko
822 2126 896 2159 eine
936 2124 1044 2168 starke
1071 2124 1199 2166 Feind¬

217 2172 366 2215 seligkeit
399 2183 502 2217 gegen
551 2170 859 2215 „amerikanische"
891 2169 1080 2209 Kaufleute
1125 2168 1199 2204 und

215 2216 461 2258 Industrielle,
540 2216 762 2261 Angehörige
843 2215 900 2249 der
970 2213 1200 2259 Vereinigten

217 2262 387 2301 Staaten,
435 2261 634 2297 bemerkbar
661 2260 784 2303 macht,
830 2259 929 2294 deren
958 2259 1201 2303 Vertreibung

217 2315 296 2349 zum
327 2307 383 2341 19.
420 2306 628 2349 September
682 2304 917 2349 angekündigt
962 2303 1063 2339 wird.
1123 2305 1183 2339 Un

219 2351 331 2394 ruhen
359 2350 409 2386 im
439 2353 572 2387 Staate
599 2352 751 2386 Sonora
797 2349 960 2393 richteten
1005 2348 1067 2392 sich
1096 2360 1200 2393 gegen

218 2394 272 2429 die
300 2395 486 2440 Besetzung
513 2396 571 2430 der
596 2395 728 2439 bessern
748 2395 879 2438 Posten
907 2394 971 2436 auf
998 2393 1062 2428 den
1081 2394 1183 2438 Eisen

216 2438 356 2482 bahnen
384 2440 457 2475 und
485 2441 522 2474 in
552 2440 613 2475 den
641 2439 873 2484 Bergwerken
902 2438 1003 2481 durch
1035 2438 1188 2478 „Ameri>

219 2484 358 2518 kaner".
409 2485 486 2526 Zur
514 2484 716 2529 Erklärung
750 2485 854 2525 dieser
882 2484 1085 2528 Bewegung
1113 2484 1201 2526 muß

219 2539 304 2563 man
333 2527 394 2572 sich
424 2529 477 2564 die
503 2540 623 2564 neuere
652 2529 895 2573 Entwicklung
922 2528 1083 2570 Mexikos
1126 2536 1184 2564 ver

218 2574 511 2618 gegenwärtigen.

298 2617 384 2654 Seit
430 2619 486 2653 der
514 2617 1034 2662 Unabhängigkeitserklärung
1065 2617 1199 2661 (1821)

220 2662 288 2707 gab
316 2667 354 2698 es
382 2663 421 2698 in
436 2664 574 2706 Mexiko
602 2663 676 2697 eine
702 2663 808 2707 lange
822 2661 930 2705 Reihe
957 2668 1027 2696 von
1047 2662 1187 2697 Revolu

220 2708 352 2746 tionen,
415 2708 467 2743 die
495 2708 674 2749 einerseits
701 2712 773 2742 aus
819 2707 877 2741 der
903 2706 1102 2751 politischen
1130 2708 1188 2742 Un

220 2750 384 2791 fähigkeit
413 2752 471 2784 der
500 2751 744 2792 Präsidenten,
807 2751 1001 2790 anderseits
1046 2756 1116 2784 auS
1145 2751 1204 2785 der

221 2791 533 2836 Unbotmäßigkeit
561 2793 620 2827 des
647 2792 820 2836 zügellose
834 2792 987 2833 Freiheit
1020 2792 1186 2834 begehren

221 2836 286 2871 den
301 2836 431 2872 Volkes
447 2836 713 2880 hervorgingen.
748 2834 956 2877 Innerhalb
976 2841 1045 2869 von
1074 2836 1203 2879 vierzig

222 2880 365 2924 Jahren
391 2881 455 2925 hat
474 2881 612 2923 Mexiko
640 2872 944 2924 'sechsunddreißig
971 2879 1202 2922 Präsidenten

222 2925 360 2969 gehabt.
420 2926 501 2968 Erst
528 2925 692 2969 Porfirio
721 2925 824 2969 Diaz.
885 2924 939 2959 ein
968 2925 1089 2960 Mann
1135 2932 1204 2960 von

223 2970 369 3010 eiserner
397 2970 544 3014 Energie
586 2970 661 3005 und
706 2968 1002 3013 hervorragender
1030 2969 1196 3012 diploma¬

224 3013 342 3056 tischer
358 3014 564 3059 Begabung,
598 3014 763 3056 verstand
780 3019 827 3053 es,
863 3013 915 3047 die
931 3012 1032 3055 Ruhe
1051 3013 1206 3049 dauernd

224 3057 553 3103 aufrechtzuhalten.
614 3060 727 3095 Seine
754 3057 1119 3100 Wirtschaftspolitik,
1155 3058 1208 3093 die

224 3102 301 3145 ihm
330 3102 383 3138 die
411 3104 540 3139 Mittel
577 3104 715 3146 lieferte
759 3113 823 3146 zur
849 3101 1103 3147 Verbesserung
1148 3102 1208 3137 des

223 3147 401 3190 stehenden
418 3149 552 3191 Heeres,
588 3149 675 3192 ging
690 3147 821 3190 darauf
848 3151 927 3186 aus,
951 3146 1050 3190 durch
1065 3147 1191 3191 Herbei

224 3193 373 3238 Ziehung
400 3200 469 3228 von
490 3193 723 3228 Ausländern
753 3192 816 3227 den
845 3191 1061 3235 natürlichen
1090 3192 1190 3236 Reich

226 3240 303 3272 tum
334 3237 394 3273 des
423 3238 561 3274 Landes
588 3249 630 3282 zu
659 3237 860 3280 erschließen
905 3236 978 3271 und
1007 3237 1208 3282 demgemäß

226 3283 289 3317 den
317 3282 489 3318 Ackerbau
516 3283 581 3318 wie
609 3283 672 3317 den
703 3282 871 3326 Bergbau
898 3281 1126 3327 gleichmäßig
1167 3293 1208 3327 zu

226 3327 382 3369 fördern.
440 3328 509 3364 Die
536 3327 813 3372 Herbeiziehung
865 3333 934 3361 von
976 3327 1208 3363 Ausländern

224 3372 314 3416 legte
327 3372 444 3412 leider,
480 3372 595 3408 indem
623 3373 668 3416 sie
697 3372 769 3406 eine
797 3371 903 3415 starke
919 3371 1209 3418 Einwanderung

225 3421 296 3452 aus
325 3416 388 3453 den
416 3417 643 3462 Vereinigten
672 3418 832 3453 Staaten
860 3416 1105 3461 herbeiführte,
1143 3418 1205 3453 den

226 3461 358 3497 Grund
412 3473 454 3506 zu
509 3463 572 3498 den
612 3462 684 3505 jetzt
739 3461 800 3504 sich
842 3462 977 3505 geltend
1007 3462 1208 3506 machenden

226 3506 541 3551 Schwierigkeiten.
602 3509 708 3550 Ohne
735 3507 848 3550 Frage
874 3506 937 3549 hat
965 3506 1019 3541 die
1046 3508 1209 3553 Diazsche

226 3551 579 3596 Wirtschaftspolitik
608 3552 669 3586 den
691 3551 904 3594 Wohlstand
933 3552 1006 3587 und
1027 3552 1079 3587 die
1094 3554 1199 3597 Kauf¬

226 3596 318 3639 kraft
346 3596 404 3632 der
431 3597 675 3641 Bevölkerung
704 3596 777 3630 und
806 3596 950 3639 hiermit
979 3597 1032 3632 die
1059 3599 1199 3634 Steuer¬

226 3641 318 3684 kraft
371 3641 431 3677 des
484 3641 620 3676 Landes
685 3640 985 3686 außerordentlich
1040 3643 1199 3688 gehoben.

226 3685 364 3727 Mexiko
405 3686 577 3728 bestreitet
631 3685 722 3729 seine
750 3686 944 3731 Ausgaben
999 3688 1067 3731 fast
1123 3694 1192 3725 aus

225 3729 409 3772 schließlich
439 3730 538 3772 durch
567 3729 619 3765 die
648 3731 905 3776 Einfuhrzölle,
946 3733 984 3767 in
1014 3733 1114 3769 deren
1145 3735 1199 3770 Er¬

224 3773 362 3817 hebung
389 3774 482 3818 Diaz
509 3774 693 3820 Ordnung
720 3776 795 3811 und
823 3777 1029 3821 Ehrlichkeit
1057 3778 1200 3823 brachte,

223 3817 298 3853 und
343 3819 444 3862 durch
473 3820 801 3865 Stempelabgaben
845 3823 937 3857 aller
964 3823 1043 3858 Art.
1106 3825 1209 3868 Diese

223 3862 467 3908 Wirtschafts-
494 3864 567 3900 und
595 3865 898 3910 Verkehrspolitik
939 3866 1101 3912 bedingte
1127 3870 1208 3914 auch

1230 1092 1284 1128 die
1311 1089 1562 1135 Erschließung
1590 1087 1786 1131 entlegener
1814 1085 2012 1131 Gegenden,
2079 1083 2133 1118 die
2174 1083 2229 1126 oft

1232 1147 1345 1183 genug
1372 1132 1723 1177 Revolutionsherve
1750 1138 1882 1167 waren.
1936 1127 2105 1173 Deshalb
2151 1135 2230 1163 ver¬

1233 1181 1384 1218 wendete
1413 1179 1468 1215 die
1495 1179 1698 1223 Regierung
1724 1177 1834 1223 große
1851 1177 2038 1213 Summen
2073 1173 2137 1216 auf
2167 1172 2231 1207 den

1236 1228 1320 1263 Bau
1375 1232 1448 1261 von
1495 1223 1736 1267 Eisenbahnen
1782 1222 1822 1257 in
1869 1222 1923 1266 oft
1968 1230 2059 1263 ganz
2101 1219 2233 1253 unent¬

1236 1271 1405 1307 wickelten
1425 1268 1621 1314 Gegenden.
1658 1267 1749 1304 Dies
1776 1266 1902 1312 lohnte
1928 1266 2015 1311 sich;
2042 1267 2135 1300 denn
2164 1262 2235 1298 mit

1237 1316 1344 1361 jedem
1374 1315 1476 1359 Jahr
1529 1313 1695 1358 erhöhten
1750 1312 1812 1357 sich
1870 1311 1924 1347 die
1965 1310 2119 1354 Erträge
2175 1308 2236 1343 der

1238 1362 1392 1406 Bahnen
1420 1360 1460 1396 in
1489 1359 1563 1395 dem
1592 1357 1715 1402 Maße,
1769 1357 1836 1393 wie
1863 1357 1911 1400 sie
1942 1355 1998 1391 die
2024 1355 2167 1391 Kultur
2196 1353 2235 1387 in

1239 1407 1312 1451 jene
1339 1404 1501 1442 Einöden
1541 1403 1701 1447 brachten
1742 1401 1817 1437 und
1845 1395 2027 1440 Ackerbau,
2092 1397 2239 1443 Handel

1241 1451 1313 1487 und
1341 1449 1537 1493 Industrie
1565 1449 1647 1484 dort
1675 1458 1737 1492 zur
1765 1447 1880 1484 Blüte
1923 1445 2101 1490 brachten.
2157 1442 2239 1478 Mit

1241 1496 1461 1540 besonderem
1490 1495 1587 1538 Eifer
1626 1493 1690 1537 hat
1718 1492 1885 1537 Porfirio
1913 1491 2009 1534 Diaz
2056 1490 2122 1525 den
2151 1488 2239 1524 Bau

1245 1541 1303 1575 der
1330 1540 1444 1583 Bahn
1471 1538 1557 1574 über
1584 1538 1649 1573 den
1678 1537 1855 1582 JsthmuS
1892 1543 1963 1572 von
1992 1534 2240 1580 Tehuanteper

1244 1584 1433 1624 betrieben,
1494 1590 1565 1619 von
1619 1583 1677 1617 der
1722 1593 1809 1618 man
1854 1583 2031 1620 erwartet,
2095 1578 2167 1622 daß
2195 1577 2243 1621 sie

1392 1628 1524 1673 großen
1552 1627 1634 1663 Teil
1670 1627 1730 1662 des
1775 1624 2112 1671 Panamaverkehrs
2157 1622 2241 1666 noch

1246 1682 1313 1709 vor
1339 1673 1400 1709 der
1414 1672 1648 1717 Vollendung
1675 1671 1735 1707 deS
1751 1670 2079 1717 transozeanischen
2095 1667 2243 1704 Kanals

1246 1730 1293 1754 an
1321 1718 1384 1762 sich
1414 1718 1529 1763 ziehen
1557 1717 1631 1752 und
1659 1717 1732 1752 eine
1745 1714 2157 1762 Hauptverkehrsstraße
2179 1713 2241 1748 des

1247 1764 1385 1800 Landes
1415 1764 1486 1806 sein
1514 1762 1635 1798 werde.
1689 1762 1758 1798 Ein
1801 1773 1890 1808 ganz
1934 1757 2241 1805 hervorragendes

1246 1809 1437 1853 Verdienst
1463 1808 1527 1852 hat
1568 1818 1603 1843 er
1632 1807 1693 1852 sich
1723 1807 1806 1851 auch
1844 1805 1994 1849 dadurch
2042 1803 2235 1842 erworben,

1248 1855 1315 1897 daß
1362 1865 1398 1889 er
1457 1853 1523 1897 (im
1551 1852 1683 1889 Verein
1728 1852 1799 1888 mit
1826 1852 1903 1887 dem
1932 1848 2242 1894 Jinanzminister

1247 1898 1481 1942 Limautour)
1514 1898 1568 1933 die
1595 1896 1790 1942 pünktliche
1817 1896 1991 1940 Zahlung
2024 1894 2084 1930 der
2111 1893 2244 1937 Zinsen

1249 1945 1307 1979 der
1335 1944 1585 1987 auswärtigen
1614 1941 1751 1985 Schuld
1779 1940 2007 1986 durchführte
2053 1938 2126 1974 und
2183 1938 2245 1973 da¬

1250 1989 1352 2032 durch
1408 1988 1490 2033 auch
1519 1988 1582 2023 den
1610 1986 1760 2030 Frieden
1820 1985 1903 2029 nach
1931 1985 2051 2028 außen
2092 1983 2238 2028 sicherte.

1250 2033 1434 2077 Während
1488 2032 1610 2076 früher
1651 2031 1704 2067 die
1731 2025 1990 2075 Unterlassung
2046 2029 2105 2065 der
2132 2025 2246 2072 Zins¬

1251 2078 1409 2122 zahlung
1455 2076 1678 2121 auswärtige
1704 2075 1992 2120 Verwicklungen
2050 2074 2122 2110 und
2178 2074 2248 2109 mit

1252 2123 1358 2167 ihnen
1388 2122 1459 2157 viel
1477 2121 1630 2166 Unglück
1658 2122 1717 2165 für
1737 2121 1878 2164 Mexiko
1905 2119 2247 2164 heraufbefchworen

1251 2168 1360 2212 hatte,
1397 2167 1537 2211 genießt
1565 2166 1672 2211 dieser
1698 2167 1817 2202 Staat
1845 2165 1919 2211 jetzt
1948 2165 2031 2210 auch
2062 2165 2248 2209 finanziell

1253 2214 1352 2248 einen
1382 2215 1491 2257 guten
1521 2212 1606 2255 Ruf.

1332 2258 1420 2301 Daß
1466 2257 1631 2301 Porfirio
1660 2257 1752 2300 Diaz
1808 2255 1862 2291 die
1891 2255 2140 2300 Erschließung
2188 2254 2247 2290 der

1253 2302 1498 2346 Hilfsquellen
1528 2302 1589 2337 des
1618 2301 1757 2337 Landes
1804 2301 1867 2336 den
1896 2301 2134 2336 Ausländern
2181 2311 2247 2335 an¬

1253 2351 1446 2387 vertraute.
1483 2347 1527 2391 ist
1554 2354 1625 2382 von
1641 2347 1788 2391 Anfang
1816 2357 1863 2381 an
1880 2357 1984 2392 gegen
2015 2346 2079 2381 den
2095 2345 2246 2389 Wunsch

1254 2393 1315 2428 des
1342 2393 1476 2429 Volkes
1504 2391 1654 2437 gewesen
1699 2391 1774 2426 und
1800 2392 1874 2435 hat,
1935 2391 2003 2426 wie
2031 2391 2119 2426 oben
2147 2391 2247 2435 schon

1253 2438 1470 2483 angedeutet,
1532 2437 1595 2472 den
1625 2437 1726 2472 Keim
1756 2437 1869 2481 gelegt
1909 2448 1951 2480 zu
1981 2436 2126 2472 damals
2153 2435 2247 2479 nicht

1253 2482 1576 2528 vorausgesehenen
1593 2482 1785 2527 Gefahren.
1821 2482 1891 2517 Die
1904 2481 2068 2526 Zukunft
2084 2481 2247 2525 Mexikos

1253 2528 1367 2572 hängt
1396 2539 1473 2563 nun
1503 2527 1637 2562 eintnal
1690 2526 1806 2562 davon
1835 2527 1890 2566 ab,
1953 2527 2020 2562 wie
2066 2526 2129 2570 sich
2175 2526 2247 2570 sein

1255 2571 1475 2616 Verhältnis
1521 2583 1563 2616 zu
1610 2572 1673 2606 den
1714 2572 1945 2616 Vereinigten
1975 2573 2139 2607 Staaten
2194 2582 2250 2615 ge¬

1256 2618 1385 2660 staltet,
1448 2617 1501 2652 die
1528 2616 1743 2660 bekanntlich
1771 2616 1892 2661 längst
1939 2627 1986 2651 an
2016 2616 2070 2651 die
2099 2616 2251 2651 Einver¬

1257 2662 1408 2706 leibung
1460 2661 1542 2704 auch
1588 2660 1697 2702 dieses
1750 2660 1880 2704 reichen
1908 2661 2050 2695 Landes
2105 2660 2241 2695 denken.

1259 2706 1381 2750 Schon
1428 2715 1490 2741 um
1536 2705 1589 2741 die
1618 2705 1732 2741 Mitte
1787 2704 1847 2740 des
1880 2706 1937 2740 19.
1973 2704 2255 2749 Jahrhunderts

1259 2751 1380 2793 führte
1410 2750 1482 2792 ihre
1509 2749 1782 2792 Begehrlichkeit
1809 2760 1853 2792 zu
1880 2749 2169 2793 Verwicklungen
2185 2749 2255 2784 mit

1259 2793 1409 2834 Mexiko.
1469 2793 1540 2832 Im
1569 2792 1688 2834 Jahre
1718 2792 1815 2824 1647
1859 2792 2002 2834 brachen
2058 2793 2104 2834 sie
2149 2793 2250 2827 einen

1257 2836 1365 2880 Krieg
1394 2842 1476 2870 vom
1504 2836 1612 2876 Zaun
1640 2835 1712 2870 und
1742 2835 1981 2871 annektierten
2020 2836 2113 2871 alles
2141 2836 2250 2871 nörd¬

1256 2880 1319 2923 lich
1366 2887 1449 2915 vom
1503 2879 1574 2914 Rio
1604 2878 1752 2915 Grande
1806 2880 1963 2925 gelegene
2009 2880 2250 2925 mexikanische

1253 2924 1396 2963 Gebiet,
1442 2924 1591 2968 nämlich
1621 2924 1687 2959 das
1715 2924 1913 2969 fruchtbare
1958 2925 2033 2960 und
2061 2925 2250 2970 goldreiche

1258 2969 1574 3012 Oberkalifornien
1628 2969 1696 3004 mit
1738 2970 1824 3005 San
1853 2970 2047 3012 Francisco
2093 2971 2168 3006 und
2197 2971 2251 3006 die

1260 3014 1497 3057 silberreichen
1550 3015 1708 3049 Staaten
1765 3015 1934 3058 Arizona,
2011 3016 2251 3059 Neu-Mexiko

1261 3059 1334 3093 und
1363 3060 1490 3101 Texas.
1549 3059 1704 3102 Hiermit
1732 3066 1809 3095 war
1838 3066 1895 3095 der
1924 3061 2010 3105 erste
2038 3061 2180 3105 Schritt
2210 3072 2251 3105 zu

1261 3103 1420 3138 weiterm
1448 3103 1677 3149 Vordringen
1721 3104 1804 3149 nach
1833 3105 1963 3141 Süden
2004 3109 2121 3150 getan,
2175 3106 2251 3142 und

1261 3147 1364 3190 heute
1417 3149 1485 3193 gilt
1530 3154 1568 3184 es
1614 3150 1676 3184 den
1717 3151 1949 3196 Vereinigten
1979 3152 2143 3187 Staaten
2190 3152 2250 3187 als

1262 3193 1605 3238 selbstverständlich,
1666 3194 1734 3235 daß
1788 3196 1929 3238 Mexiko
1984 3196 2058 3231 und
2104 3197 2252 3233 Mittel¬

1261 3239 1415 3273 amerika
1468 3239 1537 3274 mit
1593 3240 1666 3274 dem
1694 3240 1780 3275 Bau
1837 3242 1895 3276 des
1939 3241 2252 3286 interozeanischen

1262 3284 1408 3319 Kanals
1453 3284 1490 3319 in
1519 3284 1573 3319 die
1617 3285 1972 3329 nordamerikanische
2000 3287 2250 3331 Machtsphäre

1263 3329 1375 3372 fallen
1430 3329 1503 3364 und
1532 3329 1678 3374 deshalb
1707 3330 1803 3366 eines
1832 3333 1950 3375 Tages
1993 3332 2032 3366 in
2061 3333 2171 3377 Besitz
2200 3343 2254 3377 ge¬

1262 3384 1431 3409 nommen
1457 3374 1594 3410 werden
1623 3375 1739 3419 müsse.
1784 3376 1855 3412 Die
1883 3377 2124 3422 Besitznahme
2153 3378 2255 3413 wirt¬

1263 3419 1435 3463 schaftlich
1463 3419 1735 3463 vorzubereiten,
1771 3422 1891 3456 wurde
1920 3422 1975 3456 die
2004 3422 2167 3467 Aufgabe
2197 3423 2257 3458 des

1262 3464 1644 3508 nordamerikanischen
1672 3465 1949 3509 Großkapitals,
2004 3467 2071 3502 das
2101 3468 2155 3503 die
2184 3469 2258 3510 Zu¬

1261 3509 1406 3555 lassung
1451 3509 1512 3545 des
1559 3510 1713 3553 fremden
1762 3511 2125 3556 Unternehmertums
2171 3517 2258 3548 auS-

1263 3557 1376 3599 nützte
1406 3555 1478 3590 und
1507 3555 1568 3599 sich
1599 3556 1745 3591 alsbald
1775 3555 1837 3592 des
1858 3558 2071 3602 Bergbaues
2102 3558 2175 3593 und
2197 3559 2257 3594 deS

1264 3599 1582 3644 Eisenbahnbaues
1610 3612 1652 3645 zu
1680 3600 1918 3648 bemächtigen
1947 3603 2066 3647 suchte.

1344 3647 1422 3681 Der
1437 3646 1671 3690 Erzreichtum
1688 3646 1852 3689 Mexikos
1881 3648 1926 3692 ist
1955 3649 2124 3693 gewaltig
2155 3650 2253 3694 groß.

1265 3690 1361 3726 Sein
1392 3690 1678 3736 Silberbcrgbau
1724 3692 1818 3728 wird
1864 3704 1935 3728 nur
1980 3701 2051 3729 von
2100 3694 2175 3729 dem
2205 3695 2260 3730 der

1266 3736 1499 3780 Vereinigten
1545 3737 1705 3772 Staaten
1753 3736 1969 3781 übertroffen
2027 3739 2100 3774 und
2147 3740 2262 3783 liefert

1265 3781 1348 3823 noch
1378 3780 1478 3825 heute
1505 3784 1596 3816 etwa
1624 3782 1678 3817 ein
1699 3782 1840 3818 Viertel
1868 3784 1929 3818 des
1957 3785 2023 3824 auf
2052 3784 2110 3819 der
2129 3796 2260 3829 ganzen

1265 3825 1357 3861 Erde
1386 3825 1603 3870 geförderten
1631 3826 1792 3862 Silbers.
1855 3829 1931 3864 Der
1958 3829 2258 3874 Silberreichtum

1264 3871 1470 3916 ermöglicht
1498 3871 1575 3907 dem
1602 3872 1719 3908 Lande
1747 3872 1801 3908 die
1820 3873 2146 3920 Aufrechthaltung
2166 3875 2260 3910 einer

2286 1082 2403 1117 reinen
2457 1081 2773 1125 Silberwährung.
2848 1079 2921 1115 Ein
2975 1076 3049 1122 sehr
3104 1075 3276 1112 liberales

2287 1127 2480 1172 Berggesetz
2511 1129 2607 1172 trägt
2635 1126 2718 1170 noch
2746 1124 2894 1170 jährlich
2936 1134 3000 1168 zur
3027 1121 3280 1166 Vermehrung

2288 1172 2346 1207 des
2391 1171 2719 1216 Silberbergbaues
2764 1170 2831 1206 bei.
2894 1169 2990 1204 Aber
3031 1167 3086 1203 die
3131 1165 3280 1203 Silber¬

2290 1216 2477 1261 bergwerke
2504 1216 2580 1259 sind
2608 1217 2737 1252 immer
2764 1214 2863 1259 mehr
2891 1214 2932 1249 in
2961 1213 3015 1249 die
3041 1211 3167 1256 Hände
3208 1218 3281 1247 von

2291 1261 2634 1297 Nordamerikanern
2689 1260 2844 1306 gelangt.
2905 1259 3000 1303 Auch
3055 1258 3111 1293 die
3163 1256 3281 1293 Gold¬

2290 1306 2461 1341 ausbeute
2486 1305 2549 1349 hat
2576 1306 2637 1350 sich
2667 1304 2858 1341 bedeutend
2904 1303 3068 1350 gehoben.
3129 1303 3279 1343 Immer

2290 1362 2374 1387 neue
2403 1351 2604 1396 Bergwerke
2632 1351 2770 1387 werden
2799 1357 2871 1386 von
2902 1350 3109 1395 „smarten"
3139 1342 3282 1383 Ameri¬

2295 1397 2420 1432 kanern
2475 1396 2662 1442 ausfindig
2716 1396 2880 1441 gemacht,
2960 1394 3035 1430 und
3096 1397 3133 1428 es
3206 1392 3285 1437 gibt

2297 1441 2548 1486 Sanguiniker,
2584 1442 2637 1478 die
2650 1441 2791 1484 Mexiko
2820 1441 2881 1476 als
2911 1439 2979 1475 das
3007 1436 3197 1475 Goldland
3225 1438 3285 1473 der

2293 1487 2450 1531 Zukunft
2504 1487 2609 1523 neben
2638 1486 2852 1522 Transvaal
2899 1484 3030 1529 stellen.
3093 1483 3212 1519 Wenn
3239 1483 3286 1527 sie

2294 1532 2379 1576 recht
2407 1532 2528 1574 haben,
2564 1534 2598 1576 so
2627 1532 2718 1568 wird
2747 1532 2823 1567 dies
2852 1531 2915 1575 für
2944 1529 2998 1564 die
3024 1527 3285 1572 Unabhängig¬

2295 1577 2358 1612 keit
2386 1577 2547 1620 Mexikos
2576 1577 2812 1622 entsprechend
2840 1573 3044 1620 unheilvoll
3072 1572 3155 1616 sein.
3190 1572 3285 1617 Auch

2297 1622 2408 1665 Eisen,
2444 1623 2586 1666 Kupfer,
2622 1622 2718 1663 Blei,
2771 1621 2872 1665 Zink,
2929 1618 3146 1662 Quecksilber
3174 1617 3289 1662 findet

2298 1666 2359 1711 sich
2389 1667 2547 1712 reichlich,
2583 1668 2732 1712 dagegen
2760 1666 2868 1710 lohnt
2888 1663 3102 1707 Steinkohle
3130 1663 3194 1699 den
3214 1662 3289 1698 Ab¬

2295 1712 2364 1747 bau
2394 1724 2464 1747 nur
2492 1712 2528 1748 in
2549 1713 2738 1757 Coahuila.
2774 1712 2846 1748 Die
2874 1708 3142 1753 mexikanischen
3163 1708 3288 1754 Eisen¬

2295 1757 2431 1800 bahnen
2459 1758 2535 1801 sind
2575 1769 2637 1802 zur
2667 1756 2828 1802 Deckung
2871 1756 2968 1800 ihres
2997 1753 3288 1799 Kohlenbedarfs

2297 1804 2357 1845 auf
2412 1803 2464 1838 die
2517 1803 2745 1848 Vereinigten
2818 1803 2981 1838 Staaten
3053 1799 3280 1844 angewiesen.

2298 1848 2378 1891 Fast
2424 1847 2494 1883 alle
2548 1848 2847 1892 (ausgenommen
2893 1857 2966 1882 nur
3011 1845 3065 1881 die
3092 1851 3163 1880 von
3192 1845 3288 1889 Eng¬

2298 1892 2447 1928 ländern
2476 1893 2619 1937 gebaute
2639 1892 2752 1937 Bahn
2779 1900 2849 1928 von
2879 1891 2937 1927 der
2965 1889 3187 1935 Hauptstadt
3206 1885 3289 1933 nach

2301 1939 2478 1982 Veracruz
2531 1938 2603 1973 und
2631 1938 2687 1973 die
2713 1945 2784 1973 von
2839 1937 2899 1972 der
2927 1935 3194 1979 mexikanischen
3222 1934 3290 1970 Re-

2299 1993 2326 2072 §
2326 1984 2449 2029 ierung
2477 1983 2620 2027 gebaute
2648 1983 2722 2019 und
2753 1983 2850 2018 dann
2879 1989 2949 2018 von
2979 1982 3073 2016 einer
3101 1979 3292 2025 englischen

2332 2030 2425 2064 irma
2470 2028 2741 2065 übernommene
2767 2026 3144 2071 Tehuantepek-Bahu
3173 2025 3197 2069 s.
3233 2025 3289 2069 o.)

2302 2074 2378 2118 sind
2406 2074 2445 2109 in
2490 2073 2776 2118 amerikanischen
2803 2072 2966 2117 Händen,
3027 2064 3166 2107 werden
3221 2077 3292 2106 von

2301 2118 2606 2164 amerikanischem,
2642 2118 2742 2162 meist
2769 2117 2917 2163 englisch
2944 2116 3176 2161 sprechendem
3205 2116 3293 2160 Per¬

2303 2164 2403 2208 sonal
2424 2164 2565 2200 bedient,
2588 2164 2662 2200 und
2691 2163 2953 2208 kaufmännisch
2982 2170 3052 2197 von
3082 2162 3144 2197 den
3165 2161 3293 2197 ameri¬

2302 2209 2474 2254 kanischen
2502 2209 2910 2254 Handelsmetroprolen
2938 2212 3008 2244 aus
3036 2207 3183 2253 geleitet.
3224 2207 3294 2243 Sie

2300 2254 2413 2298 haben
2443 2255 2572 2300 nahezu
2603 2254 2748 2297 dieselbe
2776 2253 3012 2298 Einrichtung
3058 2253 3124 2288 wie
3152 2252 3204 2287 die
3233 2253 3292 2288 der

2300 2300 2528 2344 Vereinigten
2557 2302 2729 2336 Staaten.
2769 2298 3080 2344 Vertragsmäßig
3108 2298 3217 2341 sollen
3247 2298 3293 2342 sie

2301 2345 2381 2389 nach
2410 2347 2458 2378 99
2474 2345 2614 2390 Jahren
2645 2346 2683 2381 in
2713 2346 2776 2381 den
2797 2345 2907 2390 Besitz
2937 2344 2997 2379 des
3026 2343 3291 2387 mexikanischen

2300 2392 2456 2426 Staates
2483 2391 2685 2436 übergehen,
2740 2391 2799 2426 der
2827 2390 2893 2425 den
2921 2390 3009 2426 Bau
3055 2388 3157 2432 durch
3186 2388 3292 2424 Sub¬

2300 2437 2487 2471 ventionen
2539 2436 2754 2482 begünstigt,
2819 2435 2936 2470 indem
2991 2445 3025 2469 er
3081 2435 3141 2477 für
3195 2433 3293 2476 jeden

2301 2481 2449 2526 fertigen
2502 2481 2699 2518 Kilometer
2752 2481 2826 2516 eine
2879 2480 3081 2524 bestimmte
3134 2480 3296 2515 Summe

2302 2526 2408 2570 zahlt.
2443 2527 2526 2562 DaS
2544 2527 2607 2569 hat
2629 2527 2683 2562 die
2703 2525 2940 2571 spekulativen
2959 2525 3117 2570 YankeeS
3137 2525 3191 2567 oft
3218 2531 3295 2560 ver¬

2303 2571 2440 2615 anlaßt,
2494 2572 2583 2615 nicht
2611 2572 2678 2607 den
2718 2571 2881 2615 nächsten
2909 2570 2991 2606 aber
3017 2569 3297 2613 kostspieligeren

2304 2617 2391 2660 Weg
2419 2627 2461 2659 zu
2479 2617 2627 2660 wählen,
2663 2615 2815 2660 sondern
2834 2616 2874 2650 in
2894 2614 3056 2655 endlosen
3076 2614 3283 2658 Schlangen

2306 2660 2521 2703 Windungen
2550 2672 2590 2705 zu
2617 2660 2746 2700 bauen,
2800 2661 2919 2695 damit
2947 2660 3035 2702 recht
3080 2658 3169 2694 viele
3196 2659 3284 2694 Kilo

2308 2707 2417 2740 meter
2442 2704 2698 2749 herauskämen
2726 2705 2800 2741 und
2830 2705 2885 2740 die
2914 2703 3117 2748 Baukosten
3145 2703 3209 2747 auf
3238 2703 3304 2739 den

2306 2749 2503 2784 Kilometer
2530 2751 2711 2794 möglichst
2740 2750 2865 2794 gering
2895 2749 3045 2784 blieben.

2383 2793 2468 2828 Seit
2496 2793 2569 2828 dem
2600 2794 2698 2829 Ende
2727 2795 2785 2828 der
2813 2794 2983 2837 achtziger
3010 2792 3130 2836 Jahre
3177 2791 3298 2836 führte

2304 2837 2356 2871 die
2411 2836 2765 2883 Silberentwertung
2819 2838 2896 2872 eine
2962 2837 3157 2881 vermehrte
3210 2837 3300 2873 Ein¬

2303 2882 2520 2927 wanderung
2573 2888 2644 2918 aus
2688 2883 2764 2918 dem
2792 2882 3000 2918 Goldlande
3040 2882 3299 2918 Nordamerika

2303 2927 2384 2970 nach
2414 2927 2552 2969 Mexiko
2579 2927 2706 2972 herbei.
2742 2927 2830 2971 Hier
2859 2928 2899 2963 in
2929 2928 3003 2963 dein
3033 2927 3298 2971 aufblühenden

2303 2971 2417 3008 Lande
2447 2972 2503 3015 sah
2524 2984 2608 3008 inan
2638 2973 2702 3008 den
2718 2974 2820 3009 Wert
2850 2973 2963 3017 seines
2978 2972 3115 3009 Geldes
3142 2972 3297 3019 plötzlich

2303 3017 2503 3060 verdoppelt
2531 3018 2603 3053 und
2633 3018 2720 3062 fand
2748 3018 2848 3062 mehr
2876 3018 3114 3063 Gelegenheit,
3151 3023 3188 3053 es
3216 3025 3299 3054 vor¬

2305 3062 2446 3105 teilhaft
2491 3063 2693 3109 anzulegen.
2755 3063 2859 3107 Diese
2888 3063 3182 3108 Einwanderung
3225 3064 3299 3108 ließ

2303 3107 2452 3147 überall,
2487 3107 2676 3151 besonders
2692 3109 2731 3144 in
2760 3109 2824 3144 den
2840 3109 3003 3146 Städten
3033 3109 3096 3144 des
3111 3109 3290 3150 Nordens,

2303 3163 2329 3196 z.
2366 3153 2412 3189 B.
2447 3154 2592 3198 Juarez,
2646 3154 2854 3199 Guahmas,
2907 3154 3135 3199 Chihuahua,
3182 3154 3298 3191 Mon-

2306 3201 2406 3241 terey,
2443 3198 2689 3238 MatamoroS,
2729 3200 2804 3235 und
2834 3200 2873 3235 in
2903 3199 2961 3235 der
2988 3198 3211 3244 Hauptstudt
3238 3199 3298 3235 be¬

2306 3243 2470 3278 deutende
2497 3245 2759 3289 amerikanische
2786 3245 2968 3280 Kolonien
2996 3245 3179 3289 entstehen,
3224 3252 3299 3281 wo¬

2306 3299 2411 3333 gegen
2465 3290 2704 3326 Südamerika
2759 3291 2829 3334 fast
2870 3290 2954 3334 noch
2983 3301 3048 3335 gar
3089 3290 3181 3325 keine
3210 3290 3300 3327 Ein¬

2307 3333 2525 3380 wanderung
2552 3340 2623 3370 aus
2653 3336 2718 3370 den
2733 3336 2967 3380 Vereinigten
2984 3337 3147 3371 Staaten
3175 3337 3301 3381 aufzu¬

2309 3379 2431 3422 weisen
2485 3379 2558 3422 hat.
2620 3381 2691 3417 Die
2736 3380 3001 3424 amerikanische
3046 3381 3199 3416 Kolonie
3245 3387 3305 3417 der

2309 3424 2530 3467 Hauptstadt
2558 3426 2603 3470 ist
2631 3426 2750 3469 nächst
2778 3425 2838 3460 der
2867 3426 3063 3469 spanischen
3101 3425 3155 3461 die
3182 3427 3308 3471 größte

2312 3469 2371 3504 der
2401 3469 2562 3515 dortigen
2590 3471 2941 3513 Fremdenkolonien.
2994 3471 3064 3507 Sie
3105 3471 3197 3506 wird
3244 3473 3309 3516 auf

2313 3513 2534 3558 dreitausend
2588 3516 2690 3560 meist
2731 3516 2987 3561 wohlhabende
3016 3516 3309 3562 Eingewanderte

2313 3559 2478 3604 geschätzt.
2530 3561 2617 3605 Hier
2644 3561 2719 3597 und
2749 3562 2787 3596 in
2815 3562 2954 3606 einigen
2982 3562 3118 3597 andern
3147 3563 3308 3598 Städten

2314 3605 2500 3649 erscheinen
2538 3607 2619 3650 auch
2667 3607 3061 3652 anglo-amerikanische
3088 3607 3301 3653 Zeitungen.

2315 3650 2527 3695 Alljährlich
2555 3653 2697 3697 wählen
2726 3653 2915 3697 zahlreiche
2947 3652 3209 3697 amerikanische
3236 3653 3308 3689 Ge¬

2316 3696 2618 3742 sellschaftsreisen
2675 3698 2783 3743 dieses
2830 3698 2929 3734 Land
2982 3698 3043 3734 als
3089 3698 3178 3740 Ziel.
3240 3699 3311 3735 Die

2314 3741 2599 3786 amerikanischen
2669 3743 3126 3789 Eisenbahngesellschaften
3192 3743 3310 3779 bieten

2315 3786 2416 3830 durch
2471 3787 2634 3823 Reklame
2688 3789 2783 3824 alles
2838 3790 2912 3831 auf,
2976 3789 3158 3834 inöglichst
3222 3789 3311 3825 viele

2311 3831 2477 3875 Reisende
2503 3834 2569 3878 auf
2595 3833 2672 3877 ihre
2699 3833 2954 3877 Bahnstrecken
2994 3845 3039 3878 zu
3066 3834 3184 3869 locken.
3248 3836 3309 3871 So

2311 3876 2389 3921 sind
2418 3877 2539 3920 Reisen
2594 3878 2678 3923 nach
2708 3879 2850 3921 Mexiko
2898 3879 2935 3914 in
2983 3879 3047 3914 den
3076 3879 3311 3925 Vereinigten

3337 1077 3502 1111 Staaten
3548 1073 3678 1110 bereits
3724 1073 3844 1118 ebenso
3873 1073 3986 1109 Mode
4040 1071 4224 1118 geworden
4272 1076 4305 1105 w

3336 1120 3393 1156 der
3420 1122 3503 1165 Zug
3531 1120 3610 1164 nach
3639 1120 3792 1164 Europa.

3413 1167 3464 1201 Es
3493 1167 3552 1209 lag
3579 1166 3642 1208 auf
3669 1165 3728 1200 der
3754 1164 3875 1208 Hand,
3934 1163 4001 1199 wie
4027 1162 4127 1206 leicht
4175 1161 4228 1197 die
4270 1160 4305 1196 in

3335 1211 3597 1255 Vorstehenden
3626 1210 3847 1255 dargestellte
3875 1208 4118 1253 Entwicklung
4147 1207 4211 1242 den
4229 1207 4305 1242 Ver

3337 1256 3491 1301 einigten
3520 1257 3678 1291 Staaten
3719 1255 3815 1291 eines
3843 1255 3962 1298 Tages
4009 1254 4106 1289 einen
4134 1251 4305 1288 Vorwan!

3337 1312 3399 1345 zur
3427 1301 3676 1346 Einmischung
3716 1301 3756 1336 in
3802 1300 3856 1335 die
3909 1310 4039 1335 innern
4084 1296 4305 1342 Verhältnis

3341 1347 3502 1390 Mexikos
3529 1347 3643 1382 bieten
3671 1346 3806 1381 könnte.
3869 1345 3964 1380 Aber
3992 1345 4045 1380 die
4085 1354 4163 1379 nun
4192 1342 4306 1377 einma

3339 1399 3408 1427 von
3438 1392 3600 1435 Porfirio
3629 1391 3723 1436 Diaz
3748 1390 3902 1436 befolgte
3931 1389 4068 1436 Politik
4113 1389 4205 1423 kann
4233 1386 4306 1430 nich

3339 1436 3545 1487 rückgängig
3572 1436 3723 1482 gemacht
3763 1436 3912 1475 werden,
3974 1438 4100 1480 mögen
4147 1433 4228 1476 auch
4276 1431 4306 1466 di

3341 1483 3584 1526 Sympathien
3638 1482 3696 1517 der
3723 1481 3929 1523 Mexikaner
3975 1481 4036 1525 für
4063 1479 4118 1514 die
4146 1476 4306 1522 Beglückt

3341 1533 3411 1563 aus
3439 1528 3517 1562 dem
3544 1526 3689 1562 Norden
3716 1526 3845 1561 immer
3872 1524 3971 1568 mehr
4001 1524 4164 1559 erkalten.
4204 1522 4306 1558 Uebri

3343 1576 3430 1617 gens
3458 1572 3505 1616 ist
3532 1571 3671 1614 Mexiko
3726 1569 3829 1614 durch
3876 1570 3964 1613 diese
3991 1568 4129 1611 Politik
4170 1578 4213 1611 zu
4240 1567 4306 1601 ein,

3343 1616 3645 1661 wirtschaftlichen
3660 1615 3776 1652 Blüte
3805 1614 3959 1660 gelangt,
3999 1608 4052 1649 die
4079 1612 4169 1657 seine
4196 1611 4306 1647 Widn

3344 1662 3565 1706 standskraft
3592 1660 3783 1704 wesentlich
3813 1659 3997 1706 gesteigert
4024 1659 4097 1704 hat.
4135 1657 4274 1700 Mexiko
4295 1657 4305 1692 i

3343 1708 3444 1753 heute
3472 1708 3554 1752 auch
3582 1706 3790 1750 militärisch
3810 1706 3884 1741 eine
3900 1704 4034 1749 Macht,
4072 1704 4126 1739 die
4144 1714 4186 1748 zu
4213 1705 4299 1738 unte

3342 1754 3472 1797 werfen
3502 1753 3564 1788 den
3591 1752 3823 1796 Vereinigten
3852 1752 4016 1787 Staaten
4071 1749 4192 1793 schwer
4219 1759 4305 1793 genu

3343 1799 3454 1842 fallen
3497 1799 3623 1841 dürfte.
3684 1798 3798 1833 Seine
3825 1796 4132 1841 Selbständigkeit
4173 1794 4305 1838 erscheir

3345 1844 3449 1889 daher
3478 1844 3644 1888 gesichert.
3679 1842 3836 1887 Freilich,
3874 1842 3928 1877 die
3942 1843 4055 1885 Frage
4081 1840 4194 1875 bleibt
4222 1840 4305 1883 offer

3345 1889 3388 1924 ob
3430 1889 3523 1933 nicht
3576 1888 3668 1924 alles
3695 1888 3794 1924 Land
3847 1886 3908 1923 bis
3951 1898 4031 1931 zum
4061 1886 4305 1930 Panamakant

3345 1935 3415 1970 mit
3470 1934 3529 1969 der
3593 1932 3853 1979 zunehmenden
3908 1932 4199 1977 Einwanderung
4267 1937 4305 1966 vc

3347 1981 3503 2024 Nankees
3549 1979 3671 2023 früher
3722 1979 3804 2014 oder
3849 1978 3965 2022 später
4012 1977 4074 2013 den
4102 1976 4305 2021 Vereinigt«

3347 2026 3509 2061 Staaten
3562 2025 3642 2069 auch
3697 2024 3786 2068 ohne
3825 2024 3944 2068 Krieg,
4007 2023 4193 2068 sozusagen
4236 2021 4305 2057 dur

3348 2071 3583 2115 Aufsaugung
3610 2070 3770 2114 zufallen
3798 2069 3896 2113 muß.

3487 2151 3681 2205 Römisches
3715 2151 3934 2201 Uollrsleden
3968 2151 4017 2194 im
4050 2148 4210 2199 Dialekt.

3857 2211 3905 2239 8t.
3950 2209 3982 2239 R
3996 2217 4013 2238 o
4028 2216 4081 2243 m,
4104 2208 4148 2237 im
4171 2205 4304 2242 August.

3412 2251 3486 2282 Wer
3513 2252 3545 2282 in
3567 2259 3707 2287 warmer,
3745 2250 3889 2287 goldener
3911 2250 4103 2286 Frühling?-
4140 2251 4208 2279 oder
4245 2246 4306 2282 Frt!

3351 2293 3743 2328 sommer-MlttagSstunde
3765 2292 3812 2321 bei
3840 2291 3909 2320 dem
3932 2290 4132 2324 Patriarchen
4169 2292 4257 2319 unter
4288 2290 4306 2317 d

3351 2334 3513 2370 römischen
3535 2334 3666 2369 Wirten,
3696 2332 3738 2368 Zi
3760 2331 3927 2367 PaSquale
3949 2331 4079 2367 Einkehr
4102 2330 4176 2366 hält,
4198 2337 4254 2361 um
4276 2330 4306 2359 d,

3347 2375 3431 2405 einen
3469 2375 3590 2411 kleinen,
3618 2373 3675 2404 mit
3710 2374 3921 2411 FraSkatauer
3957 2373 4194 2409 angeieuchieten
4231 2370 4306 2405 Jmi

3347 2416 3568 2452 einzunchmen,
3590 2416 3642 2445 der
3664 2414 3743 2444 wird
3764 2414 3878 2450 Zeuge,
3916 2414 3973 2444 wie
4008 2413 4061 2447 sich
4098 2421 4141 2443 an
4176 2412 4276 2442 einem
4298 2412 4306 2440 I

3350 2457 3501 2490 stimmten
3523 2456 3622 2491 Tische
3644 2455 3818 2490 allmöhlich
3840 2454 3935 2491 einige
3958 2454 4053 2489 Gäste
4076 2453 4239 2488 sammeln.
4285 2452 4305 2482 3

3350 2497 3418 2528 Tür
3440 2498 3495 2527 de?
3529 2497 3731 2531 freundlichen
3753 2496 3883 2526 Raum?
3920 2495 3956 2530 ist
3978 2495 4067 2531 durch
4104 2495 4154 2525 ein
4189 2494 4305 2530 schweb,

3350 2541 3415 2573 des,
3437 2538 3804 2574 glaSperlenvurchsetzteS
3839 2536 4020 2573 Nohrgitter
4056 2536 4163 2572 ersetzt,
4198 2538 4259 2565 das
4301 2535 4305 2562 I

3353 2579 3481 2614 Fliegen
3502 2579 3616 2613 abhält,
3639 2580 3712 2608 aber
3733 2579 3793 2608 den
3814 2577 3940 2612 frischen
3962 2577 4091 2613 Luftzug
4113 2576 4283 2611 durchläßt,
4298 2577 4305 2604 1

3354 2620 3412 2649 mit
3434 2624 3503 2650 dem
3525 2619 3636 2649 Saum
3671 2619 3724 2648 der
3756 2618 4024 2652 bienvendweltzrn
4059 2617 4220 2652 Tischdecke
4257 2617 4301 2651 spi

3356 2660 3423 2692 Auf
3447 2662 3515 2690 dem
3536 2660 3621 2693 Tisch
3657 2659 3755 2692 stehen
3775 2658 3847 2693 nach
3869 2658 4029 2693 römischer
4051 2657 4140 2688 Sitte
4172 2657 4273 2692 Berge
4295 2665 4305 2687 ,

3359 2700 3485 2731 Tellern
3519 2708 3555 2736 zu
3591 2699 3715 2734 beliebig
3748 2699 4070 2735 verschwenderischem
4099 2698 4270 2733 Gebrauch.

3358 2741 3479 2777 Aufsatz
3502 2741 3558 2771 mit
3580 2740 3765 2775 allerbestem
3786 2740 3873 2775 Esstg
3911 2742 3976 2770 und
4012 2740 4227 2775 tiefgoldcnem
4261 2739 4305 2773 süj

3358 2781 3546 2815 Sabkneröl,
3569 2781 3686 2815 Pfeffer
3708 2782 3771 2810 und
3794 2780 3888 2815 Salz,
3913 2780 4001 2812 sowie
4022 2780 4134 2814 endlich
4171 2781 4216 2809 die
4251 2780 4306 2809 dur

3354 2824 3415 2851 aus
3438 2821 3515 2851 nickt
3546 2821 3673 2857 überall,
3695 2821 3768 2850 aber
3790 2820 3869 2849 beim
3890 2820 3932 2855 Zi
3969 2821 4134 2856 PaSquale
4169 2820 4242 2854 stets
4278 2828 4306 2850 ai

3353 2860 3633 2896 allersäuberlichste
3658 2862 3808 2896 geputzten
3824 2865 3940 2898 posato
3965 2877 4002 2883 —
4025 2861 4143 2896 Messer
4158 2867 4222 2891 und
4240 2861 4306 2891 Gal

3352 2902 3515 2937 Natürlich
3530 2902 3602 2937 fehlt
3612 2904 3647 2932 «8
3658 2902 3730 2935 auch
3743 2910 3785 2931 an
3800 2901 3979 2932 Servietten
4003 2902 4087 2935 nicht.
4112 2902 4187 2932 Das
4211 2902 4303 2939 folget

3358 2943 3539 2979 Schauspiel
3572 2942 3730 2972 entwickelt
3761 2941 3812 2978 sich
3833 2941 3964 2980 beinahe
3985 2942 4043 2974 mit
4064 2943 4116 2973 der
4137 2943 4306 2979 Negelmäß

3356 2984 3411 3014 keit
3434 2984 3514 3014 einer
3535 2984 3607 3017 Uhr.

3417 3025 3503 3055 Eben
3516 3025 3567 3060 hat
3579 3024 3630 3055 der
3641 3024 3902 3055 Commendatore
3913 3024 3953 3056 R.
3973 3025 4033 3060 sein
4046 3025 4306 3062 scharfgeschnittei

3353 3066 3466 3102 Antlitz
3486 3066 3572 3102 durch
3594 3066 3650 3096 den
3674 3066 3924 3102 Gittervorhang
3946 3068 4066 3103 gesteckt.
4089 3071 4123 3097 eS
4146 3068 4219 3097 aber
4241 3067 4306 3097 Wiel

3354 3107 3591 3144 zurückgezogen,
3627 3108 3682 3137 als
3714 3114 3747 3136 er
3777 3107 3835 3136 den
3858 3107 4027 3138 Cavaliere
4048 3108 4184 3143 usficiale
4205 3108 4250 3138 S.
4286 3116 4306 3139 n

3352 3148 3429 3184 nicht
3450 3156 3501 3178 am
3522 3147 3605 3184 Tisch
3628 3147 3769 3177 erblickte.
3814 3147 3879 3184 (In
3901 3148 4030 3182 Italien
4052 3149 4186 3179 tituliert
4208 3158 4284 3180 man

3353 3188 3445 3219 Leute
3461 3189 3531 3225 nach
3546 3188 3631 3224 ihren
3645 3188 3774 3224 Orden;
3798 3196 3858 3219 nur
3874 3189 3922 3218 die
3933 3190 4037 3220 Ritter
4052 3189 4108 3220 de«
4121 3190 4305 3228 Annunziat

3353 3230 3479 3260 Ordens
3514 3230 3577 3264 sind
3619 3229 3797 3266 Exzellenz.)
3852 3229 3932 3260 Eine
3968 3231 4059 3267 halbe
4096 3232 4224 3262 Minute
4261 3233 4305 3267 spo

3354 3271 3490 3306 erichcint
3510 3270 3622 3301 bereit»
3647 3271 3699 3301 der
3722 3271 3884 3307 Gesuchte;
3924 3272 3988 3302 eine
4011 3273 4150 3308 schlanke,
4178 3273 4279 3308 schöne
4302 3277 4305 3298 l

3355 3311 3520 3348 scheinung,
3555 3312 3621 3342 eine
3653 3312 3793 3347 römische
3827 3312 4009 3348 Idealfigur
4045 3319 4116 3344 vom
4139 3314 4274 3349 Scheitel

3358 3361 3409 3390 zur
3450 3353 3560 3389 Sohle.
3602 3353 3668 3383 Der
3704 3353 3870 3383 Cavaliere
3905 3353 4041 3390 usficiale
4076 3355 4113 3390 ist
4147 3355 4198 3385 ein
4235 3355 4305 3392 höhe

3358 3394 3503 3424 Beamter
3538 3394 3618 3424 beim
3653 3394 3771 3430 Schatz-
3811 3394 3880 3424 oder
3916 3394 4255 3433 Finanzministerium,

3362 3436 3456 3470 macht
3479 3439 3511 3464 c»
3535 3435 3583 3471 sich
3607 3435 3710 3470 sofort,
3734 3435 3874 3470 nachdem
3897 3443 3928 3465 er
3951 3437 4006 3467 den
4030 3437 4252 3474 weißbärtigen
4274 3438 4305 3468 A

3363 3477 3426 3506 und
3450 3476 3520 3511 mich
3545 3475 3681 3512 begrübt,
3719 3485 3761 3506 an
3796 3476 3848 3506 der
3870 3477 4012 3513 gedeckten
4034 3478 4129 3512 Tafel
4149 3479 4275 3514 bequem
4298 3487 4306 3509 t

3366 3518 3444 3553 hebt,
3483 3517 3625 3553 während
3647 3517 3688 3554 Zi
3712 3518 3872 3553 PaScuale
3903 3519 4052 3552 ebenfalls
4073 3520 4159 3556 Platz
4181 3529 4302 3556 genonn

3369 3559 3433 3592 hat.
3457 3559 3513 3589 mit
3529 3559 3718 3595 neugieriger
3733 3559 3867 3595 Vorsicht
3889 3559 3947 3591 den
3962 3561 4035 3590 über
4057 3561 4123 3591 eine
4144 3562 4246 3597 große,
4268 3570 4304 3592 ru

3365 3599 3503 3634 Schüssel
3542 3600 3705 3636 gestülpten
3734 3600 3837 3631 Teller
3871 3601 3922 3632 ab.
3964 3602 4087 3638 Irgend
4123 3602 4171 3633 «in
4207 3603 4306 3639 römis«

3366 3640 3489 3676 Gericht
3525 3641 3636 3671 kommt
3672 3649 3739 3678 zum
3772 3642 3946 3679 Vorschein,
3989 3644 4048 3673 da»
4082 3644 4273 3679 Alessandro,

3363 3682 3493 3717 Kellner,
3516 3682 3587 3712 eb:n
3610 3686 3671 3712 aus
3693 3683 3776 3712 einer
3800 3684 3901 3717 nahen
3925 3684 4079 3720 Garküche
4101 3685 4202 3721 geholt
4226 3686 4287 3720 hat.

3363 3722 3469 3756 diesem
3495 3723 3673 3758 Augenblick
3703 3722 3808 3752 betritt
3840 3724 3893 3753 der
3914 3723 4034 3760 frühere
4055 3726 4290 3760 Chefredakteur

3366 3764 3542 3799 „Capitano
3578 3764 3755 3799 Fracassa",
3807 3764 3903 3800 jetzige
3940 3766 4148 3801 Abgeordnete
4185 3767 4248 3796 und
4285 3775 4304 3803 g

3365 3804 3462 3841 gewiß
3484 3804 3650 3841 zukünftig«
3667 3805 3987 3840 Unterstaatssekretär
4009 3807 4072 3836 und
4088 3806 4234 3840 Minister
4248 3807 4306 3843 Fa,

3366 3846 3423 3876 wie
3446 3845 3627 3883 gewöhnlich
3648 3846 3706 3876 mit
3728 3846 3826 3876 einem
3849 3846 3960 3884 Scherz
3994 3848 4049 3883 auf
4072 3848 4128 3877 den
4149 3848 4279 3885 Lippen,

3367 3886 3499 3925 Osteria.
3541 3887 3590 3922 In
3612 3887 3709 3918 einem
3733 3888 4040 3925 parlamentarischen
4061 3889 4264 3925 Wortgefecht
4285 3890 4302 3926 h

531 3976 879 4044 Jenilletou.

552 4081 720 4114 Heinrich
747 4081 879 4111 Laube.

224 4122 425 4159 Heinrich
455 4123 627 4154 Laubes
660 4126 973 4162 ansgewählte
1001 4127 1145 4159 Werke
1176 4129 1209 4160 in

329 4164 400 4201 zehn
423 4165 561 4195 Bänden.
620 4165 874 4202 Herausgegeben
911 4169 971 4203 von
1008 4168 1210 4205 Heinrich

328 4205 494 4240 Hubert
536 4206 724 4242 Houben.
797 4206 933 4244 Leipzig,
987 4209 1065 4244 Max
1108 4211 1209 4247 Hesse»

328 4246 454 4283 Verlag.

286 4285 337 4322 Zn
372 4287 508 4323 Heinrich
531 4288 651 4318 Laube»
689 4287 887 4322 hundertstem
920 4288 1116 4326 Geburtstag
1146 4293 1210 4329 (18.

224 4327 422 4364 September)
459 4330 526 4362 läßt
559 4329 610 4359 der
646 4329 920 4365 Klassiker-Verlag
952 4330 1029 4366 Max
1056 4331 1141 4367 Hesse
1175 4333 1208 4363 in

224 4367 345 4405 Leipzig
378 4370 443 4400 eine
466 4370 610 4406 Ausgabe
644 4374 704 4400 von
737 4370 858 4400 Laube»
880 4370 1004 4401 Werken
1037 4372 1208 4409 erscheinen,

224 4408 271 4438 die
293 4409 348 4441 auf
370 4411 521 4446 lebhafte»
544 4411 693 4447 Interesse
717 4411 792 4441 aller
806 4411 982 4446 Literatur-,
997 4411 1208 4447 insbesondere

225 4449 300 4479 aller
321 4450 578 4486 Theaterfreunde
600 4452 752 4488 Anspruch
781 4453 903 4487 erheben
926 4452 1004 4488 darf.
1048 4453 1151 4484 Laube
1173 4454 1206 4489 ist

224 4489 266 4519 im
289 4490 390 4524 Jahre
406 4496 485 4521 1884
508 4494 670 4529 gestorben,
693 4498 727 4524 e»
750 4494 827 4523 wird
842 4494 932 4528 daher
948 4495 1017 4527 noch
1033 4493 1099 4524 eine
1115 4494 1184 4525 Reil
1194 4503 1209 4525 e

224 4534 285 4559 von
307 4531 430 4566 Jahren
452 4534 577 4569 dauern,
600 4535 652 4564 bi»
668 4534 746 4570 seine
762 4534 915 4570 Schriften
938 4535 1023 4569 durch
1043 4534 1104 4565 da»
1120 4536 1207 4570 Recht

223 4569 277 4598 de»
299 4570 479 4606 Nachdruck»
502 4575 594 4610 freie»
617 4575 782 4611 Eigentum
810 4577 861 4606 der
883 4576 1113 4611 Allgemeinheit
1136 4581 1208 4606 wer¬

222 4609 290 4639 den.
323 4610 398 4646 Daß
421 4614 471 4643 der
493 4616 632 4651 Hessesche
655 4617 774 4652 Verlag
794 4617 843 4653 sich
867 4618 947 4651 schon
970 4617 1027 4653 jetzt
1049 4618 1108 4647 da»
1122 4618 1209 4653 Recht

224 4650 380 4680 erworben
403 4652 466 4687 hat,
488 4655 590 4686 Laube
606 4659 697 4687 unter
719 4658 796 4692 seine
812 4659 953 4694 Klassiker
976 4658 1158 4694 aufnehmen
1174 4667 1208 4695 zu

223 4689 342 4724 dürfen,
364 4690 400 4726 ist
422 4693 584 4730 erfreulich.
622 4697 685 4727 Ein
708 4699 825 4734 Mann,
848 4699 941 4735 dessen
965 4699 1136 4730 Verdienste
1158 4709 1208 4730 um

223 4729 281 4758 da»
314 4732 439 4764 deutsche
454 4733 586 4767 Theater
608 4738 869 4777 außerordentlich
890 4741 964 4776 sind,
987 4741 1062 4771 wird
1085 4741 1209 4777 dadurch

222 4768 332 4802 beinah
355 4778 408 4800 um
430 4772 478 4801 ein
494 4773 668 4811 Jahrzehnt
690 4778 794 4815 früher
816 4781 849 4811 in
865 4782 974 4816 seinem
990 4781 1125 4813 Streben
1148 4783 1209 4813 und

222 4808 342 4838 Wirken
365 4809 422 4840 de»
445 4812 584 4844 weiteren
605 4817 729 4850 Kreisen
753 4820 882 4851 bekannt
905 4825 1043 4859 gemacht.

284 4849 344 4879 Al»
377 4851 588 4888 Herausgeber
621 4856 746 4891 zeichnet
768 4860 905 4898 Heinrich
928 4863 1044 4899 Hubert
1066 4864 1203 4901 Houben,

223 4889 273 4919 der
294 4889 344 4925 sich
366 4890 452 4926 durch
473 4900 537 4922 eine
552 4893 647 4929 Reihe
670 4899 839 4929 wertvoller
853 4902 991 4934 Studien
1013 4913 1066 4935 um
1088 4906 1135 4936 die
1149 4906 1210 4937 Ge-

223 4931 332 4967 schichte
354 4931 407 4962 des
427 4932 557 4967 Jungen
580 4934 804 4971 Deutschland»
836 4943 972 4973 verdient
995 4948 1125 4982 gemacht
1148 4948 1209 4978 hat.

222 4971 321 5002 Seine
336 4974 553 5009 umfangreiche
564 4974 785 5013 biographische
797 4979 980 5019 Einleitung
994 4987 1071 5020 (27»
1081 4986 1210 5018 Seiten:

223 5014 293 5049 auch
316 5014 367 5044 al»
390 5015 564 5046 besondere»
586 5015 749 5051 Bändchen
773 5018 816 5048 im
838 5020 999 5057 Heffeschen
1022 5025 1141 5063 Verlag
1162 5036 1207 5058 er-

222 5054 364 5090 schienen)
397 5056 485 5086 bietet
516 5056 594 5086 denn
628 5058 700 5092 auch
732 5057 781 5088 ein
804 5061 892 5094 gutes
914 5061 990 5091 Bild
1019 5064 1070 5093 der
1093 5075 1207 5103 ganzen

224 5095 346 5132 Epoche,
368 5096 402 5127 in
423 5097 469 5127 die
492 5097 613 5128 Laubes
635 5098 759 5129 Wirken
781 5099 859 5132 fällt.
883 5101 944 5130 Ein
967 5104 1208 5140 umfangreiche»

221 5137 375 5168 Material
409 5146 451 5168 an
484 5138 612 5171 Briefen
651 5139 714 5169 und
736 5139 829 5170 Akten
863 5141 936 5177 liegt
968 5142 1016 5177 ihr
1045 5147 1207 5182 zugrunde,

222 5187 289 5215 zum
314 5178 425 5215 großen
448 5180 519 5210 Teil
542 5180 648 5217 bisher
669 5181 857 5216 ungedruckte
873 5182 988 5218 Stücke,
1010 5183 1057 5213 die
1079 5185 1205 5219 Houben

221 5228 288 5256 zum
310 5220 402 5256 ersten
418 5221 494 5251 Mal
516 5224 680 5252 verwerten
703 5223 803 5258 durfte
823 5224 886 5254 und
908 5223 954 5254 die
976 5232 1006 5254 er
1028 5224 1073 5261 oft
1085 5225 1117 5255 in
1131 5226 1206 5262 seine

221 5260 425 5299 Schilderung
447 5262 669 5300 vollinhaltlich
690 5265 844 5295 verwebte.

281 5302 330 5337 In
352 5303 405 5334 der
426 5304 577 5341 Auswahl
608 5308 669 5335 au»
691 5305 813 5336 Laube»
835 5306 959 5338 Werken
992 5307 1026 5344 ist
1055 5308 1112 5339 mit
1135 5308 1207 5345 rich¬

221 5342 312 5379 tigem
334 5344 538 5383 Verständnis
567 5346 619 5377 der
640 5346 803 5384 Nachdruck
832 5348 908 5384 nicht
930 5348 985 5383 auf
1005 5349 1061 5379 den
1084 5350 1204 5381 drama-

1263 3969 1370 4004 tischen
1393 3970 1522 4006 Dichter,
1559 3970 1686 4004 sondern
1720 3971 1775 4006 auf
1809 3972 1864 4002 den
1893 3972 2131 4010 Dramaturgen
2165 3974 2261 4010 gelegt

1264 4010 1399 4040 worden.
1442 4011 1494 4041 So
1516 4011 1611 4047 findet
1643 4020 1716 4042 man
1750 4012 1829 4043 denn
1864 4021 1925 4044 nur
1947 4014 2019 4050 fünf
2041 4015 2193 4051 Dramen,
2216 4015 2262 4045 die

1264 4050 1296 4087 ja
1320 4059 1389 4087 zum
1411 4052 1483 4083 Teil
1506 4053 1578 4087 noch
1601 4053 1685 4089 heute
1710 4053 1776 4083 dem
1801 4055 1979 4091 Repertoire
2002 4056 2187 4093 angehören,
2211 4056 2263 4086 ab¬

1265 4091 1396 4126 gedruckt
1419 4108 1456 4113 —
1475 4093 1628 4127 nämlich:
1652 4094 1823 4130 „Rokoko",
1847 4095 2065 4132 „Struensee",
2090 4097 2262 4133 „Gottsched

1263 4131 1327 4161 und
1361 4132 1509 4169 Gellcrt",
1548 4133 1627 4169 „Die
1663 4135 1892 4171 Karlsschüler"
1930 4137 1995 4167 und
2030 4137 2086 4167 den
2122 4138 2261 4174 „Grafen

1263 4172 1380 4207 Essex".
1423 4173 1489 4203 Der
1522 4175 1655 4205 weitaus
1689 4175 1815 4211 gröbere
1837 4178 1942 4208 Raum
1977 4178 2012 4212 ist
2044 4179 2099 4208 den
2124 4179 2263 4209 autobio¬

1263 4213 1455 4249 graphischen
1490 4215 1552 4245 und
1577 4217 1921 4255 theatergeschichtlichen
1943 4219 2103 4255 Schriften
2140 4220 2262 4250 Laube»

1263 4254 1433 4289 gewidmet.
1464 4255 1518 4285 Da
1540 4256 1684 4293 begegnet
1706 4265 1781 4287 man
1805 4259 1949 4296 Partien,
1972 4260 2020 4290 die
2042 4261 2147 4297 bisher
2171 4261 2262 4292 unbe¬

1262 4294 1359 4324 kannt
1383 4296 1452 4325 oder
1475 4296 1649 4332 verschollen
1672 4303 1789 4334 waren,
1823 4300 1853 4335 so
1884 4300 1937 4330 der
1966 4301 2117 4338 friihesten
2139 4302 2262 4333 drama¬

1261 4335 1427 4371 turgischen
1450 4336 1559 4367 Arbeit
1574 4338 1706 4373 Laube»,
1729 4339 1786 4369 den
1812 4341 1959 4377 „Briefen
1976 4342 2051 4372 über
2065 4343 2125 4373 da»
2138 4343 2263 4380 deutsche

1261 4374 1429 4412 Theater",
1465 4377 1511 4407 die
1544 4378 1596 4408 der
1628 4379 1843 4416 Herausgeber
1876 4382 1910 4412 in
1946 4384 2032 4414 alten
2054 4384 2262 4421 Jahrgängen

1261 4414 1313 4444 der
1339 4416 1568 4452 „Allgemeinen
1590 4419 1744 4455 Zeitung"
1770 4422 1949 4457 aufgespttrt
1970 4424 2034 4460 hat,
2057 4425 2121 4455 und
2141 4426 2263 4456 Laube»

1261 4455 1621 4495 LebenSerinnerungen,
1643 4460 1689 4490 die
1713 4460 1778 4496 hier
1794 4470 1860 4498 zum
1878 4464 1971 4498 ersten
1989 4464 2063 4495 Mal
2082 4466 2263 4503 vollständig

1263 4496 1435 4532 erscheinen.
1468 4498 1650 4532 Bedeutsam
1673 4501 1737 4533 sind
1760 4502 1911 4539 natürlich
1933 4503 1967 4534 in
1992 4506 2079 4538 erster
2100 4506 2196 4542 Reihe
2218 4507 2263 4537 die

1263 4536 1389 4572 eigenen
1412 4538 1548 4575 Berichte
1582 4541 1635 4570 de»
1657 4541 1893 4578 Dramaturgen
1916 4544 1981 4574 und
2003 4545 2169 4577 Direktor»
2191 4547 2263 4578 über

1261 4577 1340 4613 seine
1363 4578 1541 4615 Tätigkeit:
1563 4580 1611 4611 die
1632 4581 1790 4618 Schriften
1814 4584 1887 4614 über
1912 4585 2007 4620 „Da»
2024 4586 2262 4624 Burgtheater",

1261 4618 1336 4648 über
1362 4620 1453 4654 „Da»
1476 4621 1682 4659 norddeutsche
1703 4623 1857 4659 Theater"
1893 4626 1956 4656 und
1997 4628 2071 4658 über
2107 4628 2155 4659 die
2188 4630 2262 4666 letzte

1261 4659 1373 4690 Stätte
1395 4660 1489 4696 seiner
1510 4662 1729 4698 Wirksamkeit,
1762 4665 1822 4696 da»
1847 4666 1993 4701 „Wiener
2016 4668 2261 4705 Stadttheater".

1327 4701 1402 4736 Daß
1438 4703 1496 4733 alle
1533 4703 1608 4736 diese
1643 4704 1800 4739 Schriften
1839 4707 1889 4742 für
1933 4708 1980 4738 die
2017 4710 2178 4746 Geschichte
2210 4712 2262 4742 de»

1262 4741 1412 4778 deutschen
1434 4743 1588 4779 Theater»
1624 4744 1680 4775 den
1704 4745 1792 4776 Wert
1829 4748 1981 4785 wichtiger
2003 4749 2194 4782 Dokumente
2216 4752 2263 4783 bc-

1262 4782 1354 4819 sitzen,
1377 4783 1411 4819 ist
1434 4784 1465 4818 ja
1487 4784 1628 4816 bekannt.
1659 4786 1742 4817 Aber
1764 4789 1835 4823 auch
1857 4790 2002 4820 aktuelle«
2018 4790 2171 4828 Interesse
2187 4793 2262 4823 wird

1264 4832 1339 4854 man
1364 4824 1397 4854 in
1419 4824 1511 4860 ihnen
1536 4825 1582 4857 hie
1605 4826 1667 4856 und
1689 4827 1730 4857 da
1759 4830 1919 4866 entdecken,
1950 4831 1991 4862 da
2013 4832 2050 4867 sie
2073 4832 2151 4869 nicht
2173 4834 2261 4868 selten

1264 4870 1324 4896 von
1349 4865 1504 4902 Personen
1527 4866 1579 4897 der
1602 4868 1739 4905 jüngsten
1755 4870 2007 4909 Vergangenheit
2030 4873 2100 4904 ober
2123 4880 2185 4906 vou
2208 4875 2264 4911 sol-

1263 4907 1343 4944 chen,
1375 4906 1421 4937 die
1459 4908 1530 4944 noch
1565 4910 1654 4939 unter
1676 4914 1740 4940 un»
1770 4914 1929 4950 wandeln,
1961 4913 2118 4951 berichten.
2162 4917 2263 4947 Laube

1264 4952 1332 4978 war
1363 4957 1387 4985 z.
1408 4948 1448 4979 B.
1472 4949 1555 4979 einer
1590 4950 1641 4980 der
1676 4952 1770 4987 ersten
1807 4953 1841 4984 in
1874 4955 2090 4992 Deutschland,
2126 4957 2178 4987 der
2209 4958 2263 4992 auf

1263 4989 1422 5025 Björnson
1445 4990 1644 5025 aufmerksam
1678 4993 1782 5023 wurde
1815 4995 1877 5025 und
1911 4996 1966 5030 ihn
2001 4997 2147 5031 während
2170 4997 2262 5033 seiner

1262 5029 1418 5067 Leipziger
1440 5031 1601 5062 Direktion
1624 5033 1679 5068 auf
1701 5033 1748 5064 die
1771 5034 1883 5072 Bühne
1907 5036 2043 5071 brachte;
2076 5038 2140 5067 und
2172 5042 2206 5067 e»
2227 5039 2262 5074 ist

1263 5071 1347 5104 wohl
1380 5072 1451 5107 auch
1484 5072 1569 5103 eine»
1602 5073 1653 5104 der
1685 5074 1834 5111 frühesten
1868 5077 2017 5111 deutschen
2040 5078 2156 5107 Urteile
2188 5078 2260 5108 über

1262 5109 1444 5144 Björnst.n»
1456 5113 1609 5150 Dramen,
1624 5115 1683 5145 da»
1696 5116 1755 5146 wir
1767 5116 1800 5146 in
1816 5117 1939 5147 Laube»
1956 5120 2034 5145 1872
2047 5117 2256 5152 erschienenem

1261 5149 1362 5184 Buche
1378 5151 1450 5181 über
1467 5153 1561 5187 „Da»
1573 5156 1777 5191 norddeutsche
1788 5156 1939 5192 Theater"
1955 5157 2042 5192 lesen.
2066 5157 2259 5193 Interessant

1262 5188 1297 5223 ist
1321 5190 1402 5224 auch,
1426 5196 1494 5221 wa»
1517 5194 1621 5224 Laube
1654 5196 1698 5225 im
1721 5196 1847 5232 gleichen
1871 5197 1971 5231 Buche
2000 5202 2061 5227 von
2084 5198 2150 5227 dem
2173 5198 2258 5228 Viel¬

1261 5227 1403 5263 schreiber
1413 5231 1533 5264 Rudolf
1549 5234 1712 5269 Gottschall
1727 5236 1851 5271 erzählt,
1866 5237 1923 5266 den
1940 5237 2012 5271 noch
2026 5237 2112 5272 heute
2138 5238 2256 5274 manche

1261 5268 1313 5302 für
1335 5269 1422 5300 einen
1444 5271 1567 5307 Dichter
1588 5275 1691 5308 halten
1714 5276 1777 5305 und
1810 5276 1860 5306 der
1881 5277 2001 5307 einmal
2033 5281 2088 5308 al»
2110 5278 2258 5314 Theater¬

1262 5309 1388 5344 kritiker.
1421 5313 1474 5342 al»
1496 5312 1600 5344 Laube
1632 5315 1664 5344 in
1687 5315 1809 5352 Leipzig
1844 5317 1932 5351 „De»
1955 5318 2078 5349 Meere»
2111 5320 2174 5349 und
2206 5320 2255 5350 der

1236 5346 1246 5381 I
1262 5351 1352 5382 Liebe
1374 5352 1508 5382 Wellen"
1534 5355 1699 5391 aufjührtc,
1732 5356 1783 5391 sich
1817 5357 1859 5388 im
1882 5358 2022 5395 dortigen
2049 5360 2253 5396 „Tageblatt"

2313 3974 2370 4005 den
2393 3976 2526 4010 famosen
2548 3977 2721 4013 Ausspruch
2745 3977 2879 4013 leistete:
2913 3977 3038 4014 „Dieser
3060 3977 3254 4016 Grillparzer
3276 3978 3312 4016 ist

2314 4016 2347 4051 ja
2369 4016 2436 4051 doch
2460 4025 2518 4048 nur
2539 4018 2588 4048 ein
2613 4019 2792 4054 sekundäres
2815 4018 2953 4049 Talent"
2976 4041 2986 4049 .
3007 4041 3017 4050 .
3039 4041 3049 4050 .

2377 4057 2512 4093 Fesselnd
2534 4059 2596 4094 sind
2620 4059 2771 4095 natürlich
2795 4060 2867 4095 auch
2880 4059 3003 4090 Laube»
3020 4059 3312 4099 „Erinnerungen",

2313 4098 2361 4128 die
2383 4099 2437 4128 den
2461 4102 2488 4129 8.
2512 4101 2572 4130 und
2596 4104 2623 4130 9.
2641 4101 2736 4130 Band
2758 4100 2855 4135 füllen
2893 4102 2955 4131 und
2993 4102 3050 4137 fast
3073 4102 3130 4131 alle
3152 4102 3312 4138 Menschen

2314 4139 2472 4175 berühren,
2501 4140 2547 4170 die
2580 4141 2717 4178 zwischen
2752 4144 2833 4170 1830
2855 4142 2918 4172 und
2943 4145 3023 4171 1880
3053 4142 3086 4172 in
3109 4143 3313 4178 Deutschland

2315 4180 2385 4210 oder
2406 4181 2582 4218 Frankreich
2621 4183 2709 4213 einen
2733 4183 2856 4213 Namen
2886 4183 3001 4218 hatten.
3045 4183 3114 4213 Und
3143 4183 3181 4214 da
3206 4184 3313 4220 gerade

2314 4221 2420 4252 Laube
2442 4223 2529 4253 unter
2551 4224 2608 4254 den
2632 4223 2871 4259 Schriftstellern
2894 4225 2947 4254 de»
2963 4224 3093 4261 Jungen
3110 4225 3313 4261 Deutschland

2314 4263 2367 4293 der
2389 4263 2573 4300 vielseitigste
2595 4264 2704 4295 Mann
2728 4271 2805 4300 war,
2829 4266 2859 4300 so
2881 4265 2944 4299 sind
2968 4265 3044 4300 seine
3068 4265 3314 4303 Schilderungen

2316 4304 2387 4340 stets
2410 4304 2595 4341 interessant.
2639 4306 2748 4342 Selbst
2781 4306 2816 4337 in
2854 4307 3007 4342 Naturen,
3040 4306 3089 4337 die
3121 4307 3186 4341 ihm
3220 4308 3315 4344 ihrem

2315 4353 2431 4382 ganzen
2464 4345 2568 4380 Wesen
2606 4347 2679 4383 nach
2713 4348 2956 4384 entgegengesetzt
2991 4348 3067 4383 sind,
3100 4348 3178 4382 weiß
3212 4357 3244 4379 er
3267 4349 3316 4386 sich

2315 4385 2565 4422 hincinzufühlen
2590 4389 2654 4418 und
2670 4388 2748 4418 wird
2772 4388 2866 4423 ihnen
2883 4388 3003 4425 gerecht,
3026 4397 3049 4426 z.
3067 4389 3106 4419 B.
3130 4389 3237 4425 Heine,
3261 4390 3318 4421 mit

2315 4427 2380 4456 dem
2404 4435 2434 4456 er
2456 4427 2487 4456 in
2511 4428 2612 4464 Pari»
2636 4429 2786 4463 verkehrte
2809 4430 2872 4459 und
2896 4435 2955 4460 von
2971 4430 3036 4460 dem
3054 4437 3086 4460 er
3108 4430 3156 4460 ein
3179 4430 3317 4462 überaus

2315 4467 2414 4502 feine»
2436 4467 2510 4498 Bild
2532 4469 2680 4504 entwirft.
2726 4469 2831 4500 Laube
2854 4470 2890 4506 ist
2912 4471 2994 4505 wohl
3016 4471 3069 4500 der
3090 4470 3204 4508 einzige
3227 4474 3317 4503 unter

2314 4508 2414 4543 seinen
2436 4508 2655 4545 Zeitgenossen,
2677 4510 2729 4540 der
2751 4511 2823 4547 auch
2838 4511 2905 4541 dem
2918 4511 3078 4548 Menschen
3089 4512 3186 4548 Heine
3204 4512 3316 4549 öffent-

2317 4548 2372 4584 lich
2393 4549 2551 4585 Ehrfurcht
2572 4550 2721 4587 bezeugte.

2378 4590 2489 4625 Laube,
2512 4592 2562 4621 der
2584 4592 2692 4627 bisher
2725 4592 2768 4622 im
2793 4592 2925 4623 Grunde
2959 4601 3022 4624 nur
3043 4594 3094 4625 ein
3116 4595 3216 4625 Name
3241 4601 3316 4632 ivar,

2316 4638 2357 4660 au
2381 4631 2436 4660 den
2458 4631 2507 4667 sich
2540 4640 2600 4662 nur
2631 4632 2730 4669 einige
2764 4633 2882 4669 wenige
2904 4634 3165 4671 Theatrrforfcher
3188 4637 3317 4672 kehrten,

2316 4671 2392 4701 wird
2415 4672 2499 4705 durch
2521 4673 2596 4707 diese
2619 4673 2725 4708 billige
2746 4673 2898 4710 Ausgabe
2922 4676 3017 4708 seiner
3038 4676 3143 4706 Werke
3165 4677 3236 4712 auch
3260 4678 3313 4706 den

2316 4712 2454 4742 weiteren
2476 4713 2598 4746 Kreisen
2622 4715 2675 4743 al»
2699 4714 2748 4744 ein
2765 4714 2874 4745 Mann
2899 4720 2958 4746 von
2982 4716 3103 4752 eigener
3125 4716 3316 4752 Physiogno¬

2316 4753 2376 4783 mie
2398 4761 2433 4790 zu
2453 4754 2651 4791 Bewußtsein
2675 4756 2783 4792 trete»,
2814 4758 2867 4786 al»
2900 4757 2983 4787 einer
3017 4758 3067 4787 der
3089 4757 3197 4794 Besten
3220 4757 3315 4792 seiner

2315 4794 2397 4831 Zeit.
2684 4835 2942 4842 _
3177 4800 3207 4829 J.
3223 4800 3276 4830 Fr.

2587 4870 2675 4901 Von
2697 4871 2854 4907 Pariser
2876 4872 3031 4901 Moden.

2384 4917 2445 4949 Die
2460 4919 2553 4955 ersten
2567 4920 2652 4956 Hüte
2666 4920 2718 4950 der
2733 4920 2944 4957 beginnenden
2959 4920 3082 4956 Herbst-
3098 4920 3159 4949 und
3175 4917 3311 4950 Winter¬

2316 4958 2413 4994 saison
2430 4959 2621 4995 überraschen
2646 4960 2875 4997 einigermaßen
2892 4961 2978 4996 durch
2996 4960 3044 4995 ihr
3060 4959 3309 4996 „altmodisches"

2315 4999 2481 5035 Aussehen»
2526 5001 2712 5036 wenigsten»
2755 5002 2786 5036 so
2810 5001 2902 5036 lange
2944 5008 3018 5030 man
3052 5000 3090 5034 sie
3113 5007 3174 5030 nur
3196 5001 3255 5036 erst
3276 5000 3309 5031 in

2313 5039 2369 5069 den
2392 5039 2633 5074 Schaufenstern
2655 5041 2833 5075 anstauncn
2859 5043 2947 5070 kann.
2989 5040 3085 5070 Ucbcr
3121 5040 3185 5076 ihre
3206 5041 3310 5072 Kleid»

2313 5079 2433 5115 samkeit
2453 5079 2520 5113 läßt
2542 5080 2594 5115 sich
2618 5080 2696 5116 nicht
2719 5080 2863 5117 urteilen,
2901 5081 2994 5111 bevor
3016 5089 3090 5111 man
3114 5081 3152 5117 sie
3174 5083 3231 5117 auf
3254 5083 3309 5113 den

2311 5119 2428 5153 Köpfen
2450 5119 2569 5155 gesehen
2593 5120 2658 5156 hat.
2691 5120 2753 5150 Sie
2776 5121 2844 5155 sind
2867 5121 3010 5156 meistens
3032 5122 3119 5158 groß,
3146 5130 3215 5158 zum
3238 5123 3311 5154 Teil

2310 5157 2399 5195 sogar
2420 5158 2591 5196 riesenhaft,
2640 5160 2704 5191 und
2747 5161 2797 5191 die
2840 5161 2986 5199 reichliche
3008 5162 3226 5201 Verwendung
3249 5170 3310 5195 von

2309 5199 2410 5229 Samt
2452 5200 2513 5230 und
2537 5201 2698 5237 RipSseide
2741 5202 2809 5239 gibt
2854 5203 2945 5239 ihnen
2980 5204 3057 5240 dazu
3102 5206 3200 5235 etwa»
3235 5206 3311 5242 recht

2308 5240 2574 5278 Schwerfällige».
2619 5242 2694 5272 Da»
2732 5243 2771 5278 ist
2793 5244 2925 5280 nämlich
2947 5245 3008 5275 da»
3030 5245 3310 5283 Charakteristische

2307 5281 2358 5310 der
2380 5289 2476 5312 neuen
2498 5282 2686 5320 Hutmoden,
2734 5284 2796 5319 daß
2818 5285 2866 5316 die
2888 5286 2994 5323 Köpfe,
3045 5293 3135 5317 wenn
3157 5288 3231 5324 auch
3254 5289 3305 5319 der

2308 5321 2402 5352 breite
2423 5323 2518 5359 glatte
2533 5324 2628 5354 Stand
2650 5329 2714 5355 aus
2730 5325 2800 5362 Filz
2822 5326 2944 5364 besteht,
2970 5329 3058 5363 durch
3082 5328 3170 5358 einen
3193 5329 3310 5365 Bansch

2309 5362 2379 5392 oder
2393 5363 2469 5398 Puff
2491 5369 2552 5394 au«
2569 5365 2672 5396 Samt
2694 5367 2765 5397 oder
2781 5367 2879 5398 Seide
2901 5368 3034 5403 gebildet
3058 5370 3187 5405 werde»,
3214 5370 3309 5406 dessen

3363 3979 3461 4015 Form
3484 3979 3576 4016 höchst
3598 3979 3805 4016 unbestimmt,
3853 3979 3927 4010 aber
3949 3980 4102 4017 möglichst
4143 3980 4288 4017 stoffreich

3366 4021 3421 4051 Da
3444 4020 3519 4051 wird
3541 4021 3626 4051 dann
3649 4020 3698 4051 ein
3721 4021 3814 4051 Band
3839 4020 4047 4059 herumgelegt
4091 4022 4153 4052 und
4198 4030 4236 4058 zu
4279 4022 4305 4053 ei

3366 4062 3480 4092 kleinen
3503 4061 3636 4098 Schleife
3672 4062 3878 4098 geschlungen,
3928 4063 3990 4093 und
4035 4063 4083 4093 die
4104 4063 4233 4094 Bänder
4276 4064 4302 4098 se

3365 4102 3493 4138 scheinen
3517 4108 3577 4133 au»
3599 4103 3656 4133 de»
3672 4103 3780 4138 Zeiten
3803 4103 3855 4133 der
3872 4103 4060 4140 Kiepenhüte
4084 4104 4140 4134 mit
4162 4105 4222 4134 den
4244 4105 4305 4135 brei

3366 4143 3605 4174 Bindebänder»
3648 4145 3712 4175 und
3756 4144 3810 4174 der
3834 4144 3993 4181 türkischen
4016 4145 4290 4182 Umschlagetücher

3366 4185 3525 4220 stammen.
3570 4186 3641 4216 Von
3685 4185 3751 4215 dem
3797 4184 3991 4223 einfarbigen
4013 4186 4130 4217 Samt-
4151 4188 4223 4218 oder
4245 4188 4306 4217 Akk

3367 4227 3484 4263 gründe
3506 4227 3597 4263 heben
3620 4226 3672 4263 sich
3689 4226 3771 4262 steife
3793 4228 3891 4257 runde
3906 4228 4006 4264 Rosen
4029 4229 4080 4265 ab,
4106 4229 4153 4259 die
4175 4229 4210 4259 in
4233 4229 4306 4265 schar

3367 4267 3516 4303 Umrissen
3559 4268 3622 4298 und
3646 4268 3748 4304 feinen
3770 4267 3901 4305 Stichen
3938 4270 3995 4300 wie
4017 4270 4179 4307 cingestickt
4202 4271 4306 4305 auSset

3368 4309 3433 4345 sehr
3455 4309 3632 4345 verschieden
3655 4315 3716 4340 von
3731 4309 3790 4340 den
3801 4309 3979 4348 bisherigen
3992 4311 4202 4349 zartfarbigen
4215 4313 4306 4343 Blun

3368 4349 3417 4380 die
3438 4350 3591 4387 gleichsam
3625 4350 3794 4388 eingemalt
3837 4351 3871 4382 in
3916 4352 4013 4383 einent
4035 4353 4262 4390 Taffrtgrunde
4304 4360 4306 4381 !

3370 4391 3576 4427 schwammen.
3622 4392 3688 4428 Auf
3731 4392 3789 4423 den
3811 4393 4059 4431 umfangreichen
4082 4395 4270 4431 Hutformen

3370 4433 3423 4463 der
3446 4433 3671 4469 Capelinenart
3715 4434 3854 4470 erhalten
3878 4435 4000 4471 Massen
4045 4442 4106 4466 von
4129 4437 4246 4471 Federn
4269 4436 4306 4471 P>

3371 4474 3486 4510 sowohl
3508 4475 3786 4511 Straußerrsedern
3808 4476 3862 4505 als
3885 4476 3999 4513 Flügel
4042 4477 4105 4506 und
4137 4484 4232 4512 ganze
4255 4475 4306 4505 Bü

3372 4520 3434 4545 von
3458 4515 3579 4551 weichen
3603 4516 3797 4551 schillernden
3819 4516 4064 4551 Hahnenfedern,
4112 4516 4157 4545 die
4201 4515 4248 4545 bei
4271 4515 4306 4550 je!

3370 4556 3553 4592 Lufthauche
3575 4557 3632 4591 auf
3673 4556 3737 4585 und
3771 4555 3871 4585 nieder
3895 4557 4020 4586 walle«.
4067 4556 4183 4589 Ebenso
4209 4556 4304 4592 üppig

3370 4597 3422 4627 der
3444 4597 3707 4632 Blumenschmuck,
3757 4596 3823 4631 doch
3847 4595 3959 4626 nimmt
3995 4604 4070 4626 man
4093 4597 4278 4633 gewöhnlich

3373 4638 3440 4667 eine
3461 4638 3528 4673 Art,
3574 4646 3600 4673 z.
3623 4637 3666 4667 B.
3691 4636 3877 4672 Georginen,
3926 4637 3988 4667 und
4032 4637 4097 4667 alle
4130 4638 4164 4668 in
4187 4639 4241 4668 der
4262 4638 4305 4674 Fo

3368 4677 3664 4712 übereinstimmend.
3709 4677 3778 4712 Für
3799 4676 3887 4712 Reise
3924 4678 3985 4708 und
4009 4678 4209 4714 Motorfahrt
4230 4679 4291 4716 gilt

3369 4718 3487 4753 toeicher
3502 4717 3718 4754 ungarniertcr
3731 4717 3858 4754 Filzhut
3871 4717 3928 4748 mit
3945 4720 4067 4755 langem
4081 4719 4305 4755 Seidenmussei

3367 4758 3489 4794 schleicr,
3535 4759 3587 4788 der
3609 4760 3700 4788 unter
3722 4758 3787 4789 dem
3810 4758 3896 4789 Kinn
3939 4761 4098 4797 gebunden
4132 4760 4210 4791 wird
4234 4761 4305 4792 oder

3367 4799 3439 4836 zwei
3462 4799 3568 4830 Ende»
3592 4800 3722 4836 flattert,
3749 4800 3801 4830 al»
3825 4800 3884 4830 da»
3907 4801 4080 4837 passendste,

3431 4840 3525 4870 Unter
3547 4840 3604 4870 den
3625 4840 3855 4877 Kleiderstoffen
3881 4842 3931 4872 der
3955 4842 4146 4873 kommenden
4159 4841 4282 4878 Saison

3368 4879 3402 4910 S
3414 4889 3433 4910 a
3447 4889 3475 4911 in
3488 4883 3501 4911 t
3543 4881 3589 4912 die
3611 4881 3759 4917 führende
3781 4882 3875 4912 Rolle
3897 4881 4017 4919 spielen,
4066 4884 4129 4914 und
4153 4884 4238 4919 schon
4261 4883 4303 4920 zei

3365 4920 3418 4956 sich
3441 4922 3493 4951 als
3516 4922 3588 4956 erste
3610 4922 3742 4958 Neuheit
3784 4922 3838 4958 für
3860 4923 4137 4959 Straßenkostüme
4172 4928 4306 4956 maulwt

3364 4969 3471 4998 graue,
3512 4962 3778 5000 pflaumenblaue,
3826 4963 3926 4999 grüne
3969 4965 4046 4995 breit
4069 4965 4208 5002 gerippte
4230 4966 4306 4998 San

3363 5001 3427 5031 Ein
3449 5002 3637 5039 eleganteres
3660 5004 3765 5034 Genre
3808 5005 3902 5040 geben
3926 5005 4091 5037 wiederum
4113 5006 4165 5037 der
4211 5012 4306 5045 „velo

3363 5044 3499 5073 frmson"
3524 5044 3593 5074 oder
3609 5046 3706 5082 „pied
3728 5047 3769 5075 de
3790 5045 3911 5083 poule"
3935 5047 3998 5077 und
4013 5048 4067 5079 der
4083 5051 4215 5080 velours
4238 5053 4306 5082 chil

3363 5084 3415 5115 ab.
3460 5084 3518 5114 Bei
3560 5085 3625 5115 dem
3671 5086 3799 5120 ersteren
3845 5086 3911 5122 sind
3935 5088 4028 5119 kleine
4072 5091 4209 5125 samtene
4234 5092 4306 5122 Vier

3364 5125 3597 5162 unregelmäßig
3618 5125 3694 5156 über
3716 5128 3773 5157 den
3796 5126 3933 5162 seidenen
3957 5131 4073 5160 Grund
4097 5132 4230 5169 verteilt,
4257 5133 4290 5162 in

3362 5165 3429 5195 Tat
3471 5166 3526 5196 den
3563 5166 3749 5198 Eindrücken
3793 5168 3879 5199 eine»
3915 5170 4138 5207 Hühnerfnße»
4184 5173 4227 5203 im
4251 5173 4304 5203 Sa

3364 5207 3442 5243 nicht
3463 5207 3638 5245 unähnlich,
3684 5209 3736 5239 der
3772 5209 3874 5246 zweite
3913 5210 3948 5245 ist
3970 5212 4028 5243 mit
4051 5213 4206 5249 zierlichen
4229 5215 4306 5245 Blüi

3365 5248 3523 5285 kränzchen
3545 5250 3717 5286 gemustert,
3755 5251 3820 5281 und
3842 5251 3905 5285 sein
3927 5252 4028 5284 Name
4050 5254 4213 5291 bezeichnet
4234 5256 4284 5286 die

3366 5290 3493 5327 gehcnre
3515 5289 3674 5326 Weichheit
3697 5292 3761 5322 und
3784 5292 4056 5333 Geschmeidigkeit,
4103 5296 4162 5328 mit
4184 5297 4237 5328 der
4260 5306 4291 5329 er

3365 5330 3549 5367 fassonieren
3573 5332 3652 5368 läßt.
