2050 2480
200 113 281 205 N
288 125 361 165 ro
361 149 377 165 -
445 113 593 237 76.

109 285 699 430 Zürcher-

264 459 539 506 Dienstag,

1462 105 1814 231 1817.

1433 456 1494 495 den
1519 464 1578 499 *3.
1604 450 1824 500 September.

110 581 237 614 Gedruckt
251 581 345 615 und»«
359 581 446 617 fiudeo
459 580 487 610 I»
500 580 546 610 der
559 574 763 614 Büchhuudlusg
775 579 825 608 von
837 579 958 609 Orell,
985 577 1083 613 Küßli
1104 577 1155 607 uud
1176 576 1383 611 Compagnie
1401 576 1452 605 uud
1466 575 1512 608 auf
1526 576 1591 605 allen
1605 573 1729 607 Schmeir.
1752 570 1921 607 Postämter».

147 665 223 696 Nord
237 664 373 694 -Amerika
393 666 499 697 (Never
517 664 614 692 Staat.
665 661 788 696 Neigung
806 661 849 696 ftr
862 661 909 690 die
928 662 1014 693 Sache
1035 661 1080 689 der
1096 661 1336 696 Independenten).
1376 660 1536 692 Spanisches
1552 659 1671 690 Amerika
1691 661 1766 692 (Neu
1777 671 1782 683 «
1793 657 1921 690 Sparta).

186 700 312 734 Spanien
336 703 428 734 (Bulle
443 706 529 733 wegen
547 701 589 727 der
599 698 770 730 Theiluahme
787 702 830 727 der
849 699 987 731 geistlichen
1006 697 1095 730 Güter
1113 706 1143 726 au
1159 698 1202 726 die
1214 700 1359 732 Steuern).
1397 697 1619 732 Großbritannien
1640 696 1777 729 (Wichtige
1791 693 1922 726 politische

186 739 397 770 Betrachtungen
418 737 478 766 über
493 735 776 769 Vermitteluugssucht
794 737 845 764 und
864 736 1080 768 Nichtbeachtung
1099 735 1144 763 des
1164 734 1324 769 Zeitgeistes.
1364 735 1497 767 Klassische
1518 733 1714 768 Abgeneigrheit
1731 734 1773 762 der
1791 730 1919 766 Chinese»

185 780 230 803 vor
254 775 457 808 Neuerungen),
494 771 656 809 Frankreich.
695 773 812 804 Schwert
831 773 957 805 (Neueste
978 771 1161 805 Chesatzuugeu
1180 779 1229 799 von
1250 774 1385 805 Appenzell
1404 773 1436 801 A.
1452 772 1469 801 9
1469 773 1513 804 t.).

352 844 779 878 Nord-Amerika.

147 893 207 921 Aus
228 891 286 920 dem
306 890 444 924 westlichen
464 889 558 922 Theile
578 888 625 918 des
642 888 815 923 sogeuauuten
832 888 947 920 Gebiets
961 895 1009 918 von

110 935 290 970 MLslrstppi
307 935 389 963 bildet
411 933 453 968 sich
472 933 513 963 ein
530 938 610 963 »euer
624 933 721 962 Staat.
761 934 840 963 Unter
858 931 953 966 Vorsitz
964 933 1009 962 des

111 981 304 1012 Gouverneurs
327 977 456 1014 Holmes
480 977 518 1011 ift.
535 977 564 1009 ru
591 976 805 1011 Washington
827 976 883 1005 eine
907 975 1010 1007 Comite

113 1022 308 1056 medergesetzt,
338 1022 426 1054 welche
455 1021 510 1050 eine
532 1018 710 1052 Konstitution
733 1019 774 1052 für
802 1019 847 1051 ihn
872 1019 1011 1050 entwerfen

114 1067 170 1101 soll.
210 1064 265 1095 Die
283 1064 389 1096 Times
406 1064 526 1095 meinen,
559 1061 626 1094 diese
645 1061 737 1091 immer
758 1062 928 1095 zuvebmende
944 1063 1011 1091 Der,

115 1109 244 1141 mehrung
263 1107 306 1136 der
328 1107 539 1139 Bundesstaaten
559 1105 640 1135 werde
661 1107 689 1133 es
712 1105 801 1140 oithig
823 1107 940 1137 machen,
969 1106 1012 1134 der

117 1150 366 1183 Centralregierung
384 1152 466 1178 etwas
487 1149 559 1183 mehr
572 1147 649 1182 Kraft
664 1148 833 1183 beyzulegeu,
853 1150 894 1178 als
914 1149 955 1181 ihr
973 1147 1011 1178 bis

114 1197 173 1231 jetzt
180 1193 291 1229 Zustand
299 1210 318 1228 .,,
330 1193 426 1224 und,eS
443 1193 484 1226 fey
502 1193 579 1226 daher
594 1190 621 1220 in
634 1192 709 1222 Nord
719 1203 726 1218 ,
733 1192 875 1222 Amerika
889 1192 929 1220 die
941 1191 1012 1221 Rede

113 1245 166 1270 von
192 1236 262 1267 einer
279 1235 401 1270 Revision
423 1235 522 1270 ekukger
537 1233 636 1269 Artikel
652 1234 698 1263 der
717 1234 982 1268 Bundesverfassung.

134 1312 138 1316 .
154 1279 216 1312 Wie
239 1280 299 1314 groß
322 1280 367 1312 bey
389 1281 507 1310 manchen
532 1275 717 1314 Personen,in
742 1277 789 1305 den
812 1278 1011 1312 Vereinigten

118 1324 263 1357 Staaten
285 1323 330 1352 der
348 1321 551 1357 Enthusiasmus
569 1319 609 1353 für
625 1319 666 1349 die
686 1320 772 1351 Sache
792 1319 835 1348 der
853 1320 1014 1350 Süd-Ame¬

116 1366 306 1401 rikanischen
331 1366 375 1394 der
395 1366 574 1400 Insurgenten
597 1363 642 1398 ist,
674 1363 782 1392 beweist
801 1368 879 1393 unter
900 1365 1012 1393 Anderm

116 1413 162 1441 der
180 1410 317 1443 Umstand,
350 1409 396 1443 daß
421 1409 466 1437 der
485 1407 584 1440 ShLnf
600 1407 649 1438 von
667 1407 879 1441 New-Rork,
912 1406 1013 1444 Augg-

117 1458 168 1485 res
185 1452 360 1488 Hubharb.
391 1452 435 1480 ein
450 1449 645 1483 wohlhabender
668 1451 775 1481 Manu,
808 1450 863 1482 sein
881 1453 943 1479 Amt
963 1451 1015 1480 m'e-

122 1497 256 1531 dergelegt
273 1497 339 1530 har,
375 1502 419 1524 um
435 1494 485 1524 mit
503 1495 546 1523 der
565 1493 619 1527 ihm
634 1491 828 1527 ekgeurhümlick
848 1493 1014 1528 zugehörigen

119 1540 208 1575 Brigg
234 1540 420 1576 Mongiana
447 1539 504 1567 dem
531 1537 584 1568 Sir
611 1537 964 1574 Gregov/Maegregor
986 1546 1015 1571 m

120 1584 205 1621 Hülfe
227 1591 257 1615 zu
276 1582 374 1616 Liehen.
495 1610 500 1616 ,
521 1577 529 1618 ,
731 1577 774 1617 V

150 1631 153 1639 1
187 1628 192 1655 ‘
281 1625 588 1660 Spanisches
626 1623 694 1652 Am
715 1628 727 1652 e
743 1629 760 1652 r
779 1622 788 1651 i
807 1624 819 1653 k
838 1631 864 1652 a.

159 1672 222 1701 Don
246 1670 371 1705 Joseph
397 1670 526 1700 Corters
557 1668 611 1698 des
634 1667 843 1703 MabarLaja,
878 1665 947 1700 einer
975 1666 1017 1695 der

119 1714 320 1748 Spanischen
342 1712 499 1748 Patrioten,
519 1713 563 1740 der
580 1712 654 1743 lange
670 1709 695 1737 in
714 1711 808 1740 Ceuta
827 1710 950 1745 gefangen
965 1710 1017 1744 saß,

121 1759 176 1789 und
197 1757 246 1790 auf
259 1757 423 1793 Englische
440 1754 638 1787 Vermittelung
657 1753 687 1782 in
706 1754 828 1789 Freoheit
846 1753 933 1788 gesetzt
951 1760 1019 1783 wur¬

119 1804 173 1833 de,
191 1799 345 1834 organisirre
363 1807 407 1828 vor
424 1801 535 1831 Kurzem
556 1798 596 1827 die
616 1797 765 1832 Regierung
781 1799 827 1827 auf
837 1800 1017 1835 Mngaritn,

121 1845 177 1875 «nd
195 1846 241 1878 hat
265 1840 320 1873 eine
344 1842 538 1878 Proklamation
559 1844 607 1871 aus
628 1842 700 1872 Neu
712 1853 720 1867 -
729 1839 878 1876 Sparta,
896 1849 958 1871 vom
974 1853 1018 1871 22.

120 1891 195 1922 May
214 1888 318 1919 datirt,
338 1888 460 1920 erlassen,
480 1886 562 1915 worin
584 1891 610 1913 er
630 1890 707 1914 unter
725 1887 830 1915 Anderv
846 1886 903 1914 dem
918 1887 1021 1919 Regeu-

120 1937 169 1964 ttn
181 1948 189 1963 ,
210 1932 267 1961 dem
279 1932 433 1964 Parlament
443 1929 497 1958 und
516 1932 563 1958 den
574 1929 755 1965 Englischen
770 1929 979 1960 Befehlshabern
991 1936 1020 1962 zu

119 1975 224 2008 Wasser
248 1976 300 2003 und
318 1982 348 2007 zu
369 1972 436 2004 Land
455 1974 532 2004 Dank
553 1974 622 2007 fagr#
642 1972 690 2005 daß
707 1971 738 2005 sie
752 1972 798 2005 ihn
820 1972 847 2001 in
864 1973 912 2001 den
930 1973 1029 2005 Stand,

120 2019 230 2054 gesetzt,
261 2018 287 2047 in
312 2018 365 2051 sein
390 2017 537 2047 Vaterland
561 2016 783 2050 zurückzukehreu,
814 2016 866 2045 uud
893 2015 939 2050 sich
965 2016 1022 2046 dem

120 2062 216 2096 Muhm
238 2062 293 2091 und
312 2061 393 2093 Glück
415 2062 461 2090 des
484 2067 569 2092 neuen
589 2060 736 2094 Freystaats
755 2067 785 2093 r«
806 2050 912 2093 welhei!.

456 2100 704 2142 Spanien.
890 2102 902 2140 (

161 2149 219 2180 Die
241 2150 340 2184 Büste,
359 2149 448 2178 welche
472 2148 516 2178 der
540 2146 610 2180 Heil.
629 2148 716 2177 Vater
737 2154 770 2176 au
794 2147 842 2176 den
866 2143 951 2180 König
974 2153 1023 2176 von

124 2189 300 2227 Spanten,
320 2192 350 2222 i»
359 2192 470 2228 Betreff
484 2192 528 2221 der
543 2191 716 2224 Theiluahme
735 2192 779 2221 der
799 2189 973 2222 Geistlichkeit
991 2198 1024 2219 au

123 2236 176 2267 den
200 2238 339 2268 Steuern,
359 2237 464 2270 erlassen
482 2237 548 2268 hat,
569 2235 655 2270 besagt
675 2232 711 2265 iw
724 2234 928 2268 Wesentlichen:
949 2235 1024 2269 «Der

123 2279 262 2318 Mimische
272 2281 359 2318 Stuhl
377 2281 441 2318 habe
456 2283 506 2314 st«s
519 2280 669 2317 »gterllcher
687 2279 761 2313 riebe
776 2278 818 2316 für
831 2278 873 2313 hie
887 2278 1024 2315 gesamrrrte

1037 845 1194 878 Katholische
1209 846 1309 879 Heerde
1324 845 1436 876 uiemals
1452 845 1589 879 rugelaffeu
1598 859 1612 876 r
1635 843 1683 874 daß
1701 842 1742 871 die
1764 840 1924 876 apostolische

1036 889 1110 919 Güte
1127 888 1280 923 beschuldigt
1298 890 1398 918 werden
1417 889 1512 918 könne,
1532 888 1576 918 bev
1600 884 1838 920 verhauguißvollev
1860 887 1921 913 Um¬

1037 932 1138 963 standen
1160 932 1217 961 dem
1237 930 1385 966 Bedürfaiß
1405 932 1447 961 der
1470 932 1588 961 Staaten
1611 928 1652 959 die
1675 927 1842 963 Hülfsmittel
1864 932 1928 957 vera

1036 975 1142 1009 weigert
1160 982 1189 1007 t«
1207 975 1302 1007 haben,
1323 975 1361 1004 die
1378 976 1425 1005 das
1443 973 1564 1005 wirkliche
1578 970 1921 1008 Patrkmonial-Sigeuthum

1037 1019 1081 1048 der
1094 1018 1183 1049 Kirche
1196 1018 1348 1053 därgeboteu
1362 1019 1442 1051 haben
1459 1017 1553 1046 würde.
1593 1018 1630 1046 SS
1646 1017 1728 1049 werde
1745 1015 1862 1045 demnach
1874 1012 1922 1047 auf

1037 1063 1084 1090 das
1101 1062 1247 1095 Ansuchen,
1268 1062 1314 1090 den
1331 1063 1436 1096 Abgang
1452 1062 1496 1090 der
1514 1059 1696 1094 gewöhnlichen
1716 1057 1922 1091 unzulängliche»

1038 1104 1151 1140 Mittel,
1171 1106 1242 1136 durch
1263 1105 1317 1133 eine
1340 1104 1457 1138 jährliche
1470 1105 1607 1137 Erhebung
1625 1111 1673 1132 vo»
1696 1112 1739 1138 30.
1759 1101 1835 1133 Mist.
1852 1101 1925 1131 Rea¬

1039 1150 1080 1177 le»
1097 1148 1144 1181 auf
1158 1149 1198 1178 die
1218 1147 1357 1183 geistlichen
1375 1148 1478 1178 Güter,
1498 1147 1614 1181 während
1636 1147 1704 1181 sechs
1719 1147 1817 1181 Jahren
1834 1152 1864 1179 t«

1038 1191 1131 1225 setzen,
1151 1191 1245 1221 binnen
1260 1193 1360 1221 welcher
1374 1190 1432 1227 Zeit
1447 1190 1487 1222 die
1503 1192 1599 1223 Anzahl
1617 1191 1660 1219 der
1676 1188 1852 1225 Peusiooirteu
1866 1178 1940 1217 ver*^

1039 1233 1168 1266 mindert,
1187 1234 1238 1264 uud
1255 1235 1359 1263 dadurch
1378 1235 1426 1264 das
1442 1234 1702 1265 Staatseiukommen
1720 1232 1849 1262 vermehrt
1859 1236 1927 1261 wer»

1038 1279 1086 1306 deu
1097 1278 1203 1308 könnte,
1225 1278 1285 1311 dem.
1294 1277 1381 1311 König
1391 1279 1564 1314 Ferbinanb
1582 1278 1622 1307 ein
1637 1278 1735 1314 Indult
1746 1274 1922 1310 zugestande»,

1038 1320 1154 1355 vermöge
1174 1322 1288 1352 welchem
1310 1322 1420 1355 derselbe
1441 1322 1573 1353 rechtlich,
1593 1323 1647 1354 ftey
1667 1321 1717 1349 uud
1737 1317 1923 1352 ungehindert,

1039 1364 1157 1395 wahrend
1181 1364 1245 1398 sechs
1267 1366 1367 1399 Jahren
1379 1382 1386 1395 ,
1417 1366 1475 1394 aber
1492 1372 1548 1397 zum
1568 1364 1682 1398 einzige»
1699 1363 1789 1395 Behuf
1809 1363 1854 1391 des
1871 1359 1926 1391 Köa

1040 1407 1163 1439 niglicheu
1184 1409 1318 1442 Schatzes,
1339 1408 1387 1443 auf
1397 1409 1444 1438 aste
1459 1408 1502 1437 der
1514 1407 1686 1441 Geistlichkeit
1701 1405 1857 1439 zuständigen
1869 1406 1927 1434 Ge*

1040 1451 1119 1486 fälle,
1146 1451 1189 1482 die
1209 1451 1457 1484 außerordentlichen
1473 1452 1617 1483 Subsidiea
1636 1458 1686 1480 vou
1702 1460 1747 1486 30.
1765 1449 1841 1481 Mill.
1854 1450 1925 1478 Rea¬

1040 1496 1085 1524 len
1101 1503 1132 1529 zu
1152 1495 1258 1527 erheben
1279 1495 1428 1530 ermächtigt
1447 1496 1488 1529 sev
1504 1503 1530 1524 u.
1544 1495 1561 1529 s.
1578 1495 1596 1526 f.
1616 1510 1650 1516 —
1671 1496 1743 1525 Drev
1761 1494 1837 1521 andre
1858 1491 1927 1521 Bul¬

1040 1540 1083 1568 len
1099 1544 1156 1565 vom
1181 1548 1284 1575 25,^7
1304 1547 1330 1568 u.
1350 1544 1391 1569 -8.
1410 1538 1489 1570 Avril
1503 1538 1623 1574 betreffen
1646 1537 1686 1567 die
1706 1534 1864 1569 Erlaubniß,
1883 1534 1930 1563 die

1042 1580 1182 1619 Siyküufte
1199 1582 1244 1611 der
1260 1582 1399 1616 erledigten
1413 1582 1571 1613 Visthümer
1587 1582 1637 1611 und
1655 1578 1864 1612 Erzbisthümer,
1884 1577 1932 1607 bist

1043 1632 1073 1657 zu
1092 1625 1249 1658 Srueuvuug
1265 1625 1311 1655 der
1327 1626 1478 1660 Nachfolger
1497 1634 1526 1657 zu
1548 1625 1651 1657 erheben
1664 1632 1678 1657 ;,
1700 1622 1738 1652 die
1757 1618 1932 1655 Geistlichkeit

1042 1670 1087 1697 der
1105 1674 1187 1696 neuen
1205 1669 1306 1700 Steuer
1324 1676 1373 1697 von
1394 1678 1439 1703 70.
1455 1668 1597 1700 Millionen
1617 1675 1646 1699 zu
1663 1664 1836 1701 untcrwexsea
1847 1662 1859 1694 /
1874 1662 1931 1692 und

1043 1711 1107 1740 über
1131 1710 1172 1740 die
1196 1710 1369 1744 sogenannten
1392 1712 1512 1743 mindern
1533 1711 1702 1746 Bcnesizieu,
1734 1710 1788 1743 ihre
1808 1711 1933 1741 Anate»*

1043 1752 1100 1791 u.s.
1110 1761 1142 1785 w.
1165 1762 1195 1787 zu
1214 1754 1373 1790 verfüge«.^

1254 1800 1283 1829 G
1302 1805 1316 1827 r
1333 1805 1348 1826 o
1368 1798 1385 1833 ß
1404 1798 1419 1827 b
1438 1805 1453 1829 r
1471 1797 1513 1829 ft
1518 1788 1558 1830 Y
1562 1807 1584 1829 tt
1600 1807 1617 1829 «
1635 1799 1650 1829 ?
1665 1805 1679 1830 e
1696 1806 1725 1828 »•

1083 1841 1137 1873 Die
1159 1841 1242 1877 Fehde
1262 1846 1339 1872 unter
1356 1843 1404 1871 den
1422 1844 1589 1877 ffonbonee
1596 1856 1604 1869 -
1613 1841 1792 1878 Iourualiffeu
1809 1838 1873 1869 Aer
1887 1836 1935 1868 dsir

1045 1886 1126 1916 Süd,
1131 1886 1390 1921 AmeriknnLschen
1407 1888 1602 1922 InsurgspttN,
1628 1884 1762 1916 undstber
1778 1884 1934 1916 das/Recht

1045 1929 1105 1958 oder
1126 1929 1167 1959 die
1189 1918 1287 1963 Pflicht'
1301 1930 1412 1962 fremder
1435 1930 1538 1962 Mächte
1548 1948 1556 1960 ,
1587 1938 1616 1963 r»
1642 1915 1718 1961 ihre/
1732 1924 1935 1961 Unterwersiaust

1046 1973 1232 2007 bevzutrageu,
1262 1973 1292 2005 ist
1312 1974 1362 2003 seit
1382 1975 1490 2008 Kurze«
1508 1973 1676 2012 sehr.lebhaft
1683 1992 1688 2012 :
1698 1962 1857 2018 gewoD^
1864 1968 1936 2018 ,$$?

1045 2015 1236 2048 ministerielles
1246 2017 1355 2046 Blätter
1366 2018 1453 2050 fahren
1467 2017 1587 2051 fcrt/bie
1601 2013 1835 2059 Arnerik/rnDke
1844 2011 1937 2045 Sacht

1047 2061 1090 2088 als
1105 2059 1147 2089 die
1167 2059 1212 2089 des
1232 2059 1432 2094 AakobinismuS
1450 2061 1500 2090 und
1521 2047 1938 2107 der^e^l«tjMM,schklder^

1047 2105 1101 2133 und
1113 2104 1189 2135 daher
1202 2103 1248 2134 der
1263 2105 1419 2141 legitinrrn
1434 2105 1626 2151 Spants^cn
1637 2104 1786 2147 Regifruug
1801 2097 1849 2131 deu
1859 2099 1950 2134 Siest;.

1050 2157 1079 2180 zu
1099 2148 1243 2182 wünschen,
1260 2149 1293 2176 ob
1312 2148 1343 2180 sie
1356 2141 1434 2183 gleich
1453 2156 1498 2180 vor
1512 2150 1560 2178 der
1572 2149 1647 2184 Hand
1662 2148 1730 2181 nicht
1738 2146 1843 2177 «eine»
1853 2162 1869 2177 ,.
1877 2141 1949 2183 daK,

1047 2192 1321 2227 Großbritannien
1345 2185 1387 2224 sich
1404 2193 1490 2227 thatig
1509 2192 1750 2229 einmischewfolle.
1832 2191 1866 2222 V
1904 2217 1913 2234 ^
1945 2219 1948 2224 .

1088 2236 1185 2271 Indem
1204 2237 1247 2264 der
1270 2236 1401 2268 Courier
1417 2238 1547 2267 abermals
1562 2237 1606 2267 der
1622 2229 1761 2267 htaä>ncht
1773 2233 1823 2264 des
1835 2233 1936 2264 Vfiot»

1051 2280 1300 2318 ninL^ttronitlt
1316 2286 1366 2313 no»
1387 2286 1470 2314 eurem
1486 2280 1633 2317 Bündnisse.
1641 2277 1814 2317 RzrLisnbL
1826 2278 1877 2309 und
1890 2279 1940 2310 dse
