3887 5551
184 153 275 212 M
314 155 453 219 302.
492 157 695 230 Erstes
730 156 941 220 Blatt.

312 812 832 850 «donnementSpreif».

695 859 818 883 »Monat«.
845 861 969 884 «Manata.

157 890 213 917 1»r
219 890 334 917 «q,n>«nn
347 895 382 917 di»
395 895 489 923 Zeitung
503 896 601 923 ab,«holt
613 896 681 922 tot*)
707 896 748 924 Fr.
762 896 821 918 5.50
843 896 882 924 Fr.
897 897 930 919 10.
939 907 969 914 —

155 917 270 945 »chw'et,
285 919 412 950 (Bestellung
427 922 480 945 deim
494 923 634 950 Postbunau)
649 939 654 945 .
685 937 691 945 .
720 938 731 949 .
762 923 818 947 6.7'
856 938 867 950 .
897 925 929 946 1*.
938 925 969 947 60

183 944 218 967 d».
244 944 323 970 Cbittltc
334 948 456 977 Bestellung
469 950 500 972 bei
515 951 549 972 der
566 944 693 975 i^peditton

245 974 293 996 und
300 973 374 1003 33«,»;
386 977 450 998 Lite«
461 977 625 1002 Petoutadrefie)
646 978 962 1005 ...7.50.14.-

158 998 359 1026 «»»Nchland
373 1003 501 1031 (Bestellung
516 1004 569 1026 beim
584 1004 689 1030 Postani«)
703 1005 780 1026 Ml.7.

152 1026 176 1049 v
185 1031 195 1048 »
202 1026 233 1053 ste
241 1032 283 1049 rr-
292 1028 413 1055 iä>.nnqa
419 1036 432 1052 r
439 1036 452 1052 >>.
462 1031 549 1057 (.Best,b.
557 1032 663 1057 Postamt)
671 1031 772 1058 st.r.W.5
795 1042 803 1047 -

155 1053 175 1081 U
183 1058 238 1076 ran
246 1054 451 1082 kreitd.Ititirn
461 1061 506 1081 und
516 1058 590 1085 übrige
601 1061 693 1081 Staaten

245 1081 282 1104 bei
297 1083 541 1111 Weltpostverein?
557 1086 639 1112 (direlle
651 1086 693 1108 Be¬

247 1108 335 1138 stellung
350 1112 381 1133 bei
395 1111 431 1133 der
444 1112 578 1139 «Sß>«»ü>im)
614 1128 621 1136 .
647 1129 654 1137 .
683 1127 690 1135 .
705 1114 743 1141 Fr.
752 1115 784 1136 ll.
794 1114 821 1137 50
843 1115 881 1141 Kr.
895 1117 927 1137 22.
940 1126 963 1133 —

1616 165 2035 243 Zwkiundsktzigßtt
2068 166 2314 245 Jahrgang.

2636 175 3035 249 Donnerstag.
3070 178 3171 240 28.
3208 179 3527 255 Dezember
3562 186 3740 251 1882.

1905 825 2023 883 und

1145 927 1947 1159 schmizenschks
2005 931 2770 1151 AMsM.

3113 843 3584 885 S«f»«tr»nOgedüyr.

3287 891 3426 918 ^iuuoucea:

2951 912 2998 940 fb
3010 913 3043 937 Mt
3054 913 3146 943 «ktotii
3157 917 3185 938 »0
3256 916 3293 944 für
3305 918 3344 940 da?
3354 918 3454 941 Ausland
3462 920 3490 944 25
3498 921 3541 949 «».
3555 924 3604 946 »der
3615 924 3642 946 »i
3652 925 3761 953 »vud'«,

3221 947 3257 971 per
3270 944 3411 974 seSbrspeltig!
3420 947 3484 972 Zeile.

3085 970 3212 996 Ueelamen
3226 977 3252 993 ic.
3268 972 3339 996 (unter
3354 974 3400 995 dem
3413 974 3620 1003 StedallionSstri»):

3146 999 3174 1020 50
3187 997 3229 1025 Rp.
3243 1001 3280 1025 Per
3293 1000 3427 1028 »ierspaltige
3441 1000 3556 1030 PetitzeUe.

2949 1021 3048 1049 Inserate
3061 1024 3107 1047 und
3116 1024 3228 1047 Reclamen
3237 1026 3282 1053 find
3292 1027 3427 1054 ein,»senden
3441 1034 3470 1050 an
3479 1030 3512 1052 die
3523 1031 3760 1059 Annoneeeelpedtrt^,

2949 1050 2992 1072 »an
3012 1050 3089 1073 Orell
3107 1052 3191 1078 Fllfilt
3211 1052 3229 1075 &
3247 1053 3300 1075 Sit.
3321 1054 3349 1076 in
3367 1054 3461 1082 Züriü»
3481 1057 3528 1080 und
3546 1060 3627 1081 werden
3642 1061 3700 1086 durch
3715 1062 3749 1083 **

3065 1078 3153 1107 ttbrigen
3165 1079 3280 1102 bekannten
3295 1080 3503 1111 Annoncendurcaui
3517 1087 3639 1110 »ermittelt,

3144 1107 3217 1133 stftei»
3230 1107 3269 1130 »er
3283 1107 3400 1135 «i»,elne»
3414 1111 3545 1137 Nummer»
3556 1119 3564 1137 :

3018 1132 3115 1159 «insache
3134 1135 3161 1156 1»
3174 1133 3221 1160 R»..
3242 1134 3283 1157 mit
3297 1134 3385 1164 Beilage
3401 1138 3426 1160 15
3439 1137 3487 1165 Rp.,
3508 1140 3603 1168 doppelt»
3616 1141 3644 1165 »0
3657 1143 3697 1168 Np.

209 1202 420 1260 Jägkich,
450 1208 542 1250 mit
570 1208 882 1262 Ausnahme
910 1211 995 1252 öes
1021 1210 1306 1267 Sonntags,
1333 1216 1639 1269 zweimatige
1663 1216 1917 1268 Ausgabe.
1985 1238 2089 1255 ——
2153 1220 2377 1272 Wüveau
2406 1223 2491 1264 -er
2518 1222 2831 1273 'MeöaKtron:
2871 1226 3209 1282 Wvunngasss
3234 1229 3339 1282 Wv.
3365 1236 3398 1274 2
3424 1234 3482 1276 in
3508 1233 3700 1285 Zürich.

338 1348 397 1401 Die
426 1350 548 1395 SelSkle
577 1353 631 1395 der
659 1351 840 1402 „Franke".

218 1420 276 1455 Ein
300 1424 527 1465 anmaßlicheres
551 1425 670 1464 Gerede,
696 1427 745 1459 als
770 1431 799 1460 es
823 1427 877 1460 das
901 1428 1021 1469 Pariser

149 1465 378 1509 Zeitungsblatt
404 1471 554 1511 „France"
584 1481 671 1513 gegen
701 1471 744 1504 die
767 1471 895 1512 Schweiz
926 1473 1020 1514 führt,

149 1510 183 1549 ist
208 1516 268 1546 uns
292 1514 360 1556 noch
384 1516 470 1556 selten
494 1517 716 1558 vorgekommen.
765 1517 863 1550 Wenn
880 1518 921 1550 die
938 1519 1021 1559 fran¬

150 1556 263 1598 zösische
279 1559 445 1603 Regierung
468 1562 517 1594 der
527 1562 656 1602 Schweiz
669 1562 828 1604 gegenüber
851 1562 904 1596 den
914 1564 1022 1603 Inter¬

146 1602 218 1643 essen
231 1602 280 1637 des
291 1606 491 1648 französischen
503 1607 636 1649 Handels
660 1607 721 1648 ihre
747 1609 924 1649 Fürsprache
937 1609 1019 1651 leiht,

148 1647 177 1686 so
200 1647 297 1689 haben
326 1652 383 1684 wir
404 1652 479 1685 keine
516 1652 645 1694 Ursache,
682 1652 807 1687 darüber
841 1654 1021 1695 empfindlich

147 1701 183 1732 zu
208 1695 320 1728 werden
349 1715 384 1720 —
411 1698 467 1731 wir
490 1698 636 1739 wünschen
659 1698 690 1739 ja
715 1698 784 1740 auch
808 1700 959 1740 unserseits
971 1702 1021 1741 für

148 1737 356 1782 schweizerische
378 1743 521 1785 Anliegen
542 1743 646 1785 solcher
665 1744 724 1777 Art
745 1743 791 1777 bei
813 1745 941 1786 fremden
963 1747 1021 1779 Re¬

149 1784 310 1827 gierungen
349 1788 394 1821 ein
418 1789 559 1831 geneigtes
585 1788 683 1831 Gehör
716 1800 751 1830 zu
786 1790 893 1831 finden.
941 1790 1020 1824 Aber

148 1829 209 1861 eine
220 1830 454 1876 Verpflichtung,
468 1835 648 1877 auswärtige
659 1834 905 1877 wirthschaftliche
913 1836 1021 1875 Inter¬

149 1874 220 1916 nen
243 1885 280 1916 zu
302 1877 416 1917 schonen
442 1880 499 1912 und
523 1890 558 1920 zu
582 1879 708 1922 schützen,
743 1880 815 1922 liegt
844 1881 919 1922 nicht
954 1892 1021 1915 un¬

148 1920 283 1959 serem
306 1922 416 1958 Staate
440 1925 493 1967 ob;
528 1926 585 1958 wir
608 1926 712 1966 dürfen
734 1926 796 1959 und
819 1926 909 1967 sollen
931 1928 1022 1961 allein

150 1964 194 1998 die
217 1966 444 2011 schweizerischen
467 1972 632 2012 Interessen
654 1980 707 2011 zur
731 1970 863 2014 Geltung
887 1971 1018 2014 bringen.

148 2010 207 2044 Sie
229 2021 266 2051 zu
288 2013 501 2055 interpretircn,
527 2017 721 2056 anzuordnen,
760 2021 824 2050 lvas
847 2017 933 2059 ihnen
958 2021 1019 2052 ent¬

148 2056 262 2097 spricht,
289 2058 474 2102 abzuwehren
510 2062 576 2095 oder
600 2071 634 2102 zu
658 2061 811 2101 verbieten,
836 2067 900 2096 was
934 2063 1021 2105 ihnen

149 2101 355 2144 widerstreitet,
392 2106 428 2148 ist
451 2107 539 2149 einzig
576 2107 670 2148 Sache
704 2109 820 2148 unserer
853 2107 1017 2150 Behörden.

148 2146 225 2179 Kein
249 2148 372 2189 fremder
395 2151 491 2185 Staat
522 2153 573 2194 hat
597 2153 647 2195 sich
672 2153 703 2186 in
737 2155 823 2194 unser
846 2154 1020 2196 Eisenbahn¬

149 2192 312 2235 tarifwesen
336 2196 543 2238 einzunnschcn,
569 2199 597 2238 so
622 2199 707 2240 lange
730 2198 808 2239 nicht
830 2198 874 2232 die
892 2199 1019 2240 Schweiz

148 2236 180 2269 in
203 2237 352 2279 besondere
376 2242 786 2284 Vertragsverbindlichkeiten
821 2254 856 2284 zu
891 2245 950 2286 ihm
977 2255 1020 2286 ge¬

148 2284 242 2316 treten
253 2285 290 2326 ist
301 2297 309 2327 ;
333 2287 389 2319 wir
401 2289 531 2330 verletzen
543 2288 617 2321 keine
630 2288 866 2330 völkerrechtliche
879 2290 1018 2332 Satzung,

150 2333 235 2361 wenn
270 2331 325 2363 wir
350 2332 418 2374 diese
442 2334 543 2375 Tarife
566 2334 722 2375 innerhalb
757 2336 873 2375 unseres
908 2335 1020 2369 Landes

151 2374 177 2413 so
202 2375 349 2416 gestalten,
376 2378 428 2412 wie
452 2383 481 2412 es
505 2383 562 2412 uns
587 2379 744 2421 zuträglich
769 2379 866 2413 dünkt.

215 2420 266 2458 In
291 2421 341 2455 den
365 2425 479 2464 unserer
501 2424 631 2466 Zeitung
654 2425 873 2466 nahestehenden
884 2426 1020 2458 kommer¬

153 2464 249 2503 ziellen
278 2467 337 2499 und
362 2468 557 2509 industriellen
593 2470 710 2510 Kreisen
744 2470 835 2510 hören
871 2470 925 2503 ivir
960 2481 1020 2503 nur

153 2508 303 2544 Stimmen
337 2512 386 2546 der
409 2514 630 2556 Mißbilligung
667 2514 715 2548 des
748 2514 1020 2557 bundesräthlichen

148 2553 331 2599 Beschlusses,
364 2558 450 2600 durch
473 2560 593 2600 welchen
628 2559 676 2592 der
710 2561 894 2602 gemeinsanie
931 2562 1021 2602 Tarif

147 2598 203 2632 Nr.
230 2603 296 2634 442
334 2604 514 2646 aufgehoben
547 2605 656 2638 wurde.
703 2605 775 2638 Wir
809 2605 890 2647 selbst
923 2606 1020 2647 haben

149 2645 203 2678 mit
236 2646 325 2681 einem
359 2650 475 2692 Urtheil
510 2650 580 2683 über
616 2650 782 2690 die.Sache
817 2661 876 2684 u,ir
909 2652 1020 2691 zurück¬

148 2690 290 2731 gehalten,
316 2695 383 2727 weil
405 2696 463 2728 wir
485 2696 539 2736 erst
560 2695 695 2737 erfahren
717 2695 855 2737 möchten,
880 2701 943 2729 was
971 2697 1019 2730 der

143 2734 339 2780 Bundesrath
363 2749 414 2779 zur
439 2740 675 2782 Rechtfertigung
698 2741 786 2782 seiner
799 2741 1019 2784 Schlußnahme

148 2780 346 2824 anzubringen
369 2785 430 2825 hat.
478 2785 556 2818 Aber
588 2786 689 2828 gewiß,
726 2786 809 2819 einen
842 2786 1019 2828 schlechteren

148 2824 248 2864 Dienst
272 2828 372 2860 konnte
396 2830 438 2861 die
465 2832 615 2869 „France"
643 2831 695 2863 den
719 2831 946 2872 schweizerischen
958 2833 1017 2865 Bc-

151 2867 306 2909 thciligten,
330 2872 430 2913 welche
453 2873 496 2906 die
519 2874 697 2917 Aufhebung
729 2875 809 2916 jenes
843 2878 948 2917 Tarifs
971 2877 1018 2910 be¬

150 2912 255 2953 klagen,
281 2915 355 2958 nicht
369 2919 507 2959 erweisen,
532 2920 580 2952 als
605 2920 700 2954 indem
723 2922 759 2962 sie
783 2922 826 2954 die
839 2921 1017 2964 Großmacht

146 2957 315 3002 Frankreich
337 2963 464 3004 aufruft,
489 2964 538 2997 der
552 2965 661 2998 kleinen
680 2965 808 3006 Schweiz
832 2966 885 3000 den
896 2969 1017 3008 Meister

145 3010 179 3041 zu
203 3004 297 3046 zeigen
320 3008 381 3040 und
404 3009 440 3050 sie
463 3018 515 3049 zur
538 3010 752 3052 Zurücknahine
786 3011 865 3052 jener
888 3012 1016 3053 Schluß¬

143 3048 248 3089 nahme
270 3061 307 3090 zu
328 3053 475 3095 nöthigen.
523 3055 636 3088 Wollte
666 3056 699 3088 in
721 3056 784 3088 dem
807 3056 1016 3098 gebieterischen

144 3092 236 3131 Tone,
270 3096 389 3137 welchen
412 3098 456 3131 die
484 3100 635 3139 „France"
663 3100 819 3143 anschlägt,
855 3102 898 3134 die
931 3104 1015 3144 fran¬

142 3138 255 3179 zösische
277 3141 444 3184 Regierung
478 3145 534 3177 mit
568 3145 618 3178 der
652 3145 781 3187 Schweiz
815 3147 949 3188 sprechen,
987 3150 1015 3188 so

143 3185 222 3216 wäre
246 3190 276 3218 es
300 3187 343 3219 ein
369 3187 464 3221 Gebot
487 3188 535 3222 der
556 3190 730 3223 nationalen
743 3192 828 3232 Ehre,
855 3193 914 3225 eine
930 3193 1016 3234 solche

141 3228 346 3274 Einmischung
370 3233 402 3265 in
426 3234 486 3266 eine
510 3234 571 3267 rein
595 3236 694 3268 innere
708 3236 931 3278 Angelegenheit
947 3239 1011 3279 kurz

143 3273 203 3306 und
227 3274 337 3319 bündig
372 3280 615 3320 zurückzuwcisen.
662 3281 729 3313 Und
765 3290 817 3314 um
851 3281 926 3322 nicht
961 3283 1014 3315 den

142 3318 250 3360 Schein
274 3322 327 3362 auf
348 3323 400 3365 sich
423 3334 460 3365 zu
481 3324 576 3363 laden,
603 3326 651 3358 als
674 3325 710 3358 ob
721 3335 792 3359 man
816 3326 864 3359 der
887 3328 1013 3367 fremden

142 3364 291 3408 Drohung
315 3368 465 3410 nachgäbc,
491 3370 590 3410 müßte
615 3370 684 3412 auch
708 3377 767 3404 von
791 3372 867 3405 einer
883 3372 1012 3406 Wieder¬

141 3412 310 3453 erwägung,
334 3419 393 3446 von
417 3416 493 3448 einer
505 3416 721 3456 Zurücknahme
733 3417 801 3450 oder
812 3416 1011 3460 Abänderung

141 3453 191 3487 des
215 3456 570 3502 Aufhebungsbeschlusses
595 3460 744 3503 abgesehen
769 3462 890 3496 werden.

209 3501 266 3535 Die
289 3503 496 3546 Rckursschrift
520 3506 567 3538 der
593 3505 797 3548 Westbahnen,
823 3507 866 3541 die
883 3508 1011 3550 Eingabe

137 3544 188 3578 der
212 3548 412 3590 zürcherischen
447 3550 692 3591 kaufmännischen
715 3551 896 3593 Gesellschaft
918 3553 1011 3594 haben

143 3589 193 3624 den
217 3592 420 3637 Bundcsrath,
447 3595 514 3637 noch
537 3595 624 3629 bevor
648 3596 733 3638 dieser
757 3597 838 3638 selbst
862 3599 907 3631 ein
919 3599 1011 3634 Wort

141 3637 236 3678 gesagt
251 3638 313 3680 hat,
338 3650 425 3681 gegen
438 3641 489 3673 den
505 3642 651 3682 Vorwurf
666 3642 698 3674 in
716 3641 818 3684 Schutz
830 3653 1008 3684 genommen,

139 3682 187 3714 als
211 3683 248 3722 sei
283 3694 341 3717 nur
377 3695 427 3719 um
463 3685 510 3719 der
535 3686 763 3729 Gotthardbahn
798 3688 897 3722 willen
931 3689 1009 3731 jener

139 3726 230 3768 Tarif
253 3729 309 3762 Nr.
335 3733 399 3762 442
437 3731 615 3774 aufgehoben
642 3733 768 3766 worden.
816 3733 893 3767 Aber
917 3737 1009 3778 gesetzt

139 3775 169 3803 eS
193 3774 272 3807 wäre
296 3776 323 3815 so
359 3776 419 3809 und
455 3777 497 3809 die
520 3776 679 3819 Beschlüsie
712 3778 761 3811 des
784 3779 1008 3822 Bundesrathcs

138 3824 171 3848 in
195 3818 527 3862 Eisenbahntarifsachen
559 3822 661 3862 hätten
692 3833 750 3856 nur
774 3824 828 3857 das
850 3825 911 3858 eine
938 3827 1008 3867 Ziel

136 3860 178 3893 im
203 3862 296 3905 Auge,
329 3866 372 3897 die
396 3865 625 3909 Gotthardbahn
648 3869 794 3911 möglichst
818 3870 947 3904 rentabel
971 3882 1006 3912 zu

135 3906 253 3947 machen
280 3926 316 3931 —
347 3915 411 3943 was
449 3911 529 3953 hätte
565 3912 639 3953 dazu
674 3914 932 3956 Frankreich
970 3927 1006 3957 zu

134 3951 245 3993 sagen?
277 3955 338 3994 Hat
356 3957 533 3998 Frankreich,
557 3957 610 3998 hat
626 3958 798 4001 Oesterreich
823 3960 874 4001 sich
891 3961 1005 4003 irgend¬

133 3997 189 4030 wie
212 4007 265 4031 um
300 4000 343 4033 die
378 4001 603 4043 schweizerischen
626 4004 790 4046 Interessen
820 4007 1002 4047 gekümmert,

1067 1340 1115 1372 als
1138 1340 1216 1381 jenes
1246 1342 1288 1375 die
1312 1343 1572 1385 Montcenisbahn,
1610 1344 1694 1385 dieses
1717 1344 1762 1378 die
1784 1345 1932 1379 Brenner¬

1066 1384 1144 1426 bahn
1180 1386 1276 1425 baute,
1312 1387 1389 1421 beide
1423 1389 1495 1428 dazu
1528 1389 1692 1430 bestimmt,
1734 1390 1786 1422 den
1820 1391 1930 1432 großen

1067 1431 1307 1474 Waarentransit
1336 1433 1466 1474 zwischen
1489 1434 1551 1467 deni
1575 1434 1788 1476 cisalpinischen
1812 1436 1932 1477 Europa

1068 1476 1127 1509 und
1151 1477 1272 1515 Italien
1307 1484 1364 1511 von
1400 1480 1449 1512 der
1470 1479 1598 1521 Schweiz
1634 1480 1824 1521 abzulenken?
1869 1482 1933 1522 Hat

1068 1522 1237 1564 Frankreich
1263 1524 1314 1565 erst
1337 1523 1382 1557 bei
1407 1525 1455 1557 der
1479 1525 1605 1566 Schweiz
1630 1527 1793 1568 angcfragt,
1831 1527 1879 1560 als
1902 1532 1932 1561 es

1066 1567 1152 1609 rings
1163 1577 1215 1601 um
1227 1569 1272 1601 die
1283 1568 1394 1609 Grenze
1410 1570 1459 1603 des
1470 1570 1610 1604 Kantons
1622 1570 1700 1613 Genf
1714 1571 1762 1604 ein
1776 1571 1932 1613 Schienen-

1068 1613 1120 1654 netz
1143 1623 1204 1655 zog,
1229 1614 1343 1655 welches
1367 1616 1483 1656 Handel
1507 1616 1567 1649 und
1590 1616 1713 1658 Verkehr
1738 1618 1786 1649 der
1810 1618 1930 1659 größten

1066 1659 1182 1698 unserer
1205 1659 1453 1700 Schweizerstädte
1475 1661 1639 1703 lahmlegen
1662 1662 1735 1703 soll?
1771 1661 1875 1703 Gewiß
1895 1663 1932 1705 ist

1067 1702 1151 1744 durch
1164 1704 1231 1745 diese
1245 1705 1345 1745 eiserne
1369 1706 1563 1748 Umstrickung
1575 1706 1654 1748 Genf
1676 1708 1755 1750 mehr
1768 1707 1929 1750 geschädigt,

1067 1748 1116 1781 als
1127 1749 1282 1791 Marseille
1297 1750 1382 1791 durch
1395 1752 1438 1784 die
1450 1751 1627 1793 Aushebung
1643 1753 1718 1786 eines
1729 1753 1932 1793 Differential¬

1066 1793 1166 1836 tarifs,
1199 1795 1268 1828 aber
1292 1797 1346 1829 >vir
1370 1796 1463 1839 haben
1497 1798 1624 1830 keinerlei
1646 1798 1806 1840 Befugniß,
1844 1800 1932 1832 einem

1065 1839 1290 1882 Nachbarstaate
1324 1842 1369 1874 die
1392 1843 1582 1885 Ausnutzung
1617 1843 1706 1884 seines
1726 1843 1849 1877 Bodens
1871 1845 1931 1878 und

1067 1885 1139 1918 aller
1163 1885 1315 1928 Vortheile
1338 1887 1387 1920 der
1410 1887 1484 1929 Lage
1505 1898 1540 1928 zu
1565 1890 1736 1930 verwehren.
1783 1889 1932 1931 Hingegen

1066 1930 1172 1964 wollen
1207 1932 1264 1964 wir
1296 1932 1366 1973 auch
1399 1934 1455 1966 das
1489 1933 1589 1975 gleiche
1610 1934 1697 1975 Recht
1727 1936 1782 1976 auf
1803 1937 1931 1977 unserem

1066 1975 1171 2009 Boden
1194 1975 1364 2018 behaupten.

1135 2021 1215 2063 Doch
1239 2027 1270 2055 es
1300 2023 1374 2056 wird
1408 2033 1445 2064 zu
1479 2024 1555 2057 einer
1579 2025 1780 2066 Einmischung
1803 2031 1862 2059 von
1883 2025 1932 2059 der

1066 2066 1133 2106 Art,
1160 2067 1213 2100 wie
1236 2068 1280 2100 die
1307 2070 1456 2108 „France"
1484 2070 1518 2111 sie
1540 2070 1661 2111 fordert,
1696 2070 1772 2112 nicht
1795 2071 1929 2104 kommen.

1068 2112 1124 2145 Die
1147 2113 1327 2155 französische
1350 2114 1515 2156 Regierung
1539 2116 1614 2148 wird
1638 2118 1778 2158 erwägen,
1814 2116 1872 2156 daß
1894 2118 1930 2159 sie

1066 2156 1130 2198 doch
1166 2157 1241 2199 nicht
1280 2159 1385 2200 füglich
1423 2160 1456 2192 in
1494 2161 1541 2192 der
1576 2160 1702 2201 Schweiz
1731 2161 1930 2203 Widerspruch

1069 2212 1154 2243 gegen
1189 2203 1233 2236 die
1266 2205 1453 2246 Beseitigung
1487 2206 1563 2238 eines
1586 2205 1865 2248 Differentialtarifs
1888 2217 1930 2241 er¬

1066 2247 1154 2289 heben
1178 2249 1261 2287 kann,
1297 2250 1433 2291 während
1467 2250 1502 2292 sie
1524 2251 1577 2291 auf
1601 2251 1682 2292 ihren
1705 2252 1931 2294 Staatsbahnen

1066 2294 1119 2333 auf
1141 2294 1227 2334 dieses
1252 2295 1390 2335 nämliche
1413 2295 1481 2335 Ziel
1501 2296 1684 2337 hinarbcitct.
1720 2297 1788 2331 Vor
1804 2299 1930 2339 wenigen

1065 2339 1167 2379 Tagen
1192 2340 1254 2378 (am
1271 2342 1323 2373 23.
1337 2340 1502 2381 Dczcniber)
1525 2341 1578 2382 hat
1595 2342 1719 2375 darüber
1735 2343 1783 2375 der
1796 2343 1930 2377 Direktor

1066 2383 1115 2415 der
1131 2384 1331 2426 französischen
1347 2385 1585 2427 Staatsbahnen,
1603 2387 1737 2421 Senator
1753 2388 1927 2428 Beraldi,

1066 2428 1098 2460 in
1131 2429 1220 2469 seiner
1244 2430 1384 2464 Antwort
1418 2431 1471 2471 auf
1503 2431 1546 2464 die
1577 2432 1709 2474 Angriffe
1733 2433 1811 2466 Leon
1833 2434 1930 2474 Sah's

1066 2473 1127 2506 dem
1151 2474 1250 2507 Senat
1275 2475 1333 2508 eine
1356 2477 1416 2518 sehr
1438 2476 1587 2518 lehrreiche
1599 2477 1765 2520 Vorlesung
1788 2479 1927 2521 gehalten,

1066 2519 1164 2561 welche
1200 2519 1242 2552 die
1276 2520 1403 2563 schärfste
1425 2521 1660 2565 Verurtheilung
1693 2523 1767 2557 aller
1797 2533 1855 2557 nur
1879 2526 1930 2566 auf

1067 2564 1120 2597 das
1143 2565 1344 2605 kommerzielle
1367 2567 1510 2609 Jntereffe
1545 2568 1684 2608 einzelner
1712 2568 1863 2609 besonders
1884 2569 1929 2603 be¬

1064 2610 1412 2652 günstigterOrtschaften
1420 2613 1606 2654 gegründeter
1614 2614 1929 2657 Tarifermäßigungen

1064 2655 1096 2686 in
1120 2655 1171 2696 sich
1188 2655 1288 2697 schloß.
1321 2656 1400 2698 Auch
1424 2658 1467 2691 die
1489 2658 1688 2700 französischen
1703 2660 1929 2702 Staatsbahncn

1063 2699 1213 2741 berechnen
1230 2707 1310 2741 zwar
1328 2703 1372 2735 die
1383 2704 1484 2742 Taxen
1495 2703 1571 2745 nicht
1580 2704 1710 2746 lediglich
1721 2706 1929 2746 proportional

1065 2744 1113 2777 der
1149 2746 1343 2789 Entfernung,
1381 2749 1501 2789 sondern
1534 2749 1627 2791 haben
1664 2751 1721 2783 eine
1757 2750 1928 2792 absteigende

1063 2790 1159 2823 Skala
1186 2810 1221 2815 —
1250 2793 1420 2826 rationeller
1441 2793 1542 2835 Weise,
1580 2795 1655 2827 denn
1688 2796 1720 2828 in
1748 2796 1801 2828 den
1824 2797 1943 2837 Kosten.,

1065 2835 1112 2868 des
1136 2838 1325 2876 Transports
1360 2839 1421 2879 sind
1456 2838 1487 2880 ja
1510 2838 1579 2880 auch
1604 2840 1746 2879 Faktoren
1771 2842 1925 2883 enthalten,

1062 2880 1105 2912 die
1128 2887 1187 2914 von
1210 2882 1259 2915 der
1282 2882 1378 2924 Länge
1412 2884 1461 2916 der
1495 2885 1716 2926 durchlaufenen
1738 2886 1851 2920 Strecke
1872 2896 1927 2920 un¬

1066 2925 1212 2969 abhängig
1236 2928 1303 2961 oder
1326 2929 1495 2970 wenigstens
1529 2931 1605 2971 nicht
1641 2931 1781 2972 derselben
1805 2937 1926 2972 propor¬

1063 2971 1161 3003 tional
1183 2973 1254 3014 sind.
1302 2973 1381 3007 Aber
1404 2974 1554 3016 abgesehen
1576 2982 1636 3008 von
1660 2977 1770 3018 einigen
1791 2977 1927 3018 Spezial¬

1062 3016 1180 3056 tarifen,
1222 3018 1265 3050 die
1303 3029 1373 3051 man
1412 3021 1561 3062 vorläufig
1595 3020 1664 3062 noch
1699 3023 1725 3061 so
1750 3022 1926 3064 beibehaltcn

1060 3060 1169 3101 mußte,
1195 3063 1248 3094 wie
1270 3063 1307 3104 sie
1330 3065 1493 3105 aufgestellt
1513 3070 1634 3103 waren,'
1660 3067 1707 3099 als
1730 3067 1775 3099 die
1796 3067 1924 3101 Staats¬

1060 3105 1229 3147 bahnlinien
1254 3108 1322 3148 noch
1345 3109 1642 3151 Privatkompagnien
1667 3111 1809 3153 gehörten,
1833 3113 1923 3153 hand¬

1059 3149 1132 3191 habt
1166 3151 1209 3185 die
1232 3153 1607 3196 Staatsbahnverwaltung
1642 3156 1722 3197 jenen
1746 3158 1835 3199 Tarif
1869 3159 1923 3191 mit

1061 3194 1250 3238 absteigender
1274 3197 1368 3231 Skala
1400 3199 1514 3232 überall
1549 3201 1642 3242 völlig
1666 3201 1860 3244 gleichmäßig,
1895 3204 1922 3244 so

1060 3240 1117 3280 daß
1139 3242 1214 3275 keine
1236 3243 1326 3285 näher
1358 3254 1408 3277 ani
1430 3244 1606 3286 Absendeort
1629 3247 1755 3288 gelegene
1777 3247 1925 3290 Ortschaft

1058 3285 1160 3326 höhere
1185 3288 1283 3327 Taxen
1318 3299 1352 3328 zu
1388 3289 1520 3331 bezahlen
1556 3292 1618 3332 hat,
1656 3292 1703 3324 als
1739 3293 1798 3325 eine
1829 3294 1924 3327 weiter

1058 3331 1195 3372 gelegene.
1242 3332 1334 3366 Wäre
1370 3334 1413 3367 die
1434 3335 1924 3381 Paris-Lyon-Mittelmeer-Bahn

1061 3375 1120 3408 eine
1143 3377 1346 3420 Staatsbahn,
1382 3381 1410 3420 so
1434 3382 1519 3419 wäre,
1551 3381 1620 3421 nach
1646 3382 1697 3415 den
1720 3387 1779 3415 von
1802 3383 1925 3418 Beraldi

1057 3420 1238 3463 dargelegten
1264 3422 1470 3466 Grundsätzen,
1507 3426 1555 3459 der
1578 3428 1668 3469 Tarif
1700 3427 1756 3461 Nr.
1782 3430 1847 3462 442
1873 3431 1924 3472 auf

1057 3466 1268 3509 französischem
1290 3469 1394 3502 Boden
1418 3470 1493 3511 nicht
1514 3472 1647 3512 geduldet
1670 3474 1794 3506 worden.

1126 3513 1188 3546 Der
1227 3514 1366 3555 nämliche
1406 3514 1582 3557 Fachmann,
1627 3517 1676 3551 der
1713 3519 1835 3561 zugleich
1875 3521 1922 3554 als

1054 3556 1164 3598 Organ
1204 3559 1251 3591 der
1289 3561 1491 3602 französischen
1523 3562 1688 3605 Regierung
1724 3564 1831 3606 sprach,
1871 3566 1923 3608 hat

1053 3601 1195 3643 Beispiele
1219 3605 1384 3646 angeführt,
1421 3606 1474 3640 wie
1507 3607 1680 3649 verderblich
1714 3609 1768 3642 das
1794 3611 1921 3645 willkür¬

1054 3646 1122 3687 liche
1146 3649 1333 3690 Tarissystem
1356 3650 1405 3683 der
1416 3652 1713 3695 Privatkompagnicn
1737 3657 1790 3696 auf
1801 3657 1922 3697 einzelne

1053 3692 1236 3735 Ortschaften
1260 3696 1319 3728 und
1343 3695 1466 3737 einzelne
1488 3698 1751 3742 Industriezweige,
1787 3701 1830 3735 die
1865 3708 1920 3735 von

1054 3737 1105 3770 den
1129 3739 1402 3781 Tarifrcduktionen
1425 3742 1645 3785 ausgeschlossen
1668 3751 1776 3783 waren,
1811 3748 1920 3787 zurück¬

1053 3784 1168 3824 gewirkt
1207 3784 1287 3827 habe.
1351 3787 1426 3828 „Ich
1466 3788 1546 3822 kenne
1584 3790 1724 3830 Städte",
1766 3792 1841 3833 sagte
1880 3803 1917 3832 er,

1055 3829 1173 3870 „welche
1220 3830 1306 3872 durch
1347 3832 1434 3873 dieses
1480 3833 1597 3875 System
1643 3834 1918 3880 buchstäblich

1051 3883 1067 3905 r
1081 3882 1099 3906 u
1112 3874 1122 3906 i
1135 3884 1155 3907 n
1168 3875 1178 3907 i
1192 3884 1208 3908 r
1220 3878 1231 3908 t
1267 3877 1382 3910 worden
1417 3879 1488 3919 sind,
1523 3889 1588 3919 zum
1616 3880 1753 3922 Vorthcil
1789 3883 1916 3922 anderer,

1050 3918 1148 3960 welche
1172 3920 1223 3962 sich
1247 3925 1380 3963 vermöge
1402 3923 1541 3964 desselben
1565 3924 1713 3966 bereichert
1734 3926 1859 3969 haben."
1878 3947 1913 3953 —

1051 3964 1120 4004 Also
1146 3966 1200 3998 das
1224 3966 1323 4007 gleiche
1346 3968 1493 4009 Schicksal,
1530 3970 1654 4011 welches,
1689 3972 1736 4005 der
1765 3973 1912 4013 „France"

1047 4019 1084 4049 zu
1107 4010 1209 4052 Folge,
1234 4012 1284 4044 der
1306 4012 1446 4053 schlimme
1469 4014 1602 4056 Nachbar
1613 4016 1740 4057 Schweiz
1764 4017 1812 4051 der
1823 4019 1917 4053 Stadt

1978 1347 2130 1387 Marseille
2164 1347 2286 1382 bereiten
2309 1350 2393 1384 will!
2440 1351 2504 1384 Und
2530 1356 2593 1385 was
2616 1353 2668 1395 hat
2690 1353 2735 1386 die
2758 1355 2839 1394 fran¬

1977 1393 2086 1434 zösische
2107 1394 2273 1437 Regierung
2296 1395 2446 1436 vermocht,
2482 1406 2533 1429 um
2555 1398 2617 1438 jene
2640 1399 2758 1437 Städte,
2782 1405 2841 1432 von

1978 1438 2065 1471 denen
2080 1438 2158 1480 Herr
2172 1440 2295 1473 Beraldi
2318 1441 2422 1481 sprach,
2448 1451 2483 1482 zu
2503 1444 2624 1476 retten?
2648 1444 2681 1485 ist
2704 1445 2742 1486 sie
2765 1445 2840 1477 einer

1977 1484 2005 1523 so
2040 1483 2207 1526 schädlichen
2238 1485 2427 1527 Tarifpolitik
2461 1487 2508 1520 der
2543 1488 2841 1531 Privatkompagnien

1977 1529 2131 1570 machtvoll
2148 1533 2426 1574 entgegengetreten;
2450 1533 2500 1574 hat
2523 1535 2560 1575 sie
2583 1534 2626 1567 die
2638 1535 2840 1576 Kompagnien

1977 1575 2135 1617 genöthigt,
2159 1575 2229 1616 nach
2251 1576 2420 1617 gesunderen
2440 1578 2633 1621 Grundsätzen
2655 1580 2716 1621 ihre
2738 1581 2841 1622 Tarife

1977 1628 2011 1659 zu
2036 1621 2198 1662 gestalten?
2244 1621 2329 1660 Nein,
2365 1623 2419 1656 mit
2442 1624 2612 1665 Ausnahme
2643 1625 2689 1658 der
2713 1626 2840 1659 Staats¬

1976 1664 2098 1707 bahnen,
2122 1665 2194 1699 über
2216 1667 2314 1707 welche
2338 1667 2381 1700 die
2397 1668 2562 1711 Regierung
2584 1670 2654 1710 freie
2663 1671 2841 1713 Verfügung

1976 1710 2037 1752 hat,
2062 1711 2095 1753 ist
2118 1711 2202 1745 Alles
2227 1712 2379 1753 geblieben,
2403 1714 2456 1747 wie
2479 1718 2507 1747 es
2532 1722 2604 1754 war,
2631 1716 2688 1748 und
2713 1716 2786 1749 wird
2811 1718 2838 1758 so

1976 1755 2096 1795 bleiben,
2133 1757 2207 1790 denn
2241 1757 2326 1799 dieser
2348 1759 2480 1799 Zustand
2501 1759 2551 1793 der
2569 1761 2667 1803 Dinge
2698 1763 2736 1803 ist
2757 1771 2840 1804 zuge-

1978 1802 2097 1843 gclaffen
2133 1802 2217 1843 durch
2252 1803 2305 1837 das
2330 1803 2415 1846 Gesetz
2451 1805 2508 1838 und
2539 1806 2591 1838 das
2625 1805 2760 1849 „Cahier
2783 1808 2836 1841 des

1977 1846 2141 1890 charges“.
2187 1847 2265 1889 Nach
2299 1849 2353 1882 wie
2386 1855 2440 1883 vor
2473 1850 2581 1884 können
2614 1852 2648 1885 in
2670 1853 2839 1894 Frankreich

1978 1891 2062 1933 durch
2078 1893 2437 1936 Tarifvergünstigungen,
2462 1896 2559 1937 welche
2581 1896 2625 1930 die
2637 1898 2840 1940 Kompagnien

1977 1936 2029 1970 den
2053 1938 2134 1971 einen
2158 1939 2314 1982 gewähren,
2341 1940 2394 1973 den
2408 1941 2516 1975 andern
2539 1944 2681 1984 versagen,
2710 1944 2840 1982 „Städte

1976 1981 2161 2025 buchstäblich
2185 1985 2313 2019 ruinirt"
2342 1986 2461 2024 werden,
2486 1988 2546 2020 und
2569 1993 2624 2021 vor
2655 1989 2757 2030 solcher
2780 1989 2838 2023 Ge¬

1977 2029 2131 2070 fährdung,
2168 2030 2265 2070 welche
2299 2030 2343 2064 die
2377 2032 2554 2074 französische
2579 2034 2746 2076 Regierung
2780 2041 2839 2068 von

1977 2073 2029 2106 den
2052 2074 2183 2108 Städten
2204 2076 2281 2117 ihres
2306 2076 2418 2118 eigenen
2435 2077 2544 2111 Landes
2568 2079 2644 2120 nicht
2667 2079 2840 2121 abzuhalten

1977 2124 2102 2162 vermag,
2140 2121 2228 2160 sollen
2250 2121 2305 2154 wir
2329 2121 2563 2163 Schweizer
2586 2124 2630 2158 die
2657 2126 2838 2167 franzö¬

1977 2165 2096 2205 sische
2119 2166 2216 2199 Stadt
2239 2166 2391 2207 Marseille
2411 2167 2588 2210 bewahren?

2044 2211 2121 2250 Zum
2147 2210 2247 2245 Glücke
2268 2212 2303 2253 ist
2327 2212 2370 2245 die
2385 2214 2532 2254 „France"
2560 2214 2636 2256 nicht
2659 2216 2836 2258 Frankreich.

1978 2255 2034 2289 Die
2068 2257 2245 2299 französische
2266 2258 2431 2301 Regierung
2466 2259 2538 2293 wird
2561 2260 2637 2301 nicht
2670 2262 2696 2302 so
2727 2261 2838 2304 kopflos

1976 2301 2042 2340 sein,
2078 2302 2120 2334 ein
2145 2302 2292 2344 Begehren
2327 2313 2362 2344 zu
2386 2304 2489 2345 stellen,
2526 2306 2579 2339 das
2614 2306 2662 2348 ihr
2694 2317 2755 2340 nur
2778 2308 2838 2340 eine

1977 2345 2186 2388 diplomatische
2209 2348 2378 2390 Niederlage
2401 2350 2548 2391 eintragen
2571 2351 2671 2385 könnte
2693 2352 2755 2385 und
2784 2353 2838 2386 den

1977 2391 2027 2431 für
2051 2392 2202 2432 Marseille
2224 2392 2412 2435 befürchteten
2424 2395 2556 2435 Schaden
2578 2397 2654 2438 nicht
2672 2397 2835 2437 abwcnden,

1977 2437 2096 2476 sondern
2117 2447 2172 2477 zur
2195 2438 2372 2473 vollendeten
2395 2440 2547 2482 Thatsache
2570 2442 2684 2483 machen
2706 2444 2815 2476 würde.

2247 2564 2567 2625 Kantone.

2333 2645 2487 2690 Zürich.

2044 2690 2253 2732 (Eingesandt.)
2300 2692 2357 2726 Die
2397 2693 2549 2727 Gemeinde
2586 2695 2748 2737 Ottenbach
2784 2697 2839 2739 hat

1974 2734 2066 2776 ihrem
2088 2736 2213 2778 Pfarrer
2237 2737 2322 2777 Kunz
2357 2738 2415 2771 eine
2440 2739 2665 2782 Gehaltszulage
2688 2748 2747 2774 von
2773 2745 2836 2775 700

1974 2780 2027 2820 Fr.
2053 2780 2192 2823 bewilligt
2223 2782 2280 2815 und
2305 2782 2399 2816 damit
2432 2785 2489 2825 sein
2510 2785 2637 2819 Bleiben
2671 2787 2701 2820 in
2736 2787 2838 2828 seinem

1973 2824 2133 2867 bisherigen
2157 2826 2390 2868 Wirkungskreis
2413 2829 2550 2871 gesichert.

2347 2882 2453 2928 Äug.

2040 2926 2109 2960 Wir
2145 2928 2255 2962 werden
2288 2929 2320 2962 in
2356 2930 2431 2962 einer
2456 2931 2598 2973 Zuschrift
2631 2934 2836 2976 aufgefordert,

1973 2970 2016 3003 die
2052 2972 2274 3015 Beschimpfung
2312 2984 2349 3014 zu
2386 2974 2614 3017 brandmarken,
2655 2980 2755 3020 welche
2791 2982 2838 3014 alt

1973 3016 2159 3059 Ständerath
2191 3019 2365 3061 Doffenbach
2400 3021 2432 3054 in
2465 3021 2552 3055 Baar
2586 3033 2626 3056 an
2650 3024 2837 3067 öffentlichem

1970 3061 2048 3093 Orte
2085 3072 2172 3103 gegen
2205 3064 2260 3097 das
2293 3065 2445 3099 Andenken
2478 3067 2536 3101 Dr.
2573 3069 2677 3109 Alfred
2710 3070 2836 3112 Eschcr's

1970 3104 2143 3145 schleuderte.
2191 3108 2261 3141 Wir
2294 3109 2388 3150 haben
2419 3110 2473 3144 das
2496 3111 2664 3154 betreffende
2686 3116 2835 3157 Schimpf¬

1969 3153 2047 3184 wort
2080 3152 2120 3184 im
2161 3154 2277 3195 „Zuger
2300 3154 2456 3189 Volksbl."
2493 3158 2511 3197 s.
2537 3159 2575 3198 Z.
2612 3160 2682 3201 auch
2715 3161 2831 3202 gelesen,

1972 3195 2039 3229 aber
2062 3197 2138 3237 nicht
2172 3199 2221 3238 für
2245 3200 2345 3241 nöthig
2380 3201 2527 3242 gefunden,
2566 3204 2663 3237 davon
2686 3206 2773 3247 Notiz
2797 3216 2833 3246 zu

1970 3242 2099 3283 nehmen,
2124 3243 2163 3275 da
2186 3244 2242 3277 Dr.
2258 3245 2361 3284 Alfred
2385 3246 2480 3287 Escher
2503 3253 2561 3280 von
2585 3250 2631 3283 alt
2646 3250 2832 3294 Ständerath

1972 3286 2146 3329 Doffenbach
2170 3289 2244 3330 nicht
2265 3289 2426 3333 beschimpft
2449 3293 2559 3326 werden
2582 3294 2665 3328 kann.

2321 3343 2483 3381 Wallis.

2036 3387 2098 3421 Der
2121 3397 2172 3421 am
2194 3389 2286 3431 letzten
2311 3390 2453 3434 Sonntag
2487 3393 2517 3427 in
2541 3395 2633 3436 Nizza
2656 3397 2832 3439 verstorbene

1968 3431 2052 3475 Josef
2083 3434 2233 3473 Fama,
2269 3437 2439 3478 ehemaliges
2473 3439 2613 3482 Mitglied
2639 3442 2686 3476 des
2709 3443 2832 3484 Großen

1968 3477 2079 3518 Rathes
2095 3479 2156 3511 und
2173 3480 2470 3523 Gemeindepräsident
2493 3490 2550 3518 von
2561 3486 2677 3526 Saxon,
2700 3490 2833 3530 stamnite

1968 3523 2168 3565 ursprünglich
2198 3531 2256 3559 von
2278 3527 2410 3566 Spalato
2446 3529 2477 3562 in
2510 3531 2692 3566 Dalmatien.
2742 3534 2833 3568 Seine

1967 3568 2093 3608 Familie
2114 3570 2215 3612 gehört
2237 3580 2272 3612 zu
2293 3572 2348 3606 den
2363 3575 2571 3617 angesehensten
2582 3577 2750 3619 Patriziern
2774 3587 2832 3613 von

1968 3613 2095 3656 Venedig
2130 3616 2190 3649 und
2224 3617 2349 3658 mehrere
2381 3618 2497 3652 Glieder
2530 3622 2672 3663 derselben
2705 3625 2827 3666 nehmen

1966 3659 2074 3700 sowohl
2095 3660 2127 3692 in
2151 3661 2320 3703 Oesterreich
2352 3664 2400 3696 als
2436 3665 2504 3707 auch
2540 3667 2572 3699 in
2604 3669 2726 3707 Italien
2760 3670 2831 3713 hohe

1967 3704 2162 3739 Stellen-ein.
2208 3708 2265 3746 Im
2288 3709 2385 3751 Jahre
2411 3711 2495 3743 1848
2530 3712 2679 3755 befehligte
2712 3725 2743 3748 er
2778 3717 2823 3750 ein

1965 3749 2122 3784 Bataillon
2146 3751 2331 3795 italienischer
2353 3755 2561 3797 Insurgenten,
2598 3760 2643 3792 die
2664 3760 2715 3802 sich
2740 3771 2825 3804 gegen

1966 3794 2008 3827 die
2030 3796 2241 3838 österreichische
2274 3799 2439 3842 Regierung
2475 3803 2603 3844 erhoben.
2654 3805 2694 3839 Er
2729 3807 2826 3840 wurde

1965 3840 2110 3883 deßwcgcn
2133 3842 2277 3877 verbannt
2299 3845 2360 3877 und
2383 3844 2472 3887 begab
2495 3848 2546 3889 sich
2569 3849 2639 3890 nach
2655 3850 2756 3892 Paris,
2782 3859 2827 3885 wo

1965 3896 1994 3918 er
2016 3886 2067 3927 sich
2080 3887 2281 3930 verheiratete;
2305 3890 2423 3931 nachher
2436 3892 2492 3931 ließ
2505 3904 2534 3926 er
2547 3894 2597 3935 sich
2609 3895 2642 3927 in
2655 3896 2826 3938 Atartinach

1963 3931 2058 3963 nieder
2091 3933 2152 3964 und
2176 3934 2268 3975 kaufte
2301 3934 2353 3976 sich
2388 3936 2441 3970 das
2463 3937 2600 3978 Walliser
2622 3940 2824 3983 Bürgerrecht.

1963 3975 2041 4009 Vom
2066 3976 2318 4013 Kommandanten
2344 3981 2477 4022 Gaspard
2501 3984 2530 4016 de
2555 3985 2691 4024 Sepibus
2713 3988 2826 4021 erwarb

1964 4031 1994 4054 er
2015 4021 2067 4063 sich
2090 4023 2170 4056 dann
2202 4024 2247 4057 die
2275 4025 2376 4059 Bäder
2409 4028 2469 4060 und
2502 4029 2545 4062 die
2568 4030 2732 4073 Spielhölle
2768 4038 2825 4066 von

2885 1355 3001 1396 Saxon.
3049 1357 3148 1398 Dieses
3169 1359 3383 1402 Unternehmen
3411 1361 3523 1404 brachte
3544 1364 3605 1406 ihm
3628 1366 3672 1399 ein
3696 1376 3755 1400 un¬

2885 1401 3021 1442 geheures
3042 1403 3210 1445 Vermögen
3231 1405 3287 1437 ein.
3333 1407 3430 1446 Fama
3441 1409 3548 1449 machte
3570 1410 3674 1450 davon,
3698 1412 3754 1446 wie

2885 1446 2934 1479 der
2961 1448 3164 1489 „Confedere"
3192 1450 3263 1491 sagt,
3296 1450 3348 1484 den
3379 1453 3553 1495 nützlichsten
3587 1454 3747 1499 Gebrauch,

2885 1502 2916 1524 er
2938 1493 3004 1534 that
3038 1494 3088 1534 für
3112 1493 3156 1527 die
3177 1494 3288 1528 Armen
3310 1497 3371 1529 und
3395 1498 3528 1533 Kranken
3563 1507 3621 1534 von
3642 1502 3751 1543 Saxon

2885 1538 3035 1578 unendlich
3059 1539 3115 1572 viel
3139 1539 3199 1572 und
3222 1541 3280 1581 ließ
3316 1544 3369 1584 auf
3392 1544 3462 1584 seine
3498 1546 3611 1587 eigenen
3645 1547 3751 1589 Kosten

2884 1583 2967 1616 einen
2989 1584 3090 1617 Kanal
3113 1584 3218 1625 bauen,
3254 1586 3340 1628 durch
3364 1589 3482 1630 welchen
3515 1591 3564 1625 der
3599 1591 3755 1627 Gemeinde

2885 1628 2945 1661 eine
2979 1629 3067 1671 große
3089 1630 3201 1664 Strecke
3235 1631 3418 1673 fruchtbaren
3452 1634 3563 1670 Landes
3597 1644 3756 1679 gewonnen

2884 1674 2992 1707 wurde.
3040 1676 3137 1715 Fama
3159 1676 3273 1717 gehörte
3307 1679 3356 1711 der
3389 1679 3530 1714 liberalen
3563 1683 3667 1724 Partei
3700 1694 3752 1724 an,

2883 1719 2916 1751 in
2940 1719 3054 1760 welcher
3079 1730 3108 1753 er
3134 1722 3214 1755 einen
3236 1722 3425 1758 bedeutenden
3449 1726 3571 1769 Einfluß
3594 1728 3686 1770 besaß.

3258 1767 3379 1809 Genf.

2954 1809 2993 1850 (Z
3004 1810 3138 1852 Korresp.
3179 1817 3246 1845 vom
3267 1816 3320 1847 26.
3346 1815 3463 1856 Dezbr.)
3510 1818 3577 1852 Das
3600 1818 3753 1862 wichtigste

2883 1856 3111 1897 Tagesgespräch
3149 1858 3183 1890 in
3214 1857 3293 1898 Genf
3328 1858 3419 1894 bildet
3448 1861 3491 1896 die
3513 1864 3606 1906 sogen.
3634 1866 3756 1906 „Heils¬

2885 1904 3011 1934 armee".
3036 1902 3136 1943 Schon
3159 1903 3203 1936 die
3218 1904 3339 1945 Plakate
3363 1905 3502 1948 derselben
3524 1910 3585 1950 sind
3610 1911 3753 1951 frappant

2885 1955 2988 1988 genug,
3026 1946 3063 1979 da
3096 1949 3133 1989 sie
3156 1949 3299 1991 ungefähr
3330 1952 3357 1991 so
3381 1951 3502 1986 lauten:
3554 1956 3629 1994 „Die
3651 1957 3754 1997 Heils¬

2884 2000 2979 2024 armee
3003 1992 3097 2035 liefert
3120 1993 3182 2035 ihre
3206 1996 3293 2035 ersten
3305 1996 3484 2038 Schlachten,
3502 1999 3544 2032 die
3555 2000 3753 2043 Marschallin

2883 2036 2958 2069 wird
2981 2038 3024 2070 die
3053 2039 3154 2072 Attake
3178 2040 3312 2082 führen."
3362 2042 3419 2076 Die
3446 2044 3579 2078 Männer
3607 2064 3642 2069 —
3669 2049 3754 2091 Offi¬

2883 2082 2954 2122 ziere
2981 2102 3018 2106 —
3045 2083 3092 2116 der
3115 2084 3297 2125 Heilsarmee
3319 2089 3421 2129 tragen
3450 2089 3509 2123 eine
3532 2091 3590 2125 Art
3613 2093 3756 2134 Uniform

2883 2128 2940 2160 mit
2961 2128 3139 2170 bestimmten
3162 2130 3322 2172 Abzeichen,
3347 2132 3431 2174 indeß
3454 2134 3576 2177 dagegen
3600 2137 3643 2171 die
3658 2139 3754 2173 Mar¬

2883 2172 3001 2213 schallin
3035 2175 3067 2207 in
3102 2175 3306 2217 gewöhnlicher
3334 2179 3584 2224 Frauenkleidung
3618 2184 3753 2224 auftritt.

2882 2218 2980 2252 Wenn
3005 2225 3062 2253 von
3086 2221 3163 2253 einer
3178 2222 3280 2255 Armee
3305 2228 3362 2256 von
3374 2224 3543 2267 Schlachten
3559 2228 3618 2260 und
3628 2229 3753 2264 Attaken

2883 2263 2927 2296 die
2949 2265 3026 2299 Rede
3048 2266 3091 2306 ist,
3116 2267 3145 2307 so
3170 2266 3233 2301 will
3256 2267 3311 2302 das
3333 2270 3426 2311 sagen,
3451 2270 3508 2311 daß
3540 2277 3570 2306 es
3592 2275 3751 2316 verlorene,

2882 2309 2931 2342 der
2954 2310 3060 2343 Sünde
3082 2312 3238 2350 verfallene
3260 2313 3368 2347 Seelen
3390 2325 3425 2356 zu
3448 2319 3549 2356 retten,
3574 2318 3626 2351 den
3643 2321 3749 2355 Satan

2880 2365 2917 2397 zu
2940 2355 3103 2396 bekämpfen
3127 2357 3186 2389 und
3217 2368 3252 2398 zu
3273 2358 3398 2401 besiegen
3420 2361 3486 2402 gilt.
3532 2363 3589 2397 Die
3611 2364 3751 2405 Häupter

2881 2402 2930 2434 der
2953 2402 3133 2442 Heilsarmee
3144 2402 3206 2444 sind
3220 2404 3397 2445 Engländer.
3421 2407 3486 2446 Für
3509 2408 3552 2441 die
3567 2416 3747 2453 neuerungs¬

2881 2446 3024 2489 süchtigen
3045 2447 3105 2479 und
3129 2449 3310 2490 neugierigen
3328 2449 3436 2491 Genfer
3458 2458 3522 2486 war
3544 2455 3689 2497 natürlich
3705 2457 3752 2491 die

2882 2492 3063 2533 Heilsarmee
3086 2493 3140 2526 wie
3164 2495 3297 2535 gemacht.
3322 2495 3407 2537 Nicht
3428 2495 3498 2539 bloß
3510 2499 3666 2541 Hunderte,
3684 2503 3752 2543 son¬

2882 2538 2953 2570 dern
2975 2538 3023 2570 ein
3045 2545 3120 2578 paar
3137 2540 3285 2580 Tausende
3308 2546 3368 2573 von
3382 2543 3527 2584 Personen
3550 2544 3676 2580 drückten
3687 2549 3752 2582 uni»

2883 2583 3026 2624 drängten
3049 2583 3099 2625 sich
3123 2584 3235 2626 letzthin
3269 2586 3318 2620 der
3341 2587 3567 2632 Versammlung
3589 2601 3634 2632 zu.
3682 2593 3751 2627 Den

2882 2629 3127 2669 protestantischen
3150 2630 3419 2674 Staatsgeistlichen
3450 2634 3487 2676 ist
3520 2635 3564 2669 die
3592 2638 3752 2680 Missions-

2883 2674 3031 2715 thätigkeit
3055 2674 3102 2707 der
3125 2675 3306 2715 Heilsarmee
3341 2678 3386 2711 ein
3410 2679 3495 2713 Dorn
3518 2681 3560 2715 im
3582 2683 3664 2725 Auge
3686 2685 3749 2718 und

2883 2724 2913 2752 cs
2936 2720 3010 2761 fehlt
3047 2720 3123 2761 nicht
3157 2731 3197 2753 an
3234 2722 3317 2763 ihren
3342 2724 3519 2765 öffentlichen
3541 2726 3749 2771 Warnungen.

2882 2764 2986 2805 Liefert
3010 2765 3052 2798 die
3074 2766 3254 2806 Heilsarmee
3277 2768 3346 2809 auch
3359 2769 3431 2803 keine
3444 2771 3601 2813 wirklichen
3613 2774 3752 2817 Schlach¬

2881 2812 2939 2848 ten,
2964 2812 2993 2851 so
3016 2810 3079 2852 gibt
3099 2812 3137 2854 sie
3160 2811 3226 2854 doch
3248 2815 3418 2856 wenigstens
3450 2815 3503 2849 den
3531 2818 3650 2860 Anstoß,
3690 2820 3750 2861 daß

2881 2865 2952 2889 man
2986 2855 3038 2898 sich
3062 2856 3129 2898 noch
3154 2857 3279 2900 schlagen
3303 2859 3386 2893 wird.
3426 2860 3525 2903 Schon
3547 2863 3621 2906 letzte
3643 2865 3749 2907 Woche

2883 2901 2978 2944 haben
3001 2902 3060 2935 eine
3081 2902 3198 2945 Anzahl
3221 2904 3436 2948 Gaffenjungen
3458 2906 3501 2940 die
3516 2908 3746 2949 Versammelten

2883 2948 3072 2989 ausgepfiffen
3094 2949 3155 2982 und
3180 2949 3264 2991 durch
3288 2952 3400 2985 allerlei
3422 2953 3525 2995 Posten
3549 2956 3660 2997 gestört.
3679 2957 3749 2991 Das

2880 2992 3084 3034 Bedeutendste
3106 2994 3139 3027 in
3162 2995 3246 3037 dieser
3268 2996 3399 3039 Hinsicht
3412 2997 3487 3032 blieb
3510 2998 3578 3033 aber
3593 3001 3654 3035 dem
3677 3003 3749 3045 gest¬

2883 3038 2965 3079 rigen
2987 3039 3226 3083 Weihnachtstag
3261 3042 3457 3084 Vorbehalten.
3506 3045 3563 3078 Ein
3585 3047 3644 3088 sehr
3666 3048 3751 3090 zahl¬

2879 3083 2981 3125 reiches
2992 3085 3151 3126 Publikum
3175 3087 3246 3127 fand
3268 3087 3320 3129 sich
3343 3088 3384 3122 im
3397 3088 3503 3130 großen
3511 3091 3749 3132 Reformations¬

2879 3129 2955 3169 saale
2978 3129 3034 3168 ein,
3059 3140 3109 3163 um
3149 3131 3186 3163 da
3224 3133 3255 3164 in
3290 3133 3364 3166 aller
3387 3134 3480 3168 Stille
3502 3137 3662 3179 zuzuhören
3685 3139 3747 3173 und

2877 3175 3036 3216 zuzusehen.
3057 3176 3115 3209 Als
3139 3186 3201 3209 nun
3226 3178 3268 3210 die
3290 3179 3466 3221 Missionäre
3490 3181 3538 3215 der
3553 3183 3744 3226 Heilsarmee,

2878 3219 2961 3259 sowie
2985 3220 3057 3254 viele
3080 3224 3241 3263 anwesende
3264 3224 3418 3267 orthodoxe
3441 3225 3549 3271 Genfer
3572 3230 3618 3264 ein
3632 3230 3697 3265 Lied
3708 3242 3747 3274 zu

2884 3265 2981 3307 singen
3004 3265 3161 3308 begannen,
3188 3269 3236 3303 als
3259 3271 3415 3311 Trompete
3438 3275 3496 3306 und
3521 3275 3662 3317 Cymbeln
3696 3278 3744 3312 be¬

2876 3309 3001 3351 gleitend
3032 3313 3064 3345 in
3099 3312 3153 3346 den
3177 3314 3359 3359 Chorgesang
3382 3318 3521 3359 einfielen,
3561 3322 3598 3354 da
3622 3323 3744 3365 erhoben

2876 3359 2931 3397 gut
2953 3357 3013 3390 und
3037 3358 3147 3400 schlecht
3170 3361 3314 3401 gekleidete
3336 3363 3424 3405 junge
3446 3363 3529 3398 Leute
3552 3367 3598 3400 ein
3635 3369 3743 3411 furcht¬

2875 3401 2962 3436 bares
2983 3404 3107 3444 Heulen,
3131 3405 3278 3446 Schreien,
3301 3409 3401 3448 Rusen
3430 3410 3490 3443 und
3512 3411 3635 3454 Pfeifen.
3683 3415 3744 3448 Ein

2875 3447 3006 3489 heilloser
3029 3449 3180 3483 Wirrwar
3203 3452 3302 3494 folgte.
3342 3454 3400 3488 Als
3422 3454 3464 3488 die
3488 3455 3653 3499 Gläubigen
3676 3470 3744 3500 zum

2877 3492 2969 3526 Gebet
2991 3497 3046 3537 auf
3068 3495 3110 3528 die
3126 3497 3217 3530 Kniee
3228 3498 3416 3540 nicderfielen,
3441 3502 3490 3534 als
3512 3503 3606 3542 später
3617 3505 3744 3546 mehrere

2877 3538 3054 3581 Missionäre
3077 3542 3136 3574 und
3161 3542 3204 3576 die
3217 3544 3411 3585 Marschallin
3434 3547 3539 3587 endlich
3562 3549 3644 3583 reden
3657 3551 3741 3585 woll¬

2876 3585 2932 3622 ten,
2958 3585 2995 3617 da
3019 3586 3199 3629 wiederholte
3221 3588 3271 3630 sich
3295 3590 3344 3622 der
3366 3591 3504 3632 nämliche
3518 3593 3667 3633 Spektakel
3679 3597 3741 3630 und

2876 3628 2924 3661 der
2945 3630 3126 3673 Chorgcsang
3162 3634 3259 3667 wurde
3297 3640 3355 3667 von
3379 3636 3431 3669 den
3454 3636 3602 3680 banalsten
3625 3640 3742 3675 Liedern

2875 3674 2952 3707 einer
2982 3677 3196 3719 ausgelassenen
3230 3680 3352 3722 Jugend
3389 3680 3535 3716 übertönt.
3582 3685 3648 3719 Alle
3679 3687 3740 3721 Be¬

2874 3719 3042 3762 mühungen
3081 3723 3262 3766 anständiger
3299 3725 3416 3768 Genfer,
3456 3727 3507 3761 den
3545 3729 3741 3772 Ruhestörern

2873 3767 2961 3798 unter
2981 3766 3116 3806 Hinweis
3150 3769 3203 3809 auf
3226 3770 3353 3804 Kultus-
3388 3772 3448 3804 und
3483 3773 3740 3819 Versammlungs¬

2873 3809 2985 3852 freiheit
3020 3812 3130 3852 Raison
3164 3824 3199 3854 zu
3234 3817 3377 3858 predigen,
3409 3819 3526 3851 wurden
3549 3821 3604 3853 mit
3628 3820 3739 3863 Gegen¬

2872 3855 2956 3888 reden
2979 3857 3042 3890 voll
3064 3857 3187 3893 bitteren
3210 3861 3337 3900 Spottes
3358 3863 3593 3905 zurückgewicscn.
3618 3866 3664 3900 So
3688 3868 3740 3910 sah

2872 3899 2923 3941 sich
2959 3901 3032 3935 denn
3057 3903 3099 3935 die
3121 3905 3302 3945 Heilsarniee
3332 3908 3402 3949 nach
3426 3909 3638 3952 cinstündigem,
3662 3914 3738 3956 nutz¬

2871 3945 2957 3985 losem
2980 3947 3097 3989 Mühen
3122 3951 3278 3992 genöthigt,
3305 3952 3356 3993 sich
3381 3954 3412 3986 in
3435 3953 3514 3987 einen
3538 3955 3644 3990 kleinen
3654 3958 3741 3992 Saal

2873 3989 3014 4031 desselben
3031 3993 3183 4028 Gebäudes
3206 3997 3433 4040 zurückzuzichcn
3466 4000 3525 4032 und
3560 4002 3596 4033 da
3621 4001 3662 4035 die
3685 4004 3739 4044 für

2871 4035 2979 4069 einmal
2991 4039 3138 4073 verlorene
3150 4040 3285 4082 Schlacht
3297 4043 3399 4076 wieder
3422 4046 3638 4088 aufzunehmen.
3662 4049 3737 4088 Hier

406 4170 579 4221 Iftiillfhitt
612 4172 715 4218 1882
718 4206 728 4217 .

398 4282 537 4320 Pariser
555 4285 732 4319 Konzerte.

565 4332 591 4364 I.

185 4375 228 4405 Es
255 4376 287 4411 ist
314 4378 474 4415 unläugbar,
505 4378 555 4413 daß
584 4378 613 4408 in
632 4379 689 4409 dem
707 4380 791 4416 letzten
808 4383 952 4420 Jahrzehnt
971 4387 1000 4415 in

126 4414 215 4450 Paris
235 4416 303 4450 oder,
326 4433 355 4438 —
378 4422 436 4448 was
455 4419 483 4448 in
501 4418 600 4454 diesem,
628 4419 675 4449 wie
700 4420 728 4450 in
750 4422 881 4456 manchem
900 4425 1000 4455 andern

128 4454 213 4491 Falle,
242 4457 455 4492 gleichbedeutend
481 4458 512 4494 ist
533 4474 563 4478 —
583 4459 612 4489 in
640 4459 791 4495 Frankreich
817 4461 867 4492 das
894 4463 999 4498 Opcrn-

127 4495 210 4530 wescn
240 4496 426 4531 abgcnommcn
455 4498 509 4528 und
537 4498 585 4527 das
603 4498 795 4535 Konzcrtwcscn
813 4509 998 4537 zngenonimen

127 4535 179 4570 hat.
199 4536 242 4566 Es
260 4537 293 4572 ist
309 4537 358 4567 das
376 4546 446 4574 zwar
463 4539 505 4569 ein
513 4539 621 4575 Verlust
638 4540 684 4575 für
700 4540 740 4570 die
757 4542 890 4572 nationale
900 4543 996 4579 Eigen-

126 4575 305 4613 thümlichkcit,
332 4579 391 4608 weil
420 4580 460 4609 die
478 4579 626 4616 Franzosen
644 4589 697 4611 nur
714 4582 742 4611 in
761 4582 806 4612 der
824 4582 997 4617 Opcrninusik

125 4617 258 4653 wahrhaft
284 4618 418 4655 originelle
444 4620 596 4655 Leistungen
622 4620 791 4657 aufzuweisen
818 4622 907 4658 haben,
934 4624 997 4654 aber

125 4656 206 4692 dafür
233 4659 275 4688 ein
295 4659 409 4690 Gewinn
434 4669 471 4690 an
489 4660 649 4697 gründlicher
667 4662 847 4698 musikalischer
865 4664 995 4701 Bildung.

125 4697 185 4728 Vor
202 4697 262 4729 dem
271 4698 350 4735 Krieg
368 4700 473 4736 bestand
490 4702 570 4737 außer
590 4701 648 4731 dem
664 4710 720 4732 nur
737 4702 864 4740 Wenigen
881 4705 995 4742 zugäng¬

123 4737 203 4774 lichen
231 4739 500 4777 hocharistokratischen
521 4742 638 4777 Institut
665 4741 710 4773 der
733 4742 995 4779 Konservatoriunis-

123 4777 238 4815 konzerte
264 4788 318 4810 nur
343 4782 424 4812 eine
443 4782 649 4819 Veranstaltung
672 4784 717 4818 für
741 4784 994 4824 Orchcstcrkonzcrte,

123 4819 212 4854 welche
241 4821 286 4855 für
312 4821 361 4852 das
380 4823 458 4858 große
476 4823 620 4859 Publikuin
639 4824 763 4860 berechnet
782 4835 846 4864 war,
875 4828 913 4857 die
940 4837 994 4859 von

122 4859 281 4898 Pasdcloup
300 4862 336 4891 im
352 4863 438 4899 Jahre
459 4864 526 4893 1861
544 4865 718 4901 gegründeten
738 4870 884 4897 »eoueerto
902 4878 994 4906 popu-

122 4899 227 4929 laircs*
237 4903 276 4932 im
286 4902 391 4939 Cirque
401 4904 522 4935 d’hiver.
541 4905 614 4936 Bald
631 4906 693 4941 nach
709 4908 765 4938 dein
777 4908 855 4946 Krieg
872 4910 994 4947 erösfncte

122 4940 246 4973 Eolonne
262 4944 301 4973 im
311 4942 455 4980 LbLtelet,
481 4944 640 4982 demjenigen
667 4947 775 4982 Pariser
801 4949 917 4986 Theater,
942 4952 993 4981 das

121 4980 170 5011 den
190 4983 310 5019 größten,
328 4985 367 5014 die
384 4985 462 5020 große
480 4985 555 5021 Oper
577 4994 626 5016 um
652 4988 695 5018 ein
713 4989 891 5022 Bedeutendes
920 4992 994 5023 übcr-

119 5022 264 5057 treffendcn
290 5024 512 5060 Zuschanerraum
542 5025 637 5063 besitzt,
673 5029 715 5058 ein
741 5029 994 5068 Konkurrenzunter¬

118 5062 240 5097 nehmen.
276 5065 328 5101 Im
346 5067 429 5101 letzten
448 5065 520 5101 Jahr
537 5066 633 5102 endlich
650 5067 749 5105 (1881)
776 5072 925 5106 entstanden
942 5083 992 5110 gar

118 5103 179 5135 zwei
208 5112 272 5135 neue
295 5105 647 5143 Konzertuntcniehmungen
684 5117 736 5139 von
766 5111 927 5149 Lamoureux
952 5115 992 5144 im

120 5140 253 5172 Chiteau
262 5146 468 5182 ä'oau-Theater
484 5147 541 5176 und
549 5155 603 5177 von
612 5147 735 5183 Broussct
743 5149 782 5180 im
796 5151 903 5189 Oirquo
914 5154 991 5184 d’dtd

119 5180 164 5216 (in
181 5182 232 5213 den
252 5185 378 5223 Champ*
397 5187 536 5223 Elytdc*).
553 5186 616 5217 Von
635 5187 716 5223 diesen
735 5189 823 5221 beiden
841 5193 933 5225 konnte
944 5195 992 5231 sich

117 5229 174 5252 nur
191 5223 243 5254 das
260 5227 351 5262 erstcre
368 5227 556 5263 (Lamoureux)
573 5227 661 5264 halten
678 5229 734 5258 mid
750 5232 814 5265 auch
832 5232 911 5267 dieses
928 5236 990 5265 viel¬

115 5263 187 5298 leicht
205 5272 260 5295 nur
278 5267 353 5302 durch
371 5268 410 5298 die
428 5268 576 5304 persönliche
595 5268 813 5307 Opferwilligkcit
830 5272 876 5303 des
895 5274 990 5305 Leiters

114 5301 254 5338 derselben.
289 5307 334 5343 In
350 5308 443 5343 diesem
460 5308 534 5344 Jahr
549 5308 582 5344 ist
599 5317 658 5338 nun
669 5310 732 5345 auch
742 5310 802 5341 dem
810 5312 991 5352 Lamoureux'-

115 5343 183 5379 schen
211 5345 329 5382 Institut
355 5349 400 5378 der
429 5349 604 5377 »Nouveau*
633 5347 796 5388 Conccrt««,
833 5355 882 5384 wie
908 5355 990 5386 denen

109 5383 287 5422 Pasdeloups
313 5388 369 5419 und
394 5389 532 5420 Colonnes
566 5390 625 5420 eine
651 5389 905 5427 EtaatSsubvention
934 5405 989 5428 von

1051 4107 1151 4141 10,000
1168 4108 1215 4143 Fr.
1233 4109 1358 4146 bewilligt
1375 4111 1490 4142 worden.
1526 4113 1596 4148 Auch
1624 4114 1659 4149 ist
1676 4114 1718 4145 der
1736 4115 1832 4152 Besuch
1859 4117 1914 4147 des¬

1048 4146 1131 4181 selben
1149 4148 1179 4177 in
1197 4148 1241 4178 der
1259 4150 1338 4185 eisten
1356 4151 1443 4186 Hälfte
1467 4153 1543 4187 dieses
1563 4154 1683 4185 Winters
1709 4155 1735 4191 so
1754 4156 1859 4193 günstig
1877 4166 1915 4194 ge¬

1048 4187 1136 4223 wesen,
1154 4187 1207 4223 daß
1223 4197 1288 4220 man
1306 4191 1367 4226 auch
1385 4192 1465 4227 dieses
1483 4194 1673 4229 Unternehmen
1690 4197 1739 4227 mit
1756 4198 1843 4232 gutem
1862 4197 1914 4229 Ge¬

1049 4227 1135 4262 wissen
1154 4230 1231 4259 unter
1261 4229 1299 4260 die
1318 4231 1467 4264 definitiven
1487 4234 1732 4272 Ernmgcnschaftcn
1760 4237 1807 4273 auf
1833 4238 1914 4274 künst¬

1047 4267 1172 4304 lerischem
1184 4268 1291 4300 Gebiete
1307 4271 1396 4306 zählen
1414 4273 1482 4308 darf.

1101 4309 1164 4340 Das
1184 4309 1463 4349 Nebcinanderbestchn
1482 4314 1558 4349 dieser
1576 4315 1638 4353 drei,
1668 4317 1734 4353 oder,
1754 4326 1830 4349 wenn
1850 4328 1912 4351 man

1047 4349 1096 4378 das
1103 4348 1335 4383 Konservatorium
1352 4352 1533 4390 hinzurechnet,
1552 4357 1607 4386 vier
1622 4357 1865 4395 Orchesterkonzertc
1882 4360 1913 4396 ist

1045 4398 1092 4419 um
1111 4390 1137 4425 so
1150 4391 1341 4427 wunderbarer,
1360 4396 1405 4423 als
1422 4395 1473 4425 alle
1492 4396 1544 4426 vier
1556 4405 1586 4432 zu
1605 4398 1707 4433 gleicher
1716 4399 1783 4435 Zeit,
1803 4400 1912 4436 nämlich

1046 4429 1177 4467 Sonntag
1195 4431 1373 4468 Nachmittags
1392 4442 1438 4463 um
1456 4436 1515 4471 zwei
1527 4436 1584 4471 Uhr
1601 4438 1758 4472 stattfinden,
1778 4440 1833 4469 und
1852 4441 1911 4477 noch

1044 4470 1107 4505 dazu
1125 4480 1155 4507 zu
1174 4472 1243 4502 einer
1253 4472 1370 4510 Stunde,
1390 4483 1431 4504 wo
1450 4483 1512 4505 man
1530 4476 1576 4511 sich
1594 4486 1624 4512 zu
1643 4479 1733 4513 seinem
1753 4479 1910 4518 Vergnügen

1044 4511 1127 4546 gewiß
1145 4511 1212 4547 nicht
1237 4513 1267 4542 in
1286 4513 1333 4543 den
1351 4515 1528 4551 geschlossenen
1546 4518 1639 4548 Raum
1657 4519 1726 4550 eines
1745 4519 1821 4557 durch
1839 4521 1911 4552 Gas¬

1042 4550 1101 4584 licht
1116 4552 1237 4587 erhellten
1256 4554 1382 4589 Theaters
1401 4555 1461 4586 oder
1478 4556 1576 4593 Zirkus
1606 4558 1709 4594 begeben
1732 4561 1830 4592 würde.
1867 4562 1909 4598 In

1041 4590 1137 4626 Zürich
1164 4592 1221 4627 thut
1248 4602 1312 4624 man
1339 4598 1369 4626 cs
1395 4597 1460 4630 nicht
1482 4606 1528 4628 vor
1546 4599 1602 4629 vier
1620 4599 1684 4636 Uhr,
1710 4602 1766 4631 und
1783 4602 1844 4638 auch
1862 4603 1909 4633 das

1040 4637 1097 4659 nur
1122 4631 1162 4661 bei
1189 4635 1381 4669 exzeptionellen
1399 4636 1603 4675 Gelegenheiten,
1626 4648 1702 4670 wenn
1720 4642 1765 4672 der
1783 4643 1909 4678 gemischte

1041 4669 1114 4705 Chor
1131 4673 1197 4701 etwa
1216 4674 1257 4702 ein
1276 4674 1436 4707 Oratorium
1455 4679 1583 4715 aufführt.
1602 4680 1664 4710 Und
1682 4681 1752 4712 dann
1771 4683 1827 4719 geht
1845 4693 1908 4715 man

1040 4710 1070 4740 in
1087 4710 1183 4747 Zürich
1209 4713 1281 4748 schon
1307 4716 1439 4753 deswegen
1467 4720 1512 4749 ins
1528 4719 1648 4759 Konzert,
1676 4724 1734 4753 weil
1752 4723 1791 4753 die
1808 4725 1909 4760 Herren

1040 4751 1079 4780 die
1097 4751 1241 4787 gemischten
1260 4753 1433 4790 Jungfrauen
1452 4760 1507 4790 und
1524 4760 1564 4791 die
1582 4762 1688 4792 Damen
1706 4763 1746 4794 die
1764 4766 1908 4800 gemischten

1038 4791 1139 4826 Herren
1156 4800 1189 4828 zu
1207 4792 1345 4829 betrachten
1362 4797 1453 4829 lieben.
1490 4800 1561 4832 Aber
1585 4803 1616 4832 in
1638 4803 1723 4838 Paris
1749 4805 1811 4840 fehlt
1837 4806 1909 4842 selbst

1040 4832 1077 4861 bei
1090 4831 1358 4870 Chorausführungen
1378 4837 1439 4869 diese
1448 4838 1605 4871 Attraktion.
1643 4844 1696 4874 Die
1704 4845 1766 4880 stets
1779 4845 1907 4883 dürftigen

1039 4872 1125 4908 Chöre
1141 4874 1171 4903 in
1188 4873 1236 4903 den
1254 4878 1402 4910 genannten
1420 4878 1682 4918 Orchesterkonzetten
1704 4886 1845 4917 rckrufircn
1863 4888 1908 4924 sich

1039 4913 1104 4948 nicht
1121 4917 1173 4943 aus
1192 4914 1364 4953 Dilettanten,
1383 4917 1493 4952 sondern
1510 4924 1563 4950 aus
1581 4922 1803 4961 Bcrufssängcrn,
1831 4928 1907 4963 theils

1039 4954 1275 4991 Thraterchoristen,
1293 4956 1370 4992 theils
1382 4957 1751 4997 Konservatoriumsschülern.
1772 4966 1826 4998 Die
1836 4968 1907 5003 Cho¬

1039 4995 1165 5029 ristinnen
1183 4995 1239 5031 sind
1258 4996 1287 5026 in
1305 4997 1448 5033 einfachstes
1467 4999 1589 5036 Schwarz
1607 5003 1712 5039 gehüllt,
1730 5005 1770 5035 die
1780 5005 1906 5038 Soprane

1039 5035 1088 5064 mit
1106 5036 1173 5071 rosa,
1191 5036 1231 5066 die
1247 5036 1308 5067 Alte
1335 5038 1383 5068 mit
1403 5039 1492 5069 blauer
1508 5039 1690 5077 Busrnschleife
1716 5044 1773 5074 und
1799 5045 1848 5076 das
1875 5048 1906 5081 ist

1038 5075 1121 5105 Alles.
1158 5075 1232 5107 Man
1249 5076 1324 5107 denke
1341 5077 1386 5114 sich
1404 5079 1442 5109 die
1461 5079 1567 5111 Damen
1590 5090 1643 5112 von
1661 5083 1777 5118 unserem
1794 5084 1905 5121 Zürcher

1038 5115 1198 5152 Gemischten
1216 5117 1290 5153 Chor
1306 5127 1337 5154 zu
1355 5118 1433 5154 dieser
1451 5122 1586 5158 ttaurigcn
1603 5123 1726 5157 Uniform
1756 5127 1905 5162 vcrurthrilt

1037 5156 1093 5186 und
1109 5166 1174 5187 man
1187 5158 1255 5188 wird
1267 5158 1401 5196 bekennen,
1419 5161 1472 5197 daß
1479 5162 1595 5194 alsdann
1607 5164 1646 5195 die
1658 5165 1904 5203 Matthäuspassion

1037 5198 1093 5227 und
1110 5198 1150 5228 die
1171 5199 1256 5227 Mitsa
1276 5201 1410 5230 solemnia
1429 5211 1484 5233 nur
1493 5203 1551 5239 halb
1561 5205 1588 5239 so
1598 5205 1669 5242 schön
1679 5207 1780 5237 wären!
1799 5208 1904 5246 Wenig¬

1036 5238 1107 5272 stens
1124 5247 1184 5274 zum
1201 5240 1309 5276 ansehen
1319 5241 1328 5271 I
1362 5241 1414 5278 Ich
1430 5243 1522 5279 glaube
1538 5245 1601 5275 aber
1617 5247 1681 5282 auch
1701 5256 1760 5284 zum
1778 5249 1903 5287 anhören,

1036 5281 1104 5309 denn
1121 5280 1163 5309 rin
1174 5279 1396 5317 Dilcttantcnchor
1404 5284 1472 5321 singt
1482 5285 1574 5316 immer
1583 5286 1632 5318 mit
1642 5289 1713 5323 mehr
1722 5289 1905 5327 Begeisterung

1036 5318 1092 5348 und
1108 5319 1182 5350 Liebe
1198 5329 1244 5356 zur
1260 5320 1345 5358 Sache
1362 5324 1409 5353 als
1425 5324 1469 5354 ein
1486 5325 1653 5362 Brrufschor.
1689 5327 1739 5364 Ich
1764 5331 1830 5364 halte
1847 5331 1904 5367 dcß-

1036 5358 1097 5393 halb
1113 5361 1175 5395 auch
1203 5363 1251 5391 da«
1270 5361 1365 5398 Fehlen
1393 5365 1488 5400 großer
1512 5368 1655 5403 gemischter
1672 5369 1905 5407 Dilcttantenchöre

1034 5399 1081 5434 für
1096 5400 1173 5431 einen
1190 5401 1235 5431 der
1252 5401 1394 5438 schwersten
1411 5405 1525 5442 Mängel
1541 5409 1589 5438 des
1606 5408 1712 5445 Pariser
1719 5411 1903 5448 KunstlrdenS,

1962 4118 2027 4148 denn
2046 4118 2123 4155 daher
2142 4121 2238 4151 kommt
2255 4125 2290 4157 es,
2310 4122 2362 4159 daß
2378 4132 2398 4160 z.
2415 4125 2452 4155 B.
2470 4126 2506 4156 im
2525 4128 2608 4162 letzten
2626 4128 2698 4164 Jahr
2709 4129 2764 4160 kein
2776 4131 2828 4161 ein¬

1961 4159 2026 4196 ziges
2039 4159 2178 4196 Chorwerk
2190 4170 2241 4193 von
2254 4163 2330 4198 Bach,
2349 4164 2452 4200 Haydn,
2472 4166 2660 4203 Mendelssohn
2674 4170 2732 4200 oder
2742 4170 2827 4206 Schu¬

1961 4208 2051 4235 mann,
2071 4209 2122 4231 von
2139 4201 2244 4237 Händel
2261 4212 2313 4233 nur
2332 4204 2382 4234 das
2399 4205 2484 4240 kleine,
2502 4208 2648 4243 opcrnhaftc
2665 4209 2826 4241 Oratorium

1960 4239 2024 4271 Acis
2042 4241 2096 4271 und
2115 4241 2245 4277 Galathca
2274 4244 2302 4273 in
2330 4245 2412 4275 eincni
2440 4246 2534 4277 kleinen
2556 4248 2630 4279 Saal
2662 4258 2711 4280 von
2743 4251 2825 4282 einem

1959 4280 2057 4310 kleinen
2075 4281 2173 4313 Verein
2198 4283 2347 4320 aufgcsührt
2375 4286 2472 4316 wurde.
2515 4288 2587 4318 Aber
2612 4290 2654 4319 die
2681 4292 2826 4326 populären

1960 4320 2066 4356 Pariser
2074 4322 2196 4357 Konzerte
2214 4325 2366 4360 entsprechen
2380 4326 2443 4361 nicht
2455 4327 2550 4363 sowohl
2560 4328 2607 4358 den
2617 4329 2825 4368 Aufführungen

1958 4361 2005 4391 des
2021 4361 2180 4398 Gemischten
2197 4364 2299 4400 Chores
2317 4365 2348 4396 in
2364 4366 2465 4403 Zürich,
2493 4367 2601 4403 sondern
2629 4371 2754 4407 vielmehr
2776 4374 2826 4403 den

1958 4401 2282 4440 Abonnemcntskonzcrtcn
2300 4406 2328 4436 in
2349 4407 2392 4437 der
2410 4408 2543 4442 Tonhalle.
2580 4409 2654 4440 Man
2679 4412 2752 4443 denke
2780 4414 2825 4450 sich

1957 4450 2015 4472 nun
2032 4443 2156 4478 dieselben
2173 4446 2328 4483 regelmäßig
2355 4448 2402 4482 auf
2419 4448 2548 4485 Sonntag
2567 4450 2747 4489 Nachmittags
2764 4456 2824 4490 zwei

1957 4483 2012 4518 Uhr
2028 4485 2142 4520 verlegt!
2180 4485 2274 4521 Gewiß
2284 4487 2392 4517 würden
2401 4488 2471 4518 dann
2485 4489 2555 4526 selbst
2568 4491 2605 4522 die
2618 4493 2823 4531 allergetrcustcn

1957 4523 2127 4555 Abonnenten
2146 4525 2343 4564 fahnenflüchtig
2362 4529 2471 4560 werden.

2010 4564 2101 4601 Sehen
2118 4566 2171 4595 wir
2188 4569 2242 4597 uns
2260 4575 2316 4597 nun
2347 4568 2435 4603 unsere
2452 4569 2574 4607 Konzerte
2602 4573 2642 4603 bei
2660 4573 2819 4611 Pasdcloup,

1956 4604 2077 4635 Colonne
2095 4606 2150 4636 und
2162 4606 2321 4643 Lamoureux
2338 4609 2380 4639 ein
2399 4611 2483 4646 wenig
2495 4619 2606 4648 genauer
2615 4622 2652 4643 an
2663 4614 2671 4643 I
2687 4615 2820 4650 Pasdc-

1956 4645 2044 4680 loup
2072 4646 2102 4680 ist
2129 4646 2201 4682 schon
2218 4648 2261 4678 ein
2278 4649 2343 4679 alter
2361 4650 2437 4685 Herr.
2475 4652 2514 4683 Er
2541 4652 2647 4690 dirigitt
2675 4656 2723 4685 mit
2751 4656 2819 4686 einer

1955 4684 2063 4722 Würde,
2081 4686 2119 4716 die
2136 4695 2173 4717 an
2192 4688 2418 4725 Schwerfälligkeit
2435 4692 2522 4728 streift.
2561 4694 2601 4725 Er
2624 4695 2685 4731 ruht
2702 4696 2755 4731 jetzt
2773 4697 2820 4732 auf

1953 4725 2036 4760 seinen
2055 4725 2193 4758 Lorbeeren
2211 4732 2271 4765 aus,
2299 4730 2374 4760 deren
2402 4740 2429 4762 er
2457 4733 2502 4769 sich
2526 4734 2671 4771 allerdings
2697 4736 2761 4766 viele
2778 4745 2817 4773 ge¬

1953 4766 2071 4800 sammelt
2089 4768 2142 4803 hat.
2178 4768 2252 4805 Nicht
2269 4779 2322 4801 «ir
2342 4772 2462 4803 verdankt
2479 4773 2530 4809 ihn,
2561 4775 2609 4805 das
2629 4777 2705 4812 große
2723 4776 2817 4811 Publi¬

1953 4806 2013 4836 kum
2028 4807 2070 4838 die
2086 4808 2278 4845 Bekanntschaft
2302 4811 2348 4841 des
2366 4812 2466 4849 Besten,
2494 4818 2552 4844 was
2577 4816 2625 4850 auf
2651 4816 2706 4846 dem
2723 4816 2818 4847 Gebiet

1954 4847 1998 4877 der
2015 4848 2216 4885 symphonischen
2234 4850 2318 4887 Kunst
2346 4854 2480 4890 geschaffen
2505 4855 2609 4886 worden
2637 4857 2676 4894 ist,
2706 4858 2816 4891 sondern

1952 4888 2014 4923 auch
2041 4889 2097 4920 eine
2114 4890 2233 4927 stattliche
2251 4893 2331 4928 Reihe
2359 4895 2479 4931 jüngerer
2503 4896 2677 4933 französischer
2700 4898 2816 4935 Kompo¬

1952 4929 2042 4964 nisten,
2062 4930 2100 4960 die
2118 4931 2157 4961 bei
2176 4932 2231 4961 dem
2249 4933 2309 4968 stets
2336 4935 2480 4971 langsamer
2497 4936 2646 4968 werdenden
2664 4937 2747 4975 Gang
2773 4940 2817 4971 der

1951 4969 2153 5006 Opernbühnen
2171 4972 2217 5008 sich
2233 4974 2280 5007 auf
2287 4974 2443 5010 Jahrzehnte
2452 4975 2549 5010 hinaus
2567 4985 2619 5007 von
2627 4979 2698 5009 einer
2705 4980 2817 5011 direktm

1951 5009 2079 5047 Wirkung
2097 5012 2144 5045 auf
2171 5013 2209 5042 die
2227 5013 2313 5048 Masse
2339 5016 2532 5052 ausgeschlossm
2564 5017 2644 5054 sehen,
2671 5020 2724 5056 ihre
2753 5021 2817 5052 Ein¬

1949 5049 2070 5087 führung
2087 5052 2132 5081 ins
2151 5053 2257 5089 größere
2267 5054 2419 5089 Publikum.
2436 5056 2506 5087 Was
2514 5067 2579 5088 man
2590 5060 2666 5090 einen
2676 5061 2816 5092 brillantm

1950 5089 2224 5128 Onhesterdirigenten
2243 5097 2332 5131 nennt,
2364 5095 2394 5131 ist
2420 5097 2573 5134 Pasdcloup
2603 5101 2674 5137 wohl
2702 5103 2815 5133 niemals

1949 5131 2070 5165 gewesen.
2106 5132 2147 5162 Er
2165 5133 2208 5167 hat
2225 5136 2254 5163 cs
2279 5135 2341 5165 aber
2359 5136 2514 5172 verstanden,
2542 5140 2589 5175 sich
2614 5142 2666 5171 mit
2691 5142 2816 5179 tüchtigm

1948 5169 2059 5204 Kräften
2089 5180 2118 5207 zu
2150 5174 2273 5208 umgeben
2300 5176 2356 5206 und
2386 5178 2552 5215 vottreffliche
2580 5181 2756 5218 Programme
2785 5192 2814 5219 zu

1949 5211 2061 5247 wählen.
2097 5211 2283 5251 Gegenwärtig
2300 5217 2368 5251 zehrt
2385 5226 2413 5249 er
2424 5222 2505 5250 etwas
2517 5221 2653 5258 bedenklich
2662 5231 2711 5253 von
2720 5223 2815 5258 seinem

1948 5253 2019 5282 alten
2036 5252 2136 5288 Ruhm.
2174 5254 2225 5289 Im
2244 5258 2375 5293 vorletzten
2393 5258 2502 5296 Konzert
2518 5270 2538 5297 z.
2558 5261 2593 5293 B.
2620 5264 2744 5301 ereignete
2770 5266 2815 5301 sich

1949 5293 1995 5323 der
2012 5294 2128 5329 peinliche
2137 5294 2254 5334 Vorfall,
2271 5298 2322 5333 daß
2331 5300 2369 5328 im
2382 5301 2461 5335 ersten
2474 5301 2536 5338 Satz
2548 5303 2593 5333 des
2606 5303 2701 5335 dtttten
2709 5306 2815 5336 Rubin-

1949 5334 2090 5370 stein'schen
2105 5334 2348 5375 ÄlaviettonzetteS,
2372 5342 2476 5377 welchen
2494 5343 2567 5379 Frau
2585 5344 2689 5381 Sophie
2705 5346 2815 5377 Mentrr

1950 5375 2001 5405 mit
2018 5375 2141 5413 feurigem
2161 5377 2301 5414 Ungestüm
2320 5383 2437 5417 vortrug,
2465 5382 2531 5417 Herr
2554 5383 2707 5422 Pasdcloup
2734 5387 2814 5423 völlig

1949 5414 2000 5445 den
2016 5415 2083 5452 Halt
2098 5417 2192 5454 verlor,
2219 5418 2249 5453 so
2264 5419 2316 5454 daß
2332 5421 2423 5452 mittm
2451 5423 2528 5452 drinn
2563 5425 2728 5461 abgebrochen
2760 5428 2816 5457 und

2872 4133 2932 4168 noch
2950 4135 3049 4166 cinnial
3065 4138 3224 4174 angefangen
3243 4139 3343 4169 werden
3362 4141 3457 4175 niußtc.
3494 4141 3554 4173 Und
3574 4143 3649 4174 leider
3667 4144 3736 4177 kann

2872 4181 2936 4203 man
2954 4174 2986 4204 da
3005 4176 3071 4212 nicht
3088 4177 3185 4207 einmal
3198 4187 3250 4208 von
3261 4179 3344 4209 einem
3353 4181 3537 4217 unglücklichen
3547 4183 3639 4219 Zufall
3651 4185 3737 4222 reden,

2871 4213 2981 4248 sondern
3013 4224 3075 4247 man
3094 4218 3158 4253 muß
3176 4221 3204 4249 es
3224 4219 3261 4249 bei
3279 4219 3324 4250 der
3342 4220 3402 4258 Att,
3432 4223 3479 4252 wie
3506 4223 3658 4261 Pasdcloup
3684 4226 3736 4257 den

2871 4254 3082 4293 Dirigentenstab
3099 4257 3236 4296 handhabt,
3262 4260 3386 4297 vielmehr
3413 4263 3456 4293 als
3479 4263 3624 4300 glücklichen
3641 4266 3738 4302 Zufall

2870 4295 2976 4331 preisen,
2994 4296 3046 4332 daß
3062 4297 3213 4334 dergleichen
3225 4299 3404 4332 Kalamitäten
3421 4302 3486 4339 nicht
3497 4304 3525 4333 in
3538 4304 3616 4340 jedem
3624 4305 3738 4343 Konzett

2870 4335 3006 4369 Vorfällen.

2923 4375 3075 4412 Pasdcloup
3093 4378 3138 4414 hat
3161 4380 3230 4414 seine
3254 4381 3410 4419 diesjährige
3434 4383 3585 4422 Kampagne
3613 4388 3661 4417 mit
3687 4388 3734 4420 der

2869 4416 3081 4454 chronologischen
3099 4419 3274 4457 Vorführung
3300 4423 3344 4452 der
3370 4423 3422 4458 acht
3448 4425 3527 4460 ersten
3545 4426 3734 4463 Symphonien

2867 4456 3030 4491 Beethovens
3047 4459 3164 4496 eröffnet.
3201 4462 3255 4492 Sie
3272 4462 3359 4493 bilden
3377 4464 3448 4499 schon
3465 4466 3550 4502 längst
3561 4467 3610 4497 den
3622 4467 3735 4500 Grund¬

2867 4495 2925 4530 stock
2943 4497 2987 4527 der
3006 4501 3151 4535 populären
3170 4501 3301 4539 Konzerte,
3320 4504 3369 4534 alle
3381 4505 3488 4540 Spieler
3506 4507 3561 4540 sind
3579 4507 3655 4538 darin
3668 4510 3735 4540 voll¬

2865 4536 2967 4574 ständig
2983 4547 3014 4574 zu
3033 4540 3128 4576 .Hause,
3146 4542 3173 4577 so
3191 4542 3241 4579 daß
3258 4544 3293 4577 sie
3309 4546 3370 4581 trotz
3386 4545 3556 4582 Pasdeloups
3567 4549 3738 4581 Direktions-

2865 4577 2969 4613 künsten
2987 4580 3025 4611 im
3044 4581 3153 4619 Ganzen
3182 4584 3211 4614 in
3231 4584 3363 4621 trefflicher
3381 4586 3461 4621 Weise
3479 4589 3633 4624 ausgefühtt
3659 4598 3733 4622 wur¬

2864 4617 2922 4647 den.
2959 4620 3013 4650 Die
3030 4623 3115 4658 gratis
3134 4624 3283 4659 vcrtheiltcn
3300 4627 3475 4663 Programme
3492 4628 3627 4665 enthielten
3649 4630 3733 4666 jedes¬

2863 4658 2919 4688 mal
2936 4660 2991 4690 eine
3010 4663 3183 4699 ausführliche
3196 4665 3309 4702 Analyse
3320 4666 3364 4696 der
3376 4667 3543 4705 bcttcffcnden
3554 4669 3732 4706 Symphonie.

2863 4697 3031 4731 Wunderbar
3040 4711 3096 4733 war
3105 4703 3154 4734 das
3163 4704 3373 4742 Pasdcloup'schc
3382 4708 3542 4745 Programm
3551 4719 3597 4746 zur
3604 4711 3733 4746 siebenten

2862 4738 3032 4778 Symphonie
3050 4743 3188 4781 (A-Dur).
3225 4747 3301 4783 Diese
3319 4748 3487 4784 Symphonie
3513 4750 3559 4784 soll
3582 4751 3637 4781 eine
3654 4752 3733 4784 länd¬

2862 4779 2920 4814 liche
2938 4781 3051 4818 Hochzeit
3069 4784 3222 4822 darstellcn;
3240 4787 3288 4818 das
3307 4788 3352 4823 tief
3363 4789 3449 4825 ernste,
3466 4798 3524 4825 zum
3544 4791 3664 4824 Andante
3684 4794 3734 4831 sich

2861 4820 2982 4856 neigende
3009 4823 3151 4861 Allegrctto
3187 4827 3236 4862 soll
3267 4827 3315 4859 den
3343 4829 3564 4869 Hochzcitsmarsch
3591 4833 3731 4866 bedeuten!

2862 4860 2932 4892 Dies
2950 4864 3126 4901 unglaubliche
3144 4867 3307 4904 Programm
3332 4869 3380 4903 soll
3407 4874 3475 4899 vota
3494 4872 3565 4902 beve
3583 4882 3636 4905 von
3654 4876 3732 4907 Beet¬

2860 4902 2943 4937 hoven
2960 4904 3034 4940 selbst
3060 4905 3210 4942 herrühren.
3246 4909 3286 4939 Er
3304 4909 3365 4945 habe
3384 4913 3414 4941 es
3430 4911 3524 4945 seinem
3538 4914 3649 4950 Schüler
3660 4917 3734 4948 Nie»

2861 4946 3014 4974 anvcrtraut
3033 4946 3086 4975 und
3103 4947 3182 4981 dieser
3200 4949 3339 4981 wiederum
3363 4950 3455 4986 seinem
3473 4953 3584 4988 Schüler
3602 4955 3731 4992 Dampke^

2861 4984 2945 5014 einem
2961 4986 3041 5021 alten,
3059 4986 3090 5016 in
3105 4987 3192 5023 Paris
3219 4990 3340 5021 lebenden
3370 4991 3493 5029 Musiker,
3520 4995 3564 5024 der
3591 4995 3732 5032 besonders

2860 5026 2904 5054 als
2922 5024 3029 5057 intimer
3047 5026 3154 5062 Freund
3171 5028 3282 5066 Berlio,'
3302 5030 3410 5062 bekannt
3427 5032 3465 5068 ist.
3500 5034 3550 5071 Ich
3569 5036 3670 5074 glaube,
3687 5038 3730 5070 die

2860 5073 2938 5101 ganze
2954 5065 3098 5104 Geschichte,
3127 5069 3203 5100 deren
3231 5071 3427 5107 Unmöglichkeit
3452 5074 3531 5110 jeden,
3558 5084 3613 5107 nur
3638 5079 3730 5115 irgend

2861 5105 3126 5144 Musikocrsiändigen
3146 5110 3233 5141 keinen
3244 5111 3396 5148 Augenblick
3415 5115 3533 5150 entgehen
3543 5117 3619 5153 kann,
3638 5118 3729 5157 beruht

2860 5146 2906 5180 auf
2923 5147 2994 5177 einer
3010 5147 3211 5187 Verwechslung
3229 5152 3281 5182 von
3299 5152 3318 5181 7
3336 5152 3459 5190 (A-Dur)
3483 5155 3539 5186 und
3555 5157 3576 5185 8
3592 5157 3727 5196 (F-Dur),

2860 5187 2929 5217 denn
2947 5188 2991 5218 der
3015 5190 3098 5224 achten
3117 5190 3285 5227 Symphonie
3312 5193 3345 5229 ist
3371 5194 3500 5232 durchweg
3527 5197 3571 5227 der
3593 5198 3729 5231 Ausdruck

2860 5227 2967 5263 heiterer
2983 5229 3168 5267 Empfindung
3185 5234 3257 5269 eigen
3273 5234 3331 5264 und
3356 5234 3400 5270 ihr
3425 5235 3565 5271 hüpfendes
3585 5238 3728 5275 Allegrctto

2860 5267 2902 5297 ein
2920 5269 3046 5304 reizendes
3064 5270 3152 5306 Stück,
3171 5272 3221 5303 das
3239 5272 3276 5303 bei
3294 5274 3446 5311 Pasdcloup
3473 5277 3520 5305 ivic
3538 5277 3637 5309 überall
3653 5280 3729 5314 zwei¬

2860 5308 2915 5337 mal
2933 5309 3037 5344 gespielt
3054 5312 3155 5341 werden
3173 5313 3269 5349 mußte,
3287 5314 3356 5343 kann
3373 5315 3506 5350 allenfalls
3523 5318 3567 5347 al«
3582 5317 3728 5355 Hochzeits¬

2860 5348 2940 5384 musik
2956 5349 3055 5386 gedacht
3066 5352 3176 5382 werden.
3212 5353 3435 5390 Glücklicherweise
3444 5356 3543 5387 können
3554 5357 3616 5388 aber
3627 5359 3726 5396 sowohl

2860 5389 2899 5419 die
2916 5388 3020 5424 siebente
3038 5393 3081 5420 als
3099 5391 3138 5421 die
3156 5392 3222 5427 achte
3234 5392 3401 5430 Symphonie
3418 5397 3478 5431 auch
3496 5397 3561 5432 ohne
3579 5398 3646 5433 jede»
3653 5400 3728 5435 Pro¬

2858 5437 2962 5465 gramm
2981 5430 3130 5467 verstanden
3148 5433 3249 5464 werden
3266 5435 3324 5465 und
3340 5435 3442 5472 braucht
3459 5437 3505 5473 sich
3521 5438 3576 5474 also
3593 5439 3657 5471 über
3673 5441 3730 5474 da»
