1884 2362
290 844 397 885 Fra
418 846 478 880 n.k
497 852 514 879 r
535 851 551 878 e
571 845 583 878 i
603 846 647 883 ch.
857 858 861 869 >
921 842 976 876 wie
1003 849 1033 875 er
1058 840 1109 878 erst
1132 840 1185 874 den
1206 840 1371 877 Geretteten
1392 839 1472 877 nicht
1491 837 1684 877 fände,"und
1706 836 1760 874 ihr»

87 884 193 922 Parts
202 897 212 920 /
221 890 308 918 vom
325 893 355 917 2.
367 884 470 924 Iulii.
507 885 569 919 Die
579 882 751 923 königlichen
768 884 888 923 Schau,
923 889 979 914 nur
997 888 1080 915 wenn
1100 882 1129 914 es
1145 880 1233 923 blitzte
1249 877 1297 919 sah
1310 895 1351 904 —
1362 881 1424 913 und
1434 881 1483 913 der
1496 878 1594 919 Hagel
1603 876 1761 916 aufseinen

47 922 147 963 fiteler
165 921 280 961 führten
304 924 410 965 gestern
433 926 478 956 die
497 922 677 961 Druiden,
699 924 744 956 ein
757 924 887 960 Trauer.
916 919 1038 959 .Rücken
1056 918 1163 960 stürzte.
1213 920 1280 956 Vor
1299 920 1426 958 weniger
1442 919 1509 958 Zeit
1522 918 1619 957 führte
1635 917 1680 950 ein
1701 916 1763 954 Po»

47 963 117 1000 stnel
150 965 199 995 des
220 964 318 1005 Herrn
343 961 371 997 le
400 964 511 999 Blank
536 964 609 999 auf.
631 964 686 995 das
710 962 758 999 seit
773 963 884 1003 einigen
925 960 1029 998 stillion
1054 960 1115 993 vier
1135 958 1264 998 Pferde,
1284 960 1329 995 die
1351 967 1389 993 an
1409 957 1474 996 dem
1490 959 1570 998 Hals
1584 957 1763 990 aneinander

46 1002 166 1042 Jahren
186 1002 318 1036 verboten
338 1009 411 1035 war.
453 1004 521 1038 Der
537 1001 656 1040 Beyfall
672 1009 734 1037 war
749 1002 887 1041 ausseror.
925 999 1074 1039 gebunden
1094 1005 1194 1037 waren
1210 1017 1217 1037 ,
1241 999 1272 1032 in
1295 1001 1349 1033 den
1362 998 1450 1038 Fluß.
1490 995 1534 1034 Er
1548 997 1614 1031 kam
1633 996 1664 1030 in
1681 995 1764 1029 einen

47 1039 188 1077 deutlich.'
214 1041 297 1077 Dem
311 1034 505 1084 schwedischen
515 1038 722 1079 Monarchen,
743 1042 792 1075 der
809 1041 885 1075 keine
926 1040 986 1072 vier
1002 1039 1062 1073 und
1081 1038 1205 1078 zwanzig
1218 1039 1342 1077 Schuhe
1360 1039 1444 1078 tiefen
1459 1038 1623 1075 Schlund,
1648 1036 1700 1068 der
1711 1034 1765 1072 ihn

49 1079 257 1118 empfindelnde
271 1081 473 1118 Dralhpuppe
493 1081 525 1117 ist
538 1087 548 1119 -
569 1083 629 1114 und
648 1076 714 1115 dein
735 1082 819 1118 Graf
828 1088 885 1114 von
926 1079 985 1112 und
1006 1078 1053 1111 die
1072 1074 1178 1116 Pferde
1207 1079 1381 1117 verschlang.
1431 1073 1555 1116 Schnell
1578 1074 1659 1111 warf
1676 1074 1767 1112 Tou»

47 1117 152 1155 Artois
182 1117 348 1158 entstürzten
379 1120 529 1157 Thranen.
559 1120 682 1159 Massen
706 1121 807 1158 Auges
831 1120 891 1159 rief
926 1122 1077 1157 rangeau
1096 1113 1163 1157 Hut
1183 1120 1243 1151 und
1262 1117 1339 1153 Rock
1356 1117 1475 1155 beyfette
1492 1130 1509 1153 r
1534 1117 1641 1155 sprang
1658 1114 1688 1148 in
1712 1115 1767 1147 den

47 1160 105 1192 das
118 1158 277 1197 Publikum
298 1161 351 1193 den
366 1159 514 1197 Verfasser
528 1159 631 1197 hervor
647 1161 705 1193 und
723 1158 818 1194 krönte
835 1156 886 1198 ihn
927 1156 1009 1196 Fluss
1027 1160 1086 1197 un,d
1107 1158 1172 1191 kam
1189 1157 1244 1191 mit
1269 1160 1335 1192 dem
1361 1156 1515 1194 Postillion
1539 1158 1658 1189 unterm
1675 1154 1768 1189 Arme

47 1198 106 1230 mit
130 1200 195 1231 dem
211 1198 353 1232 lautesten
380 1199 510 1234 Beyfall.
554 1200 697 1234 Beynaye
719 1200 799 1232 jede«
818 1201 887 1234 r«n
926 1195 1031 1228 »«»ück.
1080 1195 1218 1224 «tt'wa«
1233 1197 1283 1227 ihn
1295 1195 1392 1229 fragte
1407 1207 1417 1227 ,
1440 1192 1478 1228 oh
1496 1192 1548 1227 thn
1566 1192 1617 1224 der
1628 1193 1771 1228 Pvstmei«

48 1236 181 1276 erscheint
201 1239 250 1271 der
275 1234 516 1275 liebenswürdige
542 1235 683 1273 RMnde
704 1235 747 1270 im
767 1235 888 1271 Schau,
927 1229 977 1266 ster
1001 1228 1075 1266 auch
1093 1228 1180 1266 dafür
1199 1227 1322 1267 belohnt
1332 1230 1405 1266 hübe
1421 1234 1433 1263 -
1452 1229 1530 1268 sagle
1548 1230 1591 1266 Er
1602 1237 1674 1269 ganz
1691 1230 1772 1264 kalt:

47 1274 119 1313 spiel
144 1289 180 1297 —
191 1277 262 1309 aber
292 1277 385 1314 gewiß
409 1275 492 1312 ist's,
523 1274 579 1312 daß
605 1274 674 1313 dirss
697 1281 753 1309 nur
777 1275 889 1309 Neben.
921 1268 986 1306 Ach
1000 1285 1010 1306 ,
1033 1269 1097 1301 was
1132 1268 1313 1308 Belohnung
1332 1271 1348 1303 t
1363 1266 1423 1309 Ich
1442 1269 1493 1302 bin
1516 1269 1662 1308 zuftieden
1681 1286 1689 1305 ,
1711 1269 1771 1309 daß

49 1310 134 1353 »weck
148 1313 181 1349 ist
198 1327 237 1337 —
258 1317 317 1347 und
331 1316 388 1353 dag
404 1315 436 1347 in
451 1317 499 1347 der
511 1313 671 1348 Kabinets.
680 1312 889 1351 Dämmerung
929 1309 1004 1348 Herr
1027 1308 1131 1347 Payen
1163 1308 1261 1346 seinen
1283 1310 1392 1348 Knecht
1415 1314 1514 1352 wegen
1532 1310 1586 1344 den
1614 1309 1771 1351 erf-jstnen

50 1349 138 1387 vieles
162 1354 308 1391 vorgrht,
338 1355 394 1387 das
415 1356 485 1390 noch
511 1353 571 1387 kein
589 1352 673 1389 Blick
694 1355 790 1391 irgend
813 1353 891 1386 eines
923 1344 1056 1389 Pferden
1073 1348 1147 1387 nicht
1165 1347 1272 1386 strafte.

49 1390 229 1429 Schreibers
248 1393 278 1425 in
303 1393 441 1427 Merkurs
458 1394 548 1428 Bude
566 1392 767 1432 durchgebltckt
782 1393 898 1428 hat.—
1203 1388 1234 1428 H
1255 1395 1278 1422 o
1297 1389 1313 1422 k
1330 1389 1343 1423 l
1363 1395 1387 1423 »
1405 1395 1429 1423 n
1445 1386 1481 1423 t>.
1525 1399 1541 1424 v
1574 1402 1581 1424 :
1601 1413 1605 1416 •
1710 1425 1716 1428 .
1746 1421 1750 1424 .

49 1431 117 1467 Der
140 1431 224 1469 Graf
240 1438 297 1464 von
316 1432 419 1467 Artois
436 1431 487 1467 hat
500 1431 544 1464 die
564 1432 759 1470 letztgemeldte
774 1431 890 1467 Streit.
965 1427 1069 1473 Haag
1079 1444 1091 1465 ,
1112 1428 1173 1464 dm
1188 1428 1288 1466 rzsten
1303 1424 1417 1468 Iuitii.
1458 1427 1548 1466 Unser
1559 1426 1773 1467 Bundnissrnit

52 1469 130 1508 fache
144 1478 313 1509 gewonnen.
335 1486 373 1493 —
400 1469 560 1509 Künftigen
578 1472 725 1508 Sonntag
747 1468 801 1503 den
823 1472 892 1507 4ten
930 1463 1198 1505 Frankreich.rückt
1218 1474 1272 1506 gar
1292 1466 1372 1506 nicht
1393 1466 1466 1506 nach
1481 1467 1586 1505 unfern
1606 1466 1773 1506 Wünschen

48 1508 136 1548 Iulii
168 1512 281 1543 werden
309 1510 353 1542 dir
379 1511 493 1550 Herren
522 1509 623 1545 Abbes
648 1510 802 1546 Mtollan
830 1510 890 1542 und
931 1512 995 1540 vor.
1036 1506 1098 1542 Die
1128 1507 1273 1543 Antwort
1296 1507 1348 1542 des
1372 1508 1472 1547 Herrn
1495 1513 1553 1540 von
1578 1507 1774 1550 Vergönne»

50 1548 194 1590 Iantnet
218 1548 279 1581 eine
302 1549 441 1586 Luftreise
464 1549 604 1585 machen,
628 1555 707 1587 wozu
735 1549 789 1582 wir
809 1549 895 1585 ihnen
934 1545 991 1582 auf
1016 1545 1062 1578 die
1090 1542 1265 1586 Vorschläge
1297 1547 1406 1584 unsrer'
1427 1544 1711 1586 Bevollmächtigten
1733 1547 1774 1584 -ist

50 1594 110 1621 von
122 1588 232 1628 Herzen
250 1590 337 1627 guten
356 1588 449 1623 Wind
464 1587 678 1626 wünschen—
700 1588 797 1627 Franz
814 1589 897 1623 Tou«
936 1585 1028 1622 nichts
1042 1583 1173 1625 weniger
1194 1585 1241 1619 als
1254 1583 1366 1626 günstig
1381 1594 1420 1619 -7-
1441 1588 1510 1620 und'
1524 1584 1776 1624 überhaupt'will

50 1634 183 1666 rangeau
215 1628 260 1661 ein
290 1627 513 1666 Zimmermann
527 1642 537 1662 ,
565 1628 613 1660 der
639 1627 690 1664 sich
712 1627 837 1663 wirklich
862 1627 907 1660 in-
935 1624 985 1662 sich
1004 1625 1179 1662 Frankreich
1197 1625 1252 1658 mit
1275 1627 1332 1659 uns
1350 1632 1421 1664 ganz
1435 1627 1494 1659 und
1512 1633 1567 1665 gar
1585 1626 1662 1663 nicht
1683 1623 1775 1665 Näher

50 1667 147 1708 Pont
175 1666 235 1703 St.
259 1666 428 1706 Maxencel
445 1664 667 1703 aufhätthat
683 1663 774 1704 zwölf
794 1665 896 1705 Perso.
935 1663 1087 1701 einlassen,
1108 1663 1155 1696 bis
1172 1664 1267 1701 unsere
1285 1665 1507 1703 Streitigkeiten
1519 1665 1577 1699 mit
1594 1666 1661 1699 dem
1673 1664 1776 1705 Kaiser

0 1699 31 1749 sj,
51 1714 109 1740 neu
133 1708 188 1739 das
209 1706 301 1742 Leben
322 1710 449 1746 gerettet.
492 1706 601 1742 Gleich
615 1708 746 1739 vertraut
762 1705 816 1738 mit
828 1706 893 1739 dem
935 1703 1065 1742 beendigt
1087 1703 1152 1740 sind.
1195 1699 1249 1739 So
1261 1704 1390 1746 schutzlos
1405 1711 1463 1738 von
1478 1704 1593 1743 aussen,
1615 1711 1674 1740 von
1686 1707 1776 1741 innen

51 1745 147 1786 Feuer
169 1747 228 1779 und
246 1746 439 1784 dem-Wasser
461 1745 554 1782 entriß
573 1746 615 1781 Er
637 1745 716 1784 zehen
738 1745 893 1782 Menschen
934 1742 1134 1781 zerrissen,mit
1150 1742 1225 1776 einer
1237 1741 1449 1781 fürchterlichen
1464 1744 1626 1782 Machtim
1638 1746 1777 1785 Streike,

51 1788 108 1820 den
121 1785 265 1825 Fluthen,
288 1788 349 1819 und
364 1794 438 1826 zwey
454 1786 508 1818 den
532 1785 700 1825 Flammen.
740 1785 807 1822 Vor
818 1792 893 1824 zwey
935 1779 1006 1821 ohne
1021 1784 1140 1821 wahren
1156 1782 1370 1823 Patriotismus
1384 1784 1419 1822 ist
1439 1785 1523 1822 unste
1548 1784 1626 1824 Lage
1646 1785 1691 1820 dis
1714 1794 1779 1821 ver«

51 1825 174 1862 Jahren
193 1827 244 1859 ritt
261 1826 308 1859 ein
325 1825 500 1864 Führmayn
511 1826 561 1864 pch
574 1819 689 1863 Nachts
705 1831 756 1861 um
774 1825 892 1863 eilfUhr
935 1821 1063 1860 wicktlstr
1085 1823 1144 1856 und
1168 1821 1327 1862 kritischte,
1347 1824 1393 1858 die
1414 1825 1537 1865 gedacht
1560 1824 1674 1864 werden
1688 1826 1777 1862 kann,

52 1864 124 1901 über
143 1866 188 1898 die
198 1864 256 1903 alte
267 1864 389 1903 Brücke.
414 1861 472 1902 Ein
485 1859 696 1903 fürchterliches
711 1867 765 1904 mit
773 1867 893 1902 Stürm
936 1863 986 1903 In
997 1865 1045 1899 der
1065 1862 1151 1900 ersten
1165 1864 1394 1905 Versammlung
1414 1866 1465 1899 der
1477 1866 1612 1904 Staaten
1622 1869 1685 1900 von
1696 1864 1782 1908 Hol»

53 1906 116 1940 «nd
129 1905 283 1945 Schlossen
302 1901 472 1945 vereinigtes
485 1905 631 1942 Gewitter
644 1899 739 1945 stürzte
756 1905 893 1943 ihn'vom
936 1905 1006 1937 land
1027 1904 1076 1942 soll
1097 1903 1226 1939 übervie
1246 1905 1449 1941 Antwort'des
1464 1901 1664 1944 französischen
1682 1906 1779 1948 HofeS

53 1946 148 1985 Pftrd
181 1946 268 1983 herab
294 1950 325 1980 tn
355 1947 409 1979 den
438 1942 532 1986 Fluß.
587 1945 814 1989 Tourangeau
845 1946 894 1986 lag
938 1944 1105 1983 gesprochen
1133 1945 1256 1979 werden.
1313 1943 1416 1982 Neben
1439 1940 1543 1982 diesem
1568 1944 1682 1980 werden
1704 1939 1778 1985 auch

51 1979 193 2022 sttzonim
209 1980 317 2023 Beite.,
337 1986 385 2023 als
397 1986 439 2023 Er
456 1985 545 2026 Hülfe
555 1988 639 2022 rufen
654 1986 747 2024 hörte.
769 1986 894 2024 Schnell
936 1983 1009 2019 nebst
1036 1985 1085 2018 der
1104 1984 1241 2019 Antwort
1261 1985 1318 2024 auf
1333 1988 1388 2019 das
1404 1984 1635 2023 Schteibendes
1657 1985 1778 2027 Königs

53 2024 140 2063 stürzt
154 2033 182 2059 er
207 2025 255 2064 sich
276 2026 308 2060 in
329 2028 382 2061 den
403 2027 540 2064 Strom,
562 2024 672 2065 kämpft
693 2026 752 2060 eine
769 2026 897 2063 Viertel,
934 2031 992 2058 von
1013 2024 1150 2064 Preuffen
1174 2041 1183 2062 ,
1204 2024 1255 2059 die'
1269 2025 1570 2066 Gegenforderungen
1582 2027 1634 2060 des
1645 2028 1778 2065 Staats

27 2084 30 2098 1
54 2063 154 2102 stunde
175 2066 231 2100 mit
254 2066 311 2100 dir,
332 2064 549 2106 aufgewühlten
567 2067 696 2107 Fluthen
717 2068 776 2101 und
799 2066 898 2107 bringt
932 2072 974 2099 an
998 2064 1051 2098 den
1075 2060 1176 2104 Kaiser
1198 2064 1256 2103 auf
1277 2067 1347 2103 dem
1365 2067 1462 2105 Tapet
1488 2065 1655 2103 erscheinet
1710 2068 1778 2104 Und

13 2100 29 2140 i
55 2105 112 2137 den
133 2105 233 2140 Mann
258 2104 391 2147 glücklich
409 2106 475 2140 an's
504 2105 583 2145 Ufer.
625 2103 673 2143 Es
695 2106 726 2145 ist
744 2107 805 2140 eine
822 2099 897 2148 Her-
939 2104 1010 2141 diese
1034 2105 1118 2141 sollen
1138 2104 1237 2144 gewiss
1243 2106 1368 2145 ziemlich
1384 2105 1564 2145 vollwichtig
1576 2106 1656 2145 seym'
1684 2106 1778 2144 Denn

13 2142 31 2179 ß
56 2144 228 2184 zeuöwonne
241 2164 250 2187 ,
272 2148 326 2183 den
339 2147 443 2184 Mann
466 2149 562 2184 davon
580 2145 710 2188 erzählen
732 2155 765 2188 zu
788 2145 877 2187 hören
887 2164 897 2188 ,
939 2145 985 2181 die
1009 2146 1110 2182 Stadt
1133 2145 1314 2186 Amsterdam
1343 2147 1392 2188 soll
1414 2146 1501 2183 allein
1532 2153 1590 2183 von
1614 2147 1777 2185 Millionen

1288 606 1367 655 den
1385 618 1446 656 io.
1461 603 1727 663 Heumonat.

156 611 411 668 Samstag
