3872 5551
153 202 236 261 M
259 199 360 258 58
395 192 840 266 M-rgenblalr.

1451 185 1528 258 Ptl
1563 181 1718 254 Mtztt
1751 177 1914 251 ZcitW
1947 167 2046 227 120.
2073 170 2290 243 JOM.
2591 153 2883 223 Montag,
2913 147 3021 207 SV.
3053 145 3341 218 Februar
3375 140 3581 199 18SS.

142 343 946 746 Neue
1046 301 2282 800 Zürcher
2373 292 3627 795 Zeitung

322 818 731 855 Slbouue«e«tSpreife.

148 866 232 892 aßrich
249 867 311 888 «inn
323 863 355 884 Li-
367 861 460 888 Zritung
474 858 567 886 abg-holt
578 858 633 881 wird
656 871 728 881 ...
761 857 796 883 Fr.
811 857 830 878 5.
845 857 870 878 60
897 854 932 881 Fr.
947 854 978 876 1(J.
995 864 1014 868 -

147 884 166 898 °
179 895 206 918 bs
252 892 293 914 int
304 889 367 912 ©auS
380 886 478 915 gebracht
527 884 827 911 .S.
841 894 864 898 —
906 882 926 908 .*
944 880 977 903 II.
989 880 1015 901 50

150 919 258 946 «»«et»
277 916 393 941 Bestellung
405 912 457 934 beim
471 911 827 938 Postburtau.6.
842 910 868 931 59
908 924 917 934 .
946 907 970 929 12
991 907 1016 928 50

197 949 210 971 4
211 952 230 968 o.
278 943 317 966 mit
332 942 399 968 Be,»,
412 940 474 962 unter
487 937 826 965 Prlvalabrcg.8.
843 947 865 951 -
908 950 917 960 „
947 934 978 956 15.
994 944 1015 948 -

152 970 326 998 Leuttchland
347 967 464 993 Bestellung
484 965 537 987 bei,»
550 965 641 991 Postamt
655 982 660 987 .
689 981 694 986 .
721 979 725 985 .
748 963 791 985 MI.
806 964 827 984 v.
842 974 864 978 —

152 996 426 1026 oesterreich-Ungarn
501 992 535 1014 b».
693 991 714 1018 st.
728 991 746 1012 ö.
760 989 793 1012 w.
808 990 828 1011 5.
843 991 867 1011 6«

154 1024 315 1059 At»lien-Ae
325 1021 422 1051 gbpteu
503 1019 536 1041 b°.
660 1034 667 1041 .
693 1033 700 1042 .
726 1032 732 1040 .
759 1017 797 1043 Fr.
811 1017 831 1038 8.
846 1017 870 1038 1»
896 1015 934 1042 »t.
950 1015 980 1036 15.
994 1014 1019 1035 50

155 1052 281 1078 «ublnnb
503 1045 536 1068 bo.
660 1059 732 1068 ...
745 1043 797 1066 Rbl.
811 1044 830 1064 3.
844 1044 869 1064 06
897 1041 946 1064 Rbl.
961 1042 980 1063 6.
996 1041 1021 1061 1»

158 1078 335 1109 UebrigeStaaten
348 1075 382 1097 bei
397 1072 636 1098 Weltpostverein,
659 1086 665 1093 .
696 1087 702 1094 .
726 1086 732 1093 .
746 1070 784 1097 Fr.
800 1070 831 1091 IS.
845 1070 872 1091 50
896 1068 935 1095 Fr.
948 1069 982 1089 24.
999 1078 1019 1082 —

221 1120 235 1140 5
247 1112 367 1142 Theater!».
384 1105 675 1140 AedakttOI»vnr«ai»
694 1106 807 1134 S-eth-str.
827 1105 852 1127 10

1234 890 1376 1019 M
1438 872 1964 1045 schmMtS
2026 865 2536 1029 ipMstatt.

2975 803 3337 840 JnsertiouSpretse:

2908 847 2948 871 Per
2960 844 3080 871 etnlpalttge
3089 842 3190 869 PcM»etl-
3203 842 3247 864 ober
3259 843 3320 865 deren
3333 841 3405 864 Raun,

2852 876 2885 898 iiir
2897 873 2931 895 di-
2942 872 3032 897 Schwei,
3045 874 3073 892 rr
3087 870 3136 896 Rp..
3154 870 3190 896 für
3201 870 3241 890 da«
3252 868 3354 890 «„Staub
3366 869 3393 890 40
3405 867 3440 893 Rp
3447 883 3454 890 .

2685 902 2859 930 »alal-Jnserate
2870 902 2897 924 20
2909 900 2950 927 «P.
2960 899 3019 927 (exll.
3027 898 3121 926 Finanz-
3136 895 3371 923 u.8hillr<.«n»ige„,
3382 894 3443 921 sowie
3456 894 3470 921 f.
3481 893 3620 919 «Nien-Ses.s

2996 926 3107 948 Rellame»
3118 922 3158 951 Fr.
3168 924 3211 944 1.-
3222 925 3256 948 per
3264 922 3332 949 Zeile.

2968 960 3081 987 «lteiatge
3093 960 3213 985 Inserate»
3220 957 3362 982 »«nuahwe:

2843 1012 2892 1017 —
2892 997 2982 1015 ==
3013 992 3166 1022 Bndolf
3180 993 3307 1020 Mosse
3333 993 3473 1009 =—

2720 1033 2830 1056 Annoncen
2841 1032 2957 1059 Srpedition
2976 1030 3013 1055 slir
3025 1030 3062 1051 alle
3077 1028 3235 1055 schweizerischen
3250 1027 3294 1048 und
3310 1023 3461 1051 ausländischen
3480 1022 3594 1050 Zeitungen

2934 1064 2947 1084 5
2959 1059 3085 1092 Thenterstr.
3109 1056 3214 1092 Zürich'
3233 1056 3349 1083 Eocthestr.
3366 1056 3392 1077 10

170 1237 254 1291 Das
286 1235 370 1273 neue
403 1222 633 1274 zürcherische
668 1218 893 1273 Schulgesetz
930 1219 986 1260 im

443 1284 709 1337 Kantonsrat.

233 1367 289 1402 Die
331 1359 517 1404 Gelegenheit
573 1360 622 1402 für
677 1359 731 1394 den
791 1354 992 1400 zürcherischen

166 1413 300 1451 Kantons
303 1410 355 1447 rat,
395 1404 444 1440 ein
466 1403 646 1448 Schulgesetz
669 1413 706 1447 zu
725 1402 856 1441 beraten,
883 1399 919 1442 ist
941 1398 996 1442 seit

166 1457 256 1496 1859,
305 1455 361 1486 aus
383 1448 515 1493 welchem
538 1448 634 1492 Jahre
657 1447 714 1482 das
735 1444 843 1490 derzeit
865 1442 996 1488 geltelidc

163 1499 254 1542 Gesetz
277 1497 400 1541 stammt,
444 1493 523 1537 nicht
561 1493 591 1536 so
613 1491 702 1536 selten
725 1489 860 1535 gewesen,
911 1495 996 1523 wenn

163 1543 228 1588 auch
251 1541 314 1577 eine
335 1538 480 1582 Revision
502 1538 583 1581 jenes
622 1536 701 1571 alten
740 1532 997 1579 gesetzgeberischen

163 1587 287 1628 Werkes,
339 1584 419 1620 eines
467 1581 702 1627 Meisterwerkes
738 1580 788 1623 für
811 1578 886 1622 seine
909 1577 992 1621 Zeit,

163 1632 261 1676 bisher
282 1628 360 1673 nicht
381 1637 418 1674 zu
441 1627 541 1672 fiaitbe
563 1626 726 1670 gekommen
747 1624 793 1668 ist.
844 1621 905 1658 Die
937 1621 998 1656 Ge¬

164 1677 272 1724 schichte
318 1675 367 1708 der
412 1672 558 1716 Revision
603 1670 640 1715 ist
684 1669 746 1705 eine
781 1666 912 1711 Chronik
947 1665 998 1701 der

164 1719 368 1762 Niederlagen.
417 1718 485 1753 Der
517 1716 591 1760 Weg
637 1715 687 1750 der
732 1710 1001 1754 kantonSrätlichen

164 1765 292 1808 Vorlage
316 1764 414 1807 führte
438 1761 539 1804 ebenso
563 1759 658 1803 wenig
681 1769 717 1803 zu
732 1758 824 1793 einem
842 1756 925 1800 Ziele
948 1754 998 1790 als

168 1812 220 1848 das
244 1809 357 1844 Mittel
380 1806 431 1843 der
454 1805 631 1847 Initiative.

225 1854 295 1890 Und
320 1851 387 1896 doch
411 1851 489 1886 wird
512 1860 581 1886 man
597 1849 674 1893 nicht
689 1848 775 1890 sagen
792 1845 913 1884 können,
941 1842 1000 1884 daß

165 1902 217 1937 das
240 1897 391 1942 bisherige
407 1896 504 1941 Gesetz
519 1896 553 1931 in
569 1894 663 1929 keiner
676 1892 828 1934 Richtung
844 1888 1004 1931 revisions¬

166 1942 314 1989 bedürftig
338 1942 394 1985 sei;
418 1946 451 1976 es
475 1942 554 1975 wäre
577 1939 606 1983 ja
624 1947 677 1982 gar
692 1936 770 1979 nicht
785 1934 917 1977 möglich,
946 1931 1004 1973 daß

167 1990 224 2026 vier
247 1987 421 2031 Dezennien
445 1985 525 2021 einer
548 1984 579 2028 so
601 1979 791 2025 raschlebigen
814 1977 885 2022 Zeit
928 1975 1006 2019 nicht

166 2034 208 2070 die
229 2031 509 2075 Voraussetzungen
533 2029 645 2064 ändern
668 2026 797 2065 würden,
838 2021 890 2064 auf
913 2022 1003 2056 denen

165 2080 242 2123 jenes
267 2076 387 2119 beruht.
429 2075 510 2111 Aber
533 2078 565 2109 es
587 2072 693 2107 konnte
717 2069 792 2112 nicht
816 2065 998 2105 ausbleiben,

166 2123 220 2164 das;
244 2121 292 2156 die
318 2120 490 2165 bisherigen
513 2117 725 2161 Erfahrungen
749 2113 833 2156 ihren
879 2108 1008 2153 Einfluß

167 2168 208 2203 bei
230 2167 284 2201 der
309 2165 513 2209 Behandlung
537 2162 618 2197 eines
641 2168 734 2195 neuen
750 2153 1010 2200 Gesetzentwurfes

169 2211 329 2248 ausübten.
369 2208 504 2251 Obwohl
525 2206 571 2242 die
593 2201 832 2245 Notwendigkeit
857 2200 906 2234 der
929 2199 1010 2234 Neu¬

170 2256 311 2300 regelung
333 2253 513 2296 dringender
536 2251 571 2295 ist
594 2251 644 2285 als
681 2249 718 2292 je,
745 2247 825 2290 sehen
872 2243 929 2278 wir
965 2241 1012 2276 die

170 2298 340 2345 Thatsache,
369 2297 429 2339 daß
453 2307 524 2332 man
563 2295 615 2338 sich
638 2293 673 2328 in
694 2291 791 2335 seinen
814 2286 1013 2331 Vorschlägen

169 2345 245 2389 mehr
270 2341 446 2386 beschränkt,
487 2341 536 2375 als
560 2344 591 2373 es
614 2338 722 2382 jemals
745 2333 846 2377 früher
869 2334 920 2367 der
941 2330 1012 2373 Fall

170 2389 296 2435 gewesen
319 2394 395 2421 war.
422 2384 476 2419 So
500 2383 606 2417 kommt
629 2385 671 2422 es,
699 2380 758 2421 daß
774 2375 936 2421 gegenüber
950 2375 1014 2410 dem

171 2435 262 2478 ersten
278 2426 583 2474 Revisionsentwurf,
610 2426 662 2460 der
684 2432 739 2458 vor
753 2422 823 2466 zwei
841 2419 1011 2463 Dezennien

172 2481 234 2515 deni
260 2476 353 2512 Volke
374 2483 426 2519 zur
440 2472 599 2514 Annahme
612 2468 778 2512 empfohlen
800 2465 913 2505 wurde,
940 2464 1006 2503 das,

175 2525 231 2559 mit
256 2523 321 2556 dem
344 2528 411 2554 man
433 2516 488 2560 sich
511 2516 595 2558 heute
629 2513 823 2557 hervorwagt,
876 2509 907 2544 in
952 2516 1016 2543 ver¬

175 2567 335 2611 schiedener
356 2562 508 2605 Richtung
529 2556 728 2602 zurückbleibt.
776 2555 829 2590 So
853 2555 904 2597 hat
941 2561 1011 2587 man

179 2608 363 2650 bekanntlich
405 2606 452 2640 die
494 2599 805 2646 Fortbildungsschiile
853 2598 914 2633 und
970 2596 1017 2631 die

181 2651 397 2698 Bürgerschule
419 2646 574 2691 außerhalb
596 2648 647 2681 des
670 2642 849 2686 Entwurfes
872 2641 1006 2686 gelassen,

188 2699 256 2735 weil
281 2697 329 2732 die
351 2692 571 2735 Anschauungen
594 2689 720 2726 darüber
742 2687 809 2730 noch
834 2696 870 2729 zu
914 2684 1010 2726 wenig

189 2742 336 2782 abßcffävt
355 2735 436 2776 feien.
486 2736 570 2771 Man
592 2737 647 2779 hat
669 2732 737 2775 auch
759 2731 807 2765 die
843 2729 1019 2764 Sekundar¬

177 2784 269 2825 schule
291 2779 416 2823 gelassen
439 2779 496 2815 wie
519 2780 558 2822 sie
581 2779 666 2822 heute
688 2777 735 2818 ist.

240 2824 308 2858 Der
330 2822 590 2870 hervorragendste
626 2818 805 2863 Fortschritt
843 2818 896 2851 deS
941 2816 1020 2850 Ent¬

176 2867 285 2911 wurfes
309 2866 347 2908 ist
371 2867 419 2900 die
456 2862 740 2906 Achtklassenschule.
789 2860 853 2901 Ihr
897 2858 1019 2892 Vorteil

176 2914 245 2956 liegt
268 2912 301 2946 in
327 2908 400 2952 zwei
423 2908 624 2952 Richtungen.
672 2903 786 2943 Indem
807 2901 855 2936 die
877 2900 949 2945 Zeit
970 2900 1021 2942 für

179 2958 222 2993 die
242 2953 446 2995 Ausbildung
470 2952 522 2987 des
546 2949 691 2993 Schülers
715 2946 884 2987 verlängert
929 2943 1014 2984 wird,

181 3004 251 3038 kann
275 3000 327 3035 der
349 2995 523 3038 Unterricht
567 2990 763 3035 naturgemäß
808 2988 873 3024 eine
915 2987 1019 3031 höhere

185 3044 275 3088 Stufe
297 3041 450 3085 erreiche».
500 3038 673 3081 Vermehrte
695 3035 834 3076 Bildung
857 3032 905 3076 für
938 3031 1020 3074 jeden

189 3090 296 3132 unserer
342 3084 529 3128 Einwohner
567 3081 642 3116 kann
666 3082 727 3113 uns
750 3087 808 3113 nnr
830 3085 896 3119 zum
919 3076 1022 3118 Segen

194 3133 368 3175 ausschlagen
391 3127 493 3173 zumal
516 3127 548 3161 in
572 3125 652 3159 einer
668 3123 739 3167 Zeit
754 3120 919 3163 intensiven
936 3119 1023 3153 wirt¬

198 3177 358 3221 schaftlichen
381 3169 615 3210 Wettbewerbes
641 3167 682 3203 im
728 3163 918 3208 allgemeinen
964 3161 1026 3197 und

202 3223 248 3257 der
287 3218 477 3263 ungünstigen
522 3216 601 3257 Lage
638 3220 698 3247 von
721 3207 940 3251 Kleingetverbe
962 3205 1023 3241 und

198 3263 430 3307 Landwirtschaft
470 3258 631 3305 gegenüber
677 3256 732 3290 den
777 3251 1027 3295 Anforderungen

194 3311 240 3345 der
260 3308 449 3344 veränderten
474 3298 772 3345 Marktverhältnisse
807 3295 1024 3339 insbesondere.

193 3355 282 3390 Dann
304 3352 372 3389 aber
394 3352 431 3395 ist
454 3349 502 3385 die
525 3346 685 3392 Thatsache
719 3342 796 3386 nicht
841 3350 878 3384 zu
923 3341 1026 3374 unter¬

191 3398 311 3448 schätzen,
354 3396 412 3439 daß
446 3393 535 3444 durch
558 3391 787 3431 Verlängerung
811 3385 863 3421 der
885 3383 1026 3427 Alltags¬

191 3442 362 3487 schulpflicht
384 3450 435 3476 um
458 3446 532 3484 zwei
554 3437 651 3479 Jahre
675 3433 740 3467 eine
770 3429 855 3466 Lücke
901 3428 933 3463 in
978 3428 1029 3462 der

190 3486 415 3535 Beschäftigung
437 3484 490 3519 der
511 3482 622 3527 jungen
645 3478 738 3513 Leute
758 3472 926 3517 ausgefüllt
938 3471 1024 3512 wird,

192 3531 235 3567 die
255 3530 307 3575 sich
332 3531 435 3565 immer
456 3529 539 3571 mehr
564 3526 596 3561 in
619 3519 826 3563 verderblicher
849 3515 946 3559 Weise
979 3514 1028 3550 be¬

192 3576 316 3612 merkbar
333 3574 451 3618 machte.
477 3571 540 3609 Die
556 3567 694 3613 Schüler,
721 3564 822 3607 welche
843 3562 892 3597 die
912 3557 1031 3604 heutige

194 3619 405 3664 Alltagsschule
427 3615 582 3659 verlassen,
632 3612 726 3657 stehen
764 3609 805 3643 im
844 3604 1029 3648 dreizchnten

195 3665 297 3711 Jahre.
321 3664 394 3699 DaS
415 3659 613 3707 Fabrikgesetz
636 3655 774 3692 verbietet
797 3650 844 3687 die
866 3649 972 3686 Arbeit
996 3648 1030 3682 in

196 3706 335 3753 Fabriken
358 3708 406 3752 fiir
440 3705 555 3742 Kinder
600 3704 688 3738 unter
733 3696 865 3748 vierzehn
910 3694 1028 3736 Jahren

198 3753 365 3800 schlechthin.
391 3752 457 3788 Der
480 3747 727 3795 Zwischenraum,
755 3743 805 3777 der
827 3738 954 3781 dadurch
975 3737 1027 3780 für

201 3796 244 3832 die
285 3796 391 3832 Kinder
436 3799 498 3831 aus
534 3793 590 3828 den
612 3789 732 3832 Kreism
756 3787 805 3821 der
828 3780 1030 3825 industriellen

206 3840 414 3885 Arbeiterschaft
428 3839 563 3886 entsteht,
593 3835 627 3879 ist
651 3833 728 3877 nicht
746 3831 818 3875 ohne
833 3827 1023 3868 Bedeutung,

211 3885 302 3926 zumal
316 3885 361 3919 die
378 3882 576 3929 betreffenden
599 3876 788 3921 Altersjahre
810 3873 858 3909 die
880 3870 951 3916 Zeit
979 3869 1030 3905 der

217 3927 329 3967 größten
347 3924 602 3974 Empfänglichkeit
624 3924 675 3968 für
697 3922 754 3956 das
777 3919 861 3954 Gute
885 3915 941 3951 wie
978 3913 1027 3958 fiir

218 3972 272 4004 das
292 3969 419 4016 Schlechte
439 3971 609 4016 darstellen.
657 3967 707 4006 In
744 3963 837 4006 dieser
880 3958 1032 4011 Richtung

214 4013 294 4058 durch
312 4015 529 4063 Verlängerung
551 4015 603 4051 der
625 4005 887 4054 Alltagsschulzeit
901 4002 1031 4047 «bhülfe

1031 1184 1066 1217 zu
1089 1172 1208 1217 schaffen
1232 1170 1267 1211 ist
1289 1169 1350 1204 eine
1375 1164 1599 1211 gerechtfertigte
1621 1159 1765 1203 Rücksicht
1812 1158 1866 1201 auf

1033 1218 1080 1254 die
1102 1214 1286 1259 industrielle
1308 1211 1522 1252 Bevölkerung,
1547 1207 1594 1243 die
1616 1205 1670 1249 seit
1684 1206 1748 1240 dem
1764 1202 1863 1245 Erlaß

1035 1263 1086 1298 des
1109 1260 1259 1306 geltenden
1283 1255 1493 1299 Schulgesetzes
1517 1261 1573 1288 von
1597 1255 1673 1286 etwa
1695 1250 1745 1284 der
1762 1247 1867 1293 Hälfte

1036 1308 1086 1343 der
1107 1314 1216 1350 ganzen
1238 1301 1441 1343 Bevölkcnmg
1465 1299 1518 1342 auf
1538 1296 1601 1333 drei
1623 1293 1768 1331 Vierteile
1814 1302 1869 1327 an¬

1037 1350 1194 1396 gewachsen
1212 1348 1258 1391 ist.

1102 1393 1227 1439 Freilich
1250 1392 1283 1427 in
1298 1391 1399 1433 Bezug
1422 1388 1476 1431 auf
1496 1387 1541 1422 die
1563 1381 1872 1427 landwirtschaftliche

1041 1439 1246 1480 Bevölkerung
1266 1437 1318 1480 hat
1340 1435 1397 1469 das
1421 1433 1526 1476 letztere
1547 1432 1713 1472 Argument
1736 1436 1796 1463 nur
1821 1425 1871 1460 be¬

1039 1485 1140 1528 dingte
1161 1482 1308 1523 Geltung.
1333 1480 1388 1514 Da
1409 1477 1448 1519 ist
1468 1475 1515 1511 ein
1537 1474 1770 1519 Zwischenraum
1794 1470 1874 1513 nicht

1041 1528 1218 1573 vorhanden.
1261 1525 1342 1560 Man
1367 1522 1401 1566 ist
1425 1520 1500 1564 froh,
1528 1526 1611 1554 wenn
1635 1519 1690 1552 das
1713 1515 1794 1553 Kind
1819 1515 1873 1549 der

1043 1573 1153 1617 Schule
1175 1570 1315 1613 entlassen
1338 1568 1375 1611 ist
1397 1566 1459 1601 und
1481 1575 1548 1599 man
1571 1563 1666 1606 schätzt
1686 1560 1763 1605 seine
1786 1566 1875 1595 wenn

1042 1618 1111 1662 auch
1133 1627 1172 1652 an
1196 1615 1251 1659 sich
1266 1613 1334 1656 noch
1350 1610 1468 1656 geringe
1483 1607 1740 1650 Arbeitsleistung.
1782 1603 1875 1647 Wohl

1045 1663 1119 1699 kann
1144 1671 1213 1696 man
1235 1659 1330 1702 sagen,
1381 1655 1440 1697 daß
1486 1652 1587 1697 gerade
1629 1651 1691 1695 hier
1713 1648 1878 1692 vermehrte

1044 1707 1182 1749 Bildung
1206 1713 1254 1739 am
1277 1702 1386 1746 ehesten
1407 1707 1466 1734 von
1490 1700 1579 1733 nöten
1603 1698 1689 1731 wäre.
1717 1694 1797 1730 Aber
1821 1692 1878 1735 auf

1045 1752 1095 1788 der
1117 1751 1227 1786 andern
1252 1747 1341 1782 Seite
1377 1744 1449 1785 muß
1486 1752 1553 1777 man
1599 1741 1652 1775 den
1695 1737 1877 1781 vermehrten

1046 1793 1233 1837 Widerstand
1256 1793 1306 1826 der
1327 1785 1649 1830 landwirtschaftlichen
1671 1782 1877 1824 Bevölkerung

1048 1851 1135 1885 gegen
1157 1839 1221 1874 eine
1242 1846 1293 1871 um
1330 1833 1400 1877 zwei
1439 1832 1515 1867 volle
1557 1830 1653 1872 Jahre
1696 1828 1880 1870 verlängerte

1049 1883 1200 1928 Schulzeit
1223 1879 1384 1924 angesichts
1406 1878 1457 1911 der
1493 1874 1634 1917 notorisch
1678 1871 1879 1916 herrschenden

1049 1925 1368 1971 landwirtschaftlichen
1385 1920 1576 1958 Arbeiternot
1592 1917 1745 1961 begreifen.
1772 1914 1878 1956 Dieser

1053 1974 1224 2016 Erwägung
1247 1971 1301 2014 hat
1322 1968 1376 2011 sich
1398 1966 1476 2000 denn
1498 1963 1567 2007 auch
1599 1962 1644 1997 die
1686 1959 1882 2002 Kommission

1051 2016 1218 2063 zugänglich
1241 2013 1349 2058 gezeigt
1372 2011 1436 2046 und
1456 2009 1496 2053 sie
1517 2009 1567 2051 hat
1592 2007 1622 2041 in
1647 2005 1735 2049 dieser
1749 2004 1882 2049 Hinsicht

1052 2061 1277 2105 vorgeschlagen,
1325 2056 1385 2099 daß
1430 2055 1485 2089 den
1508 2048 1686 2088 Gemeinden
1708 2050 1765 2085 das
1787 2048 1881 2091 Recht

1054 2106 1175 2149 gelassen
1192 2104 1294 2144 werde,
1323 2102 1376 2136 den
1393 2097 1558 2141 Unterricht
1575 2097 1625 2131 der
1639 2095 1739 2129 beiden
1756 2092 1884 2134 obersten

1054 2151 1171 2193 Klassen
1186 2149 1227 2184 im
1240 2143 1536 2188 Sommerhalbjahre
1550 2141 1603 2183 auf
1613 2139 1659 2175 die
1670 2136 1886 2182 gegenwärtige

1056 2190 1385 2238 Ergänznngsschulzeit
1401 2198 1435 2231 zu
1453 2186 1642 2229 beschränken.
1671 2183 1785 2225 Diesem
1803 2181 1884 2216 Vor¬

1057 2239 1147 2283 schlag
1171 2240 1221 2280 hat
1244 2237 1294 2271 der
1329 2235 1523 2270 Kantmisrat
1565 2233 1654 2264 unter
1697 2225 1887 2268 einläßlicher

1058 2283 1232 2325 Diskussion
1278 2279 1333 2315 mit
1378 2276 1484 2321 großer
1507 2272 1659 2317 Mehrheit
1691 2271 1884 2316 zugestimmt.

1058 2327 1180 2372 Freilich
1203 2325 1324 2361 wurden
1347 2320 1537 2364 verschiedene
1558 2319 1691 2359 Anträge
1713 2316 1766 2358 auf
1789 2313 1887 2358 strikte

1059 2371 1289 2416 Dnrchfiihrnng
1305 2368 1352 2403 der
1368 2362 1638 2408 Achtklassenschule
1663 2360 1782 2404 gestellt.
1811 2358 1890 2394 Aber

1059 2417 1097 2459 sie
1119 2417 1222 2460 hatten
1245 2421 1304 2448 von
1327 2410 1449 2454 Anfang
1472 2419 1511 2444 an
1535 2407 1628 2448 wenig
1653 2404 1789 2448 Aussicht
1835 2402 1889 2446 auf

1060 2460 1176 2503 Erfolg.
1224 2458 1307 2493 Man
1339 2456 1422 2499 hatte
1466 2454 1525 2488 das
1567 2450 1688 2493 Gefühl,
1738 2448 1796 2490 daß
1842 2447 1892 2481 der

1060 2505 1220 2549 Präsident
1243 2503 1293 2536 der
1314 2498 1518 2540 Kommission,
1570 2496 1637 2536 „der
1675 2493 1763 2528 kleine
1786 2491 1892 2527 Mann

1060 2550 1115 2585 mit
1129 2550 1191 2584 dem
1207 2546 1317 2590 großen
1332 2544 1474 2587 Herzen",
1502 2542 1562 2575 deni
1586 2548 1655 2573 man
1677 2542 1709 2572 es
1731 2535 1887 2576 anmerkte,

1061 2594 1115 2629 wie
1137 2592 1238 2636 schwer
1260 2590 1312 2633 ihn
1341 2588 1415 2631 seine
1439 2583 1658 2627 Beschränkung
1681 2581 1792 2622 ankam,
1844 2589 1892 2622 ge¬

1061 2638 1123 2681 wiß
1165 2635 1243 2679 nicht
1289 2632 1361 2676 ohne
1405 2630 1452 2665 die
1474 2629 1566 2672 tiefste
1586 2626 1811 2670 Ueberzengung
1835 2631 1894 2658 von

1063 2682 1154 2731 seiner
1177 2675 1413 2718 Nottvcndigkeit
1436 2675 1490 2709 den
1515 2671 1639 2714 weniger
1678 2668 1893 2711 weitgehenden

1063 2724 1221 2767 Vorschlag
1242 2720 1424 2762 verteidigte.
1474 2717 1544 2752 Wir
1564 2714 1701 2757 glauben,
1749 2713 1810 2754 daß
1833 2711 1892 2745 das

1065 2769 1149 2804 weite
1171 2766 1262 2807 Maß,
1302 2764 1358 2799 das
1380 2762 1433 2805 sich
1458 2761 1490 2796 in
1513 2759 1600 2803 dieser
1623 2756 1892 2799 Grundstimmung

1066 2810 1207 2853 kundgab,
1236 2810 1299 2843 dem
1322 2805 1518 2850 Schulgesetze
1537 2813 1603 2847 zum
1624 2801 1710 2847 Heile
1729 2800 1861 2843 gereicht.

1130 2855 1190 2889 Die
1212 2850 1483 2896 Achtklassenschnle
1506 2847 1580 2890 stellt
1626 2844 1783 2887 vermehrte
1829 2842 1894 2877 An¬

1064 2899 1260 2940 forderungen
1307 2905 1344 2929 an
1390 2893 1436 2928 die
1458 2889 1696 2933 Lehrtätigkeit.
1745 2886 1819 2928 Daß
1843 2886 1893 2919 der

1064 2942 1312 2984 RegierungSrat,
1361 2936 1417 2971 tvie
1462 2944 1492 2969 er
1525 2933 1651 2973 erklärte,
1701 2928 1897 2965 unmittelbar

1065 2984 1195 3028 nachdem
1218 2983 1265 3017 die
1287 2981 1420 3023 Vorlage
1440 2986 1507 3013 vom
1545 2976 1635 3013 Volke
1680 2983 1889 3017 angenommen

1066 3029 1125 3072 sein
1171 3027 1256 3067 wird,
1307 3035 1344 3060 an
1389 3023 1434 3059 die
1481 3022 1643 3064 Erhöhung
1688 3020 1736 3053 der
1774 3017 1895 3060 Lehrer-

1067 3073 1260 3116 besoldmigen
1308 3069 1393 3112 gehen
1438 3065 1514 3107 will,
1561 3064 1592 3116 ja
1636 3063 1696 3105 daß
1717 3061 1830 3096 bereits
1852 3061 1899 3096 ein

1068 3114 1265 3155 Vorentwurf
1285 3112 1376 3147 bereit
1399 3110 1480 3153 liegt,
1532 3109 1606 3143 wird
1651 3106 1780 3149 mancher
1825 3106 1899 3148 recht

1072 3161 1133 3195 und
1148 3158 1235 3201 billig
1251 3156 1360 3200 finden.
1381 3154 1451 3190 Wir
1466 3152 1608 3196 verstehen
1623 3151 1670 3186 die
1684 3150 1899 3192 Aufbesserung

1072 3205 1103 3239 in
1127 3205 1180 3238 den
1203 3199 1505 3244 Lehrerbesoldnngen
1529 3197 1563 3231 in
1593 3196 1680 3239 erster
1722 3194 1809 3230 Linie
1853 3194 1901 3228 als

1072 3249 1135 3284 eine
1157 3245 1371 3290 Aufbesserung
1394 3243 1443 3287 für
1467 3240 1565 3283 unsere
1600 3240 1753 3283 geplagten
1798 3238 1904 3281 Lehrer

1072 3293 1127 3334 auf
1146 3292 1210 3326 dem
1232 3289 1341 3330 Lande,
1383 3287 1471 3322 deren
1492 3283 1740 3326 Arbeitsleistung
1762 3292 1798 3324 zu
1822 3282 1901 3325 ihrer

1073 3335 1205 3385 gesetzlich
1218 3333 1416 3379 festgestellten
1425 3330 1634 3375 Honorierung
1649 3327 1719 3371 (das
1732 3326 1903 3362 Minimum

1072 3383 1188 3423 betrögt
1233 3376 1411 3420 bekanntlich
1436 3376 1521 3408 1200
1543 3374 1597 3417 Fr.
1623 3372 1702 3415 nebst
1723 3372 1896 3414 Wohnung,

1074 3427 1094 3459 2
1109 3424 1226 3468 Klafter
1241 3423 1319 3467 Holz
1340 3420 1401 3455 und
1428 3421 1470 3461 '/»
1489 3418 1615 3461 Juchart
1638 3415 1849 3459 Gemüseland)
1874 3415 1908 3449 in

1072 3470 1165 3505 einem
1187 3467 1389 3510 auffallenden
1428 3460 1670 3506 Mißverhältnis
1713 3460 1798 3504 steht.
1846 3459 1908 3494 Die

1073 3523 1146 3549 neue
1168 3510 1382 3555 Schulvorlage
1407 3508 1508 3550 bringt
1553 3506 1649 3550 zudem
1696 3503 1899 3545 insbesondere

1073 3559 1130 3593 den
1149 3557 1281 3599 Lehrern
1301 3554 1354 3597 auf
1375 3555 1437 3588 dem
1454 3551 1555 3587 Lande
1568 3550 1632 3584 eine
1646 3547 1903 3593 Mehrbelastung.

1074 3603 1122 3637 Es
1144 3601 1229 3641 wird,
1280 3607 1365 3634 lvenn
1400 3597 1455 3631 das
1479 3605 1552 3631 neue
1573 3594 1666 3638 Gesetz
1690 3593 1721 3628 in
1744 3592 1835 3635 Kraft
1859 3592 1903 3634 ist,

1073 3647 1139 3682 eine
1158 3644 1255 3688 Reihe
1275 3651 1335 3678 von
1357 3640 1540 3677 Genieinden
1562 3638 1660 3682 geben,
1689 3637 1721 3672 in
1743 3637 1836 3672 denen
1858 3636 1908 3671 ein

1074 3690 1201 3734 einziger
1216 3688 1323 3732 Lehrer
1339 3684 1496 3729 tagtäglich
1520 3684 1580 3726 acht
1602 3682 1723 3724 Klassen
1746 3690 1781 3724 zu
1806 3683 1909 3716 unter¬

1074 3735 1181 3777 richten
1204 3733 1268 3777 hat.
1316 3732 1399 3766 Man
1433 3730 1486 3772 hat
1530 3728 1570 3762 im
1613 3727 1821 3762 Kantonsrate
1865 3724 1912 3759 die

1075 3776 1298 3822 Schwierigkeit
1322 3775 1431 3814 betont,
1460 3772 1546 3808 einen
1568 3769 1779 3813 Lektionsplan
1803 3769 1853 3812 für
1875 3769 1906 3811 so

1075 3822 1147 3857 viele
1191 3821 1312 3862 Klassen
1342 3817 1541 3862 aufzustellen.
1589 3815 1726 3850 Seitdem
1771 3813 1805 3853 ist
1853 3813 1911 3847 das

1075 3865 1181 3910 Rätsel
1203 3865 1291 3907 gelöst
1315 3863 1374 3898 und
1398 3861 1447 3897 ein
1469 3860 1571 3904 solcher
1586 3859 1669 3901 Plan
1686 3859 1739 3893 deu
1753 3857 1912 3892 Kanto-ns-

1076 3908 1334 3952 ratSmitgliedern
1357 3905 1506 3951 zugestellt
1528 3904 1655 3939 worden.
1702 3901 1782 3938 Aber
1826 3900 1912 3943 sicher

1077 3955 1114 3999 ist
1156 3954 1222 3991 daS.
1274 3951 1336 3995 daß
1377 3949 1423 3985 die
1468 3948 1712 3990 Anforderungen
1746 3945 1779 3980 in
1802 3945 1911 3988 solchen

1075 3999 1184 4044 Fällen
1207 3997 1261 4041 ans
1283 3996 1343 4031 das
1356 3994 1448 4039 höchst
1461 3993 1600 4037 zulässige
1615 3990 1763 4035 gesteigert
1779 3989 1905 4024 werden.

1908 1155 2074 1200 Abgesehen
2097 1153 2202 1197 hievon
2228 1150 2296 1192 liegt
2321 1148 2368 1183 ein
2392 1146 2513 1189 besserer
2529 1141 2685 1185 Ausgleich
2711 1140 2743 1175 in

1909 1201 1966 1236 den
1988 1193 2388 1243 Besoldungsvrrhältnissen
2412 1191 2451 1225 im
2475 1187 2623 1231 Interesse
2667 1185 2746 1221 einer

1911 1244 2054 1289 größeren
2070 1241 2239 1277 Stabilität
2255 1239 2304 1273 der
2320 1238 2372 1280 ans
2388 1236 2451 1270 dem
2467 1233 2567 1270 Lande
2584 1230 2748 1266 wirkenden

1911 1288 2091 1334 Lehrkräfte.
2115 1286 2214 1322 Wenn
2237 1284 2284 1318 ein
2307 1282 2461 1317 Vertreter
2483 1279 2533 1313 der
2555 1274 2750 1320 Lehrerschaft

1912 1335 1955 1369 im
1978 1334 2182 1369 Kantonsrate
2204 1327 2250 1364 die
2273 1326 2480 1372 Zusicherung,
2532 1321 2579 1357 die
2623 1329 2653 1356 er
2675 1327 2742 1354 vom

1912 1378 2169 1422 Regierungsrate
2183 1373 2344 1415 verlangte,
2371 1371 2405 1405 in
2427 1368 2528 1411 diesein
2552 1366 2656 1402 Sinne
2686 1372 2750 1398 ver¬

1914 1423 2036 1466 standen
2059 1421 2118 1464 hat,
2147 1419 2177 1462 so
2200 1418 2275 1454 wird
2297 1416 2466 1461 jedermann
2491 1412 2550 1455 ihm
2574 1408 2752 1455 beistimmen

1915 1468 2041 1504 können.

2102 1574 2576 1650 Kidgeuoffmschasi.

1975 1677 2007 1682 —
2045 1660 2095 1692 Die
2112 1659 2247 1690 beiden
2265 1654 2508 1687 Anarchisten,
2527 1652 2601 1681 deren
2620 1648 2704 1686 jüngst
2721 1655 2758 1678 er¬

1919 1702 1999 1737 folgte
2029 1699 2200 1734 Ausweisung
2230 1697 2278 1726 wir
2306 1695 2439 1731 gemeldet,
2467 1692 2556 1727 heißen
2592 1687 2757 1723 Bossoni

1922 1740 2060 1773 Giovanni
2093 1747 2145 1769 von
2181 1737 2326 1770 Stradella,
2362 1734 2417 1771 gcb.
2454 1735 2530 1768 1375,
2561 1731 2682 1765 Maurer,
2705 1727 2760 1758 und

1921 1782 1951 1812 S
1966 1785 1977 1811 t
1986 1789 1999 1810 o
2010 1789 2023 1810 c
2034 1780 2059 1816 ch
2067 1780 2075 1809 i
2092 1779 2205 1810 Vittorio
2223 1785 2276 1807 von
2292 1776 2441 1811 Lesignano,
2459 1772 2571 1808 Italien,
2598 1770 2654 1807 geb.
2684 1771 2760 1799 1880,

1924 1822 2049 1852 Maurer.
2083 1820 2146 1849 DaS
2164 1817 2340 1849 Bundesblatt
2358 1814 2448 1845 meldet
2467 1813 2529 1846 diese
2558 1810 2680 1846 Namen;
2709 1809 2762 1844 jetzt

1923 1861 1990 1892 wird
2008 1860 2047 1890 die
2066 1858 2175 1895 Neugier
2193 1859 2236 1887 der
2255 1853 2532 1892 sozialdemokratischen
2551 1851 2655 1882 Blätter
2670 1848 2761 1885 gestillt

1927 1902 1988 1937 sein,
2017 1901 2058 1930 die
2087 1898 2183 1933 schrien,
2211 1896 2307 1933 „man"
2320 1903 2401 1925 nenne
2433 1892 2494 1929 nicht
2512 1891 2608 1922 einmal
2635 1889 2706 1926 mehr
2722 1888 2762 1919 die

1929 1942 2034 1973 Namen
2055 1940 2140 1976 solcher
2159 1937 2376 1974 Ausgewiescnen.

2162 2023 2464 2091 Kanton
2484 2033 2521 2076 e.

2280 2099 2427 2144 Zürich.

1991 2149 2007 2167 *
2025 2147 2227 2181 Statthalt
2241 2145 2276 2175 e'r
2291 2144 2413 2179 Jakob
2431 2141 2551 2172 Meier
2578 2140 2607 2169 in
2624 2139 2722 2174 Bulach
2740 2138 2770 2173 ist

1930 2190 2035 2226 Freüag
2053 2188 2138 2222 nachts
2158 2187 2216 2222 halb
2238 2188 2272 2213 12
2287 2184 2342 2218 Uhr
2360 2185 2403 2214 der
2422 2183 2539 2216 schweren
2556 2180 2698 2215 Krankheit,
2718 2187 2769 2209 von

1930 2235 1976 2260 der
1992 2230 2031 2258 die
2052 2228 2105 2264 „R.
2118 2227 2153 2263 Z.
2171 2227 2220 2262 Z."
2242 2225 2371 2261 gemeldet,
2389 2223 2495 2258 erlegen.
2530 2220 2618 2251 Meier
2648 2228 2701 2249 war
2727 2227 2771 2248 am

1936 2273 1981 2299 80.
1998 2268 2142 2299 November
2164 2270 2225 2295 1831
2249 2266 2356 2301 geboren
2373 2264 2427 2293 und
2445 2261 2571 2292 bekleidete
2602 2260 2651 2290 das
2681 2260 2771 2290 Statt-

1932 2311 2074 2344 haltcramt
2090 2308 2133 2343 seit
2150 2306 2215 2337 Mai
2234 2308 2310 2336 1880.

2227 2348 2475 2388 Schaffhansen.

2004 2397 2156 2442 (r.-Kor.)
2204 2397 2281 2441 Herr
2301 2393 2430 2440 Frevler
2450 2393 2502 2436 hat
2527 2390 2634 2427 wieder
2666 2389 2776 2425 einmal

1934 2444 1986 2479 als
2008 2443 2096 2487 Hecht
2119 2445 2213 2477 etwas
2236 2440 2408 2482 Bewegung
2434 2438 2463 2472 in
2481 2436 2587 2480 unfern
2603 2434 2771 2479 politischen

1933 2486 2136 2531 Karpfenteich
2160 2485 2301 2528 gebracht.
2352 2484 2395 2518 Er
2419 2480 2491 2525 griff
2514 2481 2577 2515 eine
2622 2479 2768 2523 städtische

1935 2534 2033 2577 Frage
2058 2531 2119 2574 auf,
2161 2540 2213 2564 um
2251 2529 2302 2572 sich
2325 2528 2375 2562 als
2398 2528 2494 2570 Hüter
2517 2525 2567 2560 der
2590 2523 2775 2567 Volksrechte

1935 2575 2143 2619 aufznspielen.
2170 2573 2313 2617 Nachdem
2341 2572 2386 2606 die
2413 2570 2512 2605 Stadt
2529 2580 2564 2613 zu
2581 2569 2630 2603 der
2646 2567 2775 2611 Wasser¬

1935 2621 2114 2663 versorgung
2146 2618 2202 2662 hin
2233 2618 2282 2652 ein
2326 2613 2608 2659 Elektrizitätswerk
2653 2612 2770 2654 erstellt,

1937 2666 1995 2699 das
2018 2664 2161 2699 Gastverk
2184 2661 2247 2697 und
2269 2662 2313 2696 die
2336 2660 2542 2703 Wasserwerke
2586 2658 2626 2691 im
2673 2655 2772 2700 Rhein

1938 2708 2091 2743 erworben
2114 2707 2196 2751 -hat,
2244 2705 2383 2747 bedürfen
2427 2702 2499 2746 diese
2544 2701 2646 2737 Werke
2690 2700 2772 2735 einer

1940 2751 2117 2795 definitiven
2148 2748 2378 2793 Organisation.
2428 2747 2505 2790 Nach
2545 2747 2609 2780 dem
2647 2743 2776 2779 Vorbild

1941 2797 2066 2832 anderer
2077 2794 2332 2839 Schweizerstädte
2344 2792 2438 2835 stellte
2451 2800 2521 2826 man
2536 2791 2600 2825 eine
2614 2788 2781 2833 gesonderte

1940 2840 2140 2882 Verwaltung
2166 2842 2254 2873 unter
2278 2838 2326 2872 der
2350 2834 2554 2879 Oberaufsicht
2578 2834 2628 2868 des
2664 2833 2778 2868 Stadt¬

1939 2887 2025 2918 rates
2036 2884 2100 2918 und
2107 2884 2157 2917 der
2167 2881 2298 2924 Aufsicht
2312 2880 2393 2916 einer
2408 2879 2567 2922 besondern
2581 2876 2778 2920 Kommission

1939 2927 2005 2970 auf.
2054 2927 2106 2962 Da
2128 2925 2174 2961 die
2197 2923 2464 2967 Stadtverfassung
2488 2923 2542 2956 den
2587 2921 2683 2962 Erlaß
2716 2927 2775 2955 von

1939 2970 2177 3013 Verordnungen
2200 2968 2386 3011 allgemeiner
2408 2967 2512 3002 Natur
2544 2965 2608 3000 deni
2653 2963 2777 3008 Großen

1940 3015 2093 3051 Stadtrat
2122 3013 2303 3053 überbindet,
2354 3011 2384 3054 so
2430 3009 2549 3054 glaubte
2594 3008 2684 3053 dieser
2729 3007 2776 3044 die

1941 3059 2096 3103 definitive
2116 3058 2292 3101 Kompetenz
2313 3066 2380 3100 zum
2402 3054 2499 3097 Erlaß
2544 3053 2625 3088 einer
2669 3052 2778 3096 solchen

1943 3104 2142 3145 Verordnung
2181 3112 2215 3145 zu
2253 3101 2381 3144 besitzen.
2430 3098 2531 3134 Allein
2555 3098 2632 3143 Herr
2655 3097 2779 3140 Freuler

1944 3148 2070 3183 erklärte
2085 3146 2202 3180 Rekurs
2218 3155 2256 3180 an
2272 3145 2317 3180 die
2330 3142 2505 3186 Regierung
2528 3143 2590 3177 und
2614 3142 2775 3185 verlangte,

1946 3192 2006 3233 daß
2029 3191 2077 3225 die
2092 3190 2290 3232 Verordnung
2310 3189 2361 3224 der
2378 3186 2706 3230 Einwohnergemeinde
2728 3195 2782 3230 zur

1947 3236 2154 3279 Abstinlmung
2179 3234 2323 3277 vorgelegt
2347 3232 2452 3267 werde.
2486 3232 2552 3266 Ter
2574 3229 2781 3273 Regierungs-

1949 3283 2000 3315 rat
2023 3280 2059 3322 ist
2082 3289 2143 3314 nun
2166 3278 2259 3313 einem
2281 3276 2481 3320 prinzipiellen
2504 3274 2672 3317 Entscheide
2708 3278 2783 3309 aus-

1948 3324 2091 3368 gewichen
2114 3323 2174 3358 und
2198 3323 2248 3365 hat
2272 3322 2401 3362 erkannt,
2429 3318 2487 3362 daß
2509 3319 2556 3355 die
2578 3318 2778 3361 Verordnung

1949 3371 2003 3404 als
2023 3366 2226 3411 provisorische
2246 3365 2411 3409 genehmigt
2435 3363 2539 3399 werde.
2573 3364 2630 3402 Im
2653 3362 2784 3406 Hinblick

1949 3413 2006 3456 auf
2027 3413 2075 3447 die
2096 3411 2310 3454 bevorstehende
2332 3409 2543 3451 Erweiterung
2566 3407 2615 3442 der
2653 3406 2784 3449 Wasser¬

1950 3457 2049 3498 werke,
2100 3456 2153 3491 den
2176 3456 2247 3491 Ban
2271 3454 2353 3490 eines
2376 3454 2491 3489 TramS
2512 3451 2583 3496 nach
2606 3450 2784 3495 Neuhansen

1951 3512 1983 3538 u.
2012 3502 2032 3544 s.
2061 3508 2100 3536 w.
2125 3500 2163 3544 sei
2187 3499 2343 3544 jedenfalls
2367 3498 2399 3533 in
2433 3496 2529 3540 wenig
2566 3496 2685 3539 Jahren
2722 3504 2788 3530 eine

1950 3545 2058 3581 andere
2082 3544 2300 3588 Organisation
2321 3542 2419 3585 nötig.
2467 3541 2546 3581 Jene
2583 3543 2664 3575 wäre
2707 3539 2790 3575 dann

1952 3591 2016 3625 den,
2040 3588 2191 3633 Entscheid
2214 3589 2264 3623 der
2288 3586 2447 3623 Gemeinde
2470 3595 2504 3630 zu
2528 3584 2726 3628 unterstellen.

2019 3635 2086 3678 Für
2100 3631 2339 3678 Fernerstehendc
2355 3632 2436 3666 wäre
2450 3635 2483 3665 es
2498 3639 2563 3665 nun
2578 3627 2782 3671 unerfindlich,

1953 3677 2011 3714 wie
2033 3682 2093 3713 aus
2115 3678 2194 3713 einer
2216 3677 2321 3719 solchen
2345 3675 2409 3710 rein
2433 3674 2584 3717 formellen
2598 3673 2789 3715 Kompetenz¬

1953 3723 2036 3766 frage
2058 3722 2107 3757 ein
2129 3722 2272 3765 lebhafter
2294 3716 2622 3761 Meinungsaustausch
2643 3715 2789 3759 entstehen

1955 3768 2071 3802 könnte.
2119 3765 2220 3801 Allein
2243 3765 2306 3808 hier
2326 3763 2447 3806 mische»
2482 3761 2535 3813 sich
2580 3760 2650 3796 eben
2694 3758 2789 3804 sofort

1953 3811 2209 3855 Personeuftagen
2232 3809 2265 3844 in
2288 3809 2333 3843 die
2355 3805 2533 3849 Diskussion
2555 3804 2605 3840 ein
2651 3803 2711 3840 und
2758 3803 2791 3847 so

1954 3854 2104 3898 entbehrte
2125 3854 2175 3889 der
2197 3852 2314 3895 Kampf,
2365 3851 2414 3885 der
2447 3850 2514 3893 auch
2537 3849 2571 3884 in
2594 3849 2649 3884 den
2673 3849 2790 3892 Tages¬

1953 3899 2088 3934 blättern
2111 3896 2376 3940 wcitergesponuen
2399 3895 2509 3935 wurde,
2537 3893 2616 3937 nicht
2639 3892 2718 3928 einer
2741 3902 2791 3936 ge¬

1955 3942 2056 3985 wissen
2082 3942 2166 3986 Hitze.
2217 3941 2275 3976 Um
2299 3939 2370 3975 viele
2394 3938 2517 3982 Wochen
2541 3938 2578 3981 ist
2622 3947 2688 3973 nun
2732 3936 2791 3972 das

1954 3986 2174 4030 Inkrafttreten
2213 3986 2262 4020 der
2300 3993 2393 4020 neuen
2415 3980 2635 4027 Organisation
2659 3981 2773 4025 hinaus
2780 3996 2792 4009 -

2791 1139 2948 1183 geschoben.
2975 1138 3022 1172 Es
3043 1136 3081 1179 ist
3104 1144 3164 1170 nur
3186 1143 3222 1177 zn
3243 1131 3353 1176 hoffen,
3383 1129 3440 1170 daß
3465 1131 3525 1163 aus
3539 1125 3629 1169 dieser

2791 1184 2999 1227 Verzögerung
3019 1181 3067 1225 für
3092 1180 3147 1215 das
3171 1175 3361 1220 Wasserwerk
3387 1173 3446 1209 kein
3495 1170 3630 1215 Nachteil

2793 1227 2924 1271 entstehe.
2950 1226 3040 1261 Denn
3063 1225 3112 1259 der
3127 1223 3245 1259 Umbau
3267 1222 3320 1256 der
3342 1228 3406 1255 nun
3430 1218 3484 1259 seit
3507 1215 3623 1260 dreißig

2794 1272 2911 1313 Jahren
2924 1268 3103 1314 bestehenden
3115 1263 3481 1311 Drahtseiltransmission
3506 1262 3539 1297 in
3561 1260 3627 1295 eine

2796 1315 2948 1358 elektrische
2971 1314 3008 1356 ist
3030 1321 3088 1348 von
3120 1312 3174 1347 den
3213 1311 3359 1353 Experten
3400 1307 3513 1351 (Herrn
3536 1305 3626 1348 Prof.

2797 1359 2931 1406 Zschokke
2953 1358 3016 1394 und
3037 1356 3180 1399 Denzler)
3228 1354 3275 1388 als
3298 1351 3391 1395 höchst
3413 1350 3554 1394 dringlich
3577 1349 3625 1383 be¬

2797 1405 2918 1450 zeichnet
2942 1402 3070 1438 worden.
3098 1398 3273 1445 Hoffentlich
3299 1396 3374 1432 wird
3398 1405 3460 1430 nun
3483 1396 3533 1428 der
3554 1394 3630 1429 Um¬

2799 1450 2859 1485 bau
2879 1467 2923 1475 —
2946 1445 3166 1490 Organisation
3188 1443 3250 1488 hin,
3278 1438 3500 1484 Organisation
3523 1438 3573 1482 her
3591 1457 3629 1463 —

2800 1492 2965 1539 schleunigst
2988 1492 3151 1535 begonnen.

3026 1540 3234 1587 Appenzell
3256 1538 3403 1577 A.-Rh.

2861 1595 2909 1636 (A
2923 1595 3006 1627 Ron.
3026 1602 3086 1626 vom
3107 1593 3155 1623 23.
3174 1589 3293 1629 Februar
3315 1593 3366 1619 aus
3388 1585 3533 1628 Herisau.)
3573 1584 3637 1616 Wir

2803 1637 2951 1678 Herisauer
2982 1634 3039 1672 sind
3057 1632 3106 1666 mit
3141 1630 3241 1663 andern
3258 1629 3354 1662 Leuten
3375 1628 3405 1659 in
3424 1626 3468 1658 der
3486 1624 3638 1665 Ostschwciz

2806 1675 2981 1718 gegenwärtig
2993 1674 3084 1705 mitten
3096 1673 3123 1704 in
3136 1670 3163 1705 E
3174 1672 3204 1708 is
3215 1680 3226 1702 e
3237 1669 3281 1701 ub
3294 1679 3310 1701 a
3321 1668 3337 1708 h
3349 1678 3366 1699 n
3379 1667 3416 1698 be
3428 1665 3638 1704 strebnngen

2804 1718 2874 1749 drin.
2915 1715 2972 1747 Die
2992 1711 3233 1754 Appenzcllerbahn
3252 1708 3309 1740 will
3329 1712 3394 1746 uns,
3428 1706 3494 1746 ohne
3528 1705 3582 1743 daß
3600 1703 3640 1734 die

2809 1755 2953 1789 Gemeinde
2972 1754 3046 1787 einen
3056 1753 3171 1792 Rappen
3192 1760 3224 1791 zu
3244 1748 3364 1789 bezahlen
3386 1747 3464 1787 hätte,
3476 1746 3532 1777 eine
3550 1743 3641 1775 direkte

2806 1794 3046 1836 Schmalspurlinie
3065 1794 3127 1832 nach
3149 1792 3203 1824 St.
3214 1790 3316 1824 Gallen
3337 1788 3432 1820 bauen.
3462 1785 3520 1819 Die
3540 1783 3641 1824 Finan¬

2806 1838 2910 1877 zierung
2941 1836 2986 1867 des
3009 1833 3143 1873 Projektes
3165 1832 3214 1863 mit
3245 1830 3329 1867 seinen
3351 1829 3403 1859 1'.'-
3424 1826 3571 1858 Millionen
3593 1824 3640 1862 Fr.

2808 1876 2955 1912 Baukosten
2976 1874 3009 1913 ist
3029 1874 3099 1913 schon
3118 1872 3204 1912 einige
3222 1870 3282 1910 Zeit
3304 1869 3433 1907 kamplet;
3463 1865 3504 1897 die
3535 1864 3640 1904 endgül¬

2808 1917 2876 1957 tigen
2897 1916 2985 1954 Pläne
3006 1914 3058 1946 und
3079 1913 3155 1944 deren
3176 1910 3384 1950 Genehmigung
3404 1906 3479 1946 durch
3499 1906 3547 1936 den
3560 1904 3640 1937 Bun-

2807 1957 2897 1989 deSrat
2917 1954 3020 1987 werden
3038 1953 3106 1993 nicht
3122 1951 3197 1992 mehr
3216 1952 3294 1991 lange
3315 1949 3363 1987 auf
3382 1948 3427 1986 sich
3447 1949 3548 1978 warten
3561 1944 3642 1982 lassen

2810 1997 2863 2028 und
2881 1995 2954 2027 dann
2974 1996 3042 2027 kann
3061 1994 3112 2025 mit
3129 1992 3187 2024 dem
3201 1990 3264 2023 Bau
3284 1990 3421 2029 begonnen
3441 1985 3552 2018 werden.
3573 1983 3641 2016 DaS

2811 2038 2879 2067 wäre
2899 2035 2954 2067 Nr.
2974 2035 2990 2064 1
3013 2034 3056 2065 der
3076 2031 3248 2072 schwebenden
3266 2030 3396 2068 Projekte.

2871 2075 2960 2108 Dann
2978 2074 3062 2114 liegen
3093 2073 3143 2104 wir
3174 2069 3329 2107 bekanntlich
3351 2068 3410 2106 auch
3432 2077 3465 2098 an
3486 2066 3531 2097 der
3550 2065 3644 2105 projek-
3671 2093 3675 2097 ,

2814 2116 2904 2147 tirrten
2925 2114 2997 2147 Linie
3032 2110 3221 2149 Normalbahn
3241 2108 3439 2147 Romanshorn
3449 2120 3459 2133 -
3470 2106 3523 2138 St.
3535 2103 3645 2138 Gallen-

2816 2151 3192 2192 Waltwil-Riken-Zürichsec.
3214 2149 3280 2182 DaS
3304 2148 3334 2184 ist
3342 2147 3448 2186 Projekt
3459 2144 3513 2177 Nr.
3521 2147 3549 2183 2,
3568 2144 3648 2182 dessen

2815 2194 2999 2235 Ausführung
3020 2193 3122 2231 unserer
3143 2191 3272 2230 gesamten
3293 2187 3478 2225 Bevölkerung
3512 2184 3648 2224 ungemein

2819 2246 2862 2267 am
2882 2235 2982 2276 Herzen
3005 2234 3075 2274 liegt,
3111 2228 3165 2263 und
3199 2230 3283 2267 wofür
3318 2228 3360 2259 ein
3380 2236 3447 2268 ganz
3467 2224 3651 2265 beträchtliches

2818 2276 2904 2315 Opfer
2925 2284 2957 2314 zu
2977 2273 3087 2312 bringen
3108 2271 3147 2303 die
3178 2268 3322 2304 Gemeinde
3342 2267 3421 2299 bereit
3440 2266 3491 2305 ist;
3530 2263 3652 2305 zweifels¬

2820 2315 2883 2353 ohne
2903 2314 2970 2346 wird
2991 2314 3025 2351 sie
3044 2322 3071 2344 in
3093 2310 3268 2350 allernächster
3287 2307 3349 2348 Zeit
3368 2307 3435 2347 dazu
3455 2307 3579 2342 kommen,
3590 2303 3653 2336 über

2820 2355 2859 2387 die
2879 2354 2956 2395 Höhe
2986 2353 3035 2384 deS
3066 2362 3099 2392 zu
3131 2350 3267 2388 leistenden
3300 2347 3435 2388 Betrages
3467 2344 3595 2384 Beschluß
3624 2352 3653 2375 »u

2822 2396 2908 2434 fassen.
2951 2393 2993 2427 ES
3016 2400 3115 2424 weisen
3135 2391 3197 2423 aber
3230 2399 3279 2420 von
3316 2387 3388 2427 mehr
3422 2387 3465 2418 als
3486 2385 3556 2416 einer
3574 2385 3654 2415 Sette

2822 2436 2901 2474 (nicht
2922 2444 2974 2466 von
2995 2433 3123 2473 Herisau,
3137 2429 3279 2468 natürlich)
3290 2428 3511 2467 Anstrenguugeii
3533 2424 3652 2464 gemacht,

2822 2476 2901 2513 dieses
2934 2468 3376 2511 Bodensec-Zürichscebahnprojekt
3405 2476 3436 2506 zu
3468 2463 3654 2505 hintertrciben

2819 2515 2873 2546 und
2892 2513 3006 2552 dasselbe
3029 2514 3071 2544 als
3094 2511 3176 2549 völlig
3199 2509 3372 2548 aussichtslos
3394 2504 3569 2547 hiuzustcllen.
3593 2503 3654 2535 Der

2820 2555 2913 2591 Stein,
2950 2552 3051 2591 welcher
3080 2551 3139 2583 dem
3159 2542 3189 2582 in
3209 2549 3254 2588 sich
3286 2547 3361 2585 selbst
3396 2545 3542 2584 allerdings
3574 2544 3656 2584 große

2821 2593 3051 2634 Schwierigkeiten
3089 2590 3232 2631 bergenden
3253 2587 3447 2626 Unternehmen
3466 2585 3496 2616 in
3516 2585 3564 2615 den
3585 2583 3655 2623 Weg

2822 2635 2929 2675 gewälzt
2962 2633 3059 2675 wurde,
3098 2639 3156 2663 war
3189 2630 3242 2661 daS
3266 2627 3375 2666 Projekt
3394 2622 3658 2664 Flawil-Bütschwil,

2822 2674 2948 2709 ebenfalls
2969 2672 3024 2704 eine
3035 2669 3233 2708 Normalbahn,
3253 2668 3341 2706 welche
3361 2667 3416 2698 eine
3436 2668 3552 2696 etwas
3571 2663 3659 2701 bessere

2825 2713 2999 2752 Verbindung
3008 2712 3056 2743 deS
3065 2710 3266 2751 ToggenburgS
3275 2708 3328 2739 mit
3336 2706 3380 2738 der
3391 2705 3479 2738 Stadt
3494 2705 3549 2736 St.
3558 2697 3659 2737 Gallen

2826 2755 2869 2785 als
2890 2753 2980 2792 bisher
3000 2751 3130 2800 Herstellen
3163 2749 3218 2781 und
3240 2758 3286 2780 vor
3314 2748 3392 2780 allem
3413 2746 3463 2777 viel
3481 2744 3586 2784 billiger
3606 2743 3658 2780 sein

2825 2793 2921 2830 würde,
2943 2794 2987 2824 als
3007 2790 3049 2823 die
3067 2792 3167 2831 kürzere
3198 2788 3263 2820 über
3279 2787 3404 2828 Herisau
3436 2783 3548 2826 gehende
3565 2782 3659 2823 Linie;

2825 2834 2888 2872 diese
2906 2829 3233 2871 Flawil-Bütschwilbahn
3254 2828 3324 2867 hätte
3345 2827 3411 2864 nicht
3431 2826 3480 2857 viel
3501 2823 3573 2864 mehr
3614 2824 3657 2854 als

2824 2874 2904 2905 lokale
2922 2872 3091 2910 Bedeutung.
3126 2869 3194 2902 Das
3215 2869 3284 2900 wäre
3304 2866 3413 2905 Projekt
3433 2864 3487 2896 Nr.
3506 2865 3535 2902 3,
3556 2862 3660 2903 welches

2824 2916 2878 2944 uns
2910 2912 3060 2952 HeriSauer
3092 2909 3235 2948 ebenfalls,
3271 2907 3334 2938 aber
3361 2916 3388 2937 in
3425 2904 3479 2944 sehr
3513 2902 3659 2943 negativem

2823 2952 2917 2984 Sinne
2938 2951 3054 2990 berührt.

2881 2990 2940 3023 Und
2971 2999 3028 3022 nun
3061 2989 3091 3028 ist
3126 2987 3324 3026 allcrneuestms
3359 2985 3420 3024 noch
3441 2984 3548 3023 Projekt
3568 2982 3624 3014 Nr.
3643 2981 3661 3012 4

2825 3030 2995 3071 aufgetaucht,
3016 3029 3128 3067 nämlich
3137 3028 3255 3060 Ausbau
3273 3026 3318 3058 der
3330 3024 3546 3064 schmalspurigen
3557 3022 3662 3062 Appcn-

2825 3070 2968 3110 zellcrbahn
3002 3070 3064 3109 nach
3098 3067 3268 3105 Südwcsten,
3299 3066 3328 3097 d.
3349 3065 3377 3105 h.
3409 3064 3590 3104 Abzweigung
3622 3062 3665 3094 der

2824 3109 2896 3143 Linie
2920 3104 3467 3150 Winkeln-HeriSau-Urnäsch-Appenzell,
3501 3103 3578 3141 bezw.
3616 3101 3666 3134 Er¬

2826 3150 2935 3190 stellung
2957 3150 3028 3181 einer
3047 3158 3129 3180 neuen
3147 3147 3222 3181 Linie
3243 3155 3294 3178 von
3316 3145 3362 3177 der
3382 3144 3501 3177 Station
3524 3141 3667 3180 Waldstatt

2828 3196 2881 3222 ans
2919 3190 2982 3229 nach
3022 3189 3079 3220 dem
3114 3186 3305 3228 Toggenburg,
3347 3185 3411 3216 über
3445 3180 3667 3223 Schönengrund,

2828 3230 2965 3269 Peterzell,
2985 3228 3149 3261 Brunadern
3172 3228 3235 3265 nach
3256 3224 3418 3265 Lichtensteig
3446 3223 3506 3255 oder
3526 3222 3667 3255 Wattwil:

2828 3270 2882 3301 das
2902 3271 2974 3300 wäre
2994 3269 3050 3306 also
3071 3266 3281 3307 schmalspuriger
3291 3265 3425 3304 Anschluß
3446 3273 3480 3295 an
3494 3262 3535 3294 die
3545 3261 3668 3301 Toggen-

2829 3308 2994 3350 burgerbahn
3016 3307 3071 3339 und
3090 3307 3219 3339 eventuell
3237 3305 3405 3342 Rikcnbahn.
3445 3302 3519 3335 Dies
3531 3312 3567 3334 an
3578 3300 3667 3333 Stelle

2828 3349 2873 3381 der
2912 3347 3100 3388 Rorinalbahn
3143 3346 3196 3380 St.
3231 3340 3666 3385 Gallen-HeriSau-DegerShcim-

2833 3389 2968 3427 Wattwil,
2988 3388 3074 3427 welche
3094 3388 3134 3417 14
3152 3386 3301 3418 Millionen
3322 3384 3406 3422 kosten
3435 3381 3513 3421 wird,
3542 3379 3667 3421 während

2832 3429 2877 3460 der
2895 3427 2962 3461 Bau
2982 3427 3025 3460 der
3047 3424 3293 3473 Schmalspurbahn
3314 3433 3368 3457 von
3382 3422 3529 3460 Waldstatt
3549 3425 3601 3453 au?
3623 3419 3669 3460 auf

2833 3478 2888 3500 nur
2905 3469 2924 3497 4
2945 3467 3092 3500 Millionen
3110 3466 3228 3504 devisiert
3262 3465 3293 3503 ist
3323 3473 3376 3495 von
3396 3461 3548 3503 Ingenieur
3568 3454 3670 3494 Ritter-

2835 3508 2924 3549 Egger
2945 3508 2975 3539 in
2995 3507 3098 3547 Zürich,
3128 3507 3230 3545 welcher
3251 3505 3385 3544 Sonntag
3415 3503 3463 3534 den
3485 3503 3532 3532 IS.
3553 3500 3671 3539 Februar

2835 3558 2885 3580 vor
2915 3548 2987 3580 einer
3019 3548 3077 3578 400
3097 3547 3195 3579 Mann
3228 3544 3369 3586 zählenden
3402 3543 3608 3580 Versammlung
3642 3541 3670 3573 in

2837 3587 3051 3629 Schönengrund
3085 3587 3148 3619 über
3180 3586 3263 3625 diese»
3283 3583 3556 3624 Schmalspurprojckt
3588 3580 3672 3621 sprach

2835 3628 2890 3659 und
2908 3632 2938 3659 eS
2962 3637 3009 3669 zur
3029 3626 3211 3667 Ausführung
3245 3624 3370 3664 enrpfahl.
3409 3623 3480 3661 Auch
3504 3622 3555 3653 mit
3583 3620 3673 3658 diese«

2836 3667 2941 3707 Projekt
2963 3667 3062 3699 können
3086 3667 3138 3698 wir
3156 3666 3304 3706 HeriSaucr
3340 3663 3400 3702 noch
3434 3662 3498 3699 nicht
3530 3659 3671 3700 sympathi¬

2834 3707 2921 3744 sieren,
2942 3706 2971 3745 so
2989 3707 3069 3746 lange
3086 3715 3142 3737 nur
3160 3705 3223 3741 noch
3243 3704 3284 3735 ein
3303 3702 3388 3735 Atom
3409 3711 3461 3733 von
3472 3700 3592 3739 Aussicht
3613 3708 3673 3732 vor¬

2835 3746 2935 3783 handen
2958 3744 2989 3784 ist
3009 3746 3054 3783 für
3073 3743 3294 3784 Verwirklichung
3314 3742 3361 3774 der
3379 3740 3585 3782 durchgehenden
3598 3738 3673 3772 Linie

2835 3785 3099 3825 RomanShorn-St.
3121 3781 3478 3822 Gallen-Wattwil-Riken;
3501 3780 3572 3812 denn
3590 3784 3621 3810 es
3642 3778 3673 3818 ist

2837 3826 2881 3864 für
2901 3830 2956 3858 un»
2981 3824 3024 3857 bis
3060 3835 3089 3866 zu
3124 3825 3207 3857 einem
3241 3822 3360 3863 gewisse»
3380 3821 3474 3855 Grade
3492 3819 3674 3860 Lebensfrage,

2836 3875 2910 3897 wenn
2932 3864 3026 3898 immer
3056 3864 3164 3905 möglich
3196 3863 3291 3903 endlich
3320 3862 3419 3894 einmal
3440 3871 3475 3892 an
3496 3859 3551 3892 eine
3573 3858 3674 3891 Nor¬

2838 3906 2911 3938 mal
2922 3905 2993 3946 bahn
3027 3915 3061 3946 zu
3089 3906 3173 3945 liegen
3206 3914 3238 3945 zu
3257 3903 3384 3935 kommen.
3425 3901 3481 3933 Die
3501 3900 3676 3939 Schmalspur

2838 3946 2931 3978 kennen
2967 3945 3017 3977 wir
3052 3955 3106 3978 nun
3142 3944 3187 3984 seit
3218 3943 3279 3976 bald
3298 3943 3383 3975 einem
3403 3939 3675 3980 Vierteljahrhundert

2839 3985 2894 4017 und
2925 3986 3040 4026 möchten
3072 3984 3151 4025 daher
3185 3983 3284 4016 einmal
3314 3986 3401 4015 etwa»
3429 3980 3549 4020 Bessere»
3582 3978 3677 4019 haben.

233 4182 247 4208 ,
468 4143 771 4218 Imilleton.

539 4258 692 4291 euttft.

245 4309 304 4341 Der
320 4308 454 4345 Reisende,
475 4308 582 4342 welcher
600 4306 645 4341 sich
663 4304 726 4339 heut
752 4310 782 4338 zu
812 4300 886 4336 Tage
917 4298 964 4329 den
994 4297 1037 4327 be¬

195 4347 361 4379 deutenderen
380 4348 502 4380 Städten
521 4344 716 4380 Deutschlands
734 4342 835 4377 nähert,
871 4338 962 4374 findeh
984 4337 1040 4372 daß

194 4388 225 4423 sic
241 4389 291 4421 auf
309 4389 359 4419 den
376 4390 457 4424 ersten
474 4387 548 4419 Blick
565 4385 689 4418 einander
725 4382 780 4418 sehr
797 4380 908 4418 gleichen
926 4394 961 4400 —
979 4375 1040 4410 thut

192 4427 249 4463 doch
267 4429 309 4459 die
328 4429 452 4460 moderne
465 4427 568 4460 Kultur
580 4423 779 4458 unaufhaltsam
788 4422 832 4456 Ihr
840 4417 1039 4450 nivellierende»

190 4468 277 4498 Werk!
298 4468 360 4498 Wir
377 4468 487 4505 müssen,
507 4468 589 4497 bevor
608 4466 658 4495 wir
670 4471 700 4499 zu
713 4463 774 4492 dem
786 4462 858 4493 Kern
878 4460 923 4490 der
937 4457 1039 4488 Städte

188 4509 324 4545 gelangen,
348 4507 560 4538 Arbeiterviertel
592 4502 794 4538 durchwandcm
832 4500 883 4530 mit
918 4496 1039 4533 himmel¬

187 4548 278 4584 hohen,
302 4548 448 4582 unschönen
466 4547 595 4583 Häusern,
618 4544 658 4574 die
677 4540 849 4575 charakterlos
891 4538 944 4569 und
964 4538 1038 4573 lang¬

186 4588 274 4624 weilig
295 4588 421 4618 einander
438 4587 579 4623 angähnen
599 4599 634 4605 —
650 4582 714 4613 oder
726 4589 791 4611 man
804 4579 868 4614 sicht
881 4578 922 4609 die
935 4578 1040 4608 Städte

184 4628 317 4665 umgeben
336 4636 390 4658 von
410 4627 515 4661 schönen
535 4623 625 4655 Villen
644 4622 697 4652 mit
714 4620 826 4655 Gärten,
848 4627 901 4649 von
919 4617 1040 4653 hübschen

183 4667 393 4702 Wohnhäusern
413 4667 452 4696 im
469 4665 549 4696 Sttel
567 4664 633 4695 aller
649 4660 857 4697 Jahrhunderte.
891 4657 986 4694 Selbst
1000 4657 1040 4687 hn

183 4708 298 4744 Innern
318 4707 365 4737 der
385 4706 488 4737 Städte
507 4704 599 4739 mußte
635 4702 687 4732 das
726 4697 962 4734 Charakteristische
997 4695 1041 4727 der

183 4748 258 4778 alten
297 4746 414 4777 Bauem
450 4746 497 4776 der
545 4743 658 4778 weniger
693 4738 857 4774 malerischen
904 4737 1042 4772 Ordnung

182 4787 305 4822 weichen.
328 4801 365 4806 —
383 4785 470 4820 Erker,
513 4780 769 4815 Kcllcrvorsprünge.
807 4777 889 4809 «eine
924 4776 1037 4811 finstere,

182 4825 407 4863 geheimnisvolle
443 4825 533 4859 Thore
570 4822 681 4855 mußten
716 4819 801 4854 fallm
838 4832 873 4839 —
892 4816 933 4846 die
970 4815 1041 4846 alten

183 4866 299 4899 Kirchen
319 4865 431 4895 wurden
450 4862 585 4898 fretgclegt
604 4860 657 4890 und
677 4858 716 4888 die
736 4857 819 4888 vielen
850 4855 952 4891 Häuser
986 4855 1041 4884 und

183 4906 338 4941 Häuschen,
362 4905 404 4934 die
422 4903 558 4939 gleichsam
586 4900 680 4933 Schutz
717 4896 822 4931 suchend
857 4895 905 4929 sich
939 4902 978 4924 a«
1000 4893 1042 4923 die

187 4945 262 4975 alten
283 4944 471 4978 Kathedralen
489 4941 596 4975 lehnten
614 4939 670 4969 und
688 4936 754 4971 diese
788 4934 901 4969 dadurch
935 4932 1042 4969 zuglelch

182 4984 345 5018 verdeckten,
369 4983 479 5012 wurden
498 4977 722 5014 erbarmungslos
734 4974 890 5011 wegrasicrt.
922 4972 1043 5003 lieberall

183 5024 277 5053 wurde
299 5023 370 5056 Licht
388 5022 444 5052 und
463 5021 526 5053 Luft
545 5019 677 5055 geschasst;
714 5019 744 5046 es
775 5016 805 5051 tst
825 5017 878 5043 au»
907 5012 958 5042 mit
992 5012 1042 5041 den

182 5063 324 5099 geheinicn
344 5060 583 5096 Schlupfwinkeln,
606 5059 655 5088 mit
674 5057 733 5086 dem
765 5053 927 5090 angstvollen
943 5051 1042 5081 Anein-

182 5103 370 5132 andcrrückcn.
402 5101 458 5132 Die
477 5099 580 5134 Losung
599 5098 684 5132 heißt:
721 5095 797 5132 Freie
828 5093 983 5127 Bewegung
997 5090 1043 5124 für

181 5141 229 5171 die
247 5141 398 5176 Menschen,
433 5139 521 5170 damit
552 5138 584 5172 sie
603 5145 632 5171 zu
651 5137 697 5165 der
715 5135 793 5169 ihnen
812 5132 955 5167 möglichen
975 5131 1041 5161 Ent¬

182 5180 315 5216 wicklung
335 5180 465 5215 gelangen
491 5178 561 5207 und:
580 5177 621 5206 ein
640 5177 685 5205 der
705 5174 796 5207 Größe
832 5173 878 5201 der
915 5169 1041 5201 Gebäude

181 5220 397 5255 entsprechender
416 5218 494 5252 freier
524 5218 626 5249 Raum,
658 5214 743 5243 damit
761 5213 794 5248 sie
813 5211 852 5241 die
872 5211 949 5246 ihnm
968 5208 1041 5244 mög¬

181 5258 247 5293 liche
265 5260 399 5293 Wirkung
417 5257 540 5287 auSübcn
558 5255 666 5285 können.

239 5297 314 5331 Auch
335 5298 364 5326 in
383 5297 489 5333 Italien
508 5296 557 5329 hat
573 5295 614 5324 die
633 5293 740 5328 Neuzeit
758 5292 812 5325 ihre
831 5287 1042 5326 glcichiuachcnde

179 5336 281 5366 Arbctt
301 5337 391 5371 längst
410 5336 555 5371 begonnen.
577 5334 641 5363 Wer
658 5332 799 5363 vermöchte
820 5331 881 5363 noch
902 5336 936 5358 an
955 5327 1041 5357 Turin

180 5376 252 5406 oder
269 5376 404 5407 Mailand
424 5376 499 5405 einen
519 5374 657 5410 besonders
697 5369 866 5406 italienischen
900 5366 1042 5401 Eharaktcr

1079 4106 1109 4133 pi
1127 4093 1270 4127 entdecken?
1307 4093 1378 4123 Rom
1397 4091 1446 4126 hat
1461 4090 1528 4124 seine
1547 4088 1667 4119 moderne
1706 4086 1802 4123 Hälfte,
1847 4086 1914 4122 „das

1080 4137 1160 4171 weiße
1178 4132 1270 4166 Rom"
1307 4132 1354 4167 seit
1387 4130 1433 4160 der
1460 4129 1594 4164 Einigung
1613 4127 1735 4163 Italiens
1753 4126 1911 4157 bckomnicn.

1080 4175 1232 4213 Immerhin
1252 4174 1297 4209 hat
1333 4170 1436 4207 Italien
1454 4169 1517 4200 aber
1535 4169 1587 4198 eine
1605 4168 1703 4203 Menge
1722 4175 1773 4198 von
1792 4166 1914 4196 Städten

1080 4215 1256 4252 aufzuweiscn,
1298 4212 1338 4242 die
1357 4210 1417 4244 noch
1452 4209 1526 4244 heute
1545 4208 1591 4241 fast
1611 4207 1637 4241 so
1656 4206 1780 4241 aussehen
1799 4206 1848 4236 wie
1868 4213 1915 4236 vor

1080 4255 1297 4292 Jahrhunderten
1317 4252 1371 4282 und
1389 4251 1464 4280 deren
1484 4247 1586 4279 Anblick
1603 4249 1656 4277 uns
1687 4245 1870 4282 zurückversetzt
1887 4246 1915 4275 in

1081 4296 1133 4327 alte
1150 4295 1250 4332 Zeiten.
1273 4293 1314 4328 In
1335 4290 1415 4325 diesen
1434 4289 1505 4319 alten
1525 4287 1641 4318 Städten
1653 4286 1716 4322 liegt
1732 4285 1774 4316 ein
1786 4285 1914 4320 märchen¬

1081 4337 1166 4372 hafter
1185 4333 1298 4370 Zauber,
1321 4331 1376 4361 eine
1393 4328 1540 4362 unendliche
1557 4327 1656 4362 Poesie.

1135 4376 1198 4407 Wer
1216 4374 1286 4408 hätte
1306 4372 1358 4402 daS
1376 4371 1442 4404 nicht
1460 4369 1492 4399 in
1506 4367 1621 4403 Vcuedig
1640 4366 1801 4402 cmpfunbc»,
1834 4365 1917 4400 dessen

1082 4417 1135 4447 alte
1161 4414 1269 4450 Paläste
1292 4410 1442 4447 schweigend
1480 4408 1533 4443 sich,
1573 4407 1619 4437 wie
1655 4407 1769 4441 ehemals
1805 4407 1832 4436 i»
1870 4406 1918 4436 den

1083 4456 1166 4491 stillen
1184 4453 1305 4487 Wasscm
1324 4453 1367 4481 der
1385 4449 1488 4483 Kanäle
1520 4446 1627 4483 spiegeln
1648 4461 1681 4468 —
1700 4455 1751 4477 wer
1782 4446 1867 4479 dachte
1886 4446 1914 4475 in

1084 4497 1194 4533 Florenz
1212 4493 1279 4527 nicht
1298 4491 1387 4526 täglich
1407 4498 1441 4519 a»
1459 4489 1570 4524 Loren,o
1587 4487 1607 4517 il
1625 4486 1782 4522 Magnifico,
1805 4485 1866 4516 weil
1891 4486 1918 4519 so

1083 4535 1163 4566 vieles
1182 4533 1355 4564 unocrändcrt
1374 4538 1408 4560 an
1428 4529 1471 4564 ihn
1503 4528 1622 4562 erinnert,
1662 4534 1697 4556 an
1733 4525 1914 4561 Savonazolo,

1083 4576 1167 4610 dessen
1184 4573 1258 4609 Zelle
1277 4580 1342 4603 man
1360 4570 1419 4605 noch
1439 4569 1544 4604 besucht,
1580 4575 1613 4597 au
1636 4566 1691 4603 Fra
1709 4566 1843 4601 Angclico,
1875 4565 1920 4595 der

1084 4614 1156 4645 Säle
1191 4613 1245 4643 und
1280 4611 1374 4648 Zellen
1408 4617 1460 4639 von
1500 4608 1566 4638 San
1584 4607 1679 4636 Marco
1716 4606 1851 4640 schmückte,
1891 4604 1918 4639 so

1085 4655 1133 4685 wie
1152 4654 1201 4685 wir
1218 4653 1252 4685 sie
1272 4651 1332 4685 noch
1351 4651 1403 4686 jetzt
1421 4648 1501 4683 sehen,
1524 4648 1569 4677 der
1585 4647 1612 4676 in
1633 4645 1736 4682 Farben
1753 4646 1833 4675 betete
1865 4644 1921 4674 und

1084 4695 1197 4730 predigte
1215 4692 1269 4723 und
1288 4691 1371 4725 dessen
1390 4688 1508 4723 Sprache
1526 4689 1578 4716 uaS
1607 4687 1667 4717 dort
1704 4693 1737 4716 an
1773 4685 1830 4715 Ort
1865 4684 1919 4714 und

1086 4733 1175 4764 Stelle
1193 4733 1255 4763 eben
1274 4731 1368 4767 gerade
1385 4730 1412 4761 so
1430 4726 1594 4761 verständlich
1611 4726 1651 4761 ist,
1672 4725 1721 4755 wie
1756 4724 1803 4754 den
1824 4724 1922 4754 Leuteu

1085 4783 1137 4804 von
1156 4772 1270 4803 damals.
1292 4771 1356 4801 Wer
1374 4770 1457 4803 dächte
1476 4769 1504 4798 in
1515 4767 1607 4797 Genua
1620 4765 1685 4800 nicht
1698 4773 1732 4795 an
1750 4765 1846 4800 FieSco
1866 4764 1920 4794 und

1085 4813 1173 4844 Dorla
1192 4812 1246 4842 und
1265 4808 1410 4841 Eleonore?
1445 4807 1516 4841 Roch
1534 4807 1627 4836 immer
1644 4805 1726 4840 liegen
1753 4804 1795 4834 die
1813 4804 1921 4834 bewim¬

1085 4853 1169 4888 pelte»
1189 4851 1289 4886 Schiffe
1309 4850 1346 4880 im
1365 4848 1452 4884 Hafen
1470 4847 1525 4877 und
1544 4848 1593 4876 das
1629 4844 1737 4879 lebhafte
1773 4843 1840 4874 Volk
1877 4844 1922 4874 der

1087 4892 1221 4924 Genuese»
1238 4891 1337 4926 drängt
1355 4889 1401 4919 wie
1421 4886 1530 4917 damals
1547 4886 1620 4918 durch
1634 4884 1673 4914 die
1684 4892 1763 4920 engen
1784 4884 1917 4920 Straßen,

1084 4932 1115 4962 in
1132 4933 1211 4961 denen
1230 4930 1291 4964 noch
1311 4930 1405 4959 immer
1424 4928 1463 4957 die
1483 4927 1576 4962 stolzen
1609 4923 1831 4957 Marmorpaläste
1862 4931 1920 4959 zum

1086 4970 1204 5006 Himmel
1221 4978 1310 5005 ragen,
1330 4969 1436 5004 Zeugen
1454 4967 1526 5003 jener
1542 4965 1684 5002 prächtigen
1703 4963 1766 5000 Zeit
1780 4963 1834 4993 und
1851 4963 1923 4998 jener

1086 5011 1240 5047 glänzenden
1259 5007 1435 5044 Aristokratie.

1121 5051 1186 5082 Eine
1206 5050 1251 5079 der
1268 5057 1313 5078 am
1332 5048 1436 5082 meisten
1465 5046 1564 5082 „stehen
1583 5043 1760 5080 gebliebenen"
1776 5042 1877 5074 Städte
1891 5043 1922 5078 Ist

1086 5089 1204 5128 sicherlich
1224 5088 1323 5122 Siena,
1346 5087 1400 5122 jene
1419 5085 1553 5121 streitbare
1571 5084 1664 5116 Stadt.
1686 5084 1755 5118 Roch
1774 5083 1828 5118 setzt
1864 5091 1921 5112 um¬

1085 5130 1164 5165 geben
1182 5128 1215 5161 sie
1233 5126 1360 5159 dieselben
1379 5126 1449 5156 alten
1463 5126 1701 5161 FcstungSmauern
1715 5123 1761 5153 wie
1779 5131 1827 5153 vor
1838 5123 1921 5158 Jahr¬

1084 5169 1235 5202 hunderten.
1258 5167 1324 5201 Hier
1343 5166 1410 5201 gicbt
1429 5168 1458 5195 es
1478 5166 1563 5195 weder
1585 5164 1723 5198 Vorstädte
1741 5164 1801 5197 noch
1820 5163 1921 5193 Vlllcn-

1085 5209 1206 5242 anlagcn,
1247 5208 1277 5234 es
1296 5205 1327 5239 ist
1347 5206 1414 5234 allcS
1434 5205 1502 5234 beim
1521 5204 1593 5234 alten
1609 5203 1744 5239 geblieben.
1784 5202 1842 5232 Und
1861 5202 1921 5236 auch

1084 5247 1131 5276 der
1151 5244 1383 5281 Frcnibenverkehr
1399 5244 1431 5278 ist
1468 5243 1522 5274 kein
1561 5244 1654 5280 großer
1673 5258 1707 5263 —
1724 5244 1787 5278 liegt
1804 5243 1864 5274 doch
1883 5242 1922 5272 die

1086 5286 1176 5316 Stadt
1194 5284 1290 5318 abseits
1310 5291 1363 5314 von
1400 5283 1446 5312 der
1481 5283 1583 5319 großen
1618 5282 1917 5318 Hauptverkehrsstraße.

1085 5325 1151 5355 DaS
1170 5324 1259 5359 erhöht
1277 5323 1328 5353 den
1346 5322 1472 5352 Eiadnick
1489 5323 1538 5351 de«
1554 5321 1632 5352 Alten
1651 5323 1706 5352 und
1723 5322 1768 5352 al«
1783 5321 1923 5354 Reisender

1086 5364 1117 5399 ist
1134 5371 1198 5393 man
1216 5363 1243 5397 ja
1261 5361 1427 5398 selbstsüchtig
1448 5369 1539 5397 genug,
1583 5361 1627 5396 sich
1647 5361 1756 5392 darüber
1772 5369 1803 5397 zu
1821 5361 1917 5396 freuen.

2013 4085 2065 4115 Die
2086 4083 2212 4116 Sicncsen
2231 4082 2325 4112 wollen
2344 4081 2386 4112 die
2415 4080 2568 4116 Gründung
2605 4080 2672 4115 ihrer
2707 4079 2796 4110 Stadt

1957 4124 2029 4158 schon
2047 4124 2092 4154 bis
2110 4123 2137 4154 in
2155 4123 2196 4153 die
2215 4122 2277 4158 Zeit
2295 4122 2339 4152 de»
2359 4121 2497 4152 Romulu»
2516 4120 2681 4157 zurücklegen.
2713 4119 2794 4156 That¬

1958 4164 2028 4200 sache
2045 4165 2078 4199 Ist
2095 4172 2151 4200 imr,
2183 4163 2235 4199 daß
2255 4162 2297 4192 die
2314 4161 2403 4193 Stadt
2420 4161 2476 4191 eine
2493 4169 2545 4191 von
2582 4160 2717 4196 AugusiuS
2755 4167 2795 4195 ge¬

1958 4204 2086 4241 gründete
2104 4202 2216 4235 Kolonie
2235 4211 2293 4233 war
2306 4202 2398 4238 (Julia
2412 4200 2573 4236 Sccncnsts)
2591 4201 2644 4231 und
2663 4198 2723 4233 noch
2741 4199 2796 4235 jetzt

1958 4245 2081 4280 begegnet
2100 4248 2151 4274 uns
2169 4252 2227 4279 zum
2246 4242 2353 4273 Beweis
2374 4241 2420 4275 auf
2440 4241 2543 4275 Schritt
2561 4241 2614 4271 und
2651 4240 2724 4271 Tritt
2741 4239 2796 4272 dag

1959 4284 2165 4319 Stadtwaoven,
2191 4283 2246 4314 eine
2263 4281 2405 4318 Zwlllinge
2434 4281 2557 4318 säugende
2593 4279 2704 4313 Wölfin.
2725 4279 2795 4314 Rach

1960 4325 2019 4355 dem
2038 4324 2139 4357 Verfall
2157 4325 2204 4353 deS
2223 4323 2360 4357 römischen
2380 4321 2487 4354 Reiches
2512 4321 2574 4358 ging
2593 4320 2683 4351 Siena
2702 4319 2729 4350 in
2748 4319 2797 4350 den

1959 4365 2039 4399 Besitz
2059 4364 2105 4394 der
2122 4363 2308 4399 Langobarden
2325 4362 2396 4398 über,
2437 4361 2518 4391 denen
2536 4364 2566 4390 eS
2603 4360 2687 4394 später
2721 4360 2796 4394 durch

1961 4404 2031 4436 Karl
2048 4405 2099 4434 deu
2117 4404 2226 4437 Großen
2245 4402 2366 4435 entrissen
2396 4401 2492 4432 wurde.
2531 4400 2625 4434 Dieser
2649 4400 2798 4435 vcrschenkte

1961 4445 2027 4475 viele
2044 4445 2091 4475 der
2109 4444 2260 4479 sienesischcii
2280 4443 2388 4477 Burgen
2407 4442 2463 4472 und
2481 4440 2612 4474 Schlösser
2640 4449 2676 4471 an
2696 4440 2798 4474 Grafen

1961 4485 2017 4515 und
2034 4485 2149 4520 Barone,
2170 4484 2236 4516 seine
2253 4483 2398 4518 Anhänger
2414 4481 2470 4512 und
2488 4481 2634 4516 Gefährtm
2645 4481 2676 4511 in
2688 4481 2798 4515 KriegS-

1961 4524 2128 4556 abenteuern.
2149 4524 2198 4554 So
2217 4523 2311 4553 bildete
2327 4522 2372 4556 sich
2391 4521 2430 4551 die
2468 4521 2627 4556 nachmalige
2663 4520 2797 4554 sienestsche

1961 4564 2130 4600 Aristokratte
2146 4563 2200 4594 und
2219 4561 2458 4600 Feudalherrschaft
2476 4562 2564 4596 heran.
2594 4561 2663 4596 Jene
2676 4560 2795 4596 Großen,

1961 4605 2008 4634 als
2026 4604 2057 4638 sie
2077 4604 2148 4634 dann
2165 4603 2227 4636 reich
2246 4603 2301 4631 und
2329 4602 2421 4635 reicher
2457 4601 2570 4636 wurden,
2606 4599 2735 4635 verließen
2765 4600 2799 4635 sie

1961 4644 2018 4677 ihre
2036 4644 2167 4679 Schlösser
2184 4644 2239 4672 und
2258 4642 2368 4678 Burgen
2386 4641 2439 4672 und
2459 4649 2536 4677 zogen
2554 4641 2585 4671 in
2619 4640 2660 4671 die
2699 4640 2795 4671 Stadt.

1963 4684 2038 4714 Dort
2056 4685 2151 4715 bauten
2168 4683 2223 4712 und
2237 4682 2386 4716 bewohnten
2400 4681 2432 4716 sic
2446 4681 2486 4711 die
2498 4680 2642 4715 prächtige»
2660 4680 2800 4716 gothischen

1963 4725 2081 4759 Paläste,
2104 4724 2143 4753 die
2159 4724 2222 4755 noch
2240 4722 2314 4759 heute
2330 4722 2408 4756 unser
2424 4719 2563 4757 Entzücken
2593 4720 2657 4754 sind.
2698 4721 2738 4751 ES
2768 4720 2801 4754 ist

1964 4764 2100 4798 natürlich,
2121 4763 2172 4797 daß
2193 4763 2237 4797 sich
2256 4762 2372 4797 zwischen
2400 4760 2482 4794 diesen
2499 4759 2632 4796 Familien
2651 4759 2692 4790 ein
2711 4759 2802 4790 Streit

1963 4811 2011 4834 um
2031 4804 2072 4833 die
2090 4803 2179 4835 Macht
2208 4802 2332 4834 entspann
2350 4816 2387 4822 —
2405 4800 2468 4830 bald
2496 4807 2585 4830 waren
2621 4800 2661 4829 die
2680 4799 2801 4829 Tolomei

1965 4842 2086 4877 obenauf,
2110 4844 2179 4872 dann
2198 4843 2237 4871 die
2256 4840 2438 4875 Piccolomini,
2476 4841 2546 4874 heute
2584 4839 2624 4870 die
2647 4839 2797 4875 Melavoltt,

1964 4892 2074 4919 morgen
2093 4883 2136 4913 die
2151 4881 2315 4913 Salimbcui.
2335 4883 2400 4912 Den
2418 4880 2509 4914 Anlaß
2527 4888 2559 4916 zu
2571 4879 2653 4914 diesen
2673 4879 2802 4915 Streitig¬

1965 4923 2046 4953 keiten
2063 4925 2114 4958 gab
2133 4923 2227 4952 immer
2246 4923 2290 4952 der
2308 4921 2409 4956 Kampf
2426 4920 2542 4956 zwischen
2570 4920 2712 4956 Papsttum
2746 4919 2802 4949 und

1964 4963 2125 4997 Kaisertum.

2020 5003 2110 5032 Siena
2127 5010 2182 5032 war
2200 5002 2261 5032 aber
2279 5001 2372 5031 immer
2391 4999 2568 5036 »HIbelllnisch.
2592 4999 2650 5029 Und
2669 4998 2697 5033 so
2716 4999 2797 5035 geriet

1965 5045 1992 5072 iS
2014 5043 2074 5075 auch
2111 5042 2138 5071 in
2156 5041 2259 5073 Kampf
2291 5041 2342 5071 mtt
2377 5041 2433 5070 dem
2472 5038 2621 5075 guelsischen
2661 5039 2804 5075 mächtigen

1965 5082 2156 5114 Nachbarstaat
2173 5081 2295 5116 Florcup
2335 5080 2390 5110 Die
2420 5079 2559 5114 Geschichte
2577 5079 2673 5115 erzählt
2691 5087 2741 5109 von
2760 5080 2805 5110 der

1965 5121 2062 5158 großen
2083 5121 2205 5154 Schlacht
2222 5128 2273 5150 von
2310 5119 2498 5152 Montcaperto
2534 5119 2579 5149 al»
2617 5119 2686 5154 .daS
2723 5119 2804 5155 grüne

1966 5162 2033 5197 Feld
2052 5161 2151 5190 blutrot
2168 5159 2271 5194 gefärbt
2288 5160 2370 5188 war".
2394 5160 2446 5190 Die
2461 5157 2628 5194 Florentiner
2640 5159 2801 5197 unterlagen,

1966 5201 2029 5231 aber
2047 5201 2092 5230 der
2112 5200 2179 5234 Sieg
2200 5200 2246 5228 der
2264 5198 2393 5231 Sienescn
2412 5206 2469 5228 war
2499 5201 2569 5228 teuer
2605 5198 2712 5230 erkauft.
2750 5198 2805 5228 Sie

1965 5245 2083 5270 nannten
2102 5240 2203 5273 seitdem
2224 5240 2277 5274 ihre
2296 5239 2385 5268 Stadt
2403 5240 2466 5268 auch
2485 5238 2553 5271 wohl
2572 5238 2667 5267 ctvitaS
2681 5238 2805 5274 BlrgtniS

1966 5295 1999 5301 —
2019 5281 2052 5309 da
2070 5279 2107 5313 sie
2118 5281 2165 5309 den
2178 5279 2248 5314 Sieg
2267 5279 2314 5308 der
2331 5277 2412 5312 Hülfe
2423 5277 2469 5307 der
2484 5277 2623 5312 Jungfrau
2640 5277 2801 5313 zuschrirben.

2018 5319 2129 5354 Freilich
2146 5319 2233 5353 holten
2251 5317 2296 5352 sich
2315 5317 2354 5346 die
2373 5317 2542 5353 Florentiner
2577 5316 2631 5349 ihre
2667 5317 2804 5350 Rewnchc

1965 5367 2033 5390 neun
2051 5359 2136 5394 Jahre
2154 5358 2245 5394 später,
2280 5359 2346 5385 1288
2366 5355 2375 5385 i
2389 5365 2396 5385 i
2417 5356 2460 5386 der
2491 5355 2611 5391 Schlacht
2628 5363 2674 5385 am
2693 5356 2756 5387 collc
2776 5353 2803 5385 dt

2840 4079 2895 4109 Bai
2912 4079 3012 4114 d'Elsa.
3035 4078 3087 4109 Die
3107 4077 3224 4112 Guelfc»
3243 4076 3361 4113 drangen
3379 4075 3407 4105 in
3427 4074 3516 4104 Siena
3544 4073 3584 4103 ein
3621 4069 3677 4101 und

2840 4119 2943 4155 führten
2960 4120 3010 4150 mit
3029 4119 3074 4150 der
3088 4119 3151 4154 Zelt
3167 4117 3228 4148 dort
3245 4116 3300 4146 eine
3329 4116 3382 4145 Art
3411 4113 3578 4150 bürgerlicher
3613 4110 3676 4143 Oli¬

2841 4159 2936 4195 garchie
2955 4158 3110 4195 „Novcschi"
3132 4159 3247 4196 genannt
3265 4156 3312 4187 ein.
3335 4155 3406 4185 Man
3425 4154 3508 4185 leitete
3545 4152 3585 4182 die
3624 4152 3677 4182 Re¬

2841 4198 2924 4233 publik
2942 4198 3068 4234 Anfangs
3086 4197 3158 4232 weise
3176 4197 3231 4227 und
3263 4194 3420 4231 verständig,
3458 4193 3485 4228 ja
3521 4200 3586 4222 man
3622 4197 3677 4222 ver¬

2842 4238 2964 4274 schönerte
2983 4239 3009 4270 in
3027 4238 3096 4274 jener
3114 4237 3176 4275 Zeit
3194 4237 3234 4268 die
3254 4235 3343 4267 Stadt
3362 4235 3408 4269 auf
3427 4234 3478 4265 alle
3495 4232 3555 4264 Art.
3579 4231 3680 4266 Später

2840 4278 2922 4315 jedoch
2942 4279 3028 4313 dachte
3048 4286 3110 4309 man
3129 4277 3242 4314 weniger
3260 4285 3296 4307 an
3313 4276 3367 4306 da»
3386 4273 3525 4309 ösfcnülch«
3545 4271 3624 4307 Wohl
3637 4270 3679 4303 al»

2842 4327 2877 4350 an
2896 4319 2946 4355 sein
2966 4320 3069 4356 eigenes
3086 4317 3215 4355 Interesse
3234 4332 3268 4339 —
3287 4315 3349 4351 nach
3367 4314 3421 4345 und
3440 4313 3500 4348 nach
3529 4312 3617 4343 wmde
3637 4311 3681 4342 der

2842 4360 2896 4391 edle
2914 4359 2995 4396 Stolz
3012 4359 3061 4389 des
3080 4358 3234 4393 sicnesischen
3252 4355 3411 4391 Charakters
3431 4351 3589 4384 unterdrückt
3624 4350 3680 4381 ,md

2842 4400 2935 4433 endlich
2953 4401 3071 4435 schwang
3088 4398 3133 4433 sich
3152 4398 3192 4429 ein
3212 4397 3334 4433 einzelner
3365 4402 3400 4425 an
3432 4393 3472 4423 die
3507 4392 3598 4428 Spitze
3634 4391 3681 4421 d«r

2842 4438 3021 4474 Verwaltung.

2894 4479 2934 4511 ES
2954 4487 3011 4510 war
3028 4478 3165 4514 Panbolfo
3183 4477 3313 4513 Petrucci,
3335 4475 3381 4506 der
3397 4474 3515 4510 Tyrann,
3550 4472 3598 4502 den
3614 4471 3681 4503 Ma«

2843 4519 2956 4554 chiavelli
2975 4519 3025 4550 das
3044 4518 3147 4554 Muster
3164 4518 3238 4549 eines
3252 4516 3363 4554 Fürsten
3375 4518 3478 4549 nannte,
3500 4520 3589 4549 wegen
3600 4511 3681 4547 seiner

2844 4560 2910 4594 nicht
2925 4568 2956 4596 zu
2974 4559 3137 4595 läugnenden
3155 4557 3228 4589 Liebe
3246 4565 3277 4592 zu
3310 4557 3362 4586 den
3378 4552 3585 4588 Wissenschaften
3621 4550 3678 4582 und

2843 4599 2946 4634 schönen
2965 4599 3090 4635 Künsten.
3110 4600 3154 4635 In
3170 4597 3306 4632 Wahrheit
3324 4595 3387 4633 ging
3406 4597 3436 4625 eS
3455 4595 3515 4624 aber
3553 4592 3603 4623 mit
3639 4592 3683 4623 der

2844 4639 2998 4675 slenesischen
3015 4639 3131 4676 Freiheit
3142 4642 3220 4669 unter
3231 4637 3311 4672 seiner
3321 4635 3470 4672 Herrschaft
3485 4633 3590 4670 bergab.
3609 4632 3681 4669 Ihm

2845 4680 2942 4716 folgten
2961 4680 3026 4715 seine
3046 4679 3148 4715 Söhne,
3171 4678 3211 4708 die
3230 4676 3318 4710 ebenso
3333 4676 3478 4712 tyrannisch
3496 4675 3552 4704 und
3570 4674 3683 4709 weniger

2845 4720 2938 4756 begabt
2954 4728 3044 4751 waren
3062 4719 3104 4750 al«
3123 4726 3159 4756 er,
3198 4717 3254 4748 und
3272 4716 3368 4751 endlich
3403 4715 3563 4750 Alessandro
3598 4713 3679 4749 Bichs,

2846 4760 2891 4790 der
2908 4760 2971 4795 seine
2990 4759 3144 4795 Vorgänger
3162 4766 3198 4788 an
3217 4756 3331 4787 Willkür
3350 4756 3411 4792 noch
3430 4754 3548 4790 übertraf
3566 4753 3620 4784 und
3639 4753 3683 4784 der

2845 4800 2914 4831 einer
2929 4799 3131 4834 Verschwörung
3150 4806 3209 4835 zum
3227 4797 3313 4831 Opfer
3330 4796 3387 4831 fiel.

2899 4840 2951 4871 Die
2970 4839 3091 4874 Rovcschl
3108 4839 3197 4869 wurde
3217 4839 3288 4869 dann
3306 4837 3441 4873 verbannt,
3482 4835 3582 4870 kehrten
3618 4834 3681 4865 aber

2845 4880 2929 4916 zurück
2945 4888 2998 4911 vor
3012 4880 3053 4910 die
3071 4879 3188 4910 Mauem
3205 4887 3258 4909 von
3282 4878 3381 4913 Siena,
3420 4876 3567 4912 unterstützt
3603 4873 3680 4909 durch

2846 4920 2953 4957 Milizen
2991 4920 3075 4956 Papst
3107 4920 3234 4950 Clemens
3265 4920 3325 4949 VII.
3361 4916 3415 4947 und
3452 4917 3479 4947 in
3514 4912 3681 4948 Gesellschaft

2847 4959 3045 4994 ssorentiaischer
3058 4959 3187 4991 Söldner:
3209 4958 3277 4993 Daß
3289 4958 3321 4992 sie
3332 4957 3437 4987 vorder
3448 4956 3534 4990 Porta
3546 4952 3685 4983 Eamolli«

2848 5000 2992 5036 geschlagen
3009 4999 3123 5036 wurden,
3164 4999 3276 5034 versetzte
3295 4998 3341 5028 dm
3362 4996 3445 5031 Papst
3463 4995 3491 5024 in
3509 4993 3685 5030 ohnmächtige

2847 5039 2921 5070 Wut.
2941 5039 3117 5075 Ohnmächtig
3137 5054 3169 5060 —
3189 5037 3250 5068 weil
3266 5046 3295 5068 er
3311 5035 3385 5070 selbst
3419 5033 3588 5071 ungücklicher
3623 5033 3686 5064 oder

2849 5079 3061 5115 glücklicherweise
3080 5080 3121 5109 ln»
3156 5077 3255 5111 Kastell
3276 5076 3312 5107 S.
3333 5075 3437 5111 Angela
3473 5075 3544 5110 hatte
3574 5072 3686 5107 flüchte«

2848 5119 2955 5154 müssen,
2978 5119 3099 5154 während
3116 5119 3163 5149 der
3180 5116 3358 5152 Plünderung
3375 5116 3467 5146 RomS
3480 5114 3557 5148 durch
3570 5114 3638 5146 Karl
3650 5114 3684 5145 V.

2848 5159 2922 5195 Zwei
2939 5160 3053 5190 Womit«
3073 5166 3128 5189 war
3146 5166 3173 5189 er
3190 5157 3218 5192 so
3238 5157 3404 5192 Gefangener
3441 5155 3488 5185 de»
3506 5154 3614 5187 Kassers
3632 5152 3687 5183 und

2848 5199 2946 5229 brütete
2963 5200 3024 5229 dort
3042 5197 3202 5232 Rachepläne
3223 5200 3276 5227 aus
3307 5204 3386 5232 gegen
3422 5195 3493 5225 beide
3529 5193 3686 5228 Republik«

2850 5239 2959 5275 Floreuz
2978 5239 3031 5269 und
3051 5238 3149 5269 Siena,
3169 5237 3225 5267 «l«
3244 5245 3272 5268 er
3291 5237 3336 5271 sich
3356 5235 3417 5272 zwei
3435 5235 3519 5271 Jahre
3538 5234 3620 5267 später
3637 5231 3687 5261 mit

2849 5279 2917 5309 Karl
2935 5278 3085 5315 aussöhnte,
3123 5279 3169 5308 als
3188 5286 3216 5308 er
3235 5276 3318 5310 diesen
3350 5276 3426 5311 sogar
3456 5281 3513 5310 zum
3549 5271 3687 5305 römisch«

2848 5319 2940 5353 Kaiser
2957 5318 3052 5354 krönte,
3094 5317 3126 5348 da
3147 5325 3204 5349 war
3234 5317 3284 5347 das
3304 5315 3430 5350 Schicksal
3449 5315 3492 5345 der
3525 5311 3687 5348 Republik«

2847 5355 2968 5392 besiegelt.
