1948 2480
132 632 252 663 Gedruckt
268 633 318 661 uud
335 641 364 665 ju
380 635 460 668 finden
473 634 498 664 kn
511 635 553 664 der
566 632 758 669 Büchhaudluug
775 636 939 668 vouOrell,
956 636 1053 669 Füßli
1071 637 1326 672 uudCompaguie
1345 638 1394 666 nud
1407 637 1452 669 auf
1466 639 1531 667 allen
1541 637 1661 672 Schwelt.
1667 637 1831 672 Postämter».

164 713 303 747 Frankreich
321 714 464 746 (Gerüchte.
504 715 642 746 Sterbliche
660 717 731 749 Reste
750 716 845 748 Ludwig
859 716 930 742 XVI.
948 716 996 742 und
1013 716 1053 744 der
1068 716 1191 751 Königin,
1211 720 1266 746 nach
1286 718 1334 745 St.
1353 717 1437 747 Denis
1457 719 1587 750 gebracht).
1630 719 1730 752 Italien
1749 720 1829 751 (Rom

200 747 250 773 und
265 748 383 780 Neapel).
428 749 590 781 Deutschland
611 750 712 782 (Detail
729 749 785 778 über
801 750 840 777 die
856 755 916 777 neue
935 750 1164 782 Würrembergische
1180 752 1336 784 Verfassung.
1382 753 1467 785 Naher
1483 752 1599 785 Abschluß
1618 754 1659 780 der
1676 752 1829 785 Sächsischen

197 781 248 806 und
266 782 405 815 Polnischen
422 782 621 815 Angelegenheit.
667 785 796 818 Preußens
811 784 876 815 freye
895 783 1062 818 monarchische
1080 786 1236 820 Verfassung.
1276 785 1410 820 Hamburg.
1456 787 1556 821 Jauner
1569 793 1598 818 zu
1617 787 1830 822 Drauuschweig).

199 815 308 847 Schwei-
327 817 473 849 (Erklärung
491 818 534 845 des
553 818 706 851 Cr-Königes
725 826 771 847 von
788 819 944 851 Schweden).

406 887 694 919 Frankreich.

164 924 274 956 Paris,
297 932 336 959 >4.
354 926 418 958 Jan.
458 926 534 953 Unter
550 926 595 953 den
615 926 667 955 hier
683 926 854 958 umlaufenden
869 927 961 959 Neuig¬

130 963 207 991 keiten
220 964 248 995 ist
262 968 316 996 auch
336 966 374 993 die
388 973 434 993 von
448 965 527 994 einem
539 966 666 996 Aufstande
680 966 706 994 in
724 967 856 998 Rorsika.
886 966 961 998 Diese

128 1003 279 1036 Insulaner,
298 1007 428 1038 behauptet
439 1013 509 1035 mau,
529 1007 625 1032 wollten
635 1006 787 1037 unabhängig
799 1006 871 1037 seyn;
889 1006 962 1033 allein

128 1043 253 1073 Niemand
272 1047 332 1076 weiß
348 1045 400 1072 eine
418 1045 499 1075 sichere
517 1045 607 1073 Quelle
628 1046 670 1070 des
684 1046 803 1073 Gerüchts
819 1045 961 1077 anzugebeu.

127 1096 164 1105 —
182 1084 366 1114 Sardinien,
394 1083 461 1115 heißt
479 1086 505 1111 es
522 1084 601 1114 ferner
611 1100 618 1114 ,
648 1084 685 1114 fey
702 1087 755 1113 dem
776 1085 864 1117 jungen
882 1085 963 1118 König

126 1129 173 1151 von
191 1124 349 1155 Hetvurien
369 1122 501 1154 bestimmt,
521 1124 550 1150 da
573 1125 617 1151 das
635 1126 707 1157 Haus
730 1126 876 1161 Savoyen
893 1127 961 1156 durch

125 1162 236 1191 Genua
250 1163 398 1196 hinreichend
413 1163 559 1196 entschädigt
573 1165 627 1196 sey,
645 1167 694 1192 und
707 1167 822 1198 ohnedies
835 1167 961 1196 aufSar»

125 1203 223 1231 -Laien
246 1202 284 1230 nie
301 1204 430 1235 besonderu
445 1205 533 1234 Werth
554 1207 631 1238 gelegt
650 1207 717 1237 habe.
735 1221 770 1226 —
793 1208 860 1236 Man
878 1207 961 1238 spricht

125 1241 173 1269 viel
188 1247 234 1269 von
254 1241 320 1270 einer
333 1245 446 1276 Ungnade
466 1244 509 1271 des
522 1246 617 1276 Grafen
631 1254 688 1275 von
703 1249 832 1280 Dlacas;
852 1247 889 1274 die
902 1250 957 1277 Art,

123 1281 170 1310 wie
187 1287 211 1309 er
227 1282 305 1315 Platze
322 1284 428 1315 verlieh,
447 1284 495 1312 und
511 1284 565 1313 eine
579 1292 607 1316 zu
624 1286 681 1314 weit
698 1288 833 1320 getriebene
849 1289 957 1317 Schmei¬

122 1322 196 1352 chelei
212 1328 285 1354 gegen
305 1324 350 1351 den
367 1324 462 1356 Kömg,
485 1325 528 1352 der
544 1331 592 1354 nur
607 1326 646 1354 die
663 1327 794 1359 Wahrheit
815 1328 890 1358 liebt,
913 1328 957 1360 fol-

121 1365 161 1392 len
170 1380 177 1395 ,
196 1365 252 1394 nach
266 1364 310 1392 den
326 1364 425 1394 Einen,
443 1364 593 1397 die-Ursache
615 1367 689 1400 seyn;
709 1369 782 1395 andre
797 1368 866 1400 sehen
887 1369 955 1398 darin

122 1403 176 1432 eine
197 1405 290 1433 Kabale
308 1403 349 1433 der
367 1405 578 1437 Alt-Adelichen,
596 1407 635 1435 die
651 1410 678 1436 es
695 1408 809 1439 Blacas
829 1409 891 1439 nicht
905 1416 956 1439 ver-

119 1443 202 1473 reihen
220 1443 328 1475 rönnen,
357 1443 403 1478 daß
421 1451 447 1474 er
464 1459 498 1467 —
516 1449 564 1474 aus
582 1447 653 1476 Liebe
670 1452 714 1479 zür
729 1449 857 1479 Eintracht
869 1450 955 1483 —sich

120 1482 298 1516 Taveyrand
316 1487 432 1518 genähert
449 1486 518 1517 habe.
561 1489 606 1515 Um
624 1489 745 1521 Aufsehen
761 1497 787 1519 zu
810 1490 954 1521 vermeiden,

119 1523 161 1556 soll
179 1528 204 1549 er
222 1528 275 1551 rum
287 1525 504 1553 Gouverneur-der
519 1527 668 1557 Provence
684 1532 789 1556 ernannt
806 1531 954 1557 werden.—

122 1564 178 1591 160.
198 1563 318 1590 Generale
337 1564 385 1589 und
404 1564 594 1595 Stabsoffiziere
610 1566 656 1596 sind
677 1567 751 1598 außer
769 1568 891 1596 Aktivität
913 1576 952 1602 ge¬

118 1605 170 1639 setzt
186 1603 305 1634 worden;
333 1603 432 1630 darüber
454 1603 513 1632 wird
536 1611 584 1630 nun
603 1605 651 1632 viel
668 1606 821 1639 gesprochen-
846 1608 901 1635 aber
917 1609 948 1636 ei¬

115 1643 217 1678 gentlich
238 1644 297 1670 kann
317 1649 372 1671 man
392 1643 454 1670 nicht
467 1644 555 1676 sagen,
575 1646 656 1675 welche
666 1646 743 1678 Farbe
763 1646 800 1674 die
818 1647 949 1681 öffentliche

116 1684 242 1713 Meinung
261 1684 383 1714 anuehme.
419 1686 484 1713 Man
499 1684 573 1717 findet
589 1684 704 1717 nirgends
717 1687 847 1720 Edelmuth
861 1695 946 1722 genug,

116 1722 156 1751 die
172 1721 303 1755 Ereignisse
321 1724 393 1754 außer
412 1724 551 1758 Beziehung
574 1727 620 1755 mir
641 1728 694 1754 dem
716 1728 875 1761 persönlichen
898 1732 947 1765 In¬

114 1763 197 1795 teresse
208 1769 237 1793 zu
254 1763 418 1796 beurtheilen;
437 1771 491 1792 man
509 1767 564 1798 hört
575 1769 621 1796 das
633 1769 872 1802 Zurückgekommene
884 1772 947 1804 nicht

114 1805 199 1834 loben,
218 1805 277 1836 ohne
296 1804 394 1837 zugleich
414 1806 517 1838 Seufzer
536 1808 592 1836 über
608 1810 651 1836 den
671 1811 769 1843 Verlust
785 1812 874 1844 dessen,
894 1817 945 1841 was

113 1846 234 1880 gewesen,
253 1853 280 1878 zu
300 1848 451 1879 vernehmen.
493 1849 642 1882 Ueberhaupt
661 1850 725 1884 trifft
746 1857 802 1879 mau
822 1860 867 1880 nur
883 1861 945 1886 zwep

110 1889 251 1921 Partepen,
280 1888 330 1915 und
346 1888 395 1921 ruft
413 1890 454 1918 bev
468 1889 507 1917 der
530 1889 616 1919 einen:
642 1893 699 1920 Das
723 1892 750 1925 ist
768 1893 824 1924 die,
853 1894 890 1922 die
910 1894 943 1924 im

109 1930 201 1964 Spiele
222 1934 336 1962 gewann,
355 1931 403 1958 und
421 1931 462 1962 bey
481 1931 522 1959 der
541 1932 644 1962 andern:
664 1934 721 1963 Das
743 1934 769 1967 ist
785 1933 841 1966 die,
861 1936 943 1969 weiche

108 1971 202 1998 verlor!

143 2010 196 2037 Der
215 2013 307 2044 neueste
326 2013 398 2040 Band
417 2013 460 2041 des
476 2015 598 2048 ckenseuv
618 2015 712 2048 enthält
728 2016 782 2046 eine
801 2017 941 2050 Dertheidi-

107 2050 268 2082 gungsschrkft
285 2054 328 2081 des
345 2055 376 2087 H.
396 2056 494 2084 CoMte
514 2056 552 2086 für
572 2058 615 2086 den
634 2059 740 2088 General
758 2060 939 2092 Excekmans.

107 2092 144 2119 Er
165 2089 234 2117 citkrt
260 2093 329 2121 darin
350 2098 458 2127 mehrere
476 2098 577 2126 Stellen
599 2101 647 2127 aus
672 2100 726 2128 dem
750 2100 938 2134 aufgefangeuen

106 2130 241 2162 Schreiben
261 2133 303 2160 des
319 2137 443 2166 Generäls
461 2146 490 2167 an
509 2140 552 2167 den
571 2139 650 2172 König
666 2140 806 2175 Joachim
826 2143 937 2176 (welches

103 2175 147 2201 der
164 2172 333 2220 Verteidiger
352 2175 416 2208 selbst
436 2179 487 2209 eine
501 2180 712 2215 Unvorsichtigkeit
730 2183 827 2219 nennt).
862 2186 936 2213 Unter

102 2215 201 2247 Andern
217 2213 269 2250 hieß
283 2217 311 2246 es
323 2215 406 2251 darin,
427 2223 480 2257 nach
493 2222 559 2253 einer
573 2223 611 2257 für
628 2223 671 2254 den
681 2224 763 2260 König
775 2232 820 2256 von
831 2226 932 2262 Frank¬

988 891 1061 922 reich
1083 892 1132 918 und
1155 892 1194 921 die
1214 893 1411 926 Französische
1427 896 1518 922 Armee
1535 894 1715 927 beleidigenden
1732 893 1829 930 Aeuße,

985 935 1062 962 rung,
1079 932 1163 961 welche
1181 933 1215 965 H.
1236 934 1336 962 Comte
1354 933 1476 965 wegläßt,
1495 935 1525 962 da
1544 940 1570 962 er
1591 935 1620 967 sie
1639 934 1703 968 nicht
1720 935 1827 968 verthei-

985 968 1054 1000 digeu
1074 972 1157 998 kann:
1190 972 1306 1004 »Hätten
1328 972 1365 1001 die
1387 974 1609 1007 Angelegenheiten
1629 975 1693 1005 nicht
1712 975 1751 1007 für
1767 976 1823 1003 Sw.

985 1010 1106 1040 Majestät
1124 1012 1177 1039 eine
1201 1012 1224 1043 so
1247 1013 1353 1045 günstige
1373 1014 1505 1047 Wendung
1525 1021 1682 1046 genommen,
1712 1015 1737 1046 so
1759 1015 1825 1044 wäre

987 1051 1014 1075 es
1032 1051 1116 1082 Ihnen
1137 1051 1206 1081 leicht
1225 1053 1331 1086 gewesen
1353 1054 1399 1081 mit
1421 1054 1488 1083 einer
1513 1055 1537 1087 so
1559 1061 1636 1087 guten
1657 1056 1705 1083 und
1729 1055 1825 1088 schönen

987 1092 1093 1119 Armee,
1116 1091 1163 1119 wie
1184 1091 1224 1120 die
1241 1093 1295 1121 Cw.
1308 1094 1428 1125 Majestät
1447 1095 1493 1129 ist,
1510 1097 1552 1124 der
1569 1097 1651 1125 Krone
1670 1089 1779 1129 Ächtung
1791 1105 1826 1128 -zu

985 1130 1142 1162 verschaffen,
1160 1132 1199 1160 die
1215 1133 1266 1162 Sie
1282 1141 1329 1161 nur
1342 1136 1422 1168 Ihren
1438 1136 1513 1167 hohen
1524 1138 1657 1170 Lugenden
1669 1139 1718 1169 und
1731 1140 1824 1167 Talen¬

986 1175 1025 1197 ten
1041 1173 1183 1202 verdanken.
1219 1175 1350 1207 UebrigevS
1371 1175 1468 1204 würden
1483 1177 1613 1209 Tausende
1632 1178 1740 1213 tapferer
1757 1178 1825 1212 Offia

982 1210 1060 1241 ziere,
1084 1212 1110 1239 kn
1130 1214 1169 1241 der
1188 1216 1279 1244 Schule
1296 1216 1346 1242 und
1367 1220 1442 1244 unter
1458 1217 1506 1245 den
1522 1221 1608 1251 Augen
1628 1220 1683 1246 Ew.
1699 1219 1822 1251 Majestät

982 1252 1156 1284 unterrichtet,
1173 1255 1228 1286 auf.
1235 1256 1300 1288 Ihre
1321 1256 1436 1284 Stimme
1449 1258 1611 1290 herbeygeeilt
1626 1259 1698 1290 sepu,
1716 1266 1757 1286 um
1770 1261 1825 1293 Iha

981 1297 1027 1318 neu
1050 1292 1102 1322 ihre
1115 1296 1190 1321 Arme
1209 1296 1360 1325 anzubitteu.
1398 1296 1449 1325 Sie
1468 1298 1553 1329 hätten
1571 1299 1671 1329 dadurch
1684 1306 1732 1329 nur
1742 1300 1823 1330 .einen

980 1331 1072 1359 Tribut
1085 1333 1126 1359 der
1139 1332 1306 1363 Dankbarkeit
1316 1335 1365 1363 und
1378 1337 1587 1370 Bewunderung,
1600 1339 1646 1369 die
1660 1338 1693 1370 sie
1710 1342 1770 1372 stets
1779 1340 1821 1373 für

980 1372 1032 1399 Ew.
1053 1373 1171 1405 Majestät
1196 1375 1278 1406 fühlen
1303 1376 1412 1406 werden,
1443 1378 1590 1410 abzustatte»
1616 1380 1758 1412 geglaubt,"
1783 1394 1819 1404 —

981 1414 1088 1440 General
1108 1415 1282 1447 Excelmans
1307 1416 1334 1447 ist
1358 1417 1474 1451 übrigen-
1497 1421 1606 1450 vormals
1629 1420 1751 1453 Adjutant
1774 1421 1819 1452 des

978 1452 1074 1487 Königs
1090 1454 1231 1489 Joachim
1249 1457 1364 1490 gewesen.

1282 1500 1509 1530 Neueres.

1011 1536 1058 1567 Im
1069 1536 1287 1572 Französischen
1303 1540 1455 1568 Amtsblatte
1470 1544 1653 1577 vom-i.Ia».
1669 1542 1734 1573 kiest
1742 1550 1817 1574 man:

974 1593 989 1605 „
998 1575 1055 1602 Den
1077 1578 1198 1609 Befehlen
1219 1580 1262 1605 des
1281 1579 1376 1612 Königs
1394 1580 1486 1614 zufolge
1505 1582 1554 1613 sind
1575 1584 1614 1612 die
1636 1584 1815 1617 sorgfältigste»

973 1614 1180 1648 Untersuchungen
1200 1620 1322 1651 augestevt
1343 1620 1457 1651 worden,
1484 1629 1525 1649 um
1546 1623 1586 1652 die
1606 1625 1726 1655 kostbaren
1741 1626 1814 1658 Reste

970 1653 1035 1685 Ihro
1048 1656 1201 1687 Majestäten
1213 1659 1355 1693 Ludwigs
1369 1661 1439 1687 XVI.
1453 1664 1503 1690 und
1518 1664 1626 1694 Marie
1634 1666 1813 1698 Antoinette,

972 1694 1126 1728 Erzherzogin
1135 1704 1181 1725 von
1190 1699 1347 1732 (vestreich,
1357 1702 1634 1739 zusammenzubrivgeu.
1669 1706 1721 1736 Die
1728 1705 1815 1740 öffent¬

972 1734 1027 1763 liche
1045 1737 1190 1771 Verehrung
1205 1740 1272 1769 hatte
1292 1741 1356 1771 schon
1373 1743 1444 1775 lange
1458 1744 1503 1773 den
1523 1747 1610 1775 Boden
1625 1747 1754 1780 geheiligt,
1773 1754 1809 1777 «v

970 1774 1032 1806 diese
1051 1777 1171 1809 wahrhaft
1189 1779 1331 1809 nationalen
1351 1782 1485 1818 Reliquien
1497 1789 1629 1818 vergraben
1646 1795 1728 1817 waren
1757 1789 1810 1819 Die

970 1817 1170 1851 letztvollzogeuen
1194 1822 1310 1850 Arbeiten
1331 1825 1404 1855 geben
1426 1825 1518 1855 keinem
1536 1828 1636 1862 Zweifel
1648 1830 1733 1858 Raum
1751 1829 1811 1860 über

969 1857 1014 1884 deu
1030 1860 1132 1892 Erfolg,
1159 1862 1205 1890 den
1227 1862 1280 1891 eine
1299 1863 1381 1898 gütige
1397 1867 1542 1901 Vorsehung
1561 1870 1603 1898 der
1624 1870 1809 1903 auSsöhneode»

968 1900 1140 1933 Gottesfurcht
1160 1903 1316 1936 Vorbehalten
1337 1906 1388 1937 hat.
1433 1909 1510 1941 Diese
1528 1911 1645 1943 kostbaren
1664 1912 1735 1944 Reste
1757 1911 1807 1943 sind

968 1940 1066 1970 erkannt
1089 1943 1137 1970 uud
1158 1944 1183 1971 in
1202 1945 1356 1978 versiegelten
1372 1946 1454 1980 Kisten
1473 1950 1620 1983 verschlossen
1637 1953 1748 1984 worden;
1775 1951 1807 1985 sie
1849 1955 1862 1977 /

966 1981 1060 2011 werden
1082 1982 1110 2011 in
1125 1984 1166 2013 der
1183 1987 1263 2017 Nacht
1281 1993 1336 2014 vom
1354 1990 1459 2022 Freptag
1480 1992 1527 2022 auf
1541 1991 1587 2020 deu
1606 1993 1761 2021 Sonnabend
1778 1992 1829 2029 iji;

965 2020 1076 2052 bleyerne
1103 2024 1186 2059 Särge
1208 2028 1287 2060 gelegt
1308 2031 1422 2060 werden,
1452 2030 1478 2060 in
1499 2033 1599 2062 welchen
1624 2032 1654 2065 sie
1678 2033 1719 2062 der
1742 2033 1816 2067 tiefe.

965 2061 1078 2094 Schmerz
1101 2065 1167 2094 eines
1186 2068 1277 2096 Volkes
1296 2068 1336 2096 der
1354 2070 1470 2103 Religion
1492 2072 1517 2100 in
1537 2074 1707 2107 Verwahrung
1729 2068 1829 2109 oltptC

964 2103 1039 2137 Diese
1053 2106 1163 2136 Trauer,
1171 2109 1316 2138 Ceremonle
1331 2111 1395 2139 wird
1414 2118 1452 2140 am
1473 2114 1629 2144 Sonnabend
1643 2116 1699 2148 statt
1715 2106 1829 2159 Habens

962 2144 1086 2179 Religiöse
1105 2148 1184 2177 Stille
1203 2148 1244 2181 soll
1263 2151 1293 2177 da
1311 2150 1447 2185 herrschen,
1467 2154 1490 2186 so
1508 2155 1565 2187 groß
1581 2157 1636 2187 auch
1652 2154 1692 2185 die
1706 2157 1829 2199 Meyga^

961 2187 1001 2214 der
1022 2194 1068 2216 von
1088 2190 1131 2218 den
1153 2191 1298 2225 traurigsten
1311 2194 1497 2228 Erinnerungen
1511 2196 1687 2230 tiefgerührteu
1703 2198 1806 2232 herbey,

958 2227 1106 2262 strömenden
1115 2234 1283 2268 Unterthanen
1295 2235 1349 2269 sepn
1362 2243 1434 2270 mag;
1453 2238 1502 2267 und
1512 2237 1575 2274 dieft
1587 2238 1710 2275 ftperliche
1718 2239 1799 2271 Stille
