2692 3484
297 89 433 116 Jährlicher
449 89 687 117 «pränumeratlonk.
696 90 771 118 «preli

190 127 232 153 für
247 126 294 150 den
313 128 411 150 Kamon
426 127 523 155 Zürich,
547 128 609 151 acht
623 127 870 155 Cchweizcr,'ranken.

1907 96 2088 128 Sinrückungs.
2096 99 2231 126 Gebühren

1712 134 1787 161 sechs
1804 137 1857 164 gute
1867 136 1983 164 Kreuzer,
2008 139 2067 161 »der
2080 138 2153 161 vier
2168 136 2303 166 Schilling«
2316 137 2355 161 die
2369 137 2443 166 Zeile.

473 254 813 379 Reue
921 255 2133 408 Zürchcr-Zettuiig.

217 525 437 576 Mittwoch

1188 529 1321 578 Nro.
1377 531 1418 576 9.
1866 536 1941 571 den
1967 535 2027 573 31.
2055 534 2240 581 Januar
2270 536 2398 575 1827.

868 632 976 666 (Druck
996 632 1050 662 und
1068 633 1172 670 Verlag
1191 640 1244 664 von
1263 635 1384 671 Orcll,
1410 634 1515 671 Fiißli
1542 634 1595 666 und
1614 638 1752 674 Komp.)

200 760 392 787 E<I»vcIrcri>'chc
410 756 635 786 Sü-genossenschafk
660 755 781 784 sHclnrich
799 758 906 781 Krancrs
922 758 1051 786 Nctrolog.
1092 759 1301 788 Verhandlungen
1323 760 1365 783 dcS
1390 759 1480 788 großen
1506 763 1584 787 Math;
1606 764 1661 788 vom
1676 764 1772 788 Ka»!o»
1789 764 1885 792 Luzern.
1918 765 2095 791 JahrrSdericht
2118 767 2158 789 icl
2176 764 2364 792 SanitLtkratbS
2391 772 2447 792 von,

230 790 327 813 Kanton
344 790 465 815 Thurgau.
495 785 677 811 VerschieVeilss
695 787 737 808 an§
756 787 798 808 den
817 788 941 810 Kantonen
960 789 1063 813 -lüoH,J,
1088 787 1186 814 Zürich,
1207 790 1277 812 Bern
1290 803 1294 810 ,
1316 789 1360 812 Er.
1376 790 1484 816 Wallen,
1508 791 1665 817 Solothurn,
1685 793 1771 820 Valet,
1788 794 1954 816 GrauVnnVc»
1971 795 2018 817 und
2036 796 2102 819 Ury>.
2148 795 2263 819 Svanic»
2287 797 2445 823 «gerrcroltej

231 819 442 841 Krcikt'chrcibc»,.
472 814 623 840 Sraukrcich.
662 814 871 838 Großbritannien
888 816 1048 842 (Äclltnaio»
1065 819 1141 840 erhalt
1159 817 1201 840 da»
1219 818 1425 841 Oberkommando
1443 820 1484 842 der
1501 821 1631 846 englischen
1649 821 1754 844 Armee».
1786 822 1942 848 Tcutschland
1958 822 2199 850 lLZannigsalligeii.
2230 824 2330 851 Turkey,
2369 825 2446 848 2>euc>

232 847 273 870 ge»
290 842 517 871 (Kriegkgerüchte).
547 854 568 858 -
599 842 715 869 Schweiz.
733 843 777 866 Lik.
794 844 856 867 0!ro.
873 845 884 865 ä
900 846 955 871 (aus
973 844 1067 871 Zürich,
1085 846 1169 868 Aarau
1183 859 1191 872 ,
1205 846 1250 869 St.
1268 846 1377 872 Gallen,
1394 846 1500 874 Luzern,
1517 848 1586 871 Bern
1602 849 1649 871 und
1666 848 1786 877 Schwyz).
1815 861 1840 866 —
1870 851 1957 879 Hierzu
1975 852 2026 874 eine
2044 852 2223 879 (öxiradcylago.

401 952 681 987 Schweizerische
716 954 1068 993 Eidgenossenschaft.

227 1018 264 1052 Zu
277 1017 447 1052 Rothenburg
464 1017 508 1050 bey
528 1019 652 1050 Luzern
674 1019 737 1052 starb
753 1020 799 1052 auf
812 1018 906 1054 seinem
923 1020 1058 1053 Landhaus
1073 1028 1115 1050 am
1130 1022 1175 1050 25.
1191 1022 1302 1056 Jenner,

169 1062 278 1098 plötzlich
302 1072 333 1093 an
353 1062 437 1092 einem
459 1063 629 1099 Schlagfluß,
649 1064 717 1100 Herr
733 1065 950 1100 Alt-Schultheiß
972 1066 1127 1102 Heinrich
1146 1070 1290 1100 Kraner,

169 1109 196 1140 in
221 1109 316 1143 seinem
339 1111 426 1142 72sten
448 1110 608 1143 Allersjahr.
660 1111 740 1143 Sohn
771 1111 843 1141 eines
872 1112 1001 1147 dürftigen
1026 1114 1192 1144 Landmannö
1222 1116 1291 1147 halte

170 1163 196 1185 er
219 1156 289 1189 schon
312 1155 448 1191 frühzeilig
471 1155 555 1188 schöne
580 1156 795 1192 Geistesanlagen
816 1158 951 1192 vcrrathc»
966 1177 973 1191 ,
1003 1160 1089 1189 welche
1112 1158 1163 1193 ihm
1185 1159 1222 1189 die
1245 1161 1292 1196 Zu¬

174 1202 286 1237 neigung
307 1204 358 1231 und
389 1202 461 1236 selbst
482 1202 647 1238 werkihalige
668 1204 858 1240 Unterstützung
880 1206 1008 1239 mehrerer
1032 1206 1214 1240 angcfthcncr,
1250 1214 1292 1235 um

170 1248 211 1278 die
231 1249 352 1284 Bildung
377 1249 419 1278 der
442 1250 548 1284 Jugend
569 1248 609 1283 sich
630 1249 836 1284 inrercssircnder
849 1251 969 1282 Männer
987 1259 1135 1285 gewonnen.
1175 1253 1237 1283 Nur
1258 1252 1292 1282 im

170 1296 281 1330 Kampfe
305 1297 354 1325 mit
379 1296 421 1325 der
445 1296 576 1329 bittersten
599 1296 671 1330 Nokh
694 1299 784 1331 gelang
808 1300 837 1326 cS
867 1298 921 1326 dem
946 1298 1138 1334 wißbegierigen
1160 1299 1292 1334 Jüngling

170 1343 238 1378 seine
262 1343 382 1373 Studien
415 1342 494 1375 thcilS
518 1341 544 1370 in
566 1344 681 1374 Luzern,
715 1343 793 1376 theilS
822 1343 848 1374 in
866 1343 949 1380 Paoia
970 1349 1045 1375 unter
1069 1345 1125 1374 dem
1143 1346 1292 1381 berühmten

172 1389 273 1422 Tissot,
297 1397 325 1422 zu
347 1389 426 1423 dessen
448 1389 641 1423 vorzüglichsten
656 1390 786 1420 Schülern
801 1397 827 1419 er
844 1389 962 1425 gehörte,
984 1399 1010 1424 zu
1031 1392 1171 1421 vollenden.
1211 1393 1293 1424 Nach¬

172 1436 228 1465 dem
250 1443 275 1465 er
298 1437 380 1469 später
405 1439 466 1467 auch
492 1434 638 1471 Frankreich
663 1438 715 1464 und
736 1437 853 1470 England
878 1436 984 1472 bereiset
1009 1439 1099 1471 hatte,
1131 1438 1249 1468 widmete
1269 1446 1294 1468 er

173 1482 216 1517 sich
243 1483 270 1511 in
297 1482 388 1516 seinem
413 1482 577 1513 Vaterlands
601 1482 656 1510 dem
674 1483 762 1517 Beruf
786 1482 857 1512 eines
880 1487 986 1515 Arztes.
1024 1486 1060 1515 Er
1083 1491 1136 1514 war
1157 1484 1194 1514 im
1214 1484 1293 1521 Besitz

174 1529 244 1558 einer
266 1530 438 1558 bedeutenden
459 1528 554 1564 Praris
575 1529 615 1557 als
636 1528 673 1557 die
694 1528 854 1559 Revolution
877 1531 998 1563 ausbrach
1014 1530 1066 1560 und
1087 1539 1114 1560 er
1137 1530 1186 1565 sich'
1201 1529 1226 1560 in
1249 1532 1293 1560 den

174 1575 341 1609 helvetischen
364 1577 456 1605 Senat
480 1574 591 1610 gewählt
614 1576 684 1609 fand.
733 1577 774 1611 In
801 1575 882 1611 dieser
910 1576 1028 1609 Behörde
1055 1577 1176 1610 zeichnete
1202 1584 1225 1607 er
1253 1578 1293 1613 sich

174 1623 216 1651 als
241 1621 316 1651 eines
340 1625 382 1652 der
407 1621 543 1657 lhätigsten
567 1621 728 1655 Mitglieder
747 1624 813 1668 au^,
842 1629 915 1651 wenn
936 1630 961 1652 er
983 1625 1040 1655 auch
1062 1624 1100 1657 hie
1124 1624 1173 1652 und
1201 1624 1232 1653 da
1254 1623 1295 1658 sich

173 1668 247 1697 durch
267 1668 351 1702 seinen
375 1670 440 1701 allzu
461 1668 672 1702 demokratischen
700 1670 775 1699 Sinn
804 1676 833 1701 zu
854 1669 1021 1705 Meinungen
1050 1670 1099 1699 und
1127 1670 1296 1706 Vorschlägen

171 1713 298 1744 verleiten
319 1715 394 1747 lassen
411 1719 524 1747 mochte,
545 1714 587 1744 die
609 1716 677 1747 nicht
691 1715 785 1745 immer
801 1723 850 1745 von
869 1715 953 1750 seinen
968 1717 1159 1751 gemäßigteren
1173 1719 1296 1751 Kollegen

170 1761 301 1796 gcbilliget
322 1762 436 1792 würden.
489 1763 539 1792 AIS
565 1761 724 1795 Deputlrter
752 1762 837 1795 seines
860 1765 982 1792 Kautous
1011 1766 1112 1796 wohnte
1135 1771 1161 1793 er
1192 1765 1296 1798 nachher

170 1807 214 1837 der
237 1807 447 1842 schweizerischen
470 1808 600 1840 Konsulia
621 1806 647 1835 in
668 1807 751 1842 Paris
771 1809 832 1839 bey,
853 1809 904 1837 und
924 1810 1040 1842 gelangte
1059 1810 1151 1843 sodann
1173 1810 1218 1844 bcy
1234 1809 1295 1839 Ein¬

170 1853 284 1889 führung
304 1855 346 1883 der
358 1852 666 1886 Mediatiottsregicrung
677 1852 701 1880 in
718 1854 761 1880 bei,
776 1853 873 1882 kleine»
887 1853 969 1886 Rath,
991 1855 1042 1882 und
1058 1855 1144 1888 selbst,
1165 1857 1223 1887 nach
1240 1857 1294 1883 dem

169 1901 229 1931 Tod
250 1901 297 1929 deS
316 1901 364 1935 Hr.
388 1898 543 1932 Schultheiß
570 1900 643 1928 Krug
668 1898 701 1926 im
728 1900 796 1934 Jahr
821 1901 890 1927 1805
913 1906 956 1932 zur
983 1899 1292 1933 Schultheißen-Würde.

170 1949 241 1978 Nach
255 1947 302 1975 den
312 1947 505 1980 Umstallungen
521 1944 556 1974 im
569 1943 808 1978 verhängnißvolleu
822 1946 893 1980 Jahr
906 1947 979 1974 1814
997 1931 1109 1981 kra?Hc.
1127 1948 1225 1975 Krauer
1237 1946 1293 1975 wie¬

168 1994 213 2023 der
230 1993 259 2023 in
282 1993 331 2022 den
351 1991 518 2028 Privakstand
538 1991 636 2023 zurück,
658 1997 701 2025 zog
721 1991 766 2022 auf
785 1991 834 2019 das
855 1992 921 2022 Land
944 1993 997 2021 und
1018 1992 1078 2021 übte
1097 1993 1229 2022 abermals
1252 1992 1295 2027 sei¬

169 2048 219 2069 nen
237 2038 343 2073 vorigen
368 2039 456 2072 Beruf
473 2039 513 2066 als
530 2040 592 2069 Arzt
609 2038 669 2065 aus.
709 2039 758 2072 Im
776 2037 846 2073 Jahr
865 2039 937 2067 1819
952 2037 1019 2067 ward
1040 2038 1066 2067 et
1089 2038 1117 2067 in
1140 2040 1185 2067 den
1202 2039 1295 2072 großen

169 2087 243 2121 viath
274 2090 387 2116 ernannt
412 2087 464 2114 und
488 2085 591 2117 wohnte
618 2083 711 2118 seither
738 2086 870 2116 mehreren
897 2085 1109 2119 Tagsatzungen,
1144 2085 1295 2116 namentlich

169 2134 217 2164 den
238 2141 305 2167 zwey
324 2133 409 2169 letzten
428 2133 483 2166 bcy.
524 2132 559 2161 Er
575 2129 719 2164 hinterläßt
740 2133 788 2159 aus
809 2130 890 2164 seiner
910 2135 1021 2165 zweyten
1045 2133 1096 2163 Ehe
1115 2133 1226 2163 mehrere
1243 2139 1297 2164 zum

170 2181 251 2215 Thcil
278 2182 336 2210 noch
358 2186 515 2213 unerzogene
541 2177 652 2209 Kinder.
689 2179 727 2208 Er
753 2177 832 2212 genoß
862 2184 910 2206 von
940 2176 1009 2212 jeher
1031 2178 1126 2213 großes
1149 2180 1297 2209 Vertrauen

170 2228 216 2262 bey
246 2228 304 2257 dem
325 2226 464 2257 Landvolke
493 2225 577 2260 seines
599 2226 741 2257 Kantons,
774 2231 822 2253 von
852 2224 958 2258 dem.er
981 2224 1071 2254 immer
1092 2226 1298 2259 unzweydeutigc

171 2273 290 2307 Beweise
311 2282 358 2303 von
380 2271 452 2304 Liebe
471 2274 522 2300 und
543 2273 658 2305 Achtung
680 2269 788 2305 erhielt;
809 2271 849 2299 ein
866 2270 1032 2306 vorzüglicher
1053 2273 1106 2307 Zug
1129 2271 1212 2305 seines
1231 2273 1298 2304 Cha¬

170 2323 272 2351 rakters
297 2328 349 2350 war
376 2317 646 2354 Uneigeunüyigkeir,
680 2318 730 2347 wie
752 2324 812 2346 man
840 2317 871 2350 sie
899 2317 977 2351 selten
1000 2320 1025 2348 in
1053 2319 1076 2351 so
1100 2319 1189 2351 hohem
1211 2319 1298 2349 Grade

172 2369 259 2404 finden
283 2376 362 2402 mag,
396 2369 447 2396 und
469 2366 544 2400 große
565 2366 760 2401 Herzensgute;
784 2371 808 2394 er
834 2365 898 2394 blieb
923 2363 1008 2400 seinen
1025 2364 1219 2401 Grundsätzen,
1241 2369 1298 2401 trotz

173 2415 198 2449 so
212 2417 328 2446 mancher
349 2415 522 2447 Wandlung,
553 2413 594 2441 bis
620 2420 652 2441 an
674 2411 726 2447 sein
749 2412 910 2442 Lebensende
931 2415 1018 2447 getreu
1040 2414 1091 2442 und
1113 2414 1213 2445 verlor,
1241 2416 1299 2448 trotz

174 2462 200 2497 so
219 2464 336 2495 mancher
357 2463 449 2493 harten
470 2460 609 2496 Prüfung,
631 2457 672 2488 nie
693 2459 741 2488 den
762 2460 885 2489 Glauben
905 2466 937 2487 an
958 2458 998 2488 die
1020 2459 1191 2494 Menschheit.

231 2510 288 2539 Der
311 2509 387 2543 große
402 2509 476 2539 Rath
498 2508 544 2536 des
563 2505 686 2537 Standes
707 2507 836 2538 Luzern
865 2513 917 2535 war
938 2507 1157 2538 ununterbrochen
1176 2513 1234 2536 vom
1258 2509 1299 2536 17.

176 2553 217 2584 biS
242 2558 288 2584 27.
310 2557 413 2591 Jenner
437 2554 614 2588 versammelt.
663 2552 726 2583 Das
753 2552 956 2587 vergeschlagene
978 2552 1247 2588 Kriminalgesetzbuch
1277 2554 1299 2588 so

173 2601 221 2631 wie
242 2602 285 2631 der
304 2602 483 2638 Polizeykoder
504 2602 609 2631 wurden
628 2602 686 2632 nach
707 2600 785 2635 reifer
806 2600 857 2629 und
881 2599 1038 2635 gründlicher
1060 2600 1229 2636 Berathung,
1251 2599 1300 2631 mit

174 2648 292 2683 wenigen
314 2648 527 2682 unwesentlichen
549 2647 775 2683 Modifikationen
801 2645 955 2682 genehmigt.
996 2647 1134 2681 Nunmehr
1158 2646 1235 2681 findet
1257 2646 1298 2680 sich

175 2695 218 2723 der
236 2695 312 2729 große
332 2696 405 2729 Rath
433 2697 475 2724 bis
501 2695 547 2729 auf
568 2697 616 2724 den
640 2697 667 2723 5.
690 2695 817 2732 Hornung
840 2698 966 2728 vertaget.
1018 2694 1078 2724 Wir
1097 2694 1196 2722 werden
1219 2694 1300 2729 später

178 2741 336 2774 ausführlich
357 2742 409 2771 und
430 2741 694 2777 zusammenhängsnd
715 2741 796 2776 dessen
816 2741 1038 2775 Verhandlungen
1060 2741 1163 2773 liefern.

232 2787 273 2822 Zu
293 2789 375 2822 Vricg
397 2788 434 2820 im
457 2789 590 2820 Wallis
614 2789 745 2824 verstarb,
773 2789 808 2817 76
825 2789 910 2823 Jahre
931 2788 985 2819 alt,
1008 2796 1049 2816 am
1068 2789 1155 2823 letzten
1175 2788 1233 2823 Tag
1255 2788 1300 2817 des

178 2831 357 2866 abg.flossenen
377 2835 495 2868 Jahres,
517 2837 560 2865 der
581 2837 674 2865 Baron
697 2843 747 2865 von
770 2836 938 2868 Srockalper,
960 2834 1099 2869 gewesener
1123 2836 1300 2869 Landshaupt-

178 2884 260 2907 niann
279 2879 330 2906 und
350 2879 486 2912 wirklicher
505 2883 674 2915 Statthalter
689 2882 771 2916 dieses
790 2885 895 2911 Amtes.
932 2881 1008 2914 Sein
1029 2881 1173 2914 feyerliches
1189 2882 1300 2912 Leichen-

178 2923 323 2959 begängniß
343 2925 412 2954 hatte
431 2933 473 2954 am
493 2930 522 2956 3.
545 2929 649 2962 Jenner
671 2930 732 2962 statt
752 2930 803 2959 und
827 2931 870 2957 der
894 2929 1059 2962 Staatsrath
1081 2928 1160 2962 erließ
1185 2928 1239 2957 eine
1262 2928 1300 2957 die

178 2969 333 3003 Verdienste
356 2969 401 2997 des
421 2972 598 3006 Magistraten
626 2976 757 3009 preisende
787 2976 1011 3010 Kundmachung,
1053 2975 1095 3005 der
1129 2976 1171 3008 bey
1206 2974 1301 3010 fünfzig

177 3020 282 3056 Jahren
312 3015 499 3046 Staatsämker
524 3021 575 3048 und
610 3021 649 3051 die
674 3024 751 3057 ersten
783 3024 889 3053 Stellen
909 3023 953 3052 des
982 3023 1080 3053 Landes
1105 3022 1225 3051 bekleidet
1249 3024 1301 3055 hat.

176 3068 214 3097 Cr
235 3072 289 3094 war
309 3061 391 3096 öfters
415 3062 562 3096 Gesandter
584 3068 714 3100 desselben
734 3070 770 3100 im
792 3070 925 3101 Auslande
948 3072 1000 3098 und
1020 3069 1064 3102 bey
1088 3069 1135 3098 den
1154 3068 1301 3103 eidgenössi¬

176 3114 245 3148 schen
265 3104 470 3145 Tagsatzufizcn.
510 3111 567 3140 Der
595 3112 648 3146 sehr
676 3117 807 3150 begüterte
828 3118 918 3148 Mann
948 3115 1091 3153 hinterläßt
1118 3116 1171 3146 eine
1192 3116 1301 3154 Familie

177 3168 227 3191 von
250 3162 286 3191 73
306 3156 424 3190 Kindern
446 3158 499 3187 und
519 3157 740 3193 KindcSkinderu.

1386 930 1451 960 Eine
1471 930 1600 964 furchtbar
1615 931 1762 966 schreckliche
1777 932 1898 964 Lauwine
1919 934 1963 965 hat
1981 933 2007 963 in
2025 935 2070 963 der
2085 936 2173 967 Nacht
2190 942 2247 964 vom
2269 939 2315 965 17.
2337 937 2385 968 auf
2402 937 2451 966 den

1331 980 1374 1006 18.
1392 978 1492 1012 Jenner
1519 979 1567 1006 das
1589 978 1667 1007 kleine
1683 978 1819 1013 Pfarrdvrf
1837 978 1900 1010 Biel
1924 980 1982 1009 oder
2000 981 2071 1011 Buel
2094 983 2157 1014 (von
2182 982 2236 1010 116
2261 981 2449 1016 Einwohnern)

1331 1021 1366 1051 im
1385 1021 1555 1057 Wallisischcn
1583 1024 1699 1060 Zehnden
1723 1026 1809 1054 Goms
1833 1025 1944 1058 beynahe
1965 1033 2025 1060 ganz
2050 1028 2184 1060 verheert,
2218 1027 2269 1055 und
2290 1029 2361 1061 mehr
2381 1029 2448 1057 denn

1329 1072 1365 1097 80
1384 1069 1513 1104 Personen
1535 1070 1581 1099 den
1602 1071 1658 1100 Tod
1678 1070 1801 1104 gebracht.
1840 1071 1908 1101 Vier
1933 1072 1984 1100 und
2011 1072 2107 1107 fünfzig
2131 1072 2231 1104 Leichen
2253 1072 2306 1106 sind
2338 1082 2380 1104 am
2404 1078 2450 1105 20.

1330 1115 1432 1151 Jenner
1453 1123 1495 1147 zur
1517 1118 1583 1146 Erde
1604 1117 1719 1151 bestattet
1738 1118 1840 1146 worden
1860 1118 1912 1146 und
1933 1118 1977 1146 den
2001 1118 2106 1153 übrigen
2128 1120 2198 1148 ward
2220 1121 2388 1155 nacbgcsuchr.

1387 1162 1448 1192 Den
1470 1161 1495 1190 in
1519 1162 1618 1194 unserm
1643 1163 1728 1198 letzten
1747 1164 1829 1194 Blatt
1849 1164 1906 1192 dem
1930 1165 2215 1200 Vcrwaltungsbcricht
2236 1166 2279 1194 der
2298 1167 2450 1202 Regierung

1331 1207 1375 1237 des
1401 1209 1524 1238 Kantons
1543 1209 1707 1242 Thurgau
1727 1210 1884 1242 enthobenen
1912 1211 2054 1244 Angaben,
2077 1211 2196 1245 schließen
2215 1211 2257 1245 sich
2277 1212 2316 1242 die
2343 1214 2450 1244 nachfol¬

1331 1254 1425 1288 genden
1441 1262 1493 1286 an,
1515 1256 1601 1285 welche
1621 1254 1670 1284 wir
1689 1255 1744 1284 dem
1762 1256 1958 1291 Jahresbericht
1975 1257 2020 1285 des
2043 1256 2253 1290 SanitätSrathS
2268 1265 2327 1288 vom
2344 1263 2368 1287 1.
2386 1261 2449 1289 Okt.

1334 1303 1405 1329 1825
1422 1301 1464 1329 bis
1485 1300 1563 1334 dahin
1583 1302 1655 1330 1826
1674 1302 1807 1335 entheben.
1849 1302 1963 1336 Geprüft
1978 1304 2028 1331 und
2046 1303 2176 1338 patentirr
2196 1304 2299 1334 wurden
2320 1309 2337 1333 2
2350 1308 2451 1338 Aerzte,

1331 1349 1347 1375 6
1369 1347 1521 1380 Tbierärzte
1543 1349 1593 1376 und
1617 1351 1632 1377 7
1657 1348 1827 1384 Hebammen.
1866 1350 1929 1378 Von
1945 1349 2095 1383 Epidemien
2120 1351 2189 1379 ward
2218 1350 2296 1385 außer
2319 1351 2449 1387 häufigem

1331 1395 1502 1427 Keuchhusten
1528 1395 1571 1428 bcy
1594 1394 1707 1424 Kindern
1728 1395 1812 1426 nichts
1835 1398 2072 1430 wahrgenommcn.
2109 1396 2260 1432 Natürliche
2285 1400 2376 1434 Pocken
2407 1398 2447 1429 die

1334 1440 1375 1472 sich
1397 1440 1440 1473 hin
1464 1441 1515 1469 uud
1538 1440 1647 1472 wieder,
1675 1440 1745 1476 meist
1764 1441 1791 1470 in
1815 1441 2073 1475 Gränzzemeinden,
2102 1444 2217 1477 zeigten»
2250 1446 2354 1474 wurden
2377 1445 2449 1477 durch

1332 1488 1536 1521 Veranstaltung
1559 1488 1600 1520 für
1621 1487 1883 1522 Schutzimpfungen,
1915 1490 1986 1519 durch
2017 1489 2313 1524 Polizevoerfügungen,
2348 1493 2449 1521 Konin-

1333 1534 1515 1568 mazanstaltcn
1544 1534 1595 1562 und
1621 1533 1886 1568 Äontagionswachen
1915 1535 1942 1565 in
1975 1534 2043 1568 ihrer
2067 1534 2244 1569 Ausbreitung
2267 1537 2414 1571 gehemmt,
2435 1541 2451 1566 7

1333 1580 1462 1615 Personen
1486 1581 1582 1615 starben
1608 1581 1702 1612 daran,
1733 1585 1862 1611 worunter
1885 1585 1902 1608 2
1923 1581 2070 1617 Jünglinge
2089 1589 2137 1610 von
2160 1583 2194 1610 19
2212 1583 2262 1611 und
2283 1586 2318 1613 23
2342 1586 2452 1619 Jahren.

1334 1628 1395 1656 Von
1414 1627 1488 1656 25)9
1517 1626 1685 1661 impffähigen
1707 1624 1822 1657 Kindern
1847 1629 1951 1657 wurden
1976 1629 2049 1657 1679
2077 1628 2202 1664 geimpft;
2236 1629 2275 1661 für
2302 1634 2338 1659 30
2366 1631 2452 1660 wurde

1334 1672 1373 1702 die
1394 1672 1528 1707 Impfung
1548 1672 1707 1706 verweigert.
1748 1673 1903 1708 Sporadisch
1933 1680 1985 1702 war
2017 1674 2056 1703 die
2086 1675 2274 1710 Lungenseriche
2302 1677 2347 1705 des
2369 1677 2419 1712 Hoi
2427 1685 2454 1706 n-

1334 1718 1408 1752 viehs
1425 1720 1470 1752 bey
1493 1723 1529 1748 11
1545 1718 1657 1749 Stücken
1679 1719 1880 1754 ausgcbrochcn,
1900 1727 1990 1749 wovon
2005 1721 2023 1748 9
2044 1721 2246 1755 todtgcschlagen
2266 1722 2317 1751 und
2340 1725 2355 1749 2
2369 1724 2456 1754 durch»

1336 1765 1448 1798 geseucht
1469 1766 1585 1795 wurden.
1639 1765 1725 1800 Außer
1748 1766 1824 1800 jenen
1847 1769 1864 1795 9
1889 1766 1993 1795 wurden
2020 1770 2111 1798 annoch
2135 1770 2170 1795 17
2196 1767 2308 1800 Stücke,
2344 1768 2402 1798 weil
2423 1768 2455 1801 sie

1333 1811 1382 1840 mit
1403 1812 1449 1839 den
1472 1813 1646 1845 Angcsteckten
1675 1810 1716 1846 sich
1741 1810 1766 1842 in
1789 1812 1947 1847 Berührung
1977 1812 2102 1846 befunden
2127 1813 2233 1847 hatten,
2263 1817 2315 1844 ans
2337 1814 2454 1852 Vorsicht

1332 1856 1537 1889 abgeschlachter.
1590 1857 1647 1886 Der
1669 1858 1909 1891 Schatzungswerth
1941 1858 2003 1887 aller
2027 1858 2081 1892 also
2108 1860 2268 1892 abgethamn
2293 1861 2336 1894 Th
2342 1862 2389 1890 irre
2416 1861 2455 1891 be¬

1335 1905 1392 1935 trug
1416 1902 1472 1929 9o9
1496 1903 1567 1933 Gl.,
1603 1909 1689 1931 wovon
1707 1904 1755 1932 aus
1779 1903 1962 1937 verkäuflichen
1985 1902 2107 1938 Häuten,
2139 1904 2232 1940 Fleisch
2254 1907 2305 1934 uud
2332 1907 2455 1937 Unftblitt

1331 1948 1387 1976 436
1412 1949 1459 1978 Gl.
1483 1947 1566 1978 erlöst
1588 1949 1709 1982 wurden;
1731 1955 1763 1978 an
1787 1949 1835 1978 den
1862 1949 1938 1984 übrig
1959 1949 2106 1979 bleibenden
2127 1952 2232 1985 Verlust
2256 1958 2304 1981 von
2333 1954 2386 1984 473
2404 1955 2456 1984 Gl.

1333 1997 1437 2022 wurden
1458 1997 1509 2023 aus
1532 1997 1575 2023 der
1597 1993 1793 2029 Sanitätskassa
1813 1997 1867 2025 2i8
1888 1997 1937 2026 Gl.
1964 1996 2131 2032 entschädigt.
2180 1999 2261 2027 Unter
2286 2001 2334 2028 den
2359 2000 2454 2034 Kühen

1334 2039 1413 2074 zeigte
1434 2039 1477 2073 sich
1500 2041 1527 2069 in
1546 2040 1650 2072 etlichen
1675 2041 1833 2071 Gemeinden
1859 2042 1914 2072 eine
1936 2042 2129 2078 cigcnlhünilich
2150 2044 2456 2082 rheumatisch-nervöse

1336 2086 1494 2120 Krankheit,
1526 2087 1564 2116 die
1589 2087 1672 2117 einem
1690 2088 1832 2122 stärkende»
1855 2088 2050 2123 Heilverfahren
2076 2091 2147 2121 durch
2167 2090 2280 2123 reizende
2300 2092 2457 2123 Einreibun¬

1336 2140 1382 2167 gen
1407 2132 1475 2164 wich.
1511 2133 1754 2168 Wnthvcrdächrige
1777 2136 1869 2170 Hunde
1893 2137 1996 2165 wurde»
2026 2135 2051 2165 in
2076 2137 2092 2164 6
2109 2137 2292 2170 Gemeinden,
2314 2140 2376 2172 ohne
2397 2139 2457 2170 wei¬

1337 2181 1388 2208 tete
1410 2181 1525 2215 Folge»,
1558 2180 1800 2216 niedergeschlagen.
1850 2183 1898 2217 Im
1926 2181 2097 2218 Viehverkcyr
2127 2184 2231 2213 wurden
2259 2184 2301 2217 für
2327 2187 2456 2219 erkauftes

1337 2226 1405 2260 Lieh
1430 2227 1533 2256 14,726
1551 2226 1822 2261 Gesundheilsscheine
1844 2227 2056 2262 eingenommen,
2091 2234 2223 2260 worunter
2242 2233 2315 2261 3849
2343 2236 2391 2262 aus
2413 2241 2457 2262 an¬

1337 2276 1398 2301 dern
1424 2274 1561 2303 Kantonen
1590 2274 1641 2302 und
1665 2275 1736 2302 2947
1761 2282 1819 2303 vom
1850 2276 1991 2310 Ausland;
2026 2276 2068 2310 für
2089 2277 2235 2310 verkauftes
2259 2277 2327 2312 Vieh
2352 2280 2457 2310 wurden

1339 2320 1440 2352 17,499
1465 2319 1738 2354 Gesundheitsscheine
1758 2322 1931 2356 ausgegcben.
1971 2322 2159 2357 Unordnungen
2187 2324 2212 2352 in
2234 2323 2327 2359 beyden
2352 2327 2456 2356 wurden

1337 2370 1372 2396 32
1386 2367 1521 2401 geahndet.
1559 2366 1845 2403 Viehhandelspatente
1868 2370 1973 2399 wuide»
1995 2372 2045 2400 187
2072 2370 2186 2405 erlheilt-
2225 2371 2280 2406 Auf
2297 2373 2345 2402 den
2361 2373 2456 2408 Wasen

1338 2414 1423 2443 kamen
1443 2414 1479 2443 60
1501 2413 1592 2449 Pferde
1614 2415 1664 2441 und
1686 2416 1701 2443 3
1724 2415 1806 2448 Kühe.

1392 2459 1444 2491 Die
1464 2458 1857 2495 Bevölkerungs-Verzeichnisse
1877 2468 1935 2491 vom
1948 2462 2017 2498 Jahr
2037 2465 2107 2494 1825
2130 2463 2215 2494 bieten
2237 2464 2350 2501 folgende
2365 2466 2458 2502 Ergeb¬

1339 2506 1396 2540 nisse
1422 2506 1475 2536 dar.
1526 2505 1579 2536 Die
1601 2506 1906 2543 Gesammtbevölkerung
1933 2510 1978 2538 des
1999 2510 2121 2540 ÄanrouS
2148 2510 2249 2546 beträgt
2274 2514 2377 2543 79,662
2397 2516 2460 2550 Per,

1339 2554 1435 2588 fönen,
1465 2560 1513 2583 von
1539 2553 1619 2582 denen
1647 2554 1751 2587 62,656
1779 2556 1836 2585 dem
1866 2555 2050 2591 evangelischen
2073 2559 2122 2586 und
2155 2559 2256 2589 17,026
2283 2560 2340 2589 dem
2374 2562 2458 2592 katho¬

1338 2600 1425 2635 lische»
1446 2599 1669 2635 Rcligionstheile
1692 2601 1851 2637 angehörcn;
1887 2602 1962 2638 somit
1985 2605 2039 2633 355
2062 2605 2131 2638 mehr
2155 2607 2196 2633 als
2222 2605 2256 2634 im
2277 2607 2347 2642 Jahr
2373 2609 2457 2638 1824.

1337 2663 1373 2668 —
1403 2648 1522 2677 Geboren
1552 2649 1655 2677 wurden
1681 2651 1753 2677 2770
1782 2649 1898 2682 Kinder,
1933 2657 2021 2680 wovon
2050 2653 2120 2680 1421
2146 2650 2285 2683 männliche
2309 2654 2360 2683 und
2386 2657 2459 2685 1349

1338 2694 1473 2726 w.ibliche.
1513 2695 1553 2724 Es
1574 2693 1660 2729 finden
1683 2693 1724 2730 sich
1745 2697 1867 2726 darunter
1889 2697 1926 2726 44
1951 2697 2167 2733 Zwillingspaare
2189 2700 2240 2728 und
2261 2701 2299 2729 67
2322 2701 2372 2736 auß
2390 2703 2461 2736 rehe»

1339 2741 1381 2770 lich
1405 2742 1546 2775 Geborne;
1577 2742 1689 2776 weniger
1708 2743 1816 2776 geboren
1839 2745 1880 2772 als
1903 2743 1939 2773 im
1960 2745 2028 2779 Jahr
2047 2752 2122 2776 zuvor
2148 2747 2213 2774 162.
2254 2748 2307 2778 Die
2331 2749 2460 2785 Zahl-dcr

1338 2787 1511 2821 Gestorbenen
1532 2787 1633 2823 beträgt
1651 2790 1742 2819 2293,
1762 2797 1852 2819 wovon
1873 2792 1947 2820 1134
1968 2789 2128 2822 männlichen
2146 2793 2199 2821 und
2222 2796 2295 2824 1159
2314 2795 2458 2826 weiblichen

1339 2835 1519 2870 Geschlechts;
1541 2836 1664 2865 darunter
1685 2837 1844 2870 Erwachsene
1866 2839 1939 2866 1024
1959 2839 2010 2867 und
2032 2839 2245 2875 Minderjährige
2269 2844 2359 2872 1269:
2381 2842 2458 2872 weni¬

1339 2888 1381 2914 ger
1406 2882 1533 2914 gcsirrbcn
1556 2884 1597 2911 als
1619 2882 1653 2912 im
1676 2883 1776 2918 vorigen
1802 2886 1870 2920 Jahr
1900 2883 1963 2914 135.
2001 2886 2049 2920 Im
2074 2886 2144 2921 Jahr
2168 2890 2238 2917 1825
2261 2889 2329 2920 mehr
2351 2891 2458 2923 geboren

1340 2930 1381 2957 alS
1401 2929 1528 2963 gestorben
1552 2930 1619 2958 477.
1658 2931 1730 2963 Chen
1751 2933 1854 2960 wurden
1875 2930 2035 2965 eingesegnct
2056 2934 2127 2963 579:
2150 2933 2260 2969 weniger
2278 2937 2319 2965 als
2337 2936 2371 2965 im
2390 2938 2458 2972 Jahr

1340 2981 1415 3007 zuvor
1436 2977 1464 3004 7.
1516 2977 1578 3007 Das
1600 2977 1756 3012 Veihäliniß
1777 2980 1819 3007 der
1839 2978 1967 3008 Lebenden
1994 2985 2023 3010 zu
2053 2980 2102 3008 de»
2123 2982 2262 3010 Gcborncn
2291 2983 2320 3020 ist
2344 2984 2391 3013 wie
2421 2985 2457 3013 29

1340 3030 1367 3055 zu
1390 3027 1424 3056 1;
1445 3024 1580 3058 dasjenige
1603 3026 1644 3054 der
1665 3026 1791 3055 Lebenden
1813 3033 1840 3057 zu
1861 3026 1907 3055 den
1930 3027 2103 3059 Gestorbenen
2123 3028 2173 3057 wie
2194 3030 2228 3059 34
2243 3029 2260 3065 '/
2256 3043 2272 3064 s
2291 3038 2319 3062 i»
2342 3035 2370 3058 l.
2404 3031 2460 3064 Ans

1340 3072 1375 3098 25
1396 3071 1532 3100 Geburten
1555 3072 1648 3101 kommt
1668 3071 1708 3101 ein
1731 3073 1910 3106 tedlgeborncs
1930 3074 2017 3109 Kind;
2056 3076 2104 3108 auf
2131 3075 2204 3109 jeden
2227 3077 2284 3110 Tag
2306 3078 2419 3106 kommen
2441 3081 2457 3108 7

1341 3118 1459 3146 Geborne
1483 3120 1533 3147 und
1554 3119 1571 3147 6
1585 3120 1748 3152 Gestorbene.
1786 3121 1866 3150 Unter
1886 3122 1933 3149 den
1950 3122 2122 3154 Gestorbenen
2144 3122 2229 3157 finden
2244 3121 2285 3155 sich
2302 3128 2354 3152 111
2374 3125 2458 3155 Todt»

1341 3165 1458 3199 gebernc.
1498 3167 1537 3196 Cs
1560 3167 1656 3201 starben
1679 3165 1714 3196 im
1735 3169 1812 3203 trsten
1835 3170 2017 3200 Altcrsmcnat
2037 3172 2111 3202 270,
2147 3177 2203 3199 vom
2224 3173 2241 3197 2
2262 3170 2303 3201 bis
2322 3171 2341 3200 6
2357 3172 2459 3204 Monat
