4120 5551
221 118 304 174 m
333 114 430 174 3»
463 107 916 186 Morgenvlatt.

1527 108 1606 182 Der
1641 103 1796 179 Urchtt
1831 103 1992 179 ZeitW
2029 100 2124 166 >M.
2149 98 2359 176 MWi>z.

2745 87 3015 161 Freitag,
3051 84 3105 148 1.
3137 82 3419 160 Februar
3453 87 3643 149 1901.

205 793 297 845 ®*bo*
314 791 466 845 taffiJw*

206 848 319 876 Cß)Wtlj
340 845 456 872 B-st-Nunz

383 746 795 785 Abonnementspreise.
968 746 1086 772 «rnmu.

717 801 731 891 I
785 797 853 895 h
871 811 985 909 f?i:
1013 805 1087 885 I?

717 906 723 915 ,
750 905 756 912 .
783 903 790 912 .
812 887 856 911 Mk.
870 889 891 910 «.
905 897 929 904 —

753 914 777 944 fl.
790 914 804 938 6
804 931 811 939 .
823 914 858 937 SB.
871 915 894 937 R.
904 915 931 936 M

207 900 386 929 LeiNschland
409 895 527 924 ®if«ntmg

207 929 231 952 0
234 926 490 954 »st..r»tck>.U,,ar»
562 923 597 943 »o.

207 952 417 980 Vt.lt.».«.«,
421 950 487 978 Pt»«
564 946 599 970 d°-

288 978 396 1026 ‘äitai
407 1002 444 1025 M

1304 815 1444 951 O
1504 810 2032 979 HiochklWs
2092 804 2600 973 jicklsM.

2751 849 2924 879 Ü«kal-Jnl»»te
2933 850 2965 874 10
2971 850 3014 877 Ulf.
3023 850 3080 878 (cjll.

3037 755 3398 793 JnsertionSpreiser

3246 802 3249 818 !
3262 798 3309 819 »dir
3320 798 3380 821 (irni
3394 797 3465 821 Staunt

3260 823 3301 846 bM
3313 824 3411 848 «Mimt
3423 826 3450 848 40
3461 823 3504 849 «tr.

3057 873 3199 904 Ätna

2969 796 3013 820 St»
3023 796 3140 823 «injvattlje
3149 796 3249 821 Sktttutb
3261 802 3266 819 ,

2913 823 2949 850 sllk
2961 821 2993 845 Mt
3006 822 3094 849 Schwei,
3107 825 3133 845 *S
3146 823 3195 849 AP.,
3213 815 3247 850 für
3260 823 3266 844 >

2913 856 2924 873 t
2934 851 2962 874 20
2972 851 3013 877 ‘Jlp.
3024 850 3080 877 (tjH.
3088 850 3182 877 irinauj.
3194 850 3265 877 u.fcli

259 1040 289 1062 .»
301 1038 429 1066 rtertarstr.
445 1031 737 1070 N«d<r»ti-«Surea»
753 1031 870 1059 «oethestr.

790 1011 794 1020 .
807 995 849 1024 Fr.
861 995 893 1017 12.
906 995 933 1018 SO
959 994 1000 1023 Fr.
1012 995 1045 1018 24.
1061 1004 1083 1011 -

3032 910 3141 940 «lltiitlgt
3155 912 3288 939 3n|erslen»

2909 960 2911 962 ■
2934 954 2938 958 •
2959 947 3047 958 -
3075 944 3226 975 Hatlolf
3238 946 3366 975 Mosko
3467 951 3481 960 ~
3486 955 3535 971 -w

2783 982 2995 1010 «nn«Ni!N-<krpidiii
2997 987 3007 1005 0
3010 988 3022 1003 !i
3040 981 3075 1008 filr
3088 982 3125 1003 alle
3139 981 3298 1012 Ichweijuische»
3311 986 3355 1004 uaa
3369 975 3648 1011 <mM&uM|4tn'9tltutifi<R

2997 1015 3011 1037 S
3022 1012 3147 1045 Thiatnstr.
3170 1010 3275 1046 Zürich'
3293 1013 3409 1041 Soiihtstr.
3423 1014 3449 1037 10

205 1140 270 1197 Dir
287 1142 615 1197 Kaudelsbcztthmigku
632 1137 825 1192 Franvelihs
853 1147 901 1191 zur
920 1135 1053 1189 Zchivch.

693 1203 822 1241 Paris,
840 1206 883 1233 so.
901 1203 1020 1238 Januar.

278 1257 321 1292 H.
344 1253 406 1291 Als
428 1263 498 1290 man
514 1251 603 1295 dieser
627 1251 711 1294 Tage
727 1249 759 1285 in
775 1249 822 1285 der
840 1248 978 1285 Kammer
999 1256 1053 1291 zur

208 1299 422 1344 Abstimmung
444 1298 516 1335 über
548 1297 594 1334 die
632 1294 874 1340 Tagesordnung
921 1292 1054 1336 Tebussy

210 1345 288 1388 lam,
338 1344 442 1380 womit
475 1342 523 1379 die
567 1339 946 1384 JnterpellationSdebatte
984 1338 1054 1374 über

213 1390 265 1426 die
284 1388 474 1433 Seidenzölle
496 1385 705 1432 abgeschlossen
727 1386 838 1427 wurde,
873 1383 982 1420 meinte
1004 1384 1055 1418 der

215 1434 381 1479 Präsident
403 1437 455 1470 des
500 1430 754 1477 ZolluusschusseS
800 1430 960 1473 Trannoy,
1009 1427 1054 1463 die

215 1469 351 1523 Schweiz
397 1478 482 1522 sollte
527 1478 614 1514 darin
659 1473 852 1518 ausdrücklich
919 1477 1054 1518 gewarnt

216 1526 349 1568 werden;
396 1523 489 1559 allein
525 1520 678 1566 zahlreiche
700 1520 903 1565 Abgeordnete
925 1519 1053 1561 wehrten

216 1570 264 1611 ab.
292 1570 354 1605 und
376 1573 412 1604 es
432 1567 510 1604 blieb
526 1568 572 1603 bei
587 1568 636 1603 der
652 1565 888 1609 ursprünglichen
903 1562 1048 1608 Fassung,

217 1615 319 1658 welche
341 1623 400 1650 nur
423 1620 482 1648 von
506 1612 555 1648 der
578 1611 813 1654 bevorstehenden
859 1609 1054 1651 Erneuerung

213 1658 268 1693 -er
290 1656 677 1700 HandelSübrreiukommen
700 1654 832 1698 zwischen
850 1654 902 1689 den
919 1653 1055 1688 Staaten

214 1701 463 1743 Mitteleuropas
487 1700 601 1743 spricht.
650 1699 715 1734 Der
749 1698 829 1742 kurze
853 1696 1057 1741 Zwischenfall

219 1745 353 1779 verdient
375 1745 574 1787 Erwähnung
595 1743 646 1778 als
669 1743 832 1785 Symptom
857 1743 907 1776 der
952 1739 1057 1775 Stim¬

219 1798 321 1832 mung,
372 1786 420 1823 die
440 1790 529 1822 unter
552 1788 601 1822 der
623 1785 830 1829 französischen
874 1783 1056 1819 Landesver-

220 1836 344 1876 Iretung
366 1841 403 1876 zu
415 1830 550 1874 Gunsten
573 1831 623 1866 der
635 1829 768 1873 Schweiz
790 1827 926 1872 herrscht.
950 1826 1057 1870 Sogar

219 1876 267 1912 die
289 1876 419 1918 Redner,
469 1875 570 1918 welche
614 1873 663 1910 die
697 1874 877 1916 Aeuderung
899 1874 950 1908 des
995 1870 1059 1906 Ab¬

220 1922 370 1957 kommens
391 1928 451 1956 von
477 1921 561 1954 1898
586 1919 627 1955 im
663 1917 811 1959 Interesse
848 1917 897 1953 der
943 1915 1058 1960 Lyoner

215 1964 433 2004 Seidenweber
458 1964 629 2010 wünschten,
672 1964 857 2006 verwahrten
894 1960 947 2005 sich
971 1970 1059 2005 gegen

216 2010 283 2057 sjede
322 2010 542 2054 unfreundliche
586 2007 705 2052 Absicht
748 2008 809 2044 und
855 2006 980 2051 schienen
1025 2014 1061 2048 zu

221 2055 362 2100 glauben,
388 2054 423 2091 in
445 2055 497 2090 der
519 2053 652 2097 Schweiz
674 2052 775 2089 tvürde
789 2062 859 2088 man
874 2051 923 2087 die
937 2051 1062 2086 Griinde

223 2099 304 2137 einer
327 2109 421 2136 neuen
443 2099 667 2144 Zollerhöhung
696 2108 731 2143 zu
768 2095 924 2141 würdigen
960 2094 1062 2138 wissen

222 2146 286 2181 und
309 2144 482 2189 Frankreich
506 2144 595 2187 dafür
609 2142 687 2186 nicht
701 2142 847 2187 entgelten
863 2141 964 2185 lassen.
991 2140 1058 2176 Nur

222 2189 274 2226 der
298 2189 537 2235 südfranzösische
557 2186 723 2233 Legitimist
745 2186 779 2223 de
812 2185 930 2228 Ramel,
982 2185 1061 2220 einer

223 2234 274 2271 der
297 2235 571 2280 Freigesprochenen
608 2234 660 2269 des
683 2233 780 2276 letzten
803 2229 1063 2275 Staatsgerichts¬

224 2279 379 2324 prozesses,
422 2280 472 2316 der
496 2280 549 2315 den
572 2276 811 2322 Republikanern
850 2275 964 2320 daheim
1001 2274 1062 2310 und

224 2326 387 2361 auswärts
410 2325 506 2368 nichts
529 2323 629 2359 Gutes
667 2324 798 2367 zutraut,
848 2321 941 2366 schlug
978 2319 1062 2356 einen

227 2373 324 2405 etwas
346 2369 474 2405 auderen
498 2369 567 2404 Ton
591 2379 639 2411 an,
690 2367 786 2403 indem
831 2376 861 2402 er
899 2365 954 2401 den
976 2364 1059 2409 fran-

222 2413 359 2457 zösische»
382 2412 499 2457 Konsul
522 2412 555 2449 in
578 2411 695 2457 Zürich,
734 2412 838 2453 »einen
862 2409 1056 2453 Schweizer",

226 2458 426 2502 beschuldigte,
468 2467 499 2493 er
521 2457 593 2501 habe
615 2456 663 2492 die
683 2455 870 2501 französische
890 2454 1062 2498 Regierrmg

221 2504 296 2539 über
308 2503 357 2538 die
366 2504 485 2546 wahren
498 2501 699 2545 Verhältnisse
710 2510 848 2545 ungenau
858 2500 1058 2542 unterrichtet.

229 2548 273 2583 Er
297 2548 379 2592 selbst
403 2547 501 2592 dürste
523 2547 602 2589 wohl
625 2546 698 2589 auch
719 2554 859 2589 nngenail
872 2544 1062 2587 unterrichtet

226 2592 296 2644 sein,
340 2593 376 2628 da
422 2593 472 2627 der
495 2591 677 2636 französische
721 2590 836 2633 Konsul
879 2589 912 2626 in
956 2588 1064 2633 Zürich

226 2647 333 2673 immer
353 2637 400 2672 ein
424 2636 571 2680 Franzose
594 2636 638 2677 ist.

293 2681 395 2716 Allein
421 2681 498 2723 nicht
513 2689 571 2715 nur
595 2679 627 2715 in
650 2678 699 2713 der
716 2679 821 2723 Form,
851 2677 973 2720 sondern
995 2676 1065 2721 auch

227 2723 263 2760 in
285 2724 336 2760 der
358 2724 456 2767 Sache
479 2724 622 2766 behielten
645 2722 810 2766 diejenigen
825 2722 872 2758 die
887 2722 1059 2766 Oberhand,

229 2768 331 2812 welche
353 2769 401 2804 die
424 2768 560 2804 Vorteile
584 2770 634 2803 des
657 2765 1064 2811 HaudelsübererttkommenS

228 2813 284 2849 mit
307 2815 356 2848 der
380 2812 514 2857 Schweiz
537 2812 586 2853 für
608 2811 654 2848 die
675 2811 777 2852 Masse
792 2813 841 2847 der
858 2810 1062 2856 französischen

228 2859 437 2902 Produzenten
462 2856 669 2897 anerkannten,
712 2855 911 2900 ziffermäßige
955 2854 1064 2898 Belege

226 2902 279 2951 für
300 2903 366 2946 ihre
384 2901 567 2945 Auffassung
590 2900 767 2943 beibrachten
792 2902 853 2935 und
890 2898 1063 2943 entschieden

225 2937 262 2983 in
284 2947 402 2982 Abrede
422 2946 545 2990 stellten,
596 2944 653 2987 daß
698 2945 744 2980 die
765 2943 908 2986 Rückkehr
928 2953 964 2986 zu
1008 2943 1063 2979 den

229 2990 417 3035 Zolltarifen
439 2998 499 3026 von
524 2991 607 3024 1892
629 2989 681 3032 für
716 2988 822 3034 fertige
865 2987 1065 3031 Seidenstoffe

229 3035 381 3081 Wirksame
401 3034 532 3079 Abhülfe
553 3034 602 3079 für
624 3033 671 3070 die
693 3034 808 3076 Lyoner
842 3032 1061 3074 Seidenweber,

229 3080 406 3124 namentlich
427 3079 477 3121 für
492 3078 538 3114 die
552 3078 794 3122 Hausindustrie,
816 3078 937 3122 schaffen
951 3079 1061 3114 würde.

228 3123 277 3164 In
301 3124 390 3166 dieser
413 3123 668 3168 Beweisführung
689 3124 826 3167 zeichnete
848 3122 901 3166 sich
924 3122 973 3158 der
1003 3121 1066 3158 Ab-

228 3178 256 3250 S
256 3172 386 3205 wrdnete
408 3168 523 3211 Dubief
568 3173 636 3210 aus,
685 3169 737 3203 der
758 3168 803 3203 die
826 3166 993 3209 Interessen
1017 3167 1067 3202 der

256 3213 478 3258 andwirtschaft
502 3212 564 3248 und
608 3214 659 3249 des
705 3212 873 3249 Weinbaus
910 3222 997 3256 gegen
1021 3212 1068 3248 die

228 3258 451 3295 übertriebenen
474 3258 639 3301 Ansprüche
676 3257 725 3293 der
766 3257 956 3299 „Seidenen"
1003 3265 1068 3292 ver¬

230 3303 363 3347 teidigte.
413 3304 459 3338 Er
480 3303 551 3347 ging
589 3313 647 3339 von
670 3303 733 3338 dem
757 3303 844 3347 Satze
889 3306 957 3344 aus,
1008 3301 1068 3344 daß

228 3347 361 3392 zweimal
386 3349 466 3392 mehr
487 3347 660 3390 Kapitalien
706 3357 745 3384 an
791 3348 841 3383 der
884 3346 1068 3390 Aufrechter¬

229 3393 358 3437 haltung
395 3394 444 3428 der
468 3392 584 3437 jetzigen
607 3391 712 3435 Tarife
735 3391 869 3436 beteiligt
893 3392 966 3437 sind,
1018 3391 1068 3427 als

229 3446 270 3473 an
293 3437 372 3480 ihrer
396 3438 572 3482 Erhöhung.
622 3437 720 3473 Dabei
759 3437 864 3473 konnte
886 3447 917 3473 er
940 3436 992 3481 sich
1016 3436 1070 3481 auf

230 3481 279 3517 die
301 3482 514 3527 Erfahrungen
536 3482 676 3527 beziehen,
704 3482 751 3518 die
773 3482 806 3518 in
830 3481 934 3524 seinem
951 3481 1069 3525 eigenen

230 3527 457 3571 Departement,
484 3527 750 3574 Saüue-et-Loire,
790 3529 916 3572 gemacht
951 3528 1069 3563 worden

231 3571 305 3616 sind,
333 3573 387 3614 auf
409 3572 456 3608 die
477 3572 595 3616 Leide»,
624 3573 703 3618 sagte
725 3582 764 3615 er,
793 3572 894 3616 welche
908 3573 964 3608 das
980 3572 1067 3616 Zoll-

234 3617 333 3661 system
357 3626 415 3654 von
442 3619 527 3652 1892
550 3617 629 3662 jener
653 3619 774 3662 Gegend
812 3616 975 3661 auferlegte
1009 3618 1069 3652 und

229 3671 270 3698 an
294 3664 385 3699 denen
409 3664 468 3699 das
488 3673 580 3708 ganze
600 3663 684 3700 Land
707 3663 803 3707 seinen
827 3662 931 3699 Anteil
974 3662 1066 3705 hatte.

230 3706 379 3751 Zwischen
408 3710 491 3742 1887
517 3712 576 3744 und
603 3709 686 3742 1892
722 3709 801 3750 hatte
839 3706 885 3742 die
931 3706 1070 3750 Ausfuhr

231 3752 427 3796 Fraukreichs
448 3755 518 3796 nach
541 3754 591 3789 der
613 3752 748 3796 Schweiz
763 3746 1007 3796 durchschnittlich
1025 3751 1070 3786 die

231 3798 319 3840 Höhe
341 3805 398 3832 von
424 3798 486 3830 226
512 3797 679 3834 Millionen
703 3796 832 3840 erreicht.
876 3797 960 3830 1893
999 3795 1065 3838 sank

231 3840 270 3883 sie
292 3840 346 3884 auf
371 3842 433 3875 173
457 3841 519 3877 und
567 3842 648 3876 1894
693 3841 749 3883 auf
794 3842 856 3875 130
901 3839 1070 3876 Millionen

230 3885 330 3927 herab,
372 3885 403 3928 so
426 3886 484 3928 daß
508 3885 554 3922 die
577 3885 718 3928 Einbuße
737 3885 769 3921 in
793 3884 866 3930 zwei
886 3885 1002 3927 Jahren
1029 3888 1069 3919 96

230 3930 400 3966 Millionen
425 3930 542 3974 betrug.
575 3931 644 3967 Alle
666 3929 988 3975 landwirtschaftlichen
1011 3930 1070 3966 Er¬

229 3974 377 4020 zeugnisse
400 3975 519 4021 unseres
541 3976 661 4012 Landes
684 3976 804 4012 wurden
830 3975 862 4011 in
892 3974 1072 4011 Mitleiden¬

1098 1102 1186 1146 schaft
1207 1111 1339 1146 gezogen,
1388 1102 1449 1138 und
1470 1100 1560 1144 dieser
1581 1099 1741 1145 Zollkrieg,
1793 1099 1861 1142 fuhr
1883 1098 1933 1134 der

1099 1148 1216 1185 Redner
1239 1147 1310 1191 fort,
1337 1154 1400 1182 war
1437 1147 1517 1188 umso
1540 1145 1667 1188 weniger
1704 1143 1928 1188 gerechtftrtigt,

1100 1194 1148 1230 als
1172 1192 1229 1227 wir
1252 1191 1304 1236 ihn
1327 1191 1382 1227 mit
1405 1191 1496 1227 einem
1532 1189 1737 1234 befreundeten
1783 1189 1933 1232 Nachbar¬

1100 1238 1187 1275 lande
1209 1236 1337 1282 führten,
1365 1246 1404 1272 an
1427 1237 1481 1272 das
1506 1240 1565 1272 uns
1582 1234 1640 1271 alle
1656 1233 1931 1277 Ueberlieferungen

1099 1283 1217 1324 nuferer
1230 1281 1397 1325 Geschichte,
1425 1281 1488 1316 eine
1509 1280 1702 1323 altbewährte
1725 1278 1935 1322 Freundschaft

1101 1329 1161 1364 und
1185 1327 1240 1363 mit
1263 1328 1317 1363 den
1340 1325 1521 1362 materiellen
1545 1326 1613 1368 auch
1651 1323 1741 1366 ernste
1785 1323 1934 1366 politische

1100 1373 1266 1415 Interessen
1291 1371 1424 1414 knüpfen.
1473 1370 1539 1407 Wie
1584 1370 1642 1405 das
1664 1368 1842 1404 Abkommen
1876 1375 1933 1403 von

1103 1420 1186 1453 1895
1209 1417 1317 1454 wieder
1330 1416 1492 1461 Besserung
1509 1416 1630 1458 brachte,
1658 1413 1804 1458 schilderte
1821 1412 1935 1455 Dubief

1100 1463 1227 1508 sodann:
1273 1462 1367 1498 Statt
1411 1462 1461 1498 der
1486 1461 1603 1503 19,761
1644 1459 1807 1504 Hektoliter
1845 1458 1933 1495 Wein

1099 1508 1221 1544 wurden
1247 1509 1329 1542 1899
1353 1507 1438 1542 deren
1464 1506 1604 1548 132,828
1628 1503 1815 1548 ausgeführt,
1860 1503 1929 1547 statt

1100 1553 1148 1597 für
1171 1554 1352 1595 2,019,295
1367 1552 1421 1595 Fr.
1448 1551 1525 1594 Vieh
1547 1551 1596 1592 für
1619 1550 1800 1590 5.000.900
1817 1549 1872 1593 Fr.
1892 1547 1931 1584 im

1099 1599 1182 1639 Jahr
1207 1599 1290 1632 1896
1335 1598 1396 1633 und
1434 1596 1480 1638 für
1505 1596 1685 1638 7,900,000
1707 1594 1762 1637 Fr.
1789 1593 1830 1629 im
1853 1593 1934 1635 Jahr

1104 1645 1197 1683 1898,
1226 1643 1296 1685 statt
1318 1642 1366 1684 für
1390 1642 1570 1683 2,886,000
1592 1639 1777 1682 Kilogramm
1823 1640 1933 1682 grünes

1102 1688 1162 1724 und
1186 1687 1393 1731 eingemachtes
1415 1686 1538 1727 Gemüse
1561 1685 1752 1726 5,165.000,
1791 1683 1864 1722 statt
1885 1682 1934 1727 für

1103 1733 1246 1774 522,000
1269 1733 1323 1774 Fr.
1349 1730 1453 1774 Zucker
1477 1729 1525 1773 für
1549 1729 1729 1772 4,810,000
1751 1728 1819 1772 Fr.,
1860 1727 1934 1771 statt

1101 1775 1151 1819 für
1174 1776 1318 1818 671,000
1339 1776 1395 1816 Fr.
1442 1774 1532 1810 Leder
1574 1773 1624 1817 für
1648 1772 1830 1815 3,822,000
1874 1773 1929 1815 Fr.

1104 1828 1133 1855 u.
1150 1818 1172 1860 f.
1187 1824 1226 1855 w.
1253 1819 1295 1855 Er
1319 1818 1375 1863 gab
1398 1827 1443 1862 zu.
1470 1818 1527 1860 daß
1550 1817 1600 1852 der
1622 1816 1753 1851 Gewinn
1776 1815 1858 1860 jenes
1873 1817 1936 1851 Ab¬

1104 1863 1251 1899 kommens
1274 1863 1322 1905 für
1344 1861 1515 1906 Frankreich
1531 1860 1635 1905 größer
1651 1867 1724 1901 war.
1743 1860 1794 1895 als
1818 1860 1865 1902 für
1888 1859 1934 1894 die

1106 1907 1249 1951 Schweiz,
1276 1908 1313 1943 da
1336 1906 1399 1950 ihre
1420 1905 1558 1949 Ausfuhr
1572 1904 1655 1950 fnach
1676 1902 1847 1948 Frankreich
1870 1904 1938 1947 noch

1106 1962 1155 1988 um
1171 1951 1301 1996 zwanzig
1316 1951 1447 1995 Prozent
1468 1951 1567 1994 hinter
1581 1950 1630 1985 der
1646 1958 1704 1984 von
1724 1950 1806 1983 1892
1829 1949 1939 1993 zrirück-

1107 1997 1209 2039 bleibt,
1237 1997 1285 2032 die
1322 1995 1511 2040 Frankreichs
1548 1995 1616 2037 nach
1641 1995 1690 2029 der
1712 1993 1847 2036 Schweiz
1869 1993 1937 2029 aber

1107 2052 1166 2080 nur
1188 2051 1238 2078 nm
1260 2041 1330 2086 zehn
1352 2041 1493 2086 Prozent.
1518 2040 1618 2076 Unter
1639 2038 1746 2083 solchen
1761 2038 1940 2081 Umständen

1108 2089 1187 2124 wäre
1209 2091 1240 2122 es
1264 2087 1332 2130 nach
1355 2087 1416 2122 dem
1455 2085 1566 2121 Urteile
1610 2084 1685 2119 aller
1722 2082 1936 2127 Verständigen

1109 2132 1242 2175 thöricht,
1293 2138 1389 2175 wegen
1435 2130 1514 2166 eines
1538 2128 1687 2173 unsichern
1710 2128 1860 2164 Gewinns
1883 2135 1940 2163 von

1108 2177 1248 2222 vielleicht
1272 2176 1375 2221 sieben,
1418 2175 1639 2219 allerhöchstenS
1677 2174 1746 2218 zehn
1770 2173 1939 2209 Millionen

1107 2223 1162 2259 den
1186 2221 1348 2265 greifbaren
1373 2220 1493 2258 Vorteil
1514 2227 1572 2256 von
1607 2219 1735 2262 hundert
1772 2217 1941 2254 Millionen

1107 2267 1229 2314 jährlich
1252 2267 1312 2303 und
1335 2265 1492 2302 obendrein
1513 2265 1567 2301 des
1582 2267 1672 2309 guten
1689 2263 1941 2308 Einvernehmens

1109 2312 1163 2350 mit
1186 2312 1248 2348 dem
1272 2311 1491 2355 Nachbarlande
1513 2308 1702 2353 aufzugeben.

1172 2356 1317 2402 Hierüber
1340 2356 1376 2398 ist
1398 2356 1465 2399 auch
1489 2354 1534 2391 die
1571 2353 1685 2398 Presse,
1735 2352 1780 2390 die
1803 2351 1881 2396 nicht
1901 2362 1938 2396 zu

1108 2402 1230 2439 Mölme
1253 2401 1380 2444 schwört,
1430 2400 1646 2441 einverstanden
1692 2398 1754 2434 und
1792 2398 1824 2440 so
1845 2401 1940 2433 erntet

1108 2447 1156 2483 der
1201 2445 1467 2491 Handelsminister
1511 2443 1691 2485 Millerand,
1752 2443 1803 2478 der
1847 2442 1940 2484 diesen

1109 2491 1307 2533 Standpunkt
1329 2500 1416 2534 gegen
1440 2489 1485 2526 die
1507 2488 1750 2533 Interpellanten
1788 2487 1851 2522 und
1896 2486 1942 2522 die

1108 2536 1325 2581 sozialistischen
1367 2535 1589 2580 Abgeordneten
1626 2540 1685 2569 von
1706 2533 1791 2576 Lyon
1815 2535 1938 2575 vertrat,

1109 2581 1170 2618 Lob
1194 2589 1251 2617 von
1274 2580 1395 2620 Leuten,
1422 2587 1480 2615 von
1502 2580 1594 2616 denen
1617 2587 1647 2613 er
1669 2575 1846 2622 gewöhnlich
1884 2586 1942 2613 nur

1110 2626 1208 2662 Tadel
1228 2635 1264 2670 zu
1287 2628 1432 2661 envarten
1453 2625 1515 2668 hat.

1178 2668 1262 2712 „Der
1285 2670 1355 2713 Tag
1376 2676 1440 2704 war
1462 2668 1510 2712 für
1532 2668 1590 2703 das
1611 2666 1698 2703 Laitd
1735 2665 1784 2702 ein
1820 2667 1939 2710 guter",

1105 2713 1232 2759 schreibt
1267 2724 1299 2759 z.
1332 2713 1376 2751 B«
1425 2713 1474 2750 der
1520 2713 1686 2756 „TempL",
1734 2709 1851 2756 welcher
1895 2711 1944 2746 der

1109 2760 1246 2797 Kammer
1269 2759 1336 2801 noch
1359 2757 1513 2800 besonders
1550 2758 1625 2800 dazu
1669 2750 1759 2792 Glück
1802 2755 1940 2799 wünscht,

1110 2803 1167 2844 daß
1191 2803 1233 2844 sie
1253 2803 1298 2837 die
1313 2802 1504 2845 allgemeinen
1518 2800 1699 2844 Interessen,
1726 2800 1772 2835 die
1788 2800 1943 2835 nationale

1108 2848 1215 2884 Arbeit
1237 2847 1309 2882 über
1329 2846 1391 2882 eine
1413 2845 1584 2889 Lokalfrage
1606 2844 1707 2888 stellte,
1758 2843 1792 2879 in
1831 2845 1880 2879 der
1903 2843 1943 2887 sie

1109 2891 1290 2935 thatsachlich
1313 2891 1409 2933 nichts
1432 2897 1557 2933 vermag,
1585 2889 1647 2925 und
1669 2892 1702 2924 eS
1735 2887 1934 2930 verschmähte,

1109 2937 1162 2972 den
1186 2936 1415 2971 Seidenwebern
1438 2942 1494 2970 von
1517 2934 1600 2976 Lyon
1639 2931 1725 2976 durch
1771 2931 1941 2977 trügerische

1110 2981 1380 3025 Vorspiegelungen
1402 2980 1456 3015 den
1478 2979 1578 3020 Wahn
1624 2976 1842 3021 beizubringen,
1870 2987 1939 3013 man

1110 3027 1204 3062 werde
1225 3028 1275 3061 der
1297 3025 1433 3069 dortigen
1454 3022 1610 3066 Industrie
1641 3021 1734 3058 Knall
1770 3023 1832 3058 und
1870 3022 1943 3066 Fall

1110 3070 1258 3115 aufhelfen
1281 3070 1401 3106 können.
1449 3068 1509 3104 Die
1546 3067 1680 3112 Notlage
1702 3066 1777 3109 ließe
1798 3066 1852 3112 sich
1875 3069 1943 3111 nach

1111 3116 1208 3158 allein,
1251 3119 1316 3150 was
1340 3113 1543 3158 Sachkundige
1565 3112 1599 3149 in
1621 3112 1673 3147 der
1695 3113 1832 3148 Kammer
1876 3111 1945 3147 dar¬

1111 3160 1218 3204 legten,
1246 3169 1304 3195 nur
1344 3160 1463 3201 ändern,
1505 3165 1592 3194 wenn
1614 3157 1685 3200 statt
1731 3157 1780 3193 der
1826 3155 1945 3200 leichten

1112 3205 1217 3241 wieder
1241 3204 1315 3240 viele
1336 3203 1459 3248 schwere,
1508 3202 1580 3247 reich
1624 3201 1793 3247 broschierte
1816 3201 1947 3238 Seioen-

1113 3249 1194 3294 stoffe
1216 3253 1355 3294 getragen
1377 3248 1506 3292 würden,
1534 3247 1596 3284 und
1618 3247 1675 3282 das
1693 3249 1785 3291 hängt
1808 3253 1867 3283 von
1891 3248 1944 3282 den

1111 3295 1234 3333 Launen
1258 3296 1307 3330 der
1330 3294 1426 3331 Mode
1447 3293 1493 3329 ab.
1543 3291 1709 3336 Vorläufig
1733 3290 1825 3327 bleibt
1848 3291 1944 3334 nichts

1113 3341 1236 3376 anderes
1259 3339 1356 3384 übrig,
1398 3340 1448 3374 als
1469 3338 1517 3374 die
1552 3336 1812 3381 Unterstützungen
1835 3335 1948 3381 fortzn-

1113 3386 1206 3430 setzen,
1256 3385 1330 3420 dank
1374 3384 1463 3419 denen
1486 3384 1638 3428 Hunderte
1683 3389 1741 3417 von
1787 3381 1947 3427 geschickten

1116 3430 1273 3468 Arbeitern
1297 3429 1343 3466 ein
1368 3429 1516 3474 dürftiges
1538 3427 1652 3471 Dasein
1677 3426 1790 3472 fristen.

1299 3483 1769 3572 KidgeiiöWchaft.

1169 3593 1200 3601 —
1236 3578 1338 3612 (Korr.)
1374 3577 1430 3607 Wie
1448 3576 1490 3612 für
1508 3576 1546 3607 die
1577 3574 1782 3611 obligatorischen
1813 3574 1951 3612 Utbungen

1115 3627 1158 3656 zur
1175 3618 1316 3654 Erfüllung
1335 3618 1378 3648 der
1395 3616 1581 3654 Schießpflicht,
1611 3616 1636 3650 so
1664 3615 1730 3646 wird
1762 3616 1822 3650 auch
1853 3615 1896 3651 für
1914 3615 1952 3646 die

1115 3658 1425 3694 Schießübungen
1456 3658 1521 3688 des
1551 3655 1827 3691 militärischen
1856 3655 1954 3687 Vor»

1115 3697 1345 3734 Unterrichts
1375 3697 1514 3733 alljährlich
1544 3697 1586 3728 ein
1612 3696 1862 3732 Schiebprogramm
1892 3704 1952 3728 vom

1116 3739 1318 3775 eidgenössischen
1336 3739 1616 3774 Mililärdepartement
1645 3737 1794 3773 ausgestellt.
1831 3737 1880 3768 Da
1897 3745 1953 3768 nun

1115 3781 1196 3813 dieses
1222 3779 1295 3815 Jahr
1328 3779 1463 3816 allgeinein
1492 3779 1530 3809 die
1560 3786 1651 3814 neuen,
1681 3778 1709 3808 in
1739 3777 1954 3813 Schützenkrelsen

1115 3821 1239 3857 übrigens
1256 3820 1310 3853 sehr
1327 3820 1473 3856 begrübtm,
1492 3818 1763 3856 Ordonnanzschelben
1780 3817 1953 3855 (Ringscheibe

1116 3863 1169 3892 und
1187 3860 1421 3897 Brnstringscheibe)
1439 3868 1484 3897 zur
1500 3860 1674 3896 Anwendung
1703 3859 1831 3895 kommen,
1867 3858 1955 3893 mutzte

1115 3902 1210 3937 darauf
1227 3902 1337 3935 Bedacht
1355 3909 1508 3937 genoinmen
1525 3902 1635 3934 werden,
1666 3900 1726 3934 auch
1756 3899 1799 3935 für
1816 3899 1866 3929 den
1884 3899 1953 3929 Vor«

1115 3942 1250 3976 »lnterricht
1267 3942 1307 3972 ein
1326 3941 1486 3978 Programm
1503 3940 1675 3978 auszustellen,
1706 3940 1756 3970 da«
1773 3939 1814 3970 dke
1831 3939 1954 3971 Verwen¬

1117 3983 1187 4020 dung
1206 3984 1251 4013 der
1267 3990 1349 4013 neuen
1366 3982 1492 4018 Scheiben
1521 3983 1575 4012 und
1593 3980 1632 4011 die
1651 3979 1807 4016 Grundsätze
1827 3979 1864 4010 Int
1882 3979 1955 4016 Auge

1978 1098 2032 1132 hat,
2040 1095 2079 1127 die
2083 1095 2239 1132 maßgebend
2248 1103 2335 1126 waren
2345 1095 2388 1130 für
2397 1094 2449 1125 das
2452 1093 2612 1130 Programm
2619 1090 2705 1127 sürdke
2711 1090 2810 1127 obliga¬

1978 1136 2094 1172 torischen
2101 1137 2246 1171 Hebungen.
2265 1135 2434 1170 Nachstehend
2446 1135 2522 1170 geben
2532 1133 2582 1163 wir
2590 1134 2640 1163 daS
2649 1132 2810 1168 Programm

1982 1178 2025 1212 für
2033 1179 2080 1208 den
2089 1175 2287 1212 Vorunterricht,
2305 1176 2354 1206 das
2363 1175 2442 1210 dieses
2452 1174 2523 1210 Jahr
2535 1172 2691 1209 provisorisch
2701 1173 2743 1207 für
2761 1172 2811 1202 alle

1979 1218 2120 1249 Sektionen
2138 1217 2193 1253 gilt,
2211 1224 2259 1246 um
2274 1216 2405 1252 genügend
2427 1214 2556 1245 Material
2575 1221 2603 1250 zu
2622 1212 2743 1248 erhalten,
2760 1213 2811 1242 das

1981 1260 2053 1289 dann
2082 1258 2201 1294 gestattet,
2232 1257 2270 1287 ei»
2301 1256 2444 1293 definitives
2463 1256 2625 1291 Programm
2656 1253 2812 1290 sestzusetze».

1980 1299 2038 1330 Wir
2055 1298 2181 1329 bemerken
2198 1297 2266 1332 noch,
2283 1297 2333 1331 daß
2352 1297 2421 1331 schon
2444 1299 2510 1325 »900
2531 1295 2570 1326 die
2588 1293 2738 1328 Sektionen,
2769 1293 2807 1323 die

1981 1340 2027 1375 auf
2045 1339 2094 1369 das
2111 1337 2355 1374 Scheibenmaterial
2372 1338 2415 1367 der
2444 1334 2743 1372 Jnfanterieinstruktion
2760 1341 2807 1364 an¬

1979 1379 2096 1416 gewiesen
2116 1379 2181 1415 sind,
2211 1378 2287 1413 dieses
2306 1378 2466 1413 Progranun
2496 1375 2662 1410 durchführen
2691 1375 2807 1404 komrten.

1979 1421 2020 1452 ES
2038 1421 2102 1455 kam,
2127 1418 2202 1454 soviel
2221 1419 2334 1454 bekannt,
2351 1419 2444 1450 Kanur
2462 1417 2498 1449 im
2518 1420 2583 1448 nton
2600 1416 2672 1447 Bern
2690 1423 2735 1452 zur
2752 1415 2807 1446 An¬

1979 1462 2113 1498 wendung.

2031 1501 2086 1538 Für
2103 1499 2141 1531 die
2159 1500 2218 1536 erste
2236 1498 2402 1535 Schietzklasse
2421 1498 2486 1530 wird
2505 1505 2556 1529 nur
2585 1497 2623 1528 die
2652 1495 2812 1533 Ringscheibe

1977 1543 2028 1579 (A)
2045 1541 2192 1572 verwendet.
2230 1540 2325 1575 Weiße
2345 1540 2451 1573 Scheibe
2482 1539 2530 1570 mit
2560 1539 2667 1568 rundem
2687 1537 2810 1572 Schwarz

1979 1591 2031 1613 von
2041 1584 2074 1611 60
2082 1581 2236 1612 Centimeter
2246 1581 2443 1617 Durchmesser.)
2458 1580 2500 1611 Es
2518 1579 2574 1615 sind
2591 1578 2656 1614 sechs
2672 1577 2811 1613 Uebringen

1979 1624 2027 1653 mit
2044 1622 2177 1658 folgenden
2195 1621 2381 1657 Bedingungen
2399 1621 2566 1657 vorgesehen:

2014 1665 2065 1692 200
2083 1673 2111 1692 m
2128 1663 2225 1699 liegend
2242 1663 2367 1698 ausgelegt
2490 1665 2506 1690 9
2526 1659 2626 1696 Punkte
2645 1663 2659 1687 4
2679 1658 2777 1693 Treffer

2015 1705 2065 1733 200
2084 1714 2111 1733 m
2182 1724 2194 1739 „
2250 1702 2388 1738 freihändig
2490 1704 2504 1738 7
2579 1722 2592 1737 „
2647 1704 2662 1728 3
2717 1721 2730 1736 „

2015 1746 2065 1772 200
2083 1754 2111 1773 m
2129 1742 2228 1773 knieend
2307 1764 2319 1777 „
2489 1742 2512 1773 7.
2576 1760 2591 1778 „
2645 1741 2661 1768 3
2714 1760 2729 1776 „

2015 1785 2065 1813 300
2082 1795 2111 1812 m
2127 1783 2224 1819 liegend
2242 1782 2366 1818 aufgelegt
2490 1784 2506 1810 3
2579 1801 2593 1818 „
2647 1783 2663 1809 4
2717 1801 2731 1816 „

2017 1825 2067 1853 300
2086 1834 2114 1858 m
2185 1843 2199 1858 „
2252 1821 2393 1859 freihändig
2494 1824 2509 1850 6
2582 1840 2596 1857 „
2651 1821 2666 1848 8
2720 1840 2735 1856 „

2018 1865 2068 1892 800
2086 1873 2114 1892 m
2130 1861 2232 1892 knieend
2313 1883 2325 1898 „
2495 1863 2510 1888 C
2583 1880 2596 1896 „
2652 1862 2667 1888 3
2721 1880 2736 1895 „

2036 1901 2076 1933 ES
2093 1901 2123 1936 ist
2154 1901 2195 1932 rin
2226 1901 2355 1936 sichtbares
2386 1899 2578 1936 systematisches
2607 1898 2817 1935 Weiterschreiten

1984 1950 2045 1973 vom
2076 1941 2183 1975 Leichten
2213 1949 2269 1977 zum
2289 1941 2454 1974 Schwereren
2484 1939 2628 1971 erkennbar.
2663 1938 2715 1969 Die
2735 1939 2817 1975 zweite

1985 1981 2150 2018 Schietzklasse
2169 1981 2214 2017 hat
2230 1982 2320 2012 wieder
2339 1981 2403 2017 sechs
2420 1981 2566 2017 Uebungen,
2596 1979 2635 2009 die
2665 1979 2744 2014 ersten
2766 1979 2819 2009 drei

1985 2030 2062 2060 gegen
2080 2022 2118 2052 die
2135 2022 2293 2059 Ringscheibe
2310 2022 2365 2058 (A),
2396 2021 2434 2052 die
2464 2023 2565 2058 zweiten
2596 2020 2648 2051 drei
2677 2027 2754 2056 gegen
2778 2020 2818 2050 die

1987 2062 2219 2098 Brustringscheibe.
2236 2062 2336 2098 (Weiße
2354 2062 2461 2096 Scheibe
2479 2063 2527 2092 mit
2544 2060 2620 2091 Kreis
2639 2067 2691 2091 von
2709 2063 2743 2089 60
2754 2060 2816 2091 Cnr.

1988 2104 2168 2138 Durchmesser,
2187 2104 2216 2133 in
2232 2103 2288 2133 dem
2300 2103 2341 2133 ein
2358 2103 2483 2139 liegender
2492 2101 2596 2137 Schütze
2615 2101 2754 2137 abgebildet
2766 2101 2819 2137 ist.)

1990 2145 2081 2179 Dieses
2091 2143 2267 2177 Schcibenbild
2285 2144 2315 2178 ist
2331 2143 2456 2177 natürlich
2475 2142 2625 2178 schwieriger
2641 2141 2821 2178 anzuvisteren,

1988 2186 2046 2216 weil
2064 2184 2107 2214 der
2122 2184 2199 2214 Kreis
2217 2186 2277 2214 eben
2294 2183 2357 2219 nicht
2375 2184 2518 2220 ausgefüüt
2537 2182 2638 2219 schwarz
2656 2182 2693 2217 ist.

2023 2227 2074 2255 800
2090 2236 2118 2254 m
2136 2225 2232 2260 liegend
2251 2225 2376 2261 aufgelegt
2499 2227 2514 2253 3
2534 2223 2634 2259 Punkte
2652 2225 2667 2252 4
2686 2222 2785 2259 Treffer

2024 2268 2074 2295 800
2092 2276 2120 2295 m
2191 2286 2206 2302 „
2259 2264 2398 2301 freihändig
2501 2267 2516 2294 7
2588 2285 2602 2301 „
2657 2267 2672 2292 3
2726 2285 2741 2300 ,

2025 2309 2076 2335 300
2093 2317 2121 2335 m
2139 2305 2238 2336 knieend
2326 2326 2342 2342 „
2501 2307 2517 2334 7
2589 2324 2603 2341 „
2657 2305 2673 2332 8
2726 2325 2742 2340 „

2024 2349 2074 2375 200
2092 2357 2120 2376 m
2137 2345 2234 2383 liegend
2253 2346 2377 2382 aufgelegt
2502 2347 2743 2382 7,8,

2023 2390 2075 2416 200
2092 2397 2119 2422 m
2183 2408 2195 2422 „
2251 2385 2391 2423 freihändig
2499 2388 2514 2414 6
2588 2406 2601 2421 „
2657 2388 2671 2413 8
2725 2406 2740 2422 „

2023 2430 2074 2457 200
2091 2438 2118 2457 m
2137 2427 2237 2457 knieend
2309 2448 2322 2463 „
2501 2428 2516 2454 6
2589 2446 2602 2461 „
2657 2428 2672 2453 3
2726 2446 2741 2462 „

2041 2468 2099 2498 Wir
2115 2468 2233 2503 schließen
2250 2467 2338 2502 unsere
2355 2467 2544 2502 Mitteilungen
2565 2466 2628 2496 über
2645 2467 2694 2496 das
2712 2465 2820 2501 Schieß¬

1987 2516 2137 2546 programm
2154 2508 2198 2542 für
2224 2507 2270 2538 den
2296 2507 2472 2542 militärische»
2492 2506 2682 2538 Borunterricht
2708 2507 2755 2537 mit
2773 2507 2821 2537 den

1988 2551 2086 2584 nähen,
2101 2549 2330 2585 Bestimmungen:
2350 2548 2404 2584 Per
2421 2549 2515 2580 Mann
2532 2548 2633 2579 werden
2648 2547 2701 2578 drei
2718 2547 2819 2583 Probe-

1989 2589 2075 2626 schüsse
2103 2588 2223 2625 gestattet,
2254 2589 2337 2623 welche
2367 2589 2412 2619 als
2428 2587 2636 2623 Kontrollschüffe
2655 2595 2685 2624 zu
2703 2588 2817 2619 notieren

1990 2631 2063 2666 sind;
2080 2629 2118 2659 die
2128 2629 2315 2665 Bedingungen
2331 2629 2387 2663 sind
2397 2628 2424 2659 in
2444 2629 2502 2665 fünf
2519 2628 2821 2664 auseiuanderfolgenden

1991 2669 2115 2705 Schüffen
2149 2677 2180 2705 zu
2214 2669 2335 2706 erfüllen;
2371 2669 2524 2705 Maximum
2560 2668 2612 2703 acht
2639 2668 2744 2704 Schüsse
2780 2676 2824 2705 per

1991 2711 2113 2748 Uebung;
2131 2709 2271 2740 Munition
2287 2709 2328 2740 bis
2346 2709 2392 2745 auf
2410 2709 2500 2746 vierzig
2512 2708 2648 2744 Patronen
2665 2716 2709 2744 per
2721 2707 2821 2740 Mann.

2043 2768 2077 2778 —
2094 2753 2146 2784 Die
2176 2753 2473 2791 schweizerischen
2506 2745 2825 2790 Kavällerkeoffi-

1989 2796 2084 2832 »iere
2101 2795 2182 2828 haben
2200 2794 2333 2831 SamStag
2356 2796 2381 2824 2.
2399 2794 2453 2824 und
2481 2793 2609 2828 Sonntag
2628 2795 2652 2822 8.
2670 2792 2744 2828 Febr.
2771 2793 2824 2828 ihre

1988 2835 2280 2870 Jahresversammlung
2309 2834 2335 2863 in
2366 2833 2530 2869 Neuenburg.
2576 2833 2633 2862 Der
2661 2832 2822 2869 Waffenchef,

1987 2875 2081 2907 Oberst
2104 2874 2286 2908 Markwalder,
2320 2874 2375 2904 und
2404 2873 2448 2903 der
2482 2872 2696 2909 Oberinstruktor,
2727 2872 2822 2909 Oberst

1988 2914 2122 2951 Wildbolz,
2141 2914 2227 2949 halten
2245 2914 2378 2950 Borträge.

2231 3008 2592 3076 Kantone.

2044 3125 2099 3157 Der
2117 3124 2322 3162 ReglenmgSrat
2338 3126 2456 3161 verlangt
2474 3132 2536 3156 vom
2561 3124 2727 3155 KantonSrat
2754 3123 2826 3155 einen

1990 3166 2077 3199 Kredit
2094 3170 2146 3197 von
2165 3168 2275 3204 100,000
2293 3165 2339 3203 Fr.
2357 3165 2400 3201 für
2427 3166 2476 3196 den
2495 3166 2557 3197 Bau
2576 3164 2643 3197 einer
2669 3165 2827 3202 zweiten

1992 3206 2201 3243 Turnhalle
2231 3206 2293 3237 der
2320 3205 2633 3243 Kantonsschule.
2669 3206 2720 3236 Die
2744 3206 2827 3243 Frage

1993 3247 2132 3284 beschäftigt
2148 3247 2187 3277 die
2205 3246 2339 3283 BehSrden
2371 3247 2415 3283 seit
2444 3247 2512 3277 einer
2529 3245 2608 3282 Reihe
2638 3253 2689 3276 von
2715 3246 2828 3282 Jahren.

1994 3289 2083 3323 Schon
2103 3289 2169 3316 1892
2189 3287 2309 3317 erklärten
2337 3287 2377 3317 die
2393 3287 2481 3318 beiden
2499 3287 2827 3324 Aufsichtskommissionen,

1993 3330 2044 3365 daß
2062 3328 2100 3358 die
2117 3328 2258 3363 bestehende
2275 3328 2418 3363 Tunihalle
2437 3328 2494 3358 dem
2513 3326 2657 3362 Bedürfnis
2675 3327 2738 3361 nicht
2755 3328 2828 3363 mehr

1994 3370 2099 3406 genüge.
2134 3369 2255 3399 Seitdem
2272 3368 2302 3403 ist
2318 3368 2357 3399 dke
2374 3368 2602 3405 Schülerfrequenz
2620 3367 2679 3402 noch
2697 3368 2769 3402 mehr
2787 3376 2828 3404 ge¬

1995 3412 2094 3447 stiegen,
2113 3410 2166 3440 und
2184 3409 2223 3440 die
2240 3409 2401 3444 Uebelstände
2431 3409 2513 3444 haben
2543 3408 2588 3443 sich
2618 3416 2668 3439 von
2695 3409 2767 3443 Jahr
2798 3416 2828 3445 zu

1994 3452 2066 3488 Jahr
2082 3450 2233 3486 gesteigett..
2251 3450 2291 3481 ES
2309 3450 2413 3486 ergeben
2430 3450 2476 3486 sich
2493 3449 2656 3485 demzufolge,
2675 3449 2827 3485 wenigstens

1996 3493 2035 3523 bei
2069 3491 2232 3526 ungünstiger
2265 3490 2419 3527 Witterung,
2450 3491 2485 3521 im
2517 3489 2765 3526 Sommerhalbjahr
2795 3493 2828 3519 82

1997 3531 2162 3567 wöchentliche
2180 3531 2361 3567 Turnstunden
2378 3532 2421 3566 für
2438 3531 2477 3562 die
2505 3531 2559 3562 eine
2579 3530 2728 3566 Turnhalle.
2774 3531 2831 3562 Der

1997 3572 2134 3607 Unterricht
2146 3573 2235 3607 mußte
2252 3572 2407 3609 demzufolge
2425 3579 2482 3608 zum
2502 3571 2562 3603 Teil
2578 3571 2623 3607 aus
2634 3571 2760 3602 Stundet»
2778 3580 2831 3603 ver¬

1996 3615 2047 3650 legt
2066 3617 2174 3649 werden,
2199 3613 2239 3644 die
2257 3616 2307 3644 aus
2325 3613 2504 3650 hygieirüschen
2525 3612 2653 3644 Gründen
2671 3612 2833 3646 beanstandet

1997 3654 2098 3686 werden
2115 3653 2224 3690 müssen.
2259 3653 2329 3685 Mau
2348 3653 2403 3688 hals
2429 3653 2473 3689 sich
2501 3653 2575 3687 durch
2592 3652 2834 3690 Zusammenzlehen

1998 3704 2050 3726 von
2069 3694 2283 3731 Parallelklassen,
2301 3694 2382 3725 wobei
2402 3694 2440 3725 die
2458 3694 2586 3731 «inzeluen
2597 3694 2834 3731 Turnabteilungen

1999 3736 2025 3771 so
2044 3735 2108 3772 groß
2125 3736 2233 3770 werden,
2261 3735 2312 3769 daß
2341 3743 2377 3766 an
2409 3735 2462 3765 eine
2480 3734 2642 3765 individuelle
2661 3734 2834 3771 Behandlung

2000 3777 2046 3806 des
2065 3775 2236 3812 TurnstofseS,
2255 3776 2302 3806 wie
2320 3775 2353 3809 sie
2370 3775 2548 3811 insbesondere
2566 3774 2634 3806 beim
2643 3775 2834 3807 Geräteturnen

2000 3818 2123 3855 gefordert
2141 3817 2240 3847 werden
2259 3816 2330 3852 muß,
2355 3816 2419 3852 nicht
2436 3817 2509 3852 mehr
2526 3815 2624 3853 gedacht
2643 3817 2743 3847 werden
2760 3818 2834 3853 kann,

2002 3857 2137 3894 abgesehen
2155 3857 2247 3893 davon,
2266 3857 2317 3891 daß
2334 3857 2372 3888 die
2391 3857 2437 3893 auf
2455 3859 2504 3888 de»
2515 3858 2643 3893 einzelnen
2654 3856 2765 3891 Schüler
2782 3861 2836 3888 ent¬

2001 3899 2109 3934 fallende
2139 3898 2276 3934 eigentliche
2307 3897 2474 3935 Uebungszeit
2505 3898 2559 3933 sehr
2576 3897 2697 3934 reduziert
2725 3898 2836 3932 aussällt

2001 3940 2057 3970 und
2085 3938 2123 3968 die
2153 3938 2198 3973 für
2226 3939 2297 3969 einen
2314 3940 2466 3975 geordneten
2483 3937 2651 3969 Turnbetrieb
2668 3937 2837 3973 unerläßliche

2001 3980 2096 4016 strenge
2113 3979 2294 4016 Handhabung
2312 3980 2355 4010 der
2373 3978 2507 4016 Disziplin
2534 3978 2657 4013 erschwert
2687 3979 2760 4010 wird.
2796 3979 2837 4010 ES

2856 1092 2960 1121 turnten
2976 1087 3049 1122 wohl
3065 1088 3125 1124 auch
3142 1088 3201 1125 zivei
3216 1086 3391 1124 Abteilungen
3405 1085 3611 1121 »ckenelnander,
3628 1088 3687 1117 waS

2853 1130 2891 1160 bei
2909 1134 2982 1166 guter
3002 1129 3146 1165 Witterung
3165 1129 3200 1159 im
3218 1128 3310 1164 Freien
3329 1128 3399 1162 wohl
3416 1126 3518 1163 angeht,
3534 1126 3575 1157 bei
3591 1125 3686 1162 schlech¬

2853 1173 2892 1201 ter
2908 1171 2944 1201 Im
2965 1170 3087 1202 Gebäude
3105 1170 3177 1204 nicht.
3213 1168 3348 1204 Natürlich
3372 1168 3432 1199 übte
3448 1168 3492 1199 der
3509 1167 3621 1203 Mangel
3651 1174 3688 1198 an

2854 1211 3039 1241 Turnrämn-n
3057 1211 3116 1243 auch
3133 1211 3206 1241 einen
3234 1209 3399 1245 nachteiligen
3427 1207 3535 1244 Einfluß
3564 1208 3612 1243 auf
3638 1207 3688 1238 den

2855 1259 2949 1287 ganzen
2969 1251 3174 1286 Stundenplan;
3197 1258 3232 1281 an
3248 1251 3294 1280 der
3311 1249 3521 1285 Industrieschule
3537 1249 3628 1279 dauert
3644 1248 3689 1278 der

2855 1291 2995 1326 Unterricht
3013 1290 3099 1326 häufig
3117 1291 3161 1321 bis
3178 1290 3241 1325 sechs
3271 1289 3325 1325 Uhr
3356 1290 3460 1325 abends,
3491 1292 3545 1319 war
3576 1287 3616 1319 ein
3634 1290 3688 1319 ent¬

2858 1331 2991 1368 schiedener
3009 1331 3158 1366 Uebelstand
3175 1330 3213 1363 ist.

2910 1372 2982 1403 Dem
3001 1372 3075 1402 allem
3107 1371 3154 1405 soll
3185 1370 3257 1405 durch
3275 1371 3326 1400 der»
3342 1369 3406 1400 Bau
3423 1369 3489 1400 einer
3508 1376 3587 1399 neuen
3604 1368 3691 1399 Turn¬

2857 1412 2923 1448 halle
2941 1411 3091 1449 abgeholfen
3110 1411 3218 1448 iverden,
3249 1410 3292 1446 für
3322 1411 3369 1441 den
3399 1410 3437 1440 die
3464 1408 3692 1444 Architektenfirma

2856 1453 2951 1488 Kehrer
2969 1452 3022 1483 und
3041 1452 3115 1482 Knell
3131 1451 3200 1483 denn
3231 1451 3291 1486 auch
3320 1450 3413 1482 bereits
3430 1449 3469 1480 die
3487 1449 3572 1485 Pläne
3601 1452 3693 1486 auSge-

2856 1493 2961 1524 arbeltet
2979 1493 3031 1528 hat.

2908 1534 2961 1564 Die
2980 1532 3122 1568 Tunihalle
3153 1532 3218 1563 wirb
3248 1532 3274 1562 in
3306 1532 3344 1562 die
3375 1530 3535 1566 südwestliche
3564 1530 3623 1562 Ecke
3647 1530 3694 1561 deS

2854 1573 3147 1610 KantsnSschulplaheS,
3165 1573 3245 1609 längs
3260 1573 3307 1603 der
3323 1572 3495 1607 Rämistratze,
3511 1571 3621 1607 plaziert.
3639 1570 3692 1602 Eie

2856 1615 2922 1648 mißt
2940 1614 2977 1645 im
2997 1614 3091 1648 Lichten
3109 1614 3136 1644 in
3155 1613 3198 1644 der
3215 1614 3302 1650 Länge
3320 1616 3398 1648 38.2»
3415 1613 3503 1643 Meter
3533 1612 3587 1642 und
3604 1611 3630 1641 ln
3648 1611 3694 1642 der

2856 1656 2942 1686 Breite
2965 1658 2994 1685 IS
3014 1655 3114 1689 Meter;
3146 1655 3178 1688 sie
3210 1655 3254 1690 hat
3287 1654 3364 1688 somit
3380 1654 3434 1684 eine
3453 1652 3623 1689 Gnmdfläche
3641 1658 3695 1683 von

2857 1699 2951 1732 488,78
2969 1694 3182 1727 Quadratmeter.
3236 1694 3291 1726 Die
3319 1694 3386 1730 lichte
3404 1694 3477 1731 Höhe
3505 1692 3602 1731 beträgt
3631 1699 3695 1723 vom

2857 1736 3001 1773 Fußbode,r
3018 1736 3060 1766 bis
3075 1743 3121 1772 zur
3140 1734 3309 1771 Dachschräge
3328 1736 3344 1764 7
3363 1734 3457 1770 Meter,
3475 1732 3517 1765 blS
3533 1741 3591 1770 zum
3610 1732 3695 1768 Dach¬

2857 1777 2912 1813 first
2944 1780 2977 1806 10
2995 1776 3101 1812 Meier;
3135 1776 3228 1811 rnithin
3253 1775 3353 1812 beträgt
3382 1777 3426 1806 der
3455 1773 3559 1809 kubische
3593 1773 3692 1809 Inhalt

2860 1820 2929 1847 4111
2946 1816 3114 1847 Kubikmeter.
3161 1816 3206 1847 An
3222 1815 3262 1846 die
3278 1815 3356 1852 Halle
3374 1813 3491 1850 schließe»
3508 1813 3552 1850 sich
3569 1814 3608 1846 die
3626 1813 3694 1846 nöti¬

2860 1865 2910 1894 gen
2926 1855 3215 1888 Nebemäumlichkeitm
3245 1863 3281 1885 an
3310 1854 3437 1892 (Zimmer
3471 1854 3514 1891 für
3539 1855 3589 1885 den
3608 1853 3697 1885 Turn«

2862 1897 2951 1933 lehrcr,
2970 1896 3075 1932 Aborte,
3097 1895 3295 1932 Pissoiranlage,
3326 1893 3518 1931 Waschraum);
3546 1894 3584 1925 im
3614 1894 3698 1926 Ober¬

2862 1937 2962 1974 geschoß
2980 1936 3088 1971 befindet
3123 1936 3169 1971 sich
3197 1936 3237 1966 die
3255 1934 3406 1967 Garderobe
3434 1935 3488 1967 und
3515 1934 3567 1965 eine
3585 1933 3699 1966 Tribüne

2864 1979 2916 2008 und
2936 1977 3035 2013 sodarm
3053 1976 3089 2007 im
3118 1976 3306 2013 Untergeschoß,
3336 1976 3438 2011 welches
3469 1974 3527 2010 auch
3544 1983 3597 2006 von
3614 1975 3699 2011 außen

2863 2018 3008 2055 zugänglich
3026 2017 3063 2052 ist.
3083 2017 3126 2048 der
3143 2017 3290 2054 Hrizraum,
3308 2017 3352 2048 der
3361 2016 3571 2054 Kohlenbehäller
3588 2017 3641 2048 und
3655 2016 3699 2047 der

2863 2059 3033 2091 Kübelrarmr.

2917 2098 2975 2135 Für
2993 2098 3041 2129 den
3058 2098 3151 2129 Boden
3168 2097 3198 2134 ist
3209 2098 3349 2135 Korkbelag
3368 2098 3395 2128 in
3405 2097 3519 2134 Aussicht
3535 2103 3706 2134 genommen,'

2866 2139 2909 2175 für
2925 2139 2965 2170 die
2982 2139 3095 2176 Heizung
3125 2139 3178 2169 eine
3205 2138 3558 2174 Niederdruckdampfanlage,
3589 2138 3632 2172 für
3660 2137 3703 2168 die

2867 2180 3040 2216 Beleuchluilg
3058 2178 3204 2214 elektrisches
3222 2178 3295 2214 Licht.
3340 2179 3392 2210 Die
3410 2178 3551 2216 Turrchalle
3570 2178 3633 2208 wird
3651 2177 3701 2209 mit

2866 2220 2913 2251 de»
2943 2221 2986 2256 für
3005 2220 3054 2250 daS
3075 2220 3278 2251 Kuabenturnen
3310 2219 3488 2256 notwendigen
3515 2218 3703 2254 Gerätschaften

2866 2261 3033 2298 ausgerüstet,
3052 2260 3131 2292 wobei
3155 2260 3305 2297 vorgesehen
3335 2260 3373 2298 ist,
3404 2260 3454 2296 daß
3485 2259 3523 2290 die
3539 2259 3635 2296 letzter»
3653 2259 3702 2290 all-

2867 2300 2939 2339 fällig
2958 2300 3018 2337 mich
3046 2300 3090 2337 für
3106 2300 3157 2331 daS
3174 2300 3283 2332 Turnen
3300 2307 3356 2331 von
3372 2298 3563 2332 Turiwereiom
3580 2299 3702 2330 Verwen¬

2867 2341 2937 2378 dung
2956 2341 3044 2377 finden
3061 2341 3167 2372 können.
3196 2340 3249 2372 Die
3266 2340 3360 2377 äußere
3372 2340 3543 2377 Ausstattung
3562 2339 3609 2376 soll
3627 2340 3700 2378 mög¬

2867 2381 2935 2418 lichst
2952 2382 3046 2418 einfach
3063 2382 3179 2419 gehalten
3197 2382 3306 2413 werden.

2919 2423 2977 2454 Der
2993 2423 3156 2453 Kantonsrat
3174 2422 3237 2453 wird
3254 2423 3304 2453 den
3321 2422 3409 2454 Kredit
3438 2422 3501 2458 ohne
3529 2421 3634 2459 Zweifel
3659 2421 3702 2452 be¬

2866 2463 2985 2500 willigen.
3022 2463 3060 2493 Er
3089 2463 3165 2493 bildet
3195 2464 3241 2493 den
3265 2463 3372 2499 Anfang
3402 2470 3432 2500 zu
3460 2463 3528 2494 einer
3543 2462 3700 2499 Sanlmmg

2864 2504 2991 2540 eigentlich
3011 2503 3175 2538 unhaltbarer
3192 2502 3372 2539 Verhältnisse,
3407 2507 3481 2533 unter
3506 2503 3584 2533 denen
3614 2502 3703 2536 unsere

2865 2545 2931 2581 allzu
2950 2545 3026 2581 lange
3045 2543 3138 2578 baulich
3166 2543 3371 2580 vernachlässigte
3387 2542 3585 2578 Kantonsschule
3613 2542 3703 2579 schwer

2866 2585 2947 2616 leidet.
3552 2619 3555 2624 ,
3675 2603 3684 2625 :

2918 2645 2953 2652 —
2972 2628 3024 2661 Die
3037 2628 3203 2665 Schützen
3215 2628 3333 2665 gesell
3344 2628 3455 2664 schast
3473 2627 3568 2663 Uster
3587 2627 3632 2664 hat
3642 2636 3704 2660 vom

2867 2669 3016 2706 Vorschlag,
3037 2667 3121 2704 dessen
3140 2669 3174 2704 sie
3192 2668 3236 2703 sich
3257 2670 3318 2701 rom
3339 2667 3704 2705 Kautonalschützen-

2870 2710 2880 2745 f
2889 2718 2902 2741 r
2913 2710 2934 2746 st
2951 2710 3068 2746 erfreute,
3090 2708 3209 2746 folgende
3220 2708 3410 2747 Schenkungen
3427 2709 3555 2746 gemacht:
3572 2710 3645 2738 2500
3655 2709 3705 2746 Fr.

2872 2749 2936 2785 dem
2951 2749 3098 2783 BansondS
3115 2750 3164 2781 deS
3180 2748 3356 2786 Altersasyls.
3372 2752 3422 2779 soo
3440 2750 3489 2787 Fr.
3508 2749 3567 2780 dem
3583 2749 3707 2786 Frauen»

2868 2791 2952 2823 verein
2963 2799 3009 2828 zur
3019 2789 3172 2826 Verteilung
3190 2798 3224 2821 an
3235 2790 3379 2828 bedürftige
3390 2790 3489 2823 Kinder
3500 2791 3544 2821 der
3553 2789 3701 2826 politischen

2867 2832 3019 2867 Gemeinde,
3043 2833 3094 2859 Soo
3104 2831 3152 2868 Fp.
3174 2830 3219 2862 der
3232 2831 3455 2866 Sekundarschule
3474 2830 3519 2868 für
3530 2830 3702 2867 Schulreifen,

2866 2874 2917 2899 200
2936 2872 2984 2909 Fr.
3007 2871 3064 2901 dem
3084 2870 3307 2906 ArmbrustfondS
3328 2872 3372 2901 der
3390 2870 3609 2906 Sekundarschule
3620 2871 3702 2909 Uster,

2867 2914 2916 2940 100
2948 2912 2997 2949 Fr.
3037 2911 3200 2948 demjenigen
3236 2912 3262 2942 l»
3300 2910 3431 2949 Ränikon,
3472 2913 3523 2940 250
3558 2912 3606 2948 Fr.
3646 2911 3705 2944 dem

2865 2952 3164 2989 Dilettantenorchester,
3203 2952 3225 2988 je
3254 2955 3307 2981 200
3326 2953 3374 2989 Fr.
3416 2955 3474 2984 dem
3510 2951 3703 2991 Sängerbund,

2866 2994 2925 3024 dem
2961 2992 3136 3030 Llederkranz,
3174 2994 3232 3023 dem
3268 2992 3430 3026 Gemilchten
3447 2993 3522 3030 Chor
3557 2995 3612 3024 und
3646 2993 3707 3025 dem

2869 3033 3040 3069 Turnverein,
3063 3034 3113 3061 100
3133 3033 3182 3070 Fr.
3202 3034 3260 3064 dem
3278 3032 3447 3071 AlpenröAi,
3485 3033 3510 3070 je
3527 3035 3559 3063 50
3579 3034 3628 3070 Fr.
3648 3033 3708 3065 dem

2870 3073 3132 3109 Grütlimännerchor
3154 3075 3209 3105 und
3227 3074 3277 3105 der»
3295 3075 3424 3106 Männer-
3443 3074 3498 3106 und
3515 3073 3709 3111 Töchterchören

2870 3123 2921 3147 von
2942 3115 3094 3152 Oberuster,
3117 3115 3282 3150 Nlederuster
3301 3116 3355 3147 und
3374 3116 3506 3148 Ränikon.

2922 3180 2957 3187 —
2976 3167 3018 3197 ES
3035 3163 3173 3202 verlautet,
3195 3164 3248 3201 daß
3265 3171 3345 3198 unter
3362 3165 3470 3203 Leitung
3488 3166 3534 3196 des
3552 3165 3706 3197 Gemeinde¬

2870 3205 3034 3241 präsidenten
3070 3205 3133 3241 Frei
3153 3206 3181 3236 in
3198 3206 3326 3237 Oerlikou
3364 3207 3417 3237 ein«
3436 3206 3543 3243 größere
3580 3206 3706 3242 chemische

2872 3247 2968 3284 Fabrik
2978 3254 3014 3278 an
3032 3245 3076 3277 der
3086 3246 3191 3282 Straß«
3209 3248 3270 3282 „ach
3282 3247 3381 3279 Kloten
3389 3248 3443 3278 und
3452 3255 3523 3283 zwar
3539 3247 3709 3283 zwischen

2871 3288 3013 3319 Kloten
3031 3286 3104 3317 und
3122 3286 3368 3325 Glattbrugg
3385 3288 3501 3323 planiert
3516 3287 3557 3323 sei.
3583 3287 3640 3319 Mit
3657 3288 3707 3319 den

2871 3328 3041 3359 Erdarbeiten
3060 3326 3093 3362 sei
3111 3326 3206 3358 bereits
3225 3328 3360 3365 begonnen
3380 3330 3494 3361 worden.

3233 3378 3341 3413 Bern.

2938 3430 2991 3465 W.
3015 3426 3071 3464 Am
3098 3429 3147 3466 10.
3174 3427 3318 3473 Februar,
3358 3429 3410 3471 auf
3432 3427 3550 3473 welchen
3574 3427 3619 3465 die
3643 3427 3707 3465 Ge-

2874 3473 3185 3518 meilldeabstimnlung
3205 3473 3275 3510 über
3291 3473 3339 3510 die
3360 3473 3495 3517 berühmt
3516 3474 3707 3517 gewordeuen

2875 3518 3249 3563 Kreditüberfchreitnngen
3264 3519 3341 3555 beim
3355 3518 3625 3563 Kornhausumbau
3648 3528 3699 3563 re.,

2877 3563 2964 3609 sowie
2988 3563 3057 3600 über
3080 3563 3126 3600 die
3148 3565 3246 3609 Frage
3283 3564 3333 3600 der
3372 3562 3708 3609 Gaswerkerwriterung

2877 3610 3015 3656 angesetzt
3058 3608 3102 3652 ist,
3151 3611 3204 3653 hat
3249 3608 3283 3646 i»
3320 3610 3370 3646 der
3408 3613 3530 3646 unteren
3551 3608 3711 3646 Gemeinde

2878 3655 2962 3692 Bern
3007 3655 3075 3699 auch
3119 3653 3183 3691 eine
3226 3654 3493 3699 Ersatzwahl
3537 3653 3578 3690 in
3634 3655 3711 3691 den

2879 3701 2910 3736 G
2921 3710 2939 3736 r
2950 3710 2968 3736 o
2981 3700 3001 3743 ß
3013 3709 3026 3735 e
3037 3709 3057 3736 n
3079 3699 3109 3735 R
3123 3708 3140 3735 a
3154 3703 3167 3735 t
3190 3700 3410 3745 stattzufinden.
3451 3700 3501 3744 Za
3538 3699 3652 3744 ersetzen
3675 3699 3710 3742 ist

2879 3746 2928 3781 der
2951 3744 3050 3789 jüngst
3072 3744 3250 3788 verstorbrne
3272 3744 3468 3789 Buchdrucker
3490 3743 3703 3788 Siebenmann,

2880 3792 2929 3827 der
2951 3789 3129 3834 bekanntlich
3152 3792 3216 3826 dem
3231 3789 3426 3834 Generalftab
3436 3791 3486 3826 der
3498 3788 3710 3834 sozialistischen

2879 3835 2987 3878 Partei
3013 3836 3161 3880 angehört,
3213 3834 3245 3872 in
3268 3836 3323 3872 den
3347 3836 3443 3880 letzten
3464 3835 3580 3876 Jahren
3603 3833 3710 3879 freilich

2881 3883 2958 3923 niehr
2984 3882 3044 3916 und
3069 3881 3146 3925 mehr
3187 3890 3222 3925 zu
3259 3883 3314 3916 den
3361 3881 3469 3925 stillem
3513 3878 3712 3923 Mitgliedern

2881 3926 2995 3970 gezählt
3018 3927 3108 3966 hatte.
3148 3925 3209 3960 Die
3246 3928 3349 3960 untere
3372 3923 3529 3960 Gemeinde
3550 3923 3617 3967 darf
3640 3924 3709 3960 oder

2881 3970 2980 4015 durfte
3003 3970 3124 4014 bislang
3147 3970 3197 4006 als
3219 3970 3264 4006 die
3303 3970 3466 4015 eigentliche
3488 3968 3623 4005 Domäne
3660 3969 3712 4007 der

502 4101 800 4172 Jeuilleton.

427 4216 655 4249 Litteratur
675 4217 748 4248 und
767 4215 893 4252 Knust.

226 4270 309 4302 Aus
328 4271 390 4304 der
421 4273 618 4309 Geschichte
648 4275 710 4306 der
746 4273 955 4306 Gemeinde
992 4273 1074 4304 Wa¬

302 4313 465 4348 lenstadt
483 4316 556 4345 und
584 4316 648 4347 des
679 4315 902 4352 Sarganser
928 4314 1075 4346 Landes

303 4361 356 4383 von
375 4354 429 4385 Dr.
451 4354 574 4391 Franz
594 4355 671 4392 Fäh
690 4356 878 4393 (Walenstadt,
901 4357 993 4392 1900).

285 4392 339 4424 Dr.
362 4393 450 4429 Franz
470 4394 528 4430 Fäh
548 4396 575 4426 in
594 4395 683 4432 Basel,
723 4398 767 4428 der
787 4398 832 4431 sich
850 4405 895 4427 um
915 4397 980 4429 seine
1011 4403 1074 4427 neue

232 4430 342 4466 Heimat
360 4432 500 4466 besonders
518 4435 563 4465 als
582 4436 703 4471 Forscher
722 4437 775 4467 und
794 4437 946 4472 Darsteller
962 4436 1006 4471 für
1025 4438 1073 4468 den

233 4471 457 4508 hervorragenden
467 4473 600 4506 Vertreter
619 4477 663 4507 der
673 4476 880 4513 eidgenössische»
893 4477 1074 4511 resormürten

234 4510 338 4542 Städte
356 4512 397 4542 bei
433 4514 492 4543 dem
519 4513 634 4550 Abschuß
654 4517 701 4545 deS
734 4517 913 4552 westfütischrn
933 4518 1070 4556 Frieder,s.

231 4551 439 4589 Bürgermeister
457 4553 602 4590 W-ttsteln,
624 4556 741 4587 verdient
759 4560 875 4593 gemacht
893 4560 948 4595 hat.
970 4560 999 4595 ist
1013 4560 1076 4591 aber

232 4594 295 4627 auch
333 4594 427 4628 seinem
465 4594 649 4626 Geburtsland
677 4604 722 4627 an,
759 4597 895 4632 Walensee
932 4601 959 4629 in
991 4600 1074 4635 seinen

233 4632 354 4664 Studken
374 4639 435 4666 treu
450 4635 590 4670 geblieben.
630 4635 714 4668 Sleiü
733 4636 826 4668 wieder
864 4638 956 4673 schenkt
974 4648 1002 4672 er
1020 4649 1074 4672 von

233 4675 304 4711 Frist
323 4683 353 4712 zu
372 4675 443 4712 Frist
472 4676 555 4712 seinen
573 4677 747 4708 SonbSlemen
785 4678 823 4708 im
841 4677 1074 4715 Sarganscriande

232 4715 288 4746 eine
307 4716 402 4753 Frucht
421 4709 504 4753 seines
524 4718 631 4755 Fleißes
648 4717 677 4749 in
695 4718 764 4749 einer
781 4718 978 4756 vorlresilichen,
1000 4720 1074 4756 jeden

233 4753 371 4792 Liebhaber
390 4760 544 4794 historiicher
560 4759 665 4792 Lektüre
699 4759 870 4796 anziehenden
891 4759 986 4796 Form.
1027 4762 1074 4793 So

234 4793 265 4828 ist
283 4797 340 4832 letzt
375 4799 438 4830 eben
475 4800 524 4835 auf
539 4801 646 4837 Wunsch
684 4801 731 4831 d«4
767 4800 961 4837 Walcnstadter
987 4801 1073 4833 OrlS-

234 4837 492 4874 vrrwaltungSrateii
510 4842 561 4874 daS
579 4842 704 4879 Büchlein
722 4841 869 4877 erschienen,
904 4842 955 4874 das
973 4842 1017 4878 sich
1037 4851 1074 4875 an

292 4882 338 4906 am
357 4880 384 4910 ».
395 4880 537 4916 Dezember
556 4886 625 4914 1899
643 4883 809 4921 aügehaltene
827 4881 1074 4921 Jahrhundertleier

236 4998 247 5009 ,
249 4999 262 5009 ri
288 4957 327 4989 6r
345 4956 425 4989 bietet
440 4958 470 4990 ln
489 4961 573 4996 sieben
590 4964 727 5002 Kapiteln,
734 4961 808 4998 einen
827 4966 917 5003 kurzen
926 4965 1010 5004 Abriß
1031 4967 1073 5000 der

235 4997 377 5033 Geschichte
413 4999 461 5031 deS
498 5001 745 5039 SarganserlandeS
783 5009 837 5039 und
865 5007 1002 5044 besonders
1031 5009 1076 5041 der

234 5040 435 5077 privilegierten.
476 5040 550 5077 durch
568 5043 622 5078 ihre
639 5045 705 5082 Lage
741 5056 776 5079 an
804 5049 849 5082 der
868 5049 1077 5087 Handelsstraße

234 5081 403 5119 bevorzugte»
411 5106 416 5111 .
425 5081 514 5114 Stadt
529 5083 704 5122 Walenstadt,
742 5087 787 5123 seit
807 5092 885 5129 1482,
924 5099 966 5123 wo
1001 5091 1075 5130 jener

233 5126 313 5155 unter
330 5124 369 5155 die
405 5123 594 5162 tldgciiöfsffche
612 5125 760 5162 Herrschaft
792 5129 859 5169 kani,
898 5127 943 5163 bis
969 5133 1015 5167 auf
1035 5134 1075 5165 die

233 5165 303 5201 letzte
321 5165 383 5202 Zeic
400 5165 447 5198 der
463 5168 532 5198 alten
551 5167 806 5206 Eidgenossenschäfl.
841 5172 915 5203 dann
933 5172 1077 5210 eingehend

233 5203 274 5235 die
285 5206 436 5244 Erzählung
454 5207 498 5238 der
516 5206 565 5238 viel
586 5209 713 5244 bewegten
731 5209 820 5245 Jahre
828 5213 897 5241 1798
917 5212 970 5243 und
991 5216 1061 5244 1799
1061 5237 1071 5248 .

232 5243 398 5281 «bevdieser
411 5248 469 5284 geht
480 5250 539 5283 noch
559 5247 600 5280 die
615 5247 696 5284 höchst
707 5251 887 5285 an,chaultch«,
896 5251 1075 5293 Schilderung

231 5286 279 5320 deS
296 5287 329 5324 sr
337 5288 466 5325 jnrch,bar
478 5290 610 5328 o«i.'Jak,r
627 5297 661 5327 zu
667 5289 739 5326 Jahr
758 5290 807 5326 sich
815 5293 1076 5328 verschlimmernden

229 5329 385 5366 Zustandes
400 5335 514 5372 voraus,
554 5333 581 5364 in
600 5332 648 5363 den
667 5332 707 5363 die
725 5331 920 5370 Waiensiadrrr
937 5335 1013 5371 durch
1032 5336 1073 5369 die

230 5371 276 5406 leit
296 5373 367 5401 1762
386 5373 556 5411 eingetretene
585 5372 760 5410 Schwellung
795 5373 843 5405 des
863 5373 937 5406 Sees
975 5376 1074 5416 Infolge

1120 4072 1165 4103 der
1192 4072 1405 4109 Wasserflauung
1441 4071 1515 4106 durch
1553 4071 1591 4102 die
1611 4070 1728 4102 Glarner
1746 4069 1821 4105 Linth
1858 4069 1956 4107 versetzt

1120 4114 1235 4150 wurden,
1274 4115 1346 4144 eines
1363 4112 1536 4150 moralischen,
1575 4111 1775 4147 ökonomischen,
1814 4110 1955 4147 physischen

1120 4154 1294 4190 Verderbens,
1333 4155 1390 4184 dem
1410 4161 1473 4184 man
1509 4155 1567 4190 trotz
1604 4153 1671 4184 aller
1704 4152 1876 4189 Beratungen
1912 4153 1955 4183 der

1120 4195 1311 4232 Tagsatzungen
1331 4195 1465 4230 iimerhatb
1484 4194 1528 4226 der
1545 4193 1806 4226 vorrevolutionären
1825 4192 1956 4229 Zustände

1120 4237 1186 4272 nicht
1206 4238 1303 4273 steuern
1322 4236 1422 4268 konnte.
1447 4235 1528 4271 Zwar
1546 4237 1621 4272 gieng
1639 4237 1701 4268 auch
1719 4237 1772 4265 aus
1789 4233 1955 4268 Walenstadt

1121 4277 1202 4314 selbst,
1224 4279 1299 4312 durch
1317 4277 1366 4308 den
1385 4276 1448 4313 Arzt
1466 4278 1518 4309 Dr.
1540 4276 1735 4313 Zugenbühler.
1756 4275 1798 4306 ein
1817 4274 1956 4312 Vorschlag

1119 4325 1164 4355 zur
1182 4317 1303 4354 Abhülfe,
1325 4318 1374 4349 mit
1386 4325 1448 4354 ganz
1467 4317 1712 4349 bemerkenswerten
1731 4315 1952 4352 AuSsühruugen,

1119 4359 1229 4396 hervor;
1247 4359 1309 4390 aber
1327 4358 1483 4391 bekanntlich
1502 4359 1533 4394 ist
1552 4359 1622 4389 dann
1647 4358 1671 4390 ja
1691 4357 1731 4388 die
1749 4356 1956 4393 Durchjührung

1119 4400 1165 4430 deS
1185 4399 1291 4430 Werkes
1327 4400 1386 4430 dem
1406 4399 1612 4435 rmvergeßlichen
1632 4397 1720 4433 Escher
1739 4405 1790 4428 von
1819 4398 1863 4428 der
1880 4397 1954 4432 Linth

1120 4440 1274 4476 übertragen
1285 4442 1398 4471 worden.
1421 4441 1481 4471 Der
1496 4440 1561 4474 nicht
1580 4446 1644 4476 ganz
1659 4439 1730 4472 leicht
1740 4446 1771 4474 zu
1780 4437 1955 4473 behandelnde

1120 4480 1309 4516 Walenstadlrr
1344 4479 1476 4516 Ratgeber
1494 4480 1557 4514 sand
1587 4480 1632 4515 sich
1663 4479 1738 4513 durch
1769 4478 1809 4508 die
1827 4478 1955 4512 Vernach-

1120 4521 1251 4558 lissigmrg
1284 4522 1364 4555 seiner
1401 4521 1501 4556 Person
1537 4520 1575 4551 bei
1613 4519 1873 4555 Zusammensetzung
1911 4520 1955 4549 der

1121 4563 1305 4599 Komuiisjko»,
1345 4562 1416 4593 dann
1435 4561 1461 4596 so
1479 4561 1606 4598 beleidigt,
1648 4560 1701 4595 daß
1719 4567 1746 4591 er
1781 4561 1843 4593 nach
1871 4559 1955 4595 Paris

1120 4603 1289 4639 übersledclte,
1312 4612 1353 4635 wo
1372 4612 1398 4634 er
1416 4603 1465 4637 erst
1486 4605 1553 4631 1855
1572 4600 1652 4637 starb.
1677 4600 1804 4638 Indessen
1824 4600 1886 4637 liegt
1904 4601 1955 4632 daS

1121 4645 1326 4682 Hauptinteresse
1354 4644 1399 4675 des
1419 4645 1514 4676 kleinen
1532 4644 1634 4678 Buches
1672 4641 1909 4678 selbstverständlich
1929 4643 1956 4673 in

1120 4686 1168 4715 den
1206 4685 1330 4720 Kapiteln
1350 4687 1391 4716 III
1410 4685 1452 4715 biS
1471 4686 1532 4721 VII,
1572 4685 1615 4715 der
1652 4682 1789 4718 Geschichte
1825 4682 1870 4714 der
1889 4682 1956 4714 Vor-

1119 4726 1251 4762 rrelgnilse
1269 4727 1313 4756 der
1330 4726 1500 4763 Revolntlon,
1540 4725 1585 4756 der
1602 4732 1657 4755 von
1677 4724 1833 4761 Parteiung,
1866 4724 1953 4762 Krieg,

1120 4765 1308 4802 Heimiuchung
1326 4768 1392 4796 aller
1412 4764 1463 4797 Art
1481 4765 1604 4801 ersüllten
1622 4765 1683 4802 zwei
1702 4765 1795 4803 Jahre,
1817 4764 1858 4796 die
1886 4765 1957 4801 schon

1120 4806 1326 4842 heroorgehoben
1348 4807 1464 4838 wurden.

1171 4846 1239 4877 Eine
1278 4847 1387 4883 rlnzelne
1404 4847 1599 4881 Persönlichkeit
1634 4850 1688 4878 auS
1706 4846 1871 4883 Walenstadt
1900 4848 1957 4880 tritt

1119 4886 1199 4918 dabei
1218 4886 1246 4922 so
1263 4886 1292 4918 in
1310 4887 1360 4918 den
1377 4886 1574 4925 Vordergrund,
1613 4887 1666 4922 daß
1685 4895 1751 4918 man
1768 4887 1824 4923 sehr
1842 4891 1889 4925 gut
1906 4888 1957 4919 das

1121 4927 1211 4965 Ganze
1229 4935 1276 4958 um
1313 4927 1347 4963 sie
1365 4929 1516 4964 gruppieren
1535 4929 1611 4959 kann.
1651 4927 1716 4958 Das
1736 4929 1766 4961 ist
1803 4928 1849 4960 der
1884 4928 1957 4966 durch

1120 4968 1204 5005 feinen
1222 4968 1423 5003 Dlchternamen
1442 4970 1485 5000 als
1524 4969 1629 5007 „Barde
1648 4976 1701 5000 von
1719 4968 1809 5000 Riva"
1846 4968 1958 5003 bekannt

1121 5009 1277 5048 gewordene,
1317 5012 1386 5041 1765
1422 5009 1545 5046 geborene
1581 5010 1673 5046 Jraiu
1709 5008 1809 5046 Joseph
1831 5009 1958 5044 Benedikt

1121 5051 1249 5088 Bcrnold,
1269 5050 1313 5082 der
1331 5050 1406 5085 durch
1424 5051 1501 5086 Ernst
1522 5050 1659 5088 Götzinger
1679 5052 1750 5080 1890
1767 5050 1823 5082 und
1842 5053 1908 5081 1891
1929 5051 1957 5084 in

1121 5092 1203 5125 einem
1240 5090 1445 5128 ReujahrSblatt
1480 5100 1532 5124 von
1551 5092 1601 5124 St.
1623 5091 1724 5122 Gallen
1760 5092 1814 5123 und
1843 5092 1871 5123 ln
1889 5092 1957 5124 Mit¬

1121 5134 1254 5171 teilungen
1289 5135 1341 5164 aus
1359 5134 1410 5165 den
1444 5133 1649 5170 nachgelassenen
1667 5132 1801 5169 Papieren
1820 5133 1873 5164 und
1905 5137 1958 5165 aus

1121 5175 1165 5206 der
1182 5173 1392 5211 Korrespondenz
1427 5175 1520 5206 wieder
1550 5175 1578 5205 in
1614 5173 1664 5205 den
1700 5172 1876 5210 Mittelpunkt
1911 5175 1957 5206 der

1120 5215 1350 5252 Aufmerksamkeit
1383 5215 1477 5252 gerückt
1511 5215 1618 5247 worden
1649 5222 1715 5246 war.
1754 5216 1812 5247 Der
1849 5214 1956 5251 trefflich

1120 5257 1253 5294 gebildete,
1293 5255 1359 5287 ideal
1396 5255 1528 5292 denkende,
1567 5255 1753 5291 schwungvolle
1790 5255 1845 5286 und
1882 5256 1957 5287 dabei

1120 5296 1254 5333 gewandte
1273 5298 1325 5327 und
1344 5295 1426 5331 höchst
1444 5295 1645 5331 wohlmeinende
1655 5295 1747 5326 Manu
1766 5294 1830 5332 steht
1849 5298 1909 5332 auch
1928 5296 1956 5327 in

1118 5337 1220 5373 unserer
1239 5335 1341 5370 Schrift
1359 5343 1423 5373 ganz
1442 5336 1479 5367 im
1498 5335 1709 5373 Vordergrund«.

1172 5376 1264 5413 Schon
1273 5375 1346 5408 Ende
1357 5379 1435 5415 1794,
1456 5377 1500 5408 altz
1518 5379 1547 5408 eS
1556 5377 1602 5413 sich
1620 5381 1699 5409 unter
1707 5376 1757 5409 den
1768 5384 1822 5409 von
1839 5376 1956 5415 PfäverS

2001 4068 2160 4106 abhängigen
2180 4068 2369 4102 Klosterleuten
2387 4069 2467 4105 zuerst
2485 4076 2517 4105 zu
2537 4075 2611 4105 regen
2629 4067 2738 4106 begann,
2778 4076 2835 4100 war

2000 4110 2126 4146 Bernold,
2148 4109 2192 4140 als
2202 4109 2353 4146 Sarganser
2371 4109 2644 4145 Landeshauptmann
2662 4111 2716 4139 und
2726 4108 2834 4140 Walen-

2001 4152 2095 4186 stadter
2115 4150 2277 4188 Schultheiß,
2317 4158 2386 4188 zwar
2423 4151 2490 4185 nicht
2520 4150 2682 4185 Teilnehmer
2719 4158 2755 4181 an
2790 4150 2835 4181 der

2001 4190 2198 4228 Verabredung,
2238 4192 2297 4223 aber
2316 4200 2340 4223 er
2378 4192 2466 4227 wußte
2502 4190 2562 4228 doch
2582 4190 2608 4227 so
2626 4192 2676 4223 viel
2712 4198 2764 4222 von
2791 4191 2835 4222 der

2002 4233 2095 4267 Sache,
2134 4232 2187 4269 daß
2206 4232 2260 4267 ihm
2289 4232 2495 4270 Bürgermelster
2532 4239 2584 4264 von
2602 4231 2673 4268 Wyß
2710 4231 2754 4265 aus
2792 4231 2836 4263 der

2002 4272 2188 4311 Fraucnsetder
2207 4273 2368 4311 Tagjatzung
2395 4281 2448 4304 von
2469 4275 2537 4302 1795
2574 4272 2648 4303 einen
2667 4272 2836 4310 „väterlichen

2001 4315 2144 4350 Zuspruch"
2167 4313 2254 4349 halten
2281 4314 2380 4348 mußte.
2419 4314 2489 4348 Rach
2509 4314 2564 4344 drei
2583 4313 2694 4350 Jahren,
2733 4314 2778 4344 als
2796 4313 2836 4343 die

2002 4354 2344 4390 Unterthanmverhältnlsle
2363 4355 2444 4388 dahin
2463 4355 2575 4391 gefallen
2595 4362 2691 4391 waren,
2732 4362 2788 4385 war
2806 4356 2835 4385 eö

2000 4396 2128 4432 Bernold,
2170 4395 2213 4426 der
2234 4397 2278 4425 am
2298 4397 2330 4424 22
2330 4416 2339 4426 .
2360 4395 2438 4431 März
2460 4397 2527 4424 1798
2547 4394 2574 4425 in
2612 4393 2768 4431 Heiiigkreuz
2795 4394 2835 4425 bei

2001 4436 2131 4472 SarganS
2150 4443 2199 4466 vor
2215 4436 2260 4466 der
2277 4435 2500 4472 LandSgemeinde
2536 4435 2615 4472 seiner
2653 4434 2750 4471 „freien
2765 4434 2835 4465 Mit¬

2001 4477 2093 4514 bürger
2111 4476 2165 4506 und
2191 4476 2346 4507 Landleute"
2384 4476 2514 4511 öffentlich
2551 4476 2593 4506 die
2629 4475 2834 4511 Versammlung

2001 4517 2130 4549 cinleitete.
2152 4515 2220 4548 Aber
2239 4518 2282 4548 als
2301 4516 2441 4553 Präsident
2460 4518 2504 4548 der
2523 4523 2606 4547 neuen
2636 4516 2831 4552 prooisortschrn

2001 4558 2149 4595 Regierung
2164 4557 2212 4589 deS
2232 4557 2477 4596 SarganierlandeS
2494 4557 2565 4594 hatte
2585 4565 2612 4588 er
2631 4558 2737 4588 alsbald
2756 4556 2832 4588 End«

2002 4599 2077 4637 April
2094 4599 2135 4630 die
2153 4598 2276 4633 Truppen
2293 4607 2323 4637 zu
2340 4598 2479 4637 beeidigen,
2500 4598 2590 4633 welche
2616 4597 2665 4629 den
2683 4597 2833 4635 bisherigen

2002 4640 2173 4678 herrschenden
2192 4641 2332 4673 Kantonen
2350 4639 2394 4671 der
2414 4640 2549 4676 Urschweiz
2586 4646 2616 4676 zu
2635 4638 2713 4675 Hülse
2750 4646 2831 4676 gegen

2002 4684 2042 4713 die
2061 4681 2241 4713 vorrückenden
2272 4681 2419 4718 Franzosen
2455 4680 2564 4718 geschickt
2600 4681 2701 4712 werden
2731 4679 2832 4716 sollten.

2003 4724 2068 4755 DaS
2085 4722 2201 4757 sruchtete
2219 4721 2312 4757 freilich
2331 4724 2424 4758 nichts,
2441 4721 2481 4753 die
2494 4721 2642 4759 Franzosen
2660 4720 2756 4753 rückten
2775 4722 2835 4755 auch

2002 4764 2031 4796 in
2049 4762 2129 4799 diesen
2148 4762 2206 4794 Teil
2226 4771 2267 4794 wer
2285 4770 2334 4794 neu
2352 4763 2501 4800 gestalteten
2527 4761 2687 4799 helvetischen
2706 4761 2835 4798 Republik

2002 4806 2054 4842 ein,
2075 4806 2129 4835 und
2146 4803 2187 4834 die
2207 4803 2358 4841 Sarganser
2375 4804 2485 4839 mußten
2502 4807 2533 4835 «»
2551 4803 2597 4838 sich
2616 4803 2725 4840 gesallen
2743 4803 2833 4841 lassen,

2003 4843 2137 4880 innerhalb
2157 4845 2204 4875 d«S
2222 4845 2347 4877 Kantons
2367 4844 2443 4881 Linth
2462 4846 2504 4876 «in
2522 4843 2638 4879 Distrikt
2664 4851 2694 4880 zu
2721 4845 2832 4881 werden,

2003 4890 2032 4921 in
2049 4888 2106 4917 dem
2123 4885 2242 4917 Bernold
2257 4885 2298 4917 di«
2317 4886 2407 4918 Stelle
2441 4886 2490 4917 des
2508 4884 2753 4921 Unterstatthalters
2782 4893 2831 4918 an¬

2003 4928 2092 4964 nahm.
2129 4925 2182 4956 Als
2200 4926 2294 4963 solchen
2329 4926 2409 4962 suchte
2427 4934 2454 4959 er
2489 4926 2611 4963 energisch
2650 4926 2698 4958 den
2717 4925 2836 4961 Schulen

2003 4966 2212 5006 emporzuheisen.
2234 4967 2305 5003 Doch
2324 4968 2391 5004 rasch
2409 4967 2516 5005 folgten,
2539 4969 2591 4999 mit
2608 4968 2666 4998 dem
2684 4966 2837 5004 Erscheinen

2004 5011 2048 5043 der
2065 5008 2219 5043 kaiserlichen
2253 5009 2376 5045 Truppen
2412 5009 2439 5040 in
2460 5008 2651 5046 Graubünden,
2690 5010 2741 5040 mit
2778 5008 2837 5041 dem

2003 5050 2150 5085 Ausbruche
2167 5050 2215 5081 de-
2234 5051 2335 5085 zweiten
2354 5050 2608 5087 KoalitionskriegeS
2635 5057 2698 5082 neue
2718 5049 2834 5088 Wirren,

2003 5094 2057 5124 und
2075 5091 2115 5123 die
2133 5092 2359 5129 Kriegserelgniise
2376 5092 2517 5124 brandeten
2535 5099 2570 5124 an
2591 5091 2631 5122 die
2649 5091 2769 5128 Grenzen
2790 5092 2836 5124 deS

2002 5132 2097 5170 Melser
2115 5132 2255 5168 Distriktes
2273 5135 2363 5169 heran.
2389 5132 2509 5165 Bernold
2527 5133 2595 5169 legte
2612 5132 2676 5166 leine
2692 5132 2836 5168 helvetische

2002 5174 2154 5211 Beamtung
2172 5173 2266 5209 nieder,
2297 5173 2345 5206 mit
2364 5174 2447 5206 einem
2468 5174 2570 5212 „letzten
2589 5172 2682 5205 Wort"
2715 5181 2749 5204 an
2768 5173 2835 5208 seine

2001 5214 2159 5252 Mitbürger.
2197 5214 2267 5251 Rach
2284 5215 2342 5247 dem
2360 5215 2463 5252 hitzigen
2483 5215 2602 5249 Gefechte
2618 5214 2657 5245 bei
2687 5214 2766 5245 MolS
2788 5222 2833 5245 am

2003 5259 2046 5288 19.
2066 5255 2127 5286 Mat
2146 5257 2224 5293 1799,
2263 5263 2303 5287 wo
2321 5256 2404 5292 Pater
2423 5256 2495 5292 Paul
2514 5255 2618 5291 Styger
2636 5253 2760 5290 mitfocht,
2793 5253 2832 5286 die

2002 5297 2039 5329 im
2075 5295 2209 5333 englischen
2235 5296 2322 5328 Solde
2357 5296 2490 5332 stehenden
2516 5295 2660 5332 Schweizer
2695 5295 2832 5326 RovereaS

2002 5336 2085 5372 tapfer
2103 5337 2225 5375 schlugen,
2248 5337 2352 5374 Frauen
2371 5339 2423 5368 und
2433 5336 2603 5374 Jungsrauen
2622 5335 2694 5370 durch
2706 5334 2832 5372 »Steine-

2001 5377 2102 5410 trölen"
2121 5376 2169 5409 de»
2189 5378 2273 5415 Feind
2291 5377 2440 5416 schädigten,
2480 5376 2589 5414 «nußten
2607 5376 2647 5407 die
2683 5374 2832 5413 Franzosen

2878 4067 3040 4104 Walenstadt
3076 4068 3193 4100 räume».
3231 4068 3306 4102 Doch
3341 4068 3461 4100 Bernold
3499 4075 3553 4099 war
3583 4068 3636 4105 jetzt
3668 4068 3712 4100 als

2878 4111 3016 4147 gewesener
3052 4109 3205 4145 helvetischer
3226 4108 3389 4146 Futiktionär
3409 4109 3570 4147 verdächtigt,
3611 4108 3663 4140 und
3682 4117 3711 4140 er

2879 4151 2967 4181 wurde
2987 4157 3136 4188 gewtingen,
3176 4150 3220 4185 sich
3239 4152 3300 4185 nach
3321 4150 3504 4182 Graubünden
3522 4150 3548 4180 in
3576 4148 3665 4185 Arrest
3683 4156 3714 4186 zu

2879 4191 2998 4228 begeben.
3036 4191 3083 4222 Da
3102 4190 3201 4227 geschah
3237 4198 3282 4221 am
3303 4193 3328 4223 1.
3349 4191 3421 4227 Juni
3439 4190 3467 4222 in
3503 4190 3546 4222 der
3563 4189 3646 4223 Nacht
3673 4190 3716 4221 ein

2880 4231 3039 4267 furchtbares
3050 4231 3165 4269 Unglück.
3187 4232 3275 4267 Durch
3286 4232 3326 4263 die
3341 4234 3368 4263 in
3379 4231 3550 4265 Trunkenheit
3570 4231 3716 4269 begangen«

2881 4273 3111 4309 Unvorsichtigkeit,
3152 4274 3213 4305 oder
3250 4281 3298 4311 gar
3317 4274 3391 4309 durch
3428 4274 3468 4305 dl«
3503 4272 3617 4308 Bosheit
3644 4273 3715 4303 eines

2880 4313 3135 4352 BernerlSoidalen
3155 4315 3200 4345 der
3210 4314 3437 4351 Roverea-Legion
3456 4328 3491 4337 —
3508 4321 3536 4345 er
3553 4313 3601 4347 soll
3610 4313 3715 4348 nachher

2882 4355 3064 4390 standrechtlich
3101 4355 3232 4390 erichosscn
3266 4357 3374 4386 worden
3411 4354 3461 4390 sein
3490 4369 3522 4376 —
3550 4354 3607 4384 kam
3633 4355 3661 4384 es
3681 4360 3714 4389 zu

2879 4397 2961 4427 einem
2980 4396 3201 4428 Brandausbruch
3221 4395 3249 4425 in
3267 4394 3439 4431 Walenstadt,
3463 4395 3507 4425 der
3525 4394 3591 4428 nicht
3609 4400 3659 4424 nur
3678 4395 3713 4421 00

2880 4436 3015 4473 Gebäude,
3036 4434 3160 4467 darunter
3169 4435 3306 4466 BernoldS
3325 4435 3461 4470 stattliches
3474 4434 3563 4471 HauS,
3584 4432 3711 4471 zerstörte,

2879 4477 2986 4508 sondern
3004 4476 3064 4510 noch
3082 4477 3129 4506 den
3146 4475 3205 4506 Tod
3224 4483 3276 4506 von
3297 4478 3330 4504 35
3352 4475 3474 4507 wackeren
3492 4473 3628 4506 Männern
3658 4476 3711 4505 auS

2879 4518 2922 4549 der
2958 4517 3110 4553 Sarganser
3128 4516 3246 4554 Gegend,
3286 4516 3326 4548 die
3363 4524 3408 4553 M
3438 4515 3520 4552 Hülse
3552 4514 3713 4553 herbeigeeilt

2879 4567 2975 4593 waren,
3009 4564 3083 4590 unter
3100 4558 3183 4589 einem
3201 4557 3393 4595 elustürzenden
3413 4557 3548 4594 Gewölbe,
3587 4559 3647 4592 nach
3668 4556 3713 4594 sich

2878 4607 2932 4637 zog.
2954 4601 3040 4631 Dann
3060 4600 3149 4630 tamen
3166 4600 3203 4629 im
3214 4598 3314 4637 Herbst,
3335 4599 3396 4632 nach
3415 4599 3459 4630 der
3478 4598 3583 4636 zweiten
3595 4597 3716 4632 Schlacht

2879 4640 2920 4671 bet
2936 4639 3040 4677 Zürich,
3079 4639 3119 4670 die
3138 4640 3289 4676 Franzosen
3325 4640 3483 4678 ueuerdingü
3503 4639 3531 4670 in
3565 4638 3617 4670 das
3633 4638 3715 4677 Land,

2881 4680 2935 4713 und
2954 4681 2995 4712 die
3014 4680 3177 4717 sprechenden
3194 4681 3298 4718 Zahlm
3307 4680 3356 4713 de»
3367 4680 3536 4713 BordenauS
3546 4679 3583 4711 im
3601 4678 3717 4716 Anhang

2881 4723 3035 4757 illustrieren
3087 4722 3194 4757 deutlich
3241 4729 3328 4759 genug
3373 4722 3424 4754 alte
3466 4720 3713 4760 „Elilquartierung,

2880 4763 3057 4801 Lieferungen,
3095 4763 3209 4799 Fuhren,
3249 4762 3416 4795 Räubereien
3452 4762 3506 4795 und
3541 4763 3610 4794 aller
3635 4761 3716 4793 Arten

2881 4804 3123 4842 Beschädigungen"
3161 4805 3208 4834 des
3227 4811 3324 4841 ganzen
3362 4803 3457 4839 Meller
3476 4802 3615 4839 Distriktes
3652 4809 3712 4832 vom

2883 4846 3041 4882 September
3052 4847 3120 4875 1798
3137 4844 3181 4876 bis
3190 4845 3268 4882 März
3280 4847 3360 4877 1801.
3382 4845 3429 4876 So
3448 4844 3479 4881 ist
3501 4846 3528 4874 in
3537 4841 3714 4877 anschaulicher

2881 4887 2964 4923 Weise
2982 4887 3033 4919 mit
3068 4886 3265 4924 Heranziehung
3301 4886 3368 4918 aller
3384 4884 3553 4920 erreichbaren
3586 4881 3711 4917 Ouelleti.

2882 4929 2943 4963 auch
2962 4927 3117 4964 mündlicher
3134 4926 3259 4965 Berichte,
3300 4927 3342 4958 ein
3360 4925 3529 4958 iebensvolleS
3547 4921 3612 4954 Bild
3648 4929 3711 4955 vor-

2882 4969 2993 5007 gesührt.

2935 5010 3030 5047 Einige
3066 5008 3133 5044 wohl
3170 5006 3349 5044 auSgewählte
3393 5003 3545 5039 illustrativ«
3579 5002 3715 5041 Beigabe«

2881 5050 3018 5087 schmücken
3037 5049 3087 5081 daS
3104 5048 3184 5085 Buch,
3205 5048 3255 5079 das
3275 5050 3319 5077 der
3331 5046 3520 5081 Walenstadt«
3540 5044 3644 5082 Ossi,in
3663 5044 3715 5077 alle

2881 5092 2950 5128 Ehre
2967 5090 3059 5124 macht.
3096 5089 3187 5121 Reben
3204 5089 3252 5120 den
3271 5087 3403 5123 Porträt»
3423 5086 3558 5119 BernoldS
3587 5086 3642 5117 und
3659 5087 3712 5118 Dr.

2880 5131 3079 5169 Zugenbühler»
3088 5129 3143 5165 sind
3161 5131 3191 5160 eS
3201 5128 3254 5160 drei
3266 5127 3528 5165 Landschaftsbilder,
3539 5125 3712 5164 Walenstadt,

2880 5173 2928 5205 das
2948 5172 3018 5208 wohl
3036 5175 3199 5202 ummauerte
3219 5169 3373 5208 Städtchen,
3400 5170 3462 5205 nach
3490 5168 3559 5200 ein«
3595 5166 3717 5204 hübsche»

2879 5212 2981 5249 Ansicht
2998 5214 3049 5243 aus
3069 5214 3125 5242 dem
3145 5213 3188 5243 17.
3207 5210 3401 5248 Jahrhund«t,
3439 5209 3483 5242 d«
3511 5207 3643 5244 Walensee
3661 5215 3716 5239 von

2878 5255 2921 5286 der
2940 5253 3011 5289 Tust
3030 5251 3068 5283 bei
3077 5252 3240 5286 Walenstadt
3259 5251 3364 5289 gesehen
3382 5251 3436 5283 und
3454 5251 3500 5284 der
3508 5249 3711 5287 Bommersteln,

2877 5295 2916 5326 die
2934 5293 3043 5326 damals
3073 5293 3133 5327 noch
3151 5291 3264 5328 aufrecht
3282 5292 3398 5328 flehende
3429 5292 3526 5330 Ruine,
3547 5298 3593 5322 am
3612 5290 3719 5327 Seeg«-,

2876 5335 2953 5372 stade,
2976 5333 3037 5369 nach
3055 5332 3266 5371 zeitgenössischen
3284 5332 3464 5369 Aufnahme«.
3544 5332 3583 5363 24.
3600 5341 3626 5363 r.
3644 5330 3679 5363 K.
