3923 5551
194 181 276 239 M
306 177 442 239 907
478 174 702 246 Erstes
738 178 1142 248 AbeN-VlM.

1530 177 1610 249 Dtt
1642 177 1800 251 Ziichtt
1834 179 2120 254 IM«-117.
2156 180 2376 256 Jahr-««-.

2760 179 3056 253 Montag.
3086 177 3152 239 5.
3190 177 3456 241 Oktober
3486 178 3700 240 1896.

189 307 1022 707 Neue
1125 305 3694 823 Ziircher-Leitimg

173 863 263 915 »«•
279 820 545 915 S'S
545 828 663 888 a
667 830 779 868 ""‘
805 842 927 920 BJ*
943 842 1033 920 «ff
1037 846 1069 888 5

173 914 285 945 Kchw-i,
307 913 423 938 B-Ii-l>ung
437 909 488 932 (.tim
502 910 633 937 Postburtau
657 932 666 939 .
696 932 704 942 .
728 908 736 943 .
763 908 772 920 '
813 910 824 922 *
853 925 867 944 6
888 924 914 946 50
956 912 966 944 !
995 924 1021 944 12
1040 924 1068 945 50

226 946 258 966 b°.
306 941 344 963 mit
360 940 428 964 SBtiuß
442 937 504 959 unter
517 938 673 969 Prwatabrrst«
693 959 770 969 ...
889 959 912 967 -
995 950 1066 971 15-

166 968 353 1002 iDruIschland
377 965 496 992 Btsttllung
516 966 571 989 btiin
585 968 701 996 Postamt.
729 988 736 995 .
765 974 771 996 .
793 974 838 997 Ml.
853 966 873 998 8^
889 987 911 994 -
955 964 966 977 *

167 994 453 1028 «)esterr«i-b>UtiAarn
534 992 569 1017 bo.
733 999 749 1003 -
771 1000 782 1003 -

167 1027 203 1075 «

200 1020 431 1048 talirn-SgbptkN

533 1019 567 1043 bo.

190 1048 356 1077 lebeiqeStaaten
372 1048 406 1068 btJ
422 1046 671 1073 Mtlivostrirrrin»
696 1066 773 1077 ...
815 1072 825 1081 .
843 1059 874 1078 12.

228 1084 237 1092 '
253 1078 391 1105 Tonhailestr.
409 1073 711 1108 Zredalilionsvnreau
731 1084 839 1113 Ebihrstr.
855 1088 881 1109 10

800 1028 840 1056 Fr.
855 1031 874 1051 8.
890 1031 915 1051 10
941 1029 980 1058 Fr.
995 1030 1027 1052 15.
1041 1029 1068 1052 50

843 1057 874 1077 12.
888 1058 915 1079 50
956 1072 966 1084 .
994 1058 1027 1079 24.
1043 1066 1066 1074 -

1300 896 1444 1028 nnü
1492 892 2028 1056 DchkiWkS
2080 895 2604 1055 Mckdlck.

3090 833 3462 869 FnsertionSpreife:

3027 872 3068 896 Prr
3080 874 3201 901 rinspaliigk
3210 874 3313 900 Petit,eile
3327 874 3373 895 odtr
3387 874 3445 895 dtren
3460 870 3532 893 Raum

2967 898 3002 921 s«r
3017 899 3048 919 die
3062 899 3151 924 Schweiz
3165 903 3191 922 rs
3206 901 3259 924 «»..
3279 901 3315 922 kür
3329 901 3367 922 da,
3382 898 3481 921 Ausland
3494 899 3521 918 10
3536 895 3589 919 «».,

2835 923 2961 952 Loral-Jak-
2968 925 2995 947 20
3002 924 3049 948 CU.
3056 926 3116 953 (excl.
3124 927 3219 956 Finanz-
3227 933 3248 949 u.
3256 926 3463 953 Chiffre-Anzeiaen,
3473 923 3538 951 sowie
3546 923 3561 950 s.
3569 922 3718 950 Allitn-Ses).

3118 953 3233 975 Reclamen
3243 954 3280 980 Fr.
3292 955 3337 977 1.—
3347 953 3460 980 perZeeli.

3086 983 3199 1010 «lieinlge
3213 984 3484 1009 Inseraten-«unatzme:

2957 1026 3006 1035 —^
3009 1017 3098 1025 -
3132 1014 3285 1043 Rudolf
3299 1015 3427 1046 Mosse
3453 1038 3543 1045 __
3549 1026 3595 1036 —

2830 1051 3075 1082 Annoncrn-Cipebilion
3094 1054 3131 1081 für
3144 1055 3182 1075 alle
3197 1054 3355 1081 schweizerischen
3371 1055 3415 1076 unb
3431 1052 3584 1080 ausländischen
3603 1052 3717 1081 Zeitungen

3034 1087 3048 1108 5
3061 1085 3202 1112 Tonhallestr.
3227 1082 3325 1116 Zürich
3352 1085 3455 1112 Söthestr.
3471 1085 3498 1106 10

333 1185 869 1262 Tagesbericht

454 1271 522 1300 vom
546 1269 580 1302 5.
603 1270 747 1310 Oktober.

238 1323 315 1361 Die
340 1321 627 1370 eidgenössische
660 1329 929 1381 Abstimmung
976 1338 1030 1380 Hot

168 1374 230 1406 uns
255 1370 332 1404 keine
357 1368 588 1414 Enttäuschung
631 1377 694 1410 und
728 1377 789 1413 viel
813 1382 1029 1423 rechtschaffene

167 1415 286 1459 Freude
310 1413 445 1448 bereitet.
490 1414 565 1456 Daß
602 1417 651 1453 die
684 1421 1029 1468 Disziplinarstraford-

167 1470 250 1503 nung
275 1458 441 1500 verworfen
467 1460 579 1499 würde,
610 1462 739 1501 darüber
765 1468 872 1504 konnte
885 1478 942 1506 von
961 1473 1024 1506 dem

168 1503 344 1547 Augenblick
369 1512 408 1538 an
435 1503 496 1538 kein
521 1504 654 1548 Zweifel
678 1509 750 1551 sein,
780 1512 813 1548 in
831 1515 961 1557 welchem
979 1518 1030 1551 der

167 1550 237 1591 erste
261 1547 579 1593 Referendumsbogen
604 1553 759 1599 aufgelegt
777 1561 889 1595 wurde.
918 1561 1028 1603 Straf¬

167 1595 264 1639 gesetze
288 1594 403 1636 pflegen
429 1593 509 1636 nicht
556 1598 691 1638 populär
731 1610 766 1642 zu
792 1603 854 1645 sein
888 1607 949 1640 und
973 1616 1029 1647 gar

167 1641 230 1675 eine
254 1637 686 1687 Disziplinarstrafordnung.
730 1646 797 1681 Der
821 1648 917 1685 Name
939 1651 1023 1693 schon

166 1685 202 1726 ist
227 1683 366 1727 ominös;
406 1687 441 1718 es
480 1683 577 1726 haftet
603 1686 665 1727 ihm
690 1692 739 1725 ein
764 1692 1028 1738 Schulgerüchlein

166 1739 216 1769 an,
267 1738 356 1772 gegen
391 1728 450 1763 das
475 1728 521 1763 die
544 1729 751 1776 Ricchorgane
776 1738 896 1780 unserer
918 1745 1027 1783 ausge-

166 1774 331 1817 wachsenen
379 1773 714 1820 Referendumsbürger
761 1780 921 1826 besonders
967 1794 1027 1820 em¬

165 1819 309 1862 pfindlich
334 1818 411 1862 sind.
443 1818 503 1852 Als
528 1820 635 1862 gerade
661 1822 707 1857 die
720 1824 813 1861 Leute
830 1828 882 1862 der
895 1828 1026 1872 strengen

165 1863 377 1906 militärischen
399 1863 577 1907 Observanz
601 1875 693 1909 gegen
716 1869 775 1904 das
800 1871 1026 1917 militaristische

166 1908 430 1952 bürgerfeindliche
469 1907 567 1952 Gesetz
615 1910 768 1955 loszogen,
821 1918 922 1959 wußte
956 1929 1025 1954 man

165 1956 246 1996 auch,
276 1958 308 1988 es
332 1953 372 1995 sei
396 1952 544 1992 verloren,
586 1960 676 1990 wenn
699 1958 753 1992 der
776 1959 897 2001 Protest
921 1962 953 1997 in
978 1963 1025 1998 die

166 1998 388 2041 demokratische
411 1995 544 2039 Praxis,
584 1999 635 2033 ein
659 2000 1025 2050 Reserendumsbcgehren

166 2044 317 2088 umgesetzt
342 2043 450 2077 werde.
500 2042 580 2085 Herr
604 2043 819 2089 Wullschleger
857 2060 923 2095 niag
947 2052 1025 2094 nicht

167 2090 236 2124 übel
259 2088 371 2132 gelacht
396 2086 502 2128 haben,
554 2087 605 2121 als
630 2097 662 2123 er
686 2090 733 2124 die
756 2092 873 2129 Artikel
896 2096 955 2135 las.
992 2097 1026 2131 in

167 2135 259 2168 denen
285 2134 330 2168 die
354 2130 542 2174 Allgemeine
567 2132 738 2175 Schweizer
772 2137 908 2182 Zeitung
947 2140 1026 2183 ihrer

168 2178 358 2218 Entrüstung
391 2177 463 2210 über
487 2176 542 2210 den
567 2177 841 2223 anticivilistischen
868 2184 948 2224 Geist
974 2186 1026 2219 des

168 2223 245 2266 eidg.
275 2221 633 2261 Militärdepartements
658 2223 811 2260 Ausdruck
835 2228 903 2270 gab.
930 2229 1026 2271 Nach¬

169 2268 233 2301 dem
282 2265 327 2301 die
375 2266 522 2306 durchaus
569 2267 737 2310 natürliche
767 2270 949 2317 Abneigung
974 2275 1026 2308 des

169 2311 282 2347 Volkes
306 2319 396 2353 gegen
419 2308 584 2351 Disziplin
624 2311 794 2357 überhaupt
841 2318 904 2351 und
942 2318 1026 2352 mili¬

168 2356 291 2398 tärische
301 2353 463 2396 Disziplin
478 2353 518 2387 im
543 2353 705 2395 besonder»
730 2358 761 2393 in
787 2360 850 2395 dem
875 2362 1026 2404 speziellen

168 2401 257 2443 Falle
282 2399 327 2434 die
352 2397 512 2433 Sanktion
538 2399 658 2440 unserer
690 2401 933 2448 Kavalierpartei
979 2417 1026 2442 er¬

168 2446 270 2488 halten
298 2445 390 2486 hatte,
419 2450 486 2477 war
510 2452 548 2477 an
573 2444 660 2478 einen
686 2447 764 2490 Sieg
790 2451 839 2484 der
879 2451 1026 2486 Militär-

167 2490 286 2525 uovelle
308 2488 389 2530 nicht
412 2487 495 2529 mehr
518 2496 554 2529 zu
580 2488 699 2525 denken.
742 2493 894 2529 Niemand
922 2498 1026 2531 wollte

166 2533 339 2576 päpstlicher
364 2531 424 2574 sein
451 2532 501 2565 als
549 2532 599 2565 der
647 2534 753 2577 Papst,
805 2539 943 2575 niemand
979 2541 1026 2575 die

167 2576 411 2620 Unvopnlarität
435 2575 592 2614 riskieren,
647 2578 695 2613 die
718 2581 774 2615 mit
799 2583 848 2617 der
873 2585 1024 2619 Verteidi¬

166 2634 248 2668 gung
273 2622 356 2657 eines
381 2628 441 2654 von
468 2622 523 2655 den
547 2621 682 2661 nächsten
697 2623 901 2663 Verwandten
925 2630 1024 2669 preis¬

166 2669 328 2712 gegebenen
356 2665 486 2706 Gesetzes
510 2663 686 2701 verbunden
711 2676 787 2704 war.
823 2673 885 2707 Die
908 2674 1025 2709 Bedeu¬

170 2718 246 2754 tung
272 2713 324 2745 des
349 2707 533 2746 Entwurfes
558 2714 625 2741 war
648 2719 684 2751 zu
720 2714 836 2758 gering,
876 2718 927 2752 als
965 2719 1023 2761 daß

164 2756 270 2797 irgend
294 2762 358 2787 eine
382 2750 493 2792 Partei
519 2750 573 2792 sich
606 2752 659 2793 für
684 2755 735 2796 ihn
760 2759 845 2799 hätte
891 2763 1025 2804 kompro¬

163 2798 317 2832 mittieren
342 2797 460 2836 mögen.
488 2794 611 2828 Darum
637 2797 756 2843 schwieg
781 2812 852 2837 man
875 2814 911 2846 zu
924 2807 1022 2841 Olten

163 2850 222 2877 von
249 2843 311 2875 dem
348 2838 646 2882 Disziplinargesetz.
692 2844 798 2879 darum
846 2848 940 2887 haben
978 2851 1024 2885 die

164 2885 343 2922 kantonalen
370 2883 641 2926 Versammlungen
677 2889 739 2921 und
776 2890 930 2926 Komitees
977 2895 1023 2929 die

162 2932 373 2971 Abstimmung
399 2928 472 2962 über
496 2927 630 2968 dasselbe
654 2930 847 2975 freigegeben,
866 2936 968 2977 soweit
983 2938 1022 2980 sie

162 2977 242 3018 nicht
257 2993 295 3000 —
313 2974 359 3008 ein
378 2972 439 3006 viel
457 2971 589 3014 weniger
614 2973 767 3010 riskantes
792 2980 854 3012 und
880 2982 933 3021 auf
957 2983 1018 3015 dem

161 3021 291 3055 direkten
331 3017 421 3059 Wege
472 3016 704 3061 demagogischer
743 3021 1018 3068 Volkstümlichkeit

162 3066 312 3107 liegendes
337 3061 560 3102 Unternehmen
587 3080 627 3087 —
653 3073 708 3106 zur
731 3064 930 3111 Verwerfung
953 3070 1018 3112 auf-

163 3111 326 3154 fordcrten.

228 3153 291 3187 Die
314 3149 529 3195 Resignation,
568 3149 626 3185 mit
652 3152 703 3186 der
737 3152 784 3188 die
807 3155 945 3197 Freunde
969 3157 1020 3192 des

162 3199 293 3240 Gesetzes
338 3204 398 3230 von
423 3195 605 3238 vornherein
646 3196 724 3240 seine
749 3199 946 3243 Verwerfung
972 3202 1020 3236 als

162 3243 299 3285 besiegelt
322 3240 502 3282 annahinen,
555 3247 621 3274 war
667 3242 746 3284 nicht
770 3244 886 3287 löblich.
938 3246 1020 3280 Man

162 3288 270 3321 konnte
294 3287 361 3326 auch
388 3285 433 3319 die
459 3284 675 3329 Beobachtung
702 3288 826 3329 machen,
856 3290 914 3329 daß
932 3300 1019 3332 gegen

162 3333 216 3366 den
267 3330 551 3373 Abstinimungslag
600 3330 654 3371 hin
704 3331 791 3366 Viele
837 3333 893 3376 sich
940 3334 1020 3377 ihrer

160 3377 303 3420 schämten
329 3377 390 3408 und
414 3374 463 3415 ihr
488 3374 640 3426 Gewissen
668 3376 753 3419 durch
766 3376 1014 3420 Kundgebungen

159 3431 195 3463 zu
220 3419 364 3463 salvieren
390 3418 517 3462 suchten,
570 3419 617 3453 die
665 3420 742 3454 keine
767 3421 915 3464 Wirkung
939 3422 1019 3464 mehr

159 3466 234 3500 üben
262 3465 401 3498 konnten.
453 3463 524 3497 Das
549 3462 657 3505 Gesetz,
687 3465 744 3499 das
769 3465 914 3506 bestimmt
938 3475 1011 3505 war,

159 3511 205 3545 die
228 3510 327 3552 Härte
349 3508 471 3550 unserer
494 3506 717 3552 Militärjustiz
763 3512 826 3544 und
872 3510 1017 3545 Militär-

157 3554 266 3597 polizei
288 3563 325 3596 zu
373 3552 513 3591 mildern,
565 3554 669 3587 wurde
716 3554 772 3588 mit
821 3557 1014 3598 ungeheurem

158 3601 252 3641 Mehr
275 3606 342 3633 vom
369 3597 448 3632 Volk
474 3598 652 3638 verworfen.
682 3597 752 3632 Wir
776 3600 863 3641 hegen
882 3609 942 3634 nur
960 3600 1014 3634 den

156 3645 287 3679 einen
314 3642 451 3684 Wunsch,
484 3641 542 3681 daß
567 3642 614 3675 bie
639 3642 772 3683 Urheber
796 3645 846 3678 der
875 3644 1016 3687 Referen-

155 3688 411 3730 duinsbewegnng
435 3685 491 3728 sich
517 3695 557 3719 an
594 3685 700 3727 diesem
740 3687 849 3730 Erfolg
883 3691 1015 3732 genügen

154 3734 249 3776 lassen
274 3738 337 3767 und
362 3731 395 3764 in
420 3729 560 3772 Zukunft
596 3729 761 3766 Lorbeeren
808 3733 920 3775 suchen,
972 3733 1018 3767 die

154 3781 254 3813 etwas
278 3774 411 3818 weniger
433 3772 572 3816 wohlfeil
610 3784 646 3816 zu
688 3776 780 3817 haben
830 3777 905 3815 sind.
956 3778 1016 3812 Ein

154 3821 449 3863 Sportreferendnm
476 3819 613 3860 verträgt
638 3828 687 3853 am
723 3820 883 3863 wenigsten
932 3822 1017 3866 unser

154 3863 397 3905 Militärwesen.

225 3907 321 3940 Ueber
346 3908 403 3938 das
440 3904 733 3949 ViehhandelSgesetz
768 3910 911 3946 verlieren
959 3911 1016 3946 wir

156 3951 236 3985 keine
260 3949 377 3982 Worte.
407 3947 470 3979 Die
488 3947 688 3991 Verwerfung
715 3954 821 3987 ändert
845 3956 943 3997 nichts
967 3966 1014 3990 am

154 3998 265 4035 Status
288 4003 362 4035 qm>.
416 3990 464 4023 Es
490 3988 605 4023 bleiben
630 3992 677 4025 die
706 3997 884 4033 kantonalen
909 4001 1015 4044 Rechte

1074 1161 1214 1203 bestehen,
1243 1157 1290 1193 die
1312 1159 1367 1193 den
1391 1158 1614 1202 Interessenten
1639 1159 1673 1194 in
1697 1160 1750 1194 den
1764 1159 1922 1202 betreffen¬

1075 1208 1130 1241 den
1154 1204 1312 1247 Gegenden
1336 1212 1372 1245 zu
1397 1203 1526 1246 behagen
1551 1202 1690 1246 scheinen.
1738 1204 1801 1239 Die
1836 1205 1926 1240 Bun¬

1076 1247 1348 1291 desversammlung
1372 1246 1449 1282 wird
1473 1247 1643 1287 abwarten,
1692 1247 1742 1283 bis
1781 1249 1838 1283 das
1863 1249 1925 1284 Be¬

1076 1293 1199 1336 dürfnis
1222 1292 1292 1335 nach
1316 1291 1443 1334 Einheit
1466 1292 1519 1335 sich
1545 1292 1649 1333 stärker
1664 1293 1771 1335 äußert
1785 1293 1835 1328 als
1849 1292 1923 1336 jetzt.

1076 1337 1268 1380 Einstweilen
1294 1336 1327 1376 ist
1352 1346 1412 1371 nur
1435 1346 1471 1379 zu
1494 1337 1592 1380 sagen,
1642 1336 1700 1378 daß
1746 1337 1792 1372 die
1834 1338 1921 1372 land¬

1077 1381 1330 1427 wirtschaftlichen
1355 1381 1493 1423 Freunde
1505 1383 1558 1416 des
1572 1382 1771 1424 verworfenen
1794 1381 1926 1426 Gesetzes

1075 1429 1129 1472 sich
1175 1427 1255 1469 nicht
1301 1426 1406 1467 stärker
1462 1436 1495 1468 zu
1551 1425 1650 1469 seinen
1695 1426 1831 1466 Gunsten
1877 1436 1926 1469 ge¬

1075 1475 1162 1514 rührt
1188 1472 1291 1513 haben,
1330 1471 1381 1505 als
1406 1470 1453 1505 die
1476 1470 1624 1514 Schöpfer
1647 1472 1698 1506 des
1711 1470 1924 1514 Disziplinär-

1076 1518 1204 1562 gesetzes.

1141 1561 1204 1596 Die
1227 1560 1407 1602 Bedeutung
1432 1559 1484 1594 des
1507 1559 1650 1603 gestrigen
1696 1561 1799 1602 Tages
1845 1560 1921 1603 liegt

1075 1616 1150 1651 ganz
1175 1606 1207 1641 in
1232 1606 1282 1639 der
1306 1603 1512 1647 Abstimmung
1539 1605 1610 1639 über
1656 1605 1712 1639 das
1737 1604 1925 1648 Eisenbahn-

1075 1649 1331 1694 rechnuugsgesetz,
1384 1649 1441 1683 das
1487 1646 1543 1683 mit
1589 1649 1729 1692 erheblich
1764 1650 1918 1693 größerem

1076 1696 1168 1738 Mehr
1192 1703 1404 1737 angenommen
1428 1695 1550 1728 worden
1587 1693 1633 1733 ist,
1683 1694 1732 1728 als
1779 1694 1838 1728 wir
1883 1703 1919 1736 zu

1075 1741 1174 1783 hoffen
1199 1741 1316 1783 gewagt
1339 1738 1455 1778 hatten.
1504 1737 1575 1772 Von
1601 1739 1656 1773 den
1680 1738 1817 1780 welschen
1840 1737 1924 1773 Kan¬

1075 1789 1165 1821 tonen
1191 1784 1227 1826 ist
1251 1792 1309 1818 nur
1325 1783 1439 1818 Waadt
1464 1782 1637 1824 annähernd
1654 1782 1819 1825 einheitlich
1835 1792 1925 1825 gegen

1074 1830 1120 1865 die
1143 1829 1277 1870 Vorlage
1301 1830 1498 1870 ansgetreten.
1549 1827 1730 1869 Neuenburg
1777 1828 1840 1861 und
1864 1837 1920 1861 na¬

1073 1874 1208 1917 mentlich
1234 1873 1316 1914 Genf
1361 1873 1465 1914 hatten
1511 1871 1575 1915 sehr
1599 1872 1754 1914 erhebliche
1778 1871 1924 1906 Minder¬

1073 1920 1179 1961 heiten,
1209 1917 1256 1953 die
1278 1916 1359 1959 nicht
1383 1916 1535 1959 gestatten,
1565 1915 1624 1957 daß
1649 1926 1717 1951 man
1742 1924 1801 1951 von
1818 1916 1844 1950 ei
1857 1925 1921 1951 nem

1073 1964 1151 2008 Sieg
1178 1964 1230 1998 des
1255 1961 1338 1997 einen
1364 1961 1621 2003 Sprachstammes
1647 1962 1718 1995 über
1741 1961 1795 1996 den
1809 1962 1922 1996 andern

1071 2010 1148 2043 rede.
1190 2007 1271 2050 Auch
1294 2006 1328 2041 in
1352 2006 1403 2040 der
1425 2005 1620 2049 Westschweiz
1644 2005 1750 2049 scheint
1772 2010 1807 2039 es
1830 2006 1925 2039 Leute

1073 2063 1166 2096 genug
1191 2062 1226 2095 zu
1261 2050 1362 2094 geben,
1415 2049 1462 2084 die
1509 2050 1590 2092 nicht
1612 2060 1661 2084 um
1686 2050 1767 2084 eines
1807 2049 1924 2084 lokalen

1072 2098 1202 2141 rechtlich
1226 2095 1304 2138 nicht
1326 2105 1362 2137 zu
1387 2094 1613 2137 begründenden
1638 2094 1777 2129 Vorteils
1814 2094 1918 2129 willen

1073 2143 1127 2176 den
1152 2142 1246 2175 Bund
1270 2139 1447 2182 verhindern
1474 2139 1589 2179 wollen,
1620 2138 1673 2181 sich
1689 2138 1827 2181 Klarheit
1852 2138 1923 2172 über

1073 2188 1125 2220 den
1150 2186 1235 2220 Wert
1260 2185 1380 2227 unserer
1404 2184 1532 2224 Bahnen
1556 2193 1592 2226 zu
1617 2183 1804 2227 verschaffen.
1855 2183 1922 2217 Der

1072 2229 1218 2273 Rückkauf
1240 2229 1273 2268 ist
1298 2229 1410 2272 gestern
1445 2227 1522 2271 nicht
1563 2227 1731 2270 beschlossen
1779 2228 1918 2270 worden;

1073 2279 1104 2309 es
1129 2277 1208 2309 wäre
1229 2274 1292 2308 eine
1317 2273 1504 2316 Täuschung,
1557 2280 1644 2306 wenn
1690 2281 1758 2306 man
1783 2272 1839 2315 sich
1865 2273 1921 2306 das

1073 2317 1230 2362 Gegenteil
1268 2317 1402 2352 einreden
1427 2317 1540 2351 wollte.
1592 2316 1662 2351 Wir
1708 2317 1809 2358 freuen
1857 2320 1919 2351 uns

1072 2363 1150 2403 aber,
1201 2361 1261 2402 daß
1299 2362 1354 2396 das
1379 2361 1545 2403 öffentliche
1568 2361 1719 2404 Interesse
1742 2361 1814 2395 über
1837 2360 1918 2395 indi¬

1072 2407 1221 2442 viduellen
1246 2406 1307 2440 und
1331 2406 1502 2448 regionalen
1526 2405 1687 2448 Eigennutz
1721 2406 1829 2448 gesiegt
1856 2406 1916 2447 hat.

1073 2452 1142 2487 Wir
1165 2454 1283 2495 gönnen
1308 2453 1376 2491 auch
1400 2451 1498 2491 Herrn
1522 2450 1702 2484 Bnndesrat
1725 2451 1819 2491 Zemp
1861 2457 1919 2484 von

1072 2498 1185 2540 Herzen
1210 2495 1265 2530 den
1288 2494 1377 2535 ersten
1393 2494 1509 2536 Erfolg,
1538 2495 1591 2528 den
1606 2504 1636 2528 er
1659 2494 1715 2528 mit
1728 2494 1820 2535 seiner
1834 2493 1918 2535 loya¬

1073 2542 1119 2576 len
1145 2541 1207 2575 und
1230 2539 1353 2582 geraden
1380 2538 1655 2581 Eiscnbahnpolitik
1681 2548 1827 2580 errungen
1853 2539 1916 2579 hat.

1139 2585 1210 2620 Von
1235 2586 1289 2618 den
1315 2583 1493 2617 kantonalen
1517 2583 1694 2623 Resultaten
1733 2583 1828 2624 haben
1854 2586 1915 2616 uns

1072 2629 1117 2665 die
1140 2637 1200 2664 von
1224 2628 1360 2670 Aargan,
1388 2627 1503 2669 Luzern
1526 2628 1588 2660 und
1614 2627 1669 2661 St.
1698 2626 1812 2661 Gallen
1858 2636 1914 2661 an¬

1072 2676 1191 2717 genehm
1216 2672 1392 2714 überrascht.
1445 2672 1515 2705 Das
1552 2671 1919 2714 Abstiinmuiigsergebnis

1071 2727 1129 2753 von
1153 2719 1277 2753 Kanton
1302 2717 1363 2750 und
1389 2716 1491 2750 Stadt
1513 2715 1623 2758 Zürich
1663 2716 1818 2758 überzeugt
1841 2715 1916 2749 viel¬

1071 2763 1155 2805 leicht
1178 2762 1249 2804 auch
1273 2760 1319 2795 die
1340 2760 1495 2802 verehrten
1517 2760 1661 2802 Kollegen
1704 2767 1771 2793 vom
1806 2760 1920 2800 Genfer

1070 2808 1218 2846 Jonrnal,
1247 2805 1305 2846 daß
1329 2805 1465 2847 zwischen
1490 2804 1616 2846 Wunsch
1641 2804 1701 2838 und
1718 2804 1916 2844 Wirklichkeit

1070 2852 1117 2886 ein
1143 2851 1250 2886 kleiner
1274 2849 1461 2891 Unterschied
1485 2848 1591 2889 besteht
1615 2849 1677 2882 und
1701 2848 1759 2889 daß
1779 2848 1824 2882 die
1839 2847 1918 2882 Nein

1070 2897 1122 2929 des
1147 2894 1328 2937 Politischen
1352 2892 1564 2927 Kreisverelns
1589 2894 1621 2926 II
1654 2892 1699 2926 die
1723 2892 1918 2933 welterschüt-

1068 2940 1169 2972 ternde
1192 2938 1373 2977 Bedeutung
1398 2936 1477 2977 nicht
1501 2937 1614 2977 hatten,
1644 2935 1688 2969 die
1701 2936 1777 2978 Herr
1791 2935 1917 2977 Micheli

1067 2982 1155 3024 ihnen
1180 2980 1303 3024 glaubte
1326 2979 1506 3022 zuschreiben
1528 2989 1565 3022 zu
1590 2979 1712 3022 müssen.

1133 3069 1278 3106 Wien,
1306 3070 1337 3101 3.
1365 3067 1438 3102 Okt.
1469 3067 1515 3109 («J.
1543 3069 1576 3102 8.
1603 3066 1826 3109 Orig.-Korr.)
1852 3066 1914 3101 Die

1068 3114 1196 3155 Pforten
1222 3114 1273 3146 des
1297 3111 1608 3155 österreichischen
1640 3111 1915 3154 Parlamentes

1069 3159 1161 3198 haben
1185 3157 1239 3198 sich
1265 3156 1371 3190 wieder
1396 3156 1534 3198 geöffnet.
1565 3156 1659 3189 Einer
1671 3155 1911 3199 österreichischen

1069 3199 1298 3243 Gepflogenheit
1324 3199 1524 3241 entsprechend
1549 3199 1601 3241 hat
1648 3199 1736 3241 gleich
1783 3200 1816 3234 in
1864 3201 1913 3233 der

1067 3246 1157 3286 ersten
1206 3244 1333 3286 Sitzung
1381 3245 1435 3278 des
1482 3244 1819 3286 Abgeordnetenhauses
1866 3245 1915 3278 der

1068 3288 1318 3332 Finanzminister
1335 3288 1394 3322 Dr.
1415 3294 1444 3321 v.
1473 3288 1503 3322 B
1517 3287 1527 3321 i
1540 3288 1552 3321 l
1564 3288 1573 3322 i
1585 3297 1605 3321 n
1618 3292 1634 3321 s
1650 3288 1662 3321 k
1677 3288 1687 3321 i
1714 3288 1769 3322 das
1794 3288 1915 3322 Bud¬

1067 3338 1137 3376 get
1161 3335 1211 3376 für
1237 3334 1320 3366 1897
1346 3331 1555 3366 unterbreitet.
1584 3331 1691 3375 Dieses
1715 3331 1829 3375 brachte
1853 3332 1916 3366 eine

1067 3377 1314 3421 Ueberraschung.
1350 3376 1443 3415 Wohl
1468 3376 1501 3417 ist
1525 3376 1570 3410 bei
1594 3376 1686 3411 einem
1712 3376 1915 3418 Einnahmen-

1065 3424 1126 3456 und
1151 3421 1510 3462 Ansgabenvoranschlag
1534 3428 1593 3455 von
1617 3421 1697 3455 rund
1744 3423 1807 3454 692
1833 3421 1915 3455 Mil¬

1065 3465 1314 3500 lionen'Gulden
1339 3464 1386 3497 ein
1412 3464 1595 3507 Ueberschuß
1620 3472 1680 3499 von
1703 3464 1784 3499 einer
1809 3465 1915 3505 halben

1064 3510 1197 3545 Million
1224 3508 1495 3550 heransgcrechnet.
1544 3508 1627 3541 Aber
1642 3508 1736 3551 dieses
1771 3509 1915 3550 Resultat

1066 3555 1141 3589 wird
1164 3563 1225 3588 nur
1248 3552 1372 3592 dadurch
1398 3551 1509 3592 erzielt,
1537 3551 1596 3592 daß
1621 3553 1672 3585 der
1696 3553 1917 3594 Schatzkanzler

1065 3601 1117 3633 des
1142 3596 1368 3636 Ministeriums
1393 3594 1515 3630 Baden!
1538 3594 1623 3629 einen
1648 3597 1820 3637 namhaften
1840 3597 1914 3631 Teil

1066 3645 1113 3677 der
1138 3641 1313 3685 Ausgaben,
1363 3640 1508 3674 darunter
1552 3639 1632 3680 nicht
1657 3639 1726 3678 bloß
1770 3640 1913 3673 vorüber¬

1065 3689 1200 3731 gehende,
1228 3690 1287 3720 ans
1311 3686 1372 3719 dem
1398 3683 1615 3727 regelmäßigen
1654 3683 1774 3725 Budget
1822 3683 1911 3724 schied

1066 3738 1126 3767 und
1151 3731 1189 3774 sie
1214 3730 1267 3771 auf
1291 3732 1346 3763 das
1370 3729 1473 3764 Konto
1497 3736 1554 3762 von
1568 3727 1790 3769 Investitionen
1819 3727 1906 3769 setzte,

1064 3787 1098 3819 zu
1123 3778 1208 3811 deren
1233 3774 1368 3817 Deckung
1393 3773 1456 3808 eine
1502 3782 1558 3807 neu
1605 3782 1639 3814 zu
1671 3772 1826 3815 schaffende
1849 3771 1910 3805 Art

1064 3830 1123 3856 von
1137 3819 1294 3860 Anleihen,
1324 3818 1369 3853 die
1382 3818 1408 3856 I
1421 3828 1441 3852 n
1454 3825 1471 3851 v
1486 3827 1499 3851 e
1512 3817 1531 3856 st
1546 3817 1556 3851 i
1571 3820 1583 3851 t
1597 3817 1607 3851 i
1622 3827 1637 3850 o
1650 3826 1670 3851 n
1684 3821 1699 3849 s
1714 3827 1730 3849 a
1744 3826 1761 3850 n
1776 3816 1787 3849 l
1800 3825 1813 3849 e
1827 3815 1836 3849 i
1851 3816 1868 3855 h
1883 3825 1905 3854 e,

1065 3866 1166 3900 dienen
1191 3864 1259 3907 soll.
1296 3863 1361 3906 Für
1385 3865 1442 3896 das
1466 3861 1576 3903 nächste
1599 3861 1681 3901 Jahr
1704 3861 1739 3902 ist
1763 3860 1809 3894 die
1833 3860 1904 3894 Ver¬

1063 3911 1244 3953 ausgabung
1270 3915 1327 3942 von
1352 3909 1430 3941 rund
1456 3906 1569 3949 fünfzig
1595 3905 1763 3940 Millionen
1788 3904 1908 3939 Gulden

1064 3955 1153 3998 dieser
1176 3962 1271 3989 neuen
1311 3952 1560 3994 Schnldgattnng
1607 3950 1638 3984 in
1679 3949 1817 3991 Aussicht
1863 3958 1909 3989 ge¬

1061 4009 1209 4039 nommen,
1261 4004 1369 4031 wovon
1394 3995 1542 4039 ungefähr
1578 3994 1623 4029 die
1646 3994 1750 4037 Hälfte
1771 4003 1824 4036 zur
1848 3993 1908 4027 Be¬

1973 1159 2118 1203 streitung
2165 1160 2218 1194 der
2261 1159 2487 1200 Investitionen
2534 1160 2596 1194 und
2642 1158 2688 1193 die
2711 1159 2819 1193 andere

1973 1205 2077 1247 Hälfte
2121 1214 2175 1247 zur
2223 1204 2430 1247 Rückzahlung
2477 1211 2536 1238 von
2561 1203 2715 1247 Schulden
2754 1210 2820 1237 ver¬

1973 1249 2086 1283 wendet
2110 1252 2228 1284 werden
2250 1249 2318 1291 soll.
2369 1249 2422 1283 Da
2468 1247 2606 1282 überdies
2661 1247 2707 1282 die
2746 1247 2823 1282 Ein¬

1974 1294 2099 1335 nahmen
2123 1294 2172 1334 für
2198 1295 2283 1327 1897
2323 1302 2374 1328 um
2414 1292 2559 1335 beiläufig
2583 1294 2625 1326 25
2651 1291 2823 1327 Millionen

1974 1338 2064 1380 höher
2085 1338 2135 1373 als
2158 1339 2210 1380 für
2233 1339 2289 1372 das
2313 1338 2452 1379 laufende
2488 1338 2572 1379 Jahr
2616 1336 2819 1381 veranschlagt

1973 1384 2097 1423 werden,
2147 1382 2177 1420 so
2202 1383 2296 1425 haben
2321 1382 2369 1416 die
2390 1381 2710 1425 Oppositionsorgane
2743 1381 2823 1423 nicht

1973 1427 2107 1468 Unrecht,
2137 1434 2224 1461 wenn
2248 1427 2288 1469 sie
2310 1427 2453 1465 erklären,
2490 1426 2560 1467 daß,
2604 1434 2689 1461 wenn
2714 1425 2747 1460 in
2772 1427 2822 1460 der

1973 1471 2142 1515 bisherigen
2178 1472 2273 1514 Weise
2320 1472 2371 1506 der
2409 1471 2610 1514 Voranschlag
2651 1470 2823 1513 aufgestellt

1973 1517 2091 1551 worden
2117 1519 2206 1555 wäre,
2257 1520 2314 1551 das
2362 1516 2483 1559 Budget
2530 1515 2609 1557 nicht
2633 1515 2689 1550 mit
2724 1514 2818 1549 einem

1973 1560 2145 1603 Uebersluß,
2184 1561 2311 1603 sondern
2358 1560 2415 1595 mit
2462 1559 2555 1595 einem
2602 1560 2716 1602 Defizit
2760 1566 2820 1593 von

1972 1605 2063 1640 einem
2078 1606 2182 1647 halben
2197 1606 2326 1648 hundert
2340 1605 2513 1640 Millionen
2528 1604 2668 1647 schließen
2703 1605 2815 1639 würde.

1972 1650 2081 1692 Diesen
2105 1650 2350 1693 Schwarzsehern
2398 1649 2474 1684 wird
2524 1649 2618 1691 jedoch
2666 1651 2822 1691 entgegen¬

1972 1695 2117 1737 gehalten,
2168 1694 2229 1735 daß
2252 1694 2298 1728 die
2322 1693 2546 1737 thatsächlichen
2571 1693 2744 1736 Ergebnisse
2769 1693 2822 1727 des

1973 1739 2274 1781 Staatshaushaltes
2300 1737 2332 1772 in
2357 1739 2412 1772 den
2463 1738 2561 1780 letzten
2587 1738 2703 1778 Jahren
2728 1737 2821 1779 regel¬

1971 1784 2072 1826 mäßig
2096 1785 2152 1819 das
2177 1783 2299 1826 Budget
2338 1791 2390 1817 um
2426 1782 2501 1816 viele
2526 1782 2696 1817 Millionen
2735 1782 2822 1815 über¬

1971 1828 2105 1870 schritten
2130 1827 2235 1871 haben,
2275 1828 2353 1869 Herr
2378 1834 2406 1861 v.
2436 1826 2575 1861 Bilinski
2600 1827 2687 1868 daher
2712 1826 2822 1868 berech¬

1971 1872 2031 1915 tigt
2056 1872 2103 1915 sei,
2154 1872 2200 1907 die
2225 1871 2500 1914 Einnahmeziffern
2531 1871 2619 1914 höher
2643 1870 2818 1914 anzusetzen.

1970 1917 2051 1958 Auch
2076 1917 2152 1951 wird
2175 1917 2285 1958 darauf
2308 1916 2515 1959 hingemiesen,
2559 1915 2618 1958 daß
2655 1916 2700 1950 die
2722 1915 2817 1957 regel¬

1969 1961 2089 2004 mäßige
2111 1961 2399 2004 Schuldentilgung,
2451 1960 2496 1995 die
2520 1959 2574 2003 sich
2600 1960 2655 2002 aus
2676 1959 2823 2002 ungefähr

1969 2006 2018 2041 ein
2042 2006 2173 2047 Dutzend
2185 2002 2357 2040 Millionen
2382 2005 2506 2048 jährlich
2531 2005 2647 2046 beläuft
2669 2006 2732 2040 und
2757 2003 2823 2037 bis¬

1970 2051 2020 2092 her
2067 2050 2268 2092 größtenteils
2316 2051 2402 2091 durch
2451 2049 2497 2084 die
2544 2049 2688 2092 Ausgabe
2733 2057 2824 2083 neuer

1970 2094 2159 2136 Schuldtitel
2182 2094 2301 2129 bewirkt
2325 2096 2438 2133 wurde,
2487 2095 2637 2136 nunmehr
2683 2093 2716 2129 in
2765 2095 2820 2127 den

1970 2138 2160 2180 Einnahmen
2184 2139 2247 2182 ihre
2269 2139 2405 2182 Deckung
2445 2138 2548 2179 finden
2595 2137 2664 2181 soll.
2715 2136 2816 2172 Wenn

1969 2193 2039 2218 man
2065 2183 2109 2218 die
2133 2182 2335 2225 Einzelheiten
2360 2184 2413 2218 des
2425 2183 2566 2226 Budgets
2591 2181 2817 2224 unbefangenen

1969 2228 2084 2263 Blickes
2107 2228 2275 2268 betrachtet,
2319 2228 2350 2271 so
2387 2228 2494 2262 kommt
2518 2236 2589 2261 man
2613 2237 2649 2269 zu
2673 2228 2735 2261 dem
2761 2226 2820 2260 Er¬

1969 2272 2106 2316 gebnisse,
2157 2273 2215 2314 daß
2262 2274 2357 2307 weder
2381 2282 2434 2315 zur
2460 2270 2724 2313 Schwarzmalerei
2748 2270 2820 2313 noch

1967 2327 2021 2359 zur
2044 2316 2367 2360 Vertrauensseligkeit
2400 2317 2511 2351 Grund
2545 2316 2720 2356 vorhanden
2766 2314 2815 2357 sei.

1968 2361 2030 2396 Die
2053 2362 2217 2405 Ausgaben
2243 2361 2347 2404 steigen
2373 2361 2450 2403 rasch
2475 2361 2537 2394 und
2560 2360 2614 2401 auf
2660 2359 2718 2399 daß
2765 2357 2822 2392 mit

1968 2406 2058 2447 ihnen
2083 2406 2127 2440 die
2151 2406 2340 2447 Einnahmen
2366 2404 2492 2448 gleichen
2530 2403 2654 2447 Schritt
2700 2401 2816 2445 halten,

1968 2450 2039 2492 muß
2065 2450 2109 2485 die
2132 2449 2386 2493 Steuerschraube
2432 2448 2487 2482 mit
2511 2448 2587 2482 aller
2610 2447 2701 2489 Kraft
2725 2456 2817 2489 ange-

1966 2504 2056 2537 zogcn
2081 2495 2206 2529 werden.
2258 2494 2346 2536 Diese
2370 2492 2571 2535 Finanzkunst
2608 2492 2643 2532 ist
2676 2491 2746 2526 bald
2770 2500 2820 2532 ge¬

1969 2539 2078 2581 troffen
2102 2540 2165 2573 und
2190 2538 2232 2581 sie
2254 2538 2288 2578 ist
2312 2538 2415 2580 bisher
2440 2538 2468 2577 so
2500 2536 2627 2579 ziemlich
2653 2543 2712 2570 von
2741 2536 2822 2569 allen

1966 2583 2205 2626 österreichischen
2232 2581 2502 2624 Finanzministern
2538 2580 2629 2623 geübt
2677 2579 2809 2614 worden.

1967 2628 2067 2662 Einen
2090 2627 2329 2669 eigentümlichen
2353 2624 2499 2660 Eindruck
2523 2624 2617 2667 macht
2641 2628 2684 2663 es,
2729 2631 2817 2658 wenn

1966 2681 2036 2707 man
2060 2671 2144 2716 sieht,
2173 2671 2232 2711 daß
2256 2671 2302 2705 ein
2326 2671 2434 2713 großer
2462 2669 2532 2704 Teil
2557 2670 2607 2703 der
2631 2667 2813 2710 vorgeschla¬

1966 2725 2057 2760 genen
2084 2715 2346 2756 „Investitionen"
2397 2713 2557 2749 wiederum
2604 2711 2745 2755 Galizien
2779 2722 2815 2755 zu

1965 2765 2037 2805 gute
2062 2760 2190 2795 kommen
2212 2759 2282 2804 soll.

2267 2803 2284 2843 *
2395 2802 2412 2843 *
2520 2802 2540 2822 *

2034 2844 2113 2887 Zum
2161 2842 2421 2887 Abschlüsse
2467 2843 2543 2876 des
2599 2839 2818 2883 italienisch-

1965 2888 2189 2931 tunesischeu
2248 2886 2626 2930 Handelsvertrages
2696 2885 2817 2928 schreibt

1964 2934 2051 2973 unser
2075 2932 2230 2974 römischer
2252 2933 2298 2965 th.
2326 2931 2585 2973 Korrespondent:
2611 2931 2664 2965 So
2687 2930 2750 2972 sehr
2774 2930 2821 2963 die

1964 2976 2097 3018 offiziöse
2119 2976 2224 3018 Presse
2249 2975 2318 3009 über
2343 2977 2398 3009 den
2425 2974 2558 3016 „großen
2593 2974 2721 3016 Erfolg"
2766 2974 2817 3008 des

1962 3020 2126 3056 Kabinetts
2150 3019 2273 3054 Rudini
2296 3020 2413 3061 Freude
2439 3019 2577 3060 heuchelt,
2607 3019 2638 3061 so
2664 3017 2730 3060 kühl
2746 3018 2813 3059 faßt

1964 3074 2032 3099 man
2058 3064 2097 3098 im
2137 3063 2335 3106 allgemeinen
2383 3063 2430 3097 die
2455 3063 2612 3104 erlangten
2639 3062 2816 3103 „Vorteile"

1961 3109 2025 3151 auf.
2050 3109 2130 3143 Was
2157 3108 2209 3150 hat
2235 3118 2304 3142 man
2328 3107 2386 3142 mit
2411 3106 2515 3149 diesem
2534 3108 2681 3149 Vertrage
2704 3110 2818 3149 eigent¬

1962 3153 2017 3196 lich
2040 3152 2162 3194 erzielt?
2211 3152 2370 3193 Vielleicht
2410 3152 2500 3194 große
2523 3151 2740 3195 Konzessionen
2764 3151 2815 3192 für

1962 3199 2017 3233 den
2041 3196 2247 3240 italienischen
2270 3196 2411 3240 Handel?
2447 3196 2604 3239 Vielleicht
2628 3194 2818 3237 moralischen

1962 3241 2096 3278 Gewinn
2142 3251 2183 3275 au
2222 3240 2317 3283 jenem
2351 3249 2411 3275 von
2435 3240 2558 3278 Italien
2582 3240 2653 3280 stets
2678 3241 2708 3283 so
2732 3239 2816 3281 sehn¬

1962 3285 2075 3330 süchtig
2100 3286 2257 3327 begehrten
2280 3285 2416 3323 Gebiete,
2446 3286 2502 3319 das
2526 3284 2632 3319 Tunis
2662 3284 2729 3327 doch
2754 3284 2817 3318 ein¬

1963 3331 2025 3365 mal
2048 3330 2104 3370 ist?
2129 3330 2239 3370 Nichts
2264 3337 2323 3364 von
2347 3330 2467 3363 alldem.
2510 3328 2590 3363 Was
2615 3330 2669 3371 den
2693 3329 2813 3371 Han-

1963 3376 1980 3409 d
1994 3385 2008 3408 e
2022 3376 2031 3409 l
2069 3374 2195 3416 betrifft,
2247 3374 2278 3417 so
2314 3374 2449 3416 gewährt
2473 3372 2649 3415 Frankreich
2675 3373 2723 3406 bis
2746 3381 2813 3413 zum

1962 3420 2061 3458 Jahre
2088 3421 2171 3452 1905
2219 3436 2260 3443 —
2307 3419 2370 3459 also
2418 3418 2487 3459 noch
2533 3417 2588 3458 ans
2611 3426 2705 3459 genau
2730 3425 2811 3449 nenn

1962 3464 2060 3504 Jahre
2086 3481 2124 3488 —
2151 3464 2204 3496 den
2228 3465 2337 3497 status
2359 3473 2433 3504 quo,
2463 3471 2510 3495 um
2536 3462 2669 3503 nachher,
2698 3459 2754 3495 wie
2778 3464 2812 3494 cs

1963 3507 2081 3551 scheint,
2130 3507 2218 3549 durch
2266 3507 2312 3541 die
2336 3505 2591 3548 Verwirklichung
2627 3515 2707 3539 einer
2729 3504 2815 3546 fran¬

1963 3552 2261 3594 zösisch-tunesischen
2299 3550 2495 3593 Zoll-Union
2541 3550 2588 3584 die
2634 3548 2814 3590 italienische

1964 3597 2099 3637 Eiusuhr
2121 3596 2263 3630 vollends
2286 3595 2493 3638 lahmzulegen
2517 3612 2557 3620 —
2588 3593 2812 3636 vorausgesetzt,

1962 3640 2021 3677 daß
2046 3640 2119 3681 diese
2143 3640 2296 3682 Drohung
2343 3640 2422 3681 nicht
2469 3638 2552 3681 schon
2577 3639 2677 3681 früher
2700 3638 2731 3672 in
2757 3637 2816 3671 Er-

1959 3683 2082 3725 sülliiiig
2108 3684 2187 3725 geht.
2221 3684 2270 3723 In
2296 3683 2566 3725 politischer
2589 3682 2722 3725 Hinsicht
2748 3680 2816 3721 läßt

1958 3735 2027 3760 man
2051 3730 2085 3759 es
2113 3743 2152 3750 —
2179 3725 2229 3759 bis
2255 3736 2320 3767 zum
2345 3727 2444 3768 Jahre
2471 3728 2556 3758 1905
2582 3744 2622 3751 —
2647 3725 2815 3768 gleichfalls

1957 3770 1986 3812 so
2010 3768 2136 3811 ziemlich
2163 3768 2238 3803 beim
2265 3769 2367 3808 Alten,
2421 3776 2449 3803 b.
2479 3771 2507 3808 h.
2537 3769 2583 3802 die
2608 3776 2665 3803 von
2690 3769 2812 3807 Italien

1957 3814 2051 3856 seiner
2068 3813 2138 3855 Zeit
2160 3813 2232 3854 „auf
2258 3812 2377 3854 Probe"
2404 3813 2618 3853 abgeschafften
2645 3812 2811 3852 Kapitula¬

1957 3858 2059 3893 tionen
2087 3857 2210 3893 bleiben,
2244 3864 2330 3891 wenn
2368 3857 2452 3899 schon
2478 3856 2556 3896 nicht
2580 3855 2735 3896 nominell,
2781 3856 2811 3896 so

1957 3902 2025 3944 doch
2049 3901 2165 3943 faktisch
2190 3900 2326 3943 beseitigt
2351 3902 2413 3935 und
2449 3901 2572 3938 Italien
2621 3900 2695 3934 kann
2742 3899 2811 3941 froh

1958 3946 2030 3989 sein,
2060 3945 2118 3987 daß
2141 3946 2316 3988 Frankreich
2342 3945 2519 3986 wenigstens
2544 3944 2592 3978 die
2610 3943 2812 3986 italienischen

1957 3991 2091 4032 Schulen
2117 3993 2179 4025 und
2203 3990 2332 4025 Vereine
2355 3989 2484 4032 bestehen
2510 3989 2587 4031 läßt,
2617 4008 2658 4015 —
2684 3989 2733 4023 bis
2746 3998 2813 4031 zum

2868 1163 2968 1205 Jahre
2993 1164 3088 1201 1905,
3118 1162 3282 1198 notabene!
3311 1162 3416 1205 Dafür
3438 1161 3491 1204 hat
3515 1160 3584 1195 aber
3599 1161 3723 1200 Italien

2869 1208 2924 1242 den
2949 1207 3117 1250 Franzosen
3165 1208 3222 1242 das
3260 1207 3354 1250 Recht
3378 1207 3429 1241 der
3453 1205 3720 1248 Exequatnr-Ver-

2868 1251 2992 1295 leihung
3016 1255 3084 1286 oder
3107 1251 3377 1295 Nichtverleihung
3401 1260 3440 1285 an
3463 1250 3511 1284 die
3550 1249 3584 1284 in
3611 1250 3717 1284 Tunis

2870 1296 3081 1337 residierenden
3129 1296 3330 1339 italienischen
3375 1294 3516 1338 Konsuln
3565 1295 3720 1336 gewähren

2870 1341 2991 1384 müssen,
3020 1340 3109 1382 sowie
3133 1342 3189 1375 das
3213 1341 3315 1382 bisher
3340 1340 3419 1383 nicht
3435 1338 3600 1380 bestehende
3613 1338 3717 1380 Recht,

2870 1385 2916 1420 die
2939 1385 3093 1424 Italiener
3117 1386 3184 1419 dort
3209 1385 3286 1428 nicht
3312 1385 3393 1427 mehr
3420 1400 3456 1411 —
3484 1383 3540 1418 wie
3576 1382 3626 1417 bis
3650 1383 3722 1418 dato

2870 1447 2912 1455 —
2936 1430 2987 1464 als
3010 1429 3215 1471 exterritorial
3237 1440 3272 1472 zu
3296 1429 3473 1471 behandeln.

2936 1474 3025 1509 Alles
3049 1474 3080 1508 in
3104 1474 3205 1514 allem,
3233 1473 3288 1508 wie
3313 1484 3381 1508 inan
3398 1474 3482 1517 sieht,
3510 1472 3575 1516 sehr
3590 1472 3721 1515 zweifel¬

2870 1518 2951 1561 hafte
2975 1518 3121 1559 Vorteile,
3150 1518 3197 1554 die
3221 1518 3253 1552 in
3277 1518 3400 1556 Italien
3425 1518 3493 1558 auch
3527 1526 3588 1551 nur
3619 1518 3717 1561 wenig

2871 1581 2912 1588 —
2936 1564 2998 1598 und
3024 1563 3122 1598 keinen
3139 1562 3340 1605 freundlichen
3365 1581 3406 1588 —
3430 1561 3576 1597 Eindruck
3588 1562 3713 1603 machen.

2869 1608 2962 1643 Denn
2985 1618 3055 1642 man
3079 1607 3154 1650 sieht
3177 1607 3236 1647 ein,
3273 1607 3333 1649 daß
3358 1606 3405 1641 die
3428 1605 3554 1648 einfache
3577 1605 3720 1647 Rückkehr

2868 1662 2904 1696 zu
2929 1654 2984 1687 den
3008 1651 3272 1693 Kapitulationen,
3326 1656 3413 1686 deren
3458 1650 3512 1692 sich
3554 1649 3609 1684 mit
3634 1650 3716 1684 Aus¬

2869 1697 2976 1739 nahme
2999 1697 3161 1739 Englands
3185 1695 3334 1738 sämtliche
3358 1696 3497 1730 Staaten
3529 1693 3571 1728 im
3594 1693 3723 1736 Verkehr

2870 1741 2926 1775 mit
2949 1741 3056 1776 Tunis
3081 1740 3229 1780 bedienen,
3259 1741 3313 1775 den
3332 1738 3532 1790 italienischen
3549 1738 3722 1781 Interessen

2870 1787 2931 1820 und
2956 1786 3006 1820 der
3030 1785 3142 1820 Würde
3166 1786 3219 1819 des
3242 1784 3363 1819 Landes
3412 1783 3480 1819 weit
3504 1782 3722 1825 ersprießlicher

2870 1830 2996 1873 gewesen
3021 1832 3111 1864 wäre.
3160 1829 3341 1872 Allerdings
3369 1829 3452 1871 hätte
3484 1832 3517 1862 es
3542 1828 3615 1868 dazu
3641 1827 3723 1861 eines

2869 1875 3048 1918 energischen
3071 1874 3206 1909 Willens
3231 1874 3360 1915 bedurft,
3417 1874 3464 1908 der
3510 1872 3551 1906 im
3574 1871 3726 1907 Kabinett

2869 1919 2990 1955 Rudini
3013 1918 3104 1954 leider
3127 1918 3207 1963 nicht
3234 1919 3406 1961 vorhanden
3430 1918 3476 1960 ist.

2962 2036 3029 2086 No»
3058 2037 3109 2079 der
3137 2035 3277 2085 Attliuer
3306 2031 3638 2086 Gtlvtrbtimsjlklliliig.

3269 2102 3346 2131 XIV.

3197 2150 3404 2186 (Fortsetzung).

2924 2199 2986 2229 Aus
3024 2200 3083 2229 dem
3122 2199 3224 2231 ernsten
3260 2199 3352 2231 Reiche
3383 2198 3429 2227 der
3459 2196 3571 2230 Gruppe
3599 2197 3638 2226 IX
3668 2197 3729 2228 tritt

2874 2247 2939 2269 man
2959 2240 3040 2274 sofort
3061 2240 3088 2269 in
3108 2240 3151 2269 ein
3171 2239 3296 2274 duftiges,
3330 2239 3359 2268 in
3379 2237 3495 2270 welchem
3515 2244 3581 2265 man
3599 2237 3671 2270 sicher
3696 2238 3728 2270 ist

2873 2280 2969 2309 immer
2989 2280 3031 2310 ein
3052 2279 3204 2314 zahlreiches
3224 2279 3372 2312 Publikum
3392 2277 3540 2310 weiblichen
3570 2276 3727 2309 Geschlechts

2874 2327 2905 2353 zu
2925 2319 3030 2352 finden:
3051 2321 3078 2348 in
3097 2319 3149 2348 das
3168 2318 3246 2349 Reich
3266 2319 3309 2347 der
3330 2318 3420 2353 Seife,
3450 2317 3493 2346 der
3513 2316 3653 2348 Schminke
3671 2318 3727 2347 und

2875 2360 2924 2388 des
2943 2359 3063 2392 Puders.
3102 2359 3171 2389 Drei
3209 2358 3311 2388 Sterne
3351 2359 3431 2391 erster
3449 2356 3541 2390 Größe
3561 2357 3672 2390 leuchten
3692 2366 3728 2388 an

2876 2399 2971 2433 diesem
2990 2399 3121 2434 Himmel:
3158 2399 3230 2428 Treu
3249 2399 3303 2428 und
3323 2398 3441 2433 Kuglisch
3471 2398 3521 2430 (ich
3540 2397 3644 2431 glaube,
3676 2399 3729 2432 daß

2877 2440 2912 2472 ich
2932 2439 3116 2474 chronologisch
3138 2439 3227 2474 richtig
3246 2438 3373 2473 verfahre,
3397 2445 3472 2468 wenn
3492 2437 3527 2468 ich
3546 2437 3630 2470 diesen
3649 2436 3729 2471 zuerst

2872 2480 2982 2514 nenne),
3005 2479 3109 2511 Gustav
3129 2479 3215 2514 Lohse,
3248 2478 3280 2513 F.
3300 2479 3428 2511 Leichner.
3466 2477 3524 2506 Der
3556 2477 3618 2508 erste
3637 2475 3731 2511 gehört

2873 2520 2935 2552 noch
2956 2520 3002 2548 der
3021 2522 3100 2554 guten
3121 2520 3193 2548 alten
3213 2520 3413 2554 vormärzlichen
3433 2518 3492 2553 Zeit
3506 2525 3551 2552 an,
3574 2517 3608 2548 ich
3622 2516 3726 2552 glaube,

2872 2559 2927 2592 daß
2947 2559 3055 2593 Saphir
3074 2560 3129 2588 und
3150 2558 3339 2591 Glaßbreuner
3364 2558 3410 2592 ihn
3430 2566 3459 2593 zu
3478 2557 3551 2590 ihren
3571 2556 3666 2591 Witzen
3685 2564 3728 2591 ge¬

2869 2600 2976 2632 braucht
2995 2599 3091 2633 haben,
3135 2599 3213 2633 Lohse
3240 2599 3269 2632 ist
3288 2599 3331 2628 ein
3351 2599 3432 2632 höchst
3452 2597 3606 2631 vornehmer
3623 2597 3726 2631 Minn,

2869 2638 2919 2669 den
2939 2640 2996 2672 Hof
3013 2640 3069 2669 und
3089 2639 3158 2669 Adel
3176 2640 3271 2669 immer
3297 2639 3443 2675 protegiert
3477 2637 3571 2672 haben,
3610 2636 3728 2670 Leichner

2867 2679 2911 2708 der
2931 2679 3022 2709 Mann
3043 2679 3087 2709 der
3107 2686 3191 2709 neuen
3209 2679 3280 2714 Zeit,
3303 2679 3389 2713 dessen
3409 2677 3516 2713 größter
3535 2677 3651 2712 Trumpf
3669 2677 3728 2707 eine

2868 2719 3054 2754 Fettschminke
3090 2719 3131 2755 ist,
3175 2719 3264 2752 welche
3300 2719 3342 2747 die
3379 2717 3647 2752 Schauspielerinnen
3682 2717 3730 2747 der

2867 2767 2967 2794 ganzen
3002 2758 3077 2788 Welt
3111 2758 3279 2793 gebrauchen,
3317 2758 3363 2787 die
3380 2758 3437 2792 ihm
3455 2765 3508 2786 von
3527 2757 3592 2792 Zeit
3609 2765 3640 2792 zu
3664 2756 3729 2791 Zeit

2873 2799 2917 2828 ein
2937 2799 3060 2833 Zeugnis
3097 2798 3141 2829 sür
3177 2798 3257 2827 deren
3275 2796 3544 2832 Unübertresslichkeit
3575 2797 3728 2829 ausstellen.

2872 2839 2923 2874 Ich
2943 2838 3008 2871 habe
3028 2838 3078 2867 den
3096 2837 3189 2867 Mann
3209 2838 3252 2867 nie
3271 2838 3386 2872 gesehen,
3428 2837 3488 2867 aber
3508 2837 3542 2868 ich
3563 2836 3665 2870 verehre
3684 2836 3730 2871 ihn

2871 2879 2928 2908 und
2948 2879 2983 2908 ick
3002 2879 3067 2911 muß
3087 2879 3236 2910 manchmal
3256 2885 3291 2907 an
3311 2879 3358 2912 ihn
3378 2878 3481 2907 denken.
3503 2877 3575 2906 Man
3589 2877 3652 2912 sagt,
3672 2876 3727 2911 daß

2871 2919 3026 2954 jedermann
3046 2919 3135 2951 schwer
3166 2919 3215 2947 den
3236 2917 3339 2950 Geruch
3372 2917 3455 2951 seines
3473 2916 3653 2950 Handwerkes
3672 2924 3727 2946 ver¬

2871 2959 2958 2993 treibt,
2982 2959 3030 2987 wie
3051 2958 3095 2987 der
3114 2958 3241 2991 Schuster
3259 2958 3326 2990 nicht
3347 2958 3396 2987 den
3417 2957 3552 2991 Pechdust.
3586 2956 3645 2986 Wie
3664 2964 3726 2991 mag

2869 3000 2938 3033 Herr
2956 2998 3074 3032 Leichner
3101 2998 3153 3028 den
3172 2998 3274 3030 Geruch
3293 2998 3378 3031 seines
3398 2997 3533 3032 Parfüms
3564 2996 3728 3026 vertreiben?

2866 3040 2915 3074 Ich
2934 3039 3034 3074 glaube,
3076 3045 3154 3068 wenn
3173 3046 3200 3067 er
3219 3039 3267 3067 wie
3286 3038 3330 3067 der
3350 3039 3429 3074 ewige
3447 3037 3521 3073 Jude
3558 3037 3599 3066 die
3635 3045 3715 3073 ganze

2866 3079 2937 3108 Welt
2956 3079 3104 3111 durchirrte,
3127 3078 3223 3108 könnte
3243 3086 3269 3107 er
3288 3081 3319 3108 es
3339 3079 3415 3112 nicht.
3454 3077 3503 3112 Ich
3529 3076 3631 3111 verehre
3659 3077 3722 3107 aber

2867 3119 2927 3150 auch
2948 3119 2997 3148 den
3015 3119 3118 3153 Mann,
3148 3119 3216 3147 denn
3238 3119 3362 3152 während
3383 3118 3476 3148 andere
3497 3125 3550 3148 von
3569 3118 3615 3146 der
3633 3117 3723 3150 Presse

2868 3159 3012 3194 protegiert
3032 3159 3143 3190 werden,
3168 3160 3309 3193 protegiert
3330 3167 3358 3188 er
3376 3159 3416 3188 die
3437 3158 3535 3193 Presse,
3570 3158 3625 3187 eine
3645 3158 3723 3187 kleine

2873 3199 3023 3234 Wendung,
3065 3199 3105 3228 die
3126 3198 3223 3231 seinem
3244 3199 3329 3228 Genie
3349 3198 3390 3228 die
3408 3198 3503 3233 höchste
3535 3197 3605 3231 Ehre
3636 3199 3720 3230 macht

2853 3270 2857 3278 ,
2869 3239 3000 3269 Dankbar
3018 3239 3062 3273 für
3083 3238 3236 3274 diejenigen,
3280 3239 3369 3272 welche
3388 3239 3443 3273 ihm
3462 3246 3494 3272 zu
3512 3238 3650 3267 Reichtum
3671 3245 3725 3267 vcr-

2853 3270 2857 3280 '
2867 3279 2966 3314 Holsen,
3006 3279 3053 3313 hat
3073 3287 3098 3307 er
3119 3279 3186 3312 seine
3205 3279 3379 3315 Ausstellung
3397 3279 3428 3308 in
3459 3278 3509 3306 das
3528 3277 3633 3307 Modell
3653 3277 3725 3307 eines

2868 3320 2999 3353 Theaters
3018 3318 3146 3353 gekleidet,
3188 3319 3216 3348 in
3257 3319 3373 3351 welchem
3392 3318 3434 3348 die
3460 3317 3579 3351 farbigen
3600 3317 3724 3351 Päckchen

2870 3359 2952 3390 seiner
2971 3358 3111 3393 Fabrikate
3132 3358 3181 3388 wie
3194 3359 3235 3388 die
3251 3359 3450 3393 aufgeklapptcn
3464 3357 3567 3390 Stühle
3588 3357 3722 3390 aussehen.

2867 3399 2937 3428 Aber
2957 3399 2991 3430 ich
3011 3398 3152 3433 empfinde,
3193 3398 3246 3432 daß
3284 3398 3316 3430 ich
3356 3398 3448 3429 diesem
3468 3396 3579 3426 Gebiete
3610 3397 3671 3429 auch
3690 3405 3722 3430 zu

2865 3440 2935 3471 ferne
2955 3438 3028 3471 stehe.
3068 3438 3117 3471 Ich
3156 3438 3221 3469 habe
3258 3438 3358 3467 einmal
3396 3438 3471 3467 einen
3502 3436 3659 3470 Kaufmann
3690 3437 3719 3466 in

2865 3477 3117 3512 Parfüm-Artikeln
3162 3478 3217 3511 hier
3245 3478 3366 3512 gekannt,
3406 3477 3452 3506 der
3487 3476 3516 3505 in
3536 3476 3663 3511 England
3681 3483 3724 3510 ge¬

2867 3518 2951 3549 wesen
2973 3525 3038 3552 war,
3061 3517 3116 3546 eine
3134 3515 3323 3551 Engländerin
3344 3517 3485 3552 geheiratet
3517 3516 3572 3545 und
3605 3516 3724 3550 englische

2871 3558 3015 3587 Manieren
3034 3564 3229 3591 angenommen
3249 3557 3330 3590 hatte.
3370 3557 3459 3586 Wenn
3490 3564 3517 3584 er
3548 3556 3598 3585 den
3617 3556 3724 3585 Namen

2866 3598 2985 3627 Nimmel
3006 3598 3153 3632 aussprach,
3177 3597 3279 3630 welcher
3297 3598 3407 3627 damals
3428 3598 3471 3626 der
3490 3596 3721 3630 Hauptparsumist

2868 3637 3013 3673 Englands
3033 3646 3090 3666 war
3109 3652 3143 3658 —
3164 3637 3197 3669 ich
3218 3637 3285 3670 weiß
3305 3638 3372 3670 nicht
3392 3637 3424 3666 ob
3446 3636 3519 3671 heute
3539 3637 3601 3668 noch
3632 3652 3666 3657 —
3698 3636 3725 3670 so

2867 3678 2948 3711 wehte
2968 3678 3011 3706 ein
3030 3677 3153 3710 Schauer
3172 3678 3216 3706 der
3236 3676 3353 3709 Andacht
3374 3677 3449 3709 durch
3477 3676 3529 3709 sein
3550 3679 3647 3711 ganzes
3667 3676 3720 3706 Ge¬

2865 3718 2925 3748 bein
2962 3717 3017 3746 und
3037 3720 3066 3746 es
3086 3719 3141 3746 trat
3160 3717 3216 3745 eine
3237 3717 3368 3749 förmliche
3387 3716 3476 3747 Stille
3507 3716 3552 3745 der
3584 3716 3720 3750 Ehrfurcht

2865 3757 2919 3786 ein.
2958 3757 3008 3790 Ich
3028 3757 3121 3791 glaube
3142 3757 3182 3784 die
3201 3756 3387 3790 Parsumisten
3406 3756 3545 3786 verdienen
3565 3760 3643 3786 unter
3679 3765 3719 3791 ge¬

2865 3796 3023 3829 wöhnlichen
3044 3796 3239 3830 Verhältnissen
3261 3799 3313 3825 300
3332 3796 3460 3831 Prozent.
3499 3796 3569 3826 Was
3595 3804 3657 3831 mag
3677 3797 3722 3829 erst

2865 3835 2985 3865 Nimmel
3007 3835 3122 3864 verdient
3142 3835 3248 3867 haben?
3285 3836 3332 3866 So
3362 3837 3470 3869 herrscht
3506 3843 3543 3864 an
3572 3836 3628 3864 dem
3648 3836 3720 3865 einen

2865 3876 2942 3905 Ende
2961 3876 3006 3904 der
3025 3874 3323 3912 Cheniie-AuSstcllung
3342 3877 3384 3906 die
3417 3876 3635 3910 Schauspielerin,
3675 3884 3718 3905 am

2863 3917 2965 3944 andern
2984 3915 3060 3944 Ende
3081 3916 3123 3950 (in
3144 3916 3599 3951 derPhotographic-Ausstellung)
3619 3916 3718 3946 wieder

2862 3956 2902 3985 die
2923 3956 3147 3992 Schauspielerin,
3189 3957 3214 3986 d.
3237 3957 3263 3990 h.
3285 3958 3312 3985 in
3332 3957 3424 3988 diesem
3446 3957 3557 3990 letzteren
3577 3956 3637 3985 auch
3670 3956 3714 3985 der

2864 3996 3058 4032 Schauspieler,
3081 3997 3124 4025 der
3146 3996 3191 4030 sich
3211 3997 3272 4026 eben
3292 3997 3317 4030 so
3338 4005 3400 4032 gern
3421 3996 3468 4025 wie
3495 3995 3562 4029 seine
3594 3994 3717 4030 Gehilfin

171 4122 185 4149 1
440 4113 743 4181 Zeiiilltton.

419 4235 535 4280 Pater
557 4235 761 4282 Seraph!«.

245 4303 315 4334 Eine
336 4300 492 4337 Erzählung
517 4301 571 4329 aus
591 4299 641 4329 den
662 4300 805 4337 Dreißiger
823 4301 930 4337 Jahren

366 4349 421 4385 von
440 4348 618 4385 Heinrich
637 4349 813 4385 Wäscher.

207 4414 268 4443 Der
286 4410 402 4446 Pfarrer
422 4415 482 4438 war
500 4407 666 4441 nnterdessen
700 4408 749 4438 mit
778 4407 887 4440 Vreueli
908 4409 955 4446 auf
972 4410 1017 4440 der

152 4454 266 4489 Anhöhe
285 4452 352 4481 über
372 4451 431 4479 dem
452 4448 565 4483 Bergsce
585 4448 786 4484 angekommen.

209 4491 368 4527 Tiefdunkel
387 4491 432 4525 lag
452 4497 479 4518 er
499 4496 547 4517 vor
567 4488 657 4524 ihnen,
694 4497 759 4524 ganz
791 4491 929 4525 umsäumt
956 4499 1017 4522 vom

153 4536 296 4571 schwarzen
317 4528 539 4563 Tannncnwald,
581 4529 625 4558 der
663 4529 709 4563 sich
747 4531 776 4560 in
795 4531 840 4561 der
872 4532 938 4567 Flut
968 4534 1017 4563 mit

152 4577 243 4611 seinen
264 4573 387 4606 kleinsten
407 4568 589 4605 Einzelheiten
619 4569 746 4606 spiegelte,
788 4579 842 4602 nur
878 4573 925 4607 hin
962 4574 1017 4603 und

149 4617 246 4647 wieder
266 4621 326 4643 mar
345 4612 412 4646 seine
433 4610 525 4644 F»c»che
546 4617 609 4639 von»
629 4609 814 4641 Abendwlube
838 4613 892 4643 reis
912 4614 1016 4650 geträu¬

151 4658 208 4692 felt.
231 4671 266 4677 —
287 4654 382 4688 Gegcil
404 4650 507 4681 Süden
528 4649 605 4683 sahen
626 4650 660 4683 sie
698 4651 754 4681 eine
791 4652 893 4683 braune
930 4654 1015 4689 Halde

150 4699 202 4727 mit
222 4691 508 4732 sonnenbcschitnencn
536 4689 681 4725 Gehöften,
723 4692 798 4721 deren
837 4693 1017 4729 Strohdächer

148 4738 194 4768 bis
213 4745 275 4772 zum
296 4735 394 4765 Bode»
416 4730 535 4764 reichten,
560 4730 616 4758 und
635 4730 714 4759 deren
725 4731 941 4766 Fensterscheiben
956 4737 1016 4766 weit

147 4780 195 4808 ins
215 4776 291 4808 Land
313 4776 415 4809 hinaus
436 4772 549 4805 blitzten.
571 4770 626 4799 Die
645 4770 744 4799 Meiler
757 4773 878 4804 rauchten
899 4776 947 4807 aus
965 4776 1014 4806 den

147 4819 254 4853 Höhen,
296 4816 347 4846 wie
366 4810 547 4849 angezündcte
566 4809 741 4843 Opfcraltäre
773 4811 818 4840 der
855 4812 1013 4847 heidnischen

146 4857 303 4892 Vorfahren
326 4855 380 4886 und
402 4853 498 4887 leichte,
527 4849 671 4885 zerblascne
708 4849 840 4880 Wölklein
878 4860 932 4882 von
968 4855 1014 4883 der

146 4899 235 4934 Farbe
256 4898 302 4926 der
321 4891 540 4930 Herbstzeitlosen
561 4890 671 4925 segelten
693 4890 741 4919 wie
769 4890 917 4926 Schiffchen
937 4893 1011 4925 durch

145 4939 196 4968 den
217 4936 440 4973 zartgrünlichen,
463 4934 549 4963 unten
588 4930 841 4965 rosaangehauchten
877 4933 1010 4970 Himmel;

145 4979 200 5013 ihre
221 4979 356 5009 Schatten
375 4975 455 5008 liefen
478 4972 543 5002 über
562 4971 614 5000 das
635 4970 802 5005 kristallklare
829 4971 932 5007 Wasser
963 4976 1010 5004 wie

145 5019 191 5048 der
210 5018 302 5052 Hauch
324 5016 389 5044 über
409 5015 487 5044 einen
509 5011 632 5047 Spiegel.

199 5059 261 5089 Der
280 5057 403 5093 Pfarrer,
428 5054 488 5083 dem
509 5052 555 5086 sich
576 5053 617 5081 ein
639 5051 849 5089 Schmetterling
877 5055 926 5087 auf
944 5055 1009 5085 seine

144 5100 276 5134 silbernen
297 5093 525 5130 Schuhschuallcn
547 5093 640 5126 gesetzt,
664 5097 750 5128 wagte
769 5094 836 5126 nicht
861 5094 901 5124 die
921 5096 1009 5124 Stille

142 5147 174 5173 zu
194 5137 390 5171 unterbrechen,
415 5135 454 5164 die
477 5133 523 5166 seit
561 5132 693 5162 Vrcnclcs
731 5133 886 5168 Schivcigen
925 5136 1007 5170 eiuge-

142 5181 226 5209 tretcn
249 5187 316 5208 war.
358 5177 425 5209 Das
463 5173 538 5205 Kind
576 5180 634 5202 war
671 5173 739 5209 selig,
772 5175 826 5202 und
848 5175 886 5203 die
907 5174 1007 5210 Freude

141 5219 267 5252 leuchtete
287 5219 329 5253 ihr
349 5220 403 5247 aus
424 5216 473 5245 den
495 5215 575 5243 lauen
585 5212 927 5248 Vcrgißmcinnichtaugc».
948 5215 1006 5244 Der

142 5266 223 5294 ganze
242 5259 355 5294 Zauber
374 5259 423 5286 des
443 5253 619 5285 Waldlcbcns
657 5255 713 5283 und
751 5254 795 5283 der
832 5254 1001 5290 Einsamkeit,

140 5298 192 5327 das
214 5299 381 5334 verzauberte
400 5297 506 5331 Kloster
534 5296 586 5324 mit
616 5294 665 5324 den
704 5295 790 5328 letzten
829 5294 883 5324 drei
916 5295 1004 5329 übrig-

140 5338 309 5372 Lebliebenen
330 5338 463 5373 Heiligen,
508 5336 576 5365 alles
615 5337 666 5364 das
705 5335 864 5370 beschäftigte
885 5335 918 5370 sic
938 5343 1001 5371 ganz

138 5378 195 5407 und
215 5387 265 5415 gar
285 5379 341 5409 und
361 5379 394 5413 sie
415 5378 535 5408 träumte
555 5375 608 5408 mit
627 5376 735 5414 offenen
753 5375 857 5412 Augen.

1122 4099 1180 4128 Der
1199 4095 1408 4129 Schmetterling
1427 4094 1494 4128 setzte
1513 4093 1557 4127 sich
1578 4093 1631 4127 jetzt
1649 4092 1773 4125 furchtlos
1792 4091 1840 4123 aus
1859 4091 1914 4123 ihre

1066 4139 1146 4172 Hand
1167 4137 1222 4167 und
1243 4136 1404 4171 umflatterte
1424 4135 1466 4169 sie,
1490 4135 1533 4164 als
1553 4134 1586 4163 ob
1598 4141 1624 4163 er
1636 4133 1676 4168 ihr
1694 4135 1776 4163 etwas
1795 4140 1824 4167 zu
1838 4132 1913 4167 sagen

1066 4178 1149 4211 hätte.

1121 4219 1205 4252 „Herr
1225 4217 1341 4251 Onkel,"
1361 4216 1436 4247 brach
1456 4215 1491 4249 sie
1527 4214 1624 4247 endlich
1662 4214 1711 4243 bas
1748 4213 1910 4247 Schweigen,

1069 4255 1135 4289 «seht
1154 4259 1214 4291 doch
1233 4257 1283 4286 den
1302 4256 1407 4291 schönen
1427 4254 1651 4290 Sommcrvogcl!
1670 4254 1749 4285 Rein,
1771 4255 1815 4282 der
1834 4253 1862 4285 ist
1883 4259 1914 4286 zu

1067 4294 1174 4330 reizend,
1197 4298 1241 4326 der
1261 4298 1291 4329 ist
1312 4297 1396 4332 gewiß
1416 4297 1458 4325 ein
1479 4295 1656 4330 verzauberter
1677 4294 1786 4329 Prinz".

1121 4335 1365 4373 „Uuzwcifclhast,"
1388 4338 1536 4372 entgcgncte
1555 4336 1601 4365 der
1620 4334 1732 4371 Pfarrer
1759 4333 1813 4364 und
1834 4331 1912 4366 nahm

1066 4373 1121 4402 eine
1141 4374 1228 4408 Prise.

1121 4414 1208 4448 „Gicb
1229 4422 1281 4445 nur
1299 4417 1362 4453 acht,
1386 4417 1512 4453 Schätzle,
1534 4417 1587 4451 daß
1607 4424 1633 4446 er
1652 4416 1697 4451 sich
1715 4416 1782 4450 nicht
1812 4415 1841 4445 in
1860 4413 1911 4448 dich

1066 4453 1202 4484 verliebt."

1119 4494 1216 4530 „Wäre
1237 4494 1290 4525 bas
1308 4496 1335 4530 so
1356 4497 1490 4531 schlimm?
1527 4498 1601 4528 Eben
1639 4497 1685 4531 hat
1722 4504 1749 4526 er
1779 4496 1832 4526 mir
1850 4496 1909 4530 gute

1065 4527 1197 4569 Botschaft
1209 4535 1335 4572 gebracht,
1358 4537 1410 4571 seht
1431 4539 1485 4573 hin,
1510 4539 1557 4567 wie
1568 4546 1595 4567 er
1606 4538 1658 4567 mir
1668 4537 1839 4571 schmeichelnd
1850 4536 1912 4565 ums

1063 4575 1124 4611 Ohr
1138 4576 1250 4609 flattert.
1265 4576 1316 4609 Ja.
1340 4584 1417 4606 wenn
1438 4578 1478 4612 ihr
1498 4577 1606 4611 wüßtet,
1629 4580 1690 4606 was
1708 4584 1735 4605 er
1748 4577 1799 4606 mir
1812 4574 1911 4610 sagte!"

1118 4616 1190 4652 „Oh,
1214 4616 1248 4649 ich
1268 4616 1334 4648 weiß
1355 4620 1384 4646 es
1404 4617 1475 4650 schon
1516 4617 1550 4646 du
1588 4616 1717 4650 Rärrlc,"
1754 4617 1832 4653 (achte
1869 4616 1911 4643 der

1063 4656 1182 4692 Pfarrer,
1206 4664 1250 4692 „er
1268 4656 1314 4690 hat
1334 4658 1362 4685 cs
1381 4658 1461 4691 zuerst
1500 4657 1606 4687 meinen
1626 4656 1844 4692 Schuhschnallen
1864 4662 1910 4684 an-

1064 4700 1188 4733 vcrtraut,
1211 4697 1291 4727 bevor
1309 4705 1335 4726 er
1354 4705 1384 4733 zu
1404 4698 1458 4727 mir
1477 4698 1550 4728 kam!
1570 4698 1622 4720 —"

1117 4739 1213 4775 „Nein,
1237 4738 1289 4771 seid
1307 4738 1349 4773 ihr
1376 4739 1504 4774 garstig,"
1543 4739 1678 4770 erwiderte
1714 4738 1819 4769 Vrencli
1856 4735 1910 4766 und

1061 4779 1118 4814 that
1138 4779 1252 4815 erzürnt,
1278 4778 1333 4814 „ihr
1354 4778 1506 4811 nüchterner
1524 4779 1624 4813 Mann,
1648 4780 1688 4811 ihr
1724 4779 1772 4812 seid
1810 4778 1840 4807 es
1862 4784 1911 4811 gar

1062 4820 1128 4853 nicht
1148 4823 1222 4855 wert,
1246 4820 1299 4853 daß
1319 4827 1383 4849 man
1403 4820 1460 4853 euch
1486 4820 1563 4854 solche
1604 4818 1780 4853 Geheimnisse
1816 4824 1910 4846 anvcr-

1061 4862 1143 4888 traut.
1166 4859 1274 4895 Erzählt
1295 4860 1347 4890 mir
1366 4860 1446 4889 lieber
1465 4862 1560 4890 etwas.
1601 4860 1656 4894 Ihr
1694 4858 1766 4893 wißt,
1806 4857 1856 4887 wie
1876 4858 1910 4889 ich

1060 4898 1220 4932 Geschichten
1241 4900 1313 4934 liebe,
1336 4900 1399 4929 aber
1418 4901 1516 4934 erzählt
1535 4900 1588 4930 mir
1620 4901 1704 4928 etwas
1742 4901 1793 4927 aus
1831 4897 1911 4931 dieser

1059 4937 1177 4973 Gegend,
1201 4947 1242 4967 wo
1264 4941 1312 4969 wir
1332 4943 1386 4969 uuS
1398 4941 1530 4973 bcsindcn.
1560 4939 1614 4969 Die
1625 4938 1803 4973 Schaubühne
1822 4938 1851 4969 ist
1873 4938 1906 4966 da

1057 4978 1107 5007 mit
1128 4978 1184 5007 dem
1204 4978 1309 5013 schönen
1329 4980 1603 5017 Waldhiutergrund;
1638 4980 1696 5015 laßt
1714 4979 1755 5009 die
1773 4978 1908 5014 Personen

1057 5018 1197 5053 auftrctcn,
1219 5033 1254 5040 —
1274 5019 1309 5051 ich
1328 5020 1423 5052 höre."

1111 5058 1176 5092 „Ja.
1199 5057 1245 5092 ja"
1265 5057 1334 5092 sagte
1355 5060 1396 5088 der
1418 5061 1541 5095 Pfarrer,
1564 5062 1633 5096 „das
1653 5062 1682 5093 ist
1710 5060 1771 5090 bald
1791 5059 1908 5095 gesagt."

1054 5112 1088 5118 —
1108 5098 1147 5126 Er
1165 5097 1298 5130 räusperte
1317 5098 1363 5131 sich
1382 5100 1459 5129 einen
1468 5101 1631 5136 Augenblick,
1654 5102 1726 5130 daun
1746 5101 1849 5135 begann
1869 5107 1910 5128 er:

1109 5138 1177 5173 „Im
1196 5138 1283 5172 Jahre
1303 5138 1353 5167 deS
1382 5139 1471 5173 Herrn
1505 5145 1572 5169 1230
1611 5142 1717 5175 schenkte
1756 5142 1798 5170 der
1836 5139 1909 5170 Graf

1053 5177 1194 5207 Guntram
1214 5177 1271 5206 dem
1291 5177 1393 5209 Kloster
1414 5180 1466 5209 St.
1489 5180 1629 5210 Salvator
1647 5182 1714 5215 seine
1743 5180 1831 5211 Güter
1850 5181 1906 5208 und

1052 5216 1150 5246 Weiler
1170 5225 1205 5245 an
1227 5217 1271 5245 der
1293 5217 1422 5249 Steinach
1442 5219 1511 5247 nnl^
1536 5220 1654 5253 Wutach.
1696 5221 1759 5250 Den
1780 5223 1822 5249 12.
1844 5219 1909 5249 Mai

1053 5257 1213 5291 I2L0.gicbt
1233 5256 1300 5289 seine
1319 5256 1468 5291 Gemahlin
1487 5258 1617 5288 Roswila
1638 5261 1680 5289 ein
1717 5260 1818 5289 Viertel
1856 5267 1908 5289 von

1049 5297 1130 5325 allem
1150 5297 1209 5330 Hab
1242 5296 1298 5323 und
1337 5296 1423 5331 Eigen
1443 5305 1473 5331 zu
1494 5297 1702 5334 Seelenmessen,
1723 5306 1755 5334 zu
1774 5299 1841 5332 lesen
1862 5309 1908 5329 am

1050 5335 1131 5365 Altar
1150 5336 1194 5365 der
1213 5335 1324 5371 heiligen
1345 5336 1400 5366 drei
1419 5336 1533 5372 Könige.
1572 5338 1628 5367 Die
1646 5338 1835 5368 Benediktiner
1854 5346 1906 5369 von

1049 5375 1334 5407 Selben-"

2015 4089 2100 4123 „Hört
2120 4090 2175 4123 auf,
2198 4089 2259 4123 hört
2279 4089 2326 4122 auf
2345 4090 2396 4118 mit
2415 4097 2507 4119 eueren
2526 4088 2687 4122 historischen
2708 4088 2809 4122 Daten,

1959 4128 2046 4158 Onkel
2066 4128 2193 4161 Pfarrer!
2230 4128 2287 4162 Ihr
2307 4129 2409 4158 kommt
2428 4128 2480 4157 mir
2501 4135 2556 4162 vor,
2580 4129 2623 4157 als
2643 4128 2676 4156 ob
2697 4127 2736 4160 ihr
2755 4127 2814 4155 dem

1959 4169 2059 4199 bunten
2081 4169 2289 4203 Schmetterling
2310 4169 2350 4198 die
2369 4168 2467 4204 Flügel
2477 4169 2563 4202 putzen
2576 4167 2691 4196 wolltet!
2710 4166 2815 4200 Tragen

1959 4209 1999 4238 die
2019 4208 2124 4243 schönen
2143 4209 2259 4238 Tannen
2279 4217 2324 4238 um
2353 4209 2410 4240 euch
2448 4209 2509 4240 auch
2546 4207 2718 4241 Ausschriktcn
2757 4212 2813 4235 uno

1959 4248 2134 4283 Eliqucttcn?
2151 4264 2186 4269 —
2205 4249 2277 4278 WnS
2295 4248 2433 4279 kümmern
2454 4249 2517 4278 mich
2536 4256 2597 4278 eure
2611 4247 2745 4283 staubigen
2764 4246 2814 4274 Ur¬

1960 4289 2071 4319 kunden.
2094 4288 2188 4319 Könnt
2207 4289 2247 4324 ihr
2268 4289 2334 4320 nicht
2353 4288 2535 4321 fabulieren?"

2018 4330 2076 4359 Ter
2096 4329 2208 4362 Pfarrer
2227 4337 2285 4359 war
2304 4331 2347 4358 ein
2367 4328 2474 4363 Schalk,
2513 4336 2538 4357 er
2578 4329 2665 4358 wollte
2702 4327 2734 4359 sie
2762 4333 2814 4355 nur

1962 4371 2003 4400 ein
2025 4370 2153 4406 Weniges
2175 4370 2271 4400 necken.
2292 4369 2331 4399 Er
2349 4377 2395 4405 zog
2415 4369 2467 4404 jetzt
2489 4369 2552 4402 seine
2573 4369 2627 4403 Uhr
2646 4369 2737 4403 hervor
2757 4367 2812 4396 und

1960 4411 2046 4447 sagte:

2015 4451 2125 4486 „Schon
2144 4451 2207 4486 halb
2227 4451 2302 4485 sechs,
2325 4451 2393 4480 mein
2415 4449 2494 4479 Kind.
2533 4448 2576 4478 Es
2604 4449 2670 4477 wird
2690 4448 2753 4481 spät,
2776 4447 2811 4479 ich

1960 4491 2057 4525 möchte
2088 4493 2153 4525 nicht
2174 4500 2221 4522 vor
2241 4494 2328 4521 lauter
2347 4490 2507 4527 Fabulieren
2539 4497 2585 4518 um
2619 4490 2657 4518 die
2689 4488 2811 4522 Forellen

1958 4532 2089 4563 kommen.
2128 4532 2225 4563 Konim
2234 4532 2241 4561 I
2280 4532 2314 4565 ich
2352 4531 2408 4560 will
2437 4530 2478 4559 dir
2498 4528 2628 4563 aufstehcn
2647 4528 2738 4563 Helsen,
2761 4527 2812 4556 wir

1957 4572 2059 4607 müssen
2080 4574 2143 4607 fort.
2185 4573 2226 4603 Es
2264 4572 2328 4608 zieht
2366 4571 2428 4604 noch
2466 4569 2620 4604 Schnceluft
2652 4576 2713 4598 vom
2733 4567 2810 4603 Fcld-

1957 4613 2019 4648 berg
2040 4614 2114 4646 her."

2013 4654 2079 4690 ,.Icli
2100 4654 2163 4688 habe
2184 4662 2230 4688 gar
2252 4653 2316 4686 nicht
2337 4652 2410 4685 mehr
2429 4654 2482 4680 ans
2493 4650 2569 4681 Essen
2590 4648 2720 4685 gedacht,"
2740 4647 2811 4683 sagte

1958 4694 2020 4729 halb
2042 4696 2166 4730 unwillig
2186 4694 2298 4724 Vrcnele
2326 4694 2379 4723 und
2399 4692 2528 4727 schüttelte
2548 4692 2593 4726 sich
2625 4691 2665 4720 die
2683 4688 2811 4720 Tannen¬

1957 4734 2057 4766 nadeln
2078 4744 2139 4765 vom
2157 4735 2244 4766 Kleid.

2013 4775 2079 4812 „Ja,
2105 4776 2129 4809 so
2147 4775 2200 4809 seid
2220 4775 2262 4809 ihr
2281 4774 2351 4809 eben,
2373 4774 2415 4808 ihr
2444 4773 2596 4808 ätherischen
2616 4770 2807 4805 Geschöpschen.

1956 4815 2018 4846 Mir
2039 4816 2211 4847 materiellem
2221 4815 2362 4847 Menschen
2382 4821 2476 4848 tanzen
2496 4814 2535 4843 die
2556 4813 2706 4848 gebackenen
2720 4810 2810 4847 Forel¬

1956 4859 2000 4887 len
2021 4856 2094 4890 schon
2114 4857 2158 4890 seit
2178 4857 2247 4885 einer
2268 4855 2349 4885 Weile
2369 4855 2408 4884 im
2427 4855 2498 4889 Kopf
2516 4853 2638 4888 herum."

2014 4897 2165 4932 „Während
2186 4897 2219 4929 ich
2241 4896 2269 4929 so
2288 4895 2335 4930 süß
2354 4895 2481 4926 träumte,
2521 4894 2575 4923 und
2601 4892 2713 4927 glaubte,
2748 4890 2809 4921 auch

1958 4937 1999 4970 ihr
2020 4938 2104 4967 wäret
2124 4936 2279 4972 hingerissen
2298 4943 2360 4965 vom
2387 4935 2497 4970 Zauber
2534 4935 2578 4962 der
2615 4929 2808 4964 Waldeinsam¬

1956 4976 2038 5006 keit!"
2058 4978 2162 5007 wandte
2183 4977 2215 5009 sic
2232 4975 2389 5009 schmollend
2410 4976 2462 5004 ein.

2012 5017 2072 5052 „In
2093 5018 2137 5046 der
2156 5016 2226 5050 That
2246 5016 2321 5045 mein
2339 5014 2485 5049 Hcrzkäscr,
2527 5014 2576 5042 wie
2612 5013 2668 5046 sagt
2688 5011 2745 5042 doch
2766 5010 2810 5039 der

1957 5057 2084 5089 Dichter?
2123 5056 2200 5091 „AuS
2238 5055 2397 5085 Gemeinem
2437 5055 2466 5085 ist
2499 5053 2543 5083 der
2560 5051 2806 5094 Mensch,gemacht,

1956 5099 2011 5127 und
2033 5098 2074 5127 die
2094 5095 2270 5130 Gewohnheit
2289 5097 2372 5125 nennt
2391 5102 2418 5123 er
2438 5094 2505 5127 seine
2540 5087 2678 5123 Amuii!"'
2706 5093 2808 5126 entgcg¬

1956 5141 2014 5168 ncte
2035 5138 2080 5167 der
2099 5137 2210 5171 Pfarrer
2228 5135 2299 5167 leicht
2319 5133 2450 5167 spottend.

2011 5178 2106 5214 „Nun,
2129 5178 2153 5211 so
2173 5176 2288 5211 schlimm
2310 5176 2357 5209 ists
2377 5174 2436 5207 doch
2456 5172 2552 5207 nicht."

2010 5216 2150 5253 „Danke."

2009 5256 2065 5286 Sic
2083 5264 2161 5290 zogen
2182 5255 2286 5286 lachend
2306 5254 2421 5284 waldein
2441 5253 2497 5283 und
2517 5252 2632 5287 nahmen
2658 5251 2708 5281 den
2727 5248 2806 5279 Rück¬

1956 5306 2011 5332 weg
2032 5297 2093 5329 nach
2114 5297 2168 5325 dem
2189 5296 2300 5328 Kloster.

2008 5336 2144 5369 Während
2163 5336 2197 5368 sie
2216 5336 2241 5369 so
2262 5335 2311 5365 auf
2330 5334 2386 5364 dem
2408 5334 2509 5368 glatten
2530 5341 2582 5363 von
2603 5330 2808 5367 Fichtennadeln

1953 5375 2089 5409 übcrsätcn
2110 5375 2205 5405 Boden
2224 5374 2346 5410 langsam
2368 5374 2586 5409 weitcrschrittcn,
2608 5374 2660 5403 das
2678 5371 2808 5406 Mädchen

2863 4087 2922 4119 leise
2941 4086 2996 4116 und
3016 4086 3149 4121 behutsam
3182 4085 3333 4118 austretciid
3373 4085 3427 4115 und
3464 4084 3505 4114 die
3543 4084 3716 4120 abschüssigen

2864 4127 2971 4157 Stellen
2992 4127 3040 4156 wie
3060 4127 3107 4158 auf
3124 4126 3170 4154 der
3195 4125 3317 4160 Eisbahn
3357 4125 3623 4159 hinunterglitschend
3673 4127 3716 4155 der

2863 4167 2978 4201 würdige
2998 4166 3109 4198 Pfarrer
3128 4166 3177 4194 mit
3204 4165 3298 4197 seinem
3323 4165 3588 4199 silbcrbeschlagcnen,
3632 4165 3712 4195 Stock

2862 4207 2903 4238 fest
2925 4206 2979 4235 und
3000 4205 3094 4239 kräftig
3114 4205 3271 4239 austretciid,
3314 4206 3404 4234 wurde
3442 4209 3471 4235 es
3501 4205 3593 4238 schnell
3622 4205 3714 4235 Abend

2862 4246 2917 4275 und
2936 4246 2981 4274 der
2999 4245 3118 4278 Himmel
3135 4244 3248 4281 überzog
3266 4245 3312 4279 sich
3330 4246 3384 4275 mit
3402 4252 3553 4280 purpurner
3571 4245 3680 4279 Pracht.

2913 4286 2968 4315 Die
2985 4285 3113 4320 Käuzlein
3131 4285 3238 4318 schrieen
3268 4289 3320 4315 aus
3353 4287 3411 4315 dein
3445 4285 3555 4318 Dickicht
3575 4286 3630 4314 und
3669 4287 3711 4315 der

2861 4326 2958 4359 Specht
2978 4326 3058 4358 hackte
3080 4325 3106 4354 in
3126 4326 3328 4360 regelmäßigen
3349 4326 3494 4361 Schlägen.
3535 4325 3642 4355 Vrencli
3656 4326 3716 4361 hing

2860 4367 2903 4399 sich
2923 4373 2959 4394 an
2979 4365 3027 4393 den
3049 4364 3116 4394 Arm
3137 4366 3183 4394 des
3204 4365 3317 4401 Onkels,
3363 4366 3415 4400 jetzt
3433 4368 3506 4400 halle
3526 4365 3559 4398 sie
3578 4372 3625 4394 um
3644 4366 3711 4395 alles

2860 4407 2887 4435 in
2907 4406 2952 4434 der
2970 4404 3041 4434 Welt
3062 4405 3126 4437 nicht
3148 4405 3229 4434 allein
3251 4405 3304 4438 sein
3322 4405 3429 4440 mögen,
3470 4405 3508 4433 die
3546 4405 3712 4439 gewaltigen,

2859 4448 3045 4481 altersgrauen
3065 4445 3180 4475 Tannen
3200 4446 3250 4475 mit
3270 4446 3341 4479 ihren
3362 4446 3489 4478 silbernen
3500 4444 3605 4473 Bärten
3627 4445 3714 4474 kamen

2859 4487 2899 4521 ihr
2918 4487 2982 4519 recht
3002 4486 3142 4521 gespenstig
3163 4494 3218 4516 vor.
3263 4486 3319 4515 Der
3346 4485 3491 4519 leuchtende
3511 4483 3715 4518 Abendhimmel

2858 4527 2901 4560 sah
2922 4526 3025 4556 blutrot
3046 4527 3121 4558 durch
3141 4526 3182 4554 die
3201 4525 3326 4556 Tannen.
3367 4526 3424 4555 Mit
3464 4525 3519 4553 dem
3549 4524 3711 4558 Gehämmer

2858 4568 2904 4596 des
2925 4567 3041 4601 Spechis
3065 4566 3225 4600 vernahmen
3246 4566 3280 4600 sie
3300 4566 3360 4597 auch
3382 4566 3432 4594 daS
3462 4564 3601 4593 Murmeln
3639 4565 3710 4593 eines

2858 4608 3009 4641 Bächleins,
3032 4609 3084 4636 das
3104 4609 3181 4636 unter
3201 4607 3245 4635 der
3283 4606 3380 4637 dichten
3417 4605 3519 4640 grünen
3556 4603 3707 4633 MooSdccke

2858 4648 3047 4681 dahliirieselte,
3071 4654 3117 4676 um
3137 4647 3166 4675 in
3187 4647 3257 4675 einer
3277 4646 3322 4675 der
3335 4644 3522 4675 Schucelachcn
3543 4642 3578 4671 im
3601 4642 3707 4675 finstern

2858 4687 3015 4723 Thalgrund
3033 4695 3064 4721 zu
3085 4686 3278 4720 verschwinden,
3319 4685 3375 4714 und
3412 4683 3499 4713 weiter
3526 4682 3570 4717 her
3589 4684 3643 4712 aus
3662 4683 3705 4712 der

2858 4728 2941 4763 Ferne
2961 4727 3062 4757 ertönte
3081 4724 3270 4762 Hundegebell.

2912 4767 2976 4803 „So
2997 4767 3049 4801 jetzt
3069 4767 3122 4799 hast
3142 4767 3178 4795 du
3198 4766 3268 4795 mirs
3287 4764 3421 4801 augcthan
3441 4764 3490 4795 mit
3502 4762 3606 4793 deinem
3618 4763 3705 4799 Fabu-

2857 4808 2957 4838 li-rcii"
2977 4808 3047 4841 sagte
3067 4807 3112 4835 der
3130 4806 3251 4840 Pfarrer.

2911 4848 2997 4883 „Jetzt
3018 4847 3087 4876 wäre
3106 4846 3132 4879 so
3151 4847 3215 4878 recht
3235 4846 3291 4876 eine
3318 4846 3461 4881 Geschichte
3496 4853 3555 4879 zum
3594 4844 3710 4878 Gruseln

2857 4896 2900 4918 am
2921 4888 3003 4922 Platz,
3027 4903 3059 4908 —
3080 4888 3133 4915 eine
3154 4887 3254 4922 Hexen-
3275 4887 3329 4916 und
3360 4885 3653 4921 Gespenstergeschichte.
3678 4900 3707 4905 —

2857 4929 2934 4963 Dazu
2945 4927 3070 4958 brauchtS
3081 4926 3141 4956 aber
3159 4927 3216 4956 eine
3227 4926 3426 4962 Beschwörung,
3451 4926 3498 4955 wie
3509 4925 3577 4959 heißt
3590 4924 3624 4958 si:
3634 4923 3710 4958 doch?

2999 4971 3191 5006 „Tannhauser
3209 4972 3247 5001 im
3268 4973 3390 5005 grünnen
3414 4970 3494 5000 Wald

3000 5008 3051 5037 Du
3071 5009 3118 5039 bist
3141 5007 3209 5042 wohl
3231 5008 3344 5040 tausend
3358 5007 3446 5041 Jahre
3467 5007 3513 5034 alt.

2999 5043 3048 5072 Du
3069 5043 3115 5074 bist
3135 5051 3189 5072 nur
3208 5046 3241 5071 da
3262 5050 3303 5071 wo
3321 5042 3436 5072 Tannen
3457 5041 3539 5073 stehen

2998 5078 3069 5112 Läßt
3088 5079 3140 5112 dich
3161 5086 3212 5107 nur
3232 5078 3491 5113 Sonntagskinder»
3509 5073 3600 5109 sehn."

2910 5128 2949 5157 Er
2970 5128 3057 5157 wollte
3077 5131 3107 5157 cS
3126 5129 3185 5158 laut
3205 5127 3385 5163 wiederholen,
3402 5126 3463 5156 aber
3477 5124 3582 5155 Vrencli
3596 5122 3640 5156 riß
3659 5122 3705 5157 ihn

2856 5169 2883 5203 so
2902 5169 2982 5204 heftig
3002 5177 3047 5198 am
3067 5168 3143 5200 Arm,
3168 5168 3220 5202 daß
3240 5176 3268 5197 er
3287 5170 3333 5203 aus
3340 5168 3424 5201 hörte.

2910 5208 2979 5244 „Um
2999 5208 3101 5237 GotteS
3120 5207 3229 5242 Willen,
3258 5206 3318 5242 hört
3338 5207 3413 5243 aus",
3434 5204 3484 5239 ries
3502 5204 3542 5239 sie,
3557 5203 3615 5238 „ihr
3626 5201 3706 5234 macht

2858 5249 2911 5279 mir
2931 5248 3033 5283 Angst"

2911 5289 2984 5324 „So,
3008 5288 3041 5317 da
3064 5288 3146 5323 haben
3167 5288 3217 5317 wir
3236 5289 3279 5324 sie,
3302 5288 3341 5317 die
3353 5284 3501 5317 Träumer!
3519 5298 3552 5305 —
3572 5282 3706 5313 Schämen

2858 5329 2917 5363 sollt
2937 5329 2978 5363 ihr
2997 5329 3064 5362 euch,
3087 5329 3129 5363 ihr
3167 5329 3273 5363 fürchtet
3312 5329 3368 5361 euch
3408 5335 3456 5357 vor
3493 5331 3584 5354 eueren
3603 5323 3707 5359 eigenen

2854 5369 3032 5405 Kreaturen",
3054 5369 3188 5400 brummte
3208 5369 3252 5398 der
3272 5368 3405 5403 Geistliche
3425 5364 3536 5402 lachend.
