3761 5551
165 145 255 201 M
289 145 349 207 8.

1515 145 1935 219 Lrchsiildsktzigßkr
1971 145 2209 221 Aahrga»,.

2663 145 2961 217 Samstag,
2997 147 3055 207 S.
3093 147 3343 219 Januar
3381 147 3549 207 188«.

116 268 948 668 Neue
1028 260 3588 748 Zürcher-Leituna

294 796 796 831 AvannementSpretse.

732 834 744 853 S
753 832 848 855 Mon»te.
871 833 883 852 8
892 831 988 854 Monate.

92 855 122 890 K
132 857 203 884 Urich
215 863 282 886 twenn
297 862 329 883 die
345 862 435 887 Leitung
450 861 543 886 abgkholt
557 860 619 883 wird»
654 875 659 881 .
688 875 693 881 .
721 859 756 885 Fr.
771 860 791 881 4.
809 859 835 880 50
862 858 898 885 Kr.
926 859 946 880 8.
961 860 988 880 60

91 882 219 916 dchwei,
235 888 359 915 «BesteNung
374 888 423 910 beim
439 887 794 914 PoNbureaut.6.
809 897 833 901 —
875 900 885 912 ,
915 886 947 908 n.
962 896 986 904 —

165 914 199 936 do.
239 915 284 939 Imit
298 915 366 941 Bring
381 916 441 938 «">>r
454 913 613 939 Privatadresiet
774 914 786 922 "

91 936 283 970 Aeutlchlant,
308 941 433 967 <BeItillung
453 941 505 963 beim
519 940 621 965 Postamt»
654 958 659 961 .
777 958 794 962 ..
809 958 832 961 —

92 963 386 995 «es,erreich.Ungarn
407 968 466 992 «Best.
482 969 500 989 b.
518 967 619 992 Posta»»»
654 966 675 993 fl.
691 965 709 987 ä.
725 965 756 987 SB.
772 968 792 988 4.
807 966 833 986 83

96 991 195 1022 «ebrig,
205 995 295 1018 Staaten
310 996 346 1018 de»
360 994 599 1021 Weltpostverein»
612 1008 618 1016 .
645 1008 650 1016 .
679 1008 684 1014 .
713 992 750 1019 Fr.
761 993 792 1014 II.
807 993 833 1013 50
860 992 896 1017 Fr.
910 994 944 1015 8».
961 1002 983 1009 -

1198 818 1334 946 nnl
1390 818 1938 978 sthsttcheWs
1994 818 2522 970 üanbrlsblatt.

2774 799 2903 833 Schweiz.
2922 798 3203 833 jlnttoturnSumux
3221 805 3266 827 von
3287 798 3365 833 Kress
3383 798 3474 833 Küßki
3494 798 3517 827 &
3536 799 3588 832 Ko.

3099 840 3124 867 in
3143 838 3252 873 Zürich,

2739 878 2817 902 Aarau.
2833 877 2900 905 Basti,
2916 878 2978 902 Bern.
2994 878 3058 903 tkhur.
3075 878 3153 901 Davos.
3164 877 3271 905 Freiburg,
3282 877 3343 905 Bens,
3353 877 3476 904 Heidelberg,
3488 877 3618 904 Jntertalen,

2739 909 2859 934 Karlsruhe,
2878 909 2985 934 Konsiani.
3007 908 3120 936 Lausanne,
3141 908 3230 931 London.
3251 909 3335 936 Luzern,
3354 907 3462 933 Mailand,
3482 908 3617 935 Mannheim,

2739 939 2850 966 Marseille,
2870 939 3002 966 Mülhausen.
3024 939 3059 962 St.
3074 940 3154 964 Ballen,
3177 939 3302 966 Straßdurg,
3323 939 3391 963 BiviS,
3407 939 3537 965 Winterthur
3552 945 3577 963 ic.
3591 945 3617 963 «c.

2883 988 3191 1021 Aedalitionsvureaur
3211 988 3361 1022 Brunngaffe
3380 989 3425 1017 Nr.
3446 988 3470 1016 3.

95 1129 459 1180 Biindksvkrsammluilg
497 1129 558 1172 und
594 1127 958 1180 Fiudkrvttthkitziruilg.

521 1211 547 1244 i.

158 1278 174 1295 *
201 1278 240 1310 Es
263 1277 322 1317 sind
346 1285 406 1308 nun
428 1274 504 1313 schon
517 1272 637 1312 Wochen
662 1272 816 1312 verflossen,
849 1271 958 1310 seitdem

100 1318 154 1352 die
180 1320 400 1363 eidgenössischen
422 1319 513 1358 Räthe
538 1318 605 1356 nach
628 1317 744 1357 heftiger
763 1316 883 1349 Debatte
907 1316 958 1348 den

100 1363 215 1400 Kredit
238 1367 286 1406 für
322 1365 363 1398 die
386 1363 563 1403 militärische
586 1361 805 1402 Sicherstellung
835 1362 881 1393 des
905 1361 957 1394 St.

105 1408 279 1452 Gotthards
303 1409 439 1449 bewilligt
462 1407 552 1449 haben
576 1407 634 1439 und
658 1407 693 1438 da
717 1405 784 1445 auch
809 1405 850 1437 die
873 1405 958 1445 Rech¬

103 1462 196 1497 nung
230 1457 278 1496 für
314 1456 365 1487 das
388 1453 467 1494 Jahr
500 1454 583 1485 1885
620 1452 666 1485 als
697 1450 890 1491 abgeschlossen
914 1450 959 1483 be-

101 1500 229 1541 trachtet
263 1500 371 1534 werden
403 1499 482 1535 kann,
522 1506 589 1537 mag
627 1501 656 1529 es
679 1494 812 1534 vielleicht
843 1495 873 1527 in
908 1495 959 1528 den

103 1543 215 1585 Augen
239 1545 337 1579 Vieler
359 1544 407 1576 als
429 1542 594 1583 überflüssig
618 1541 774 1581 erscheinen,
800 1546 881 1572 wenn
906 1540 959 1572 wir

107 1588 195 1626 heute
218 1591 277 1623 dem
297 1588 462 1628 wichtigsten
485 1585 691 1625 Vorkommniß
727 1585 772 1617 der
797 1584 958 1624 Dezember-

103 1632 229 1676 Session
253 1634 399 1674 nochmals
422 1633 506 1672 einige
518 1632 619 1664 Worte
639 1630 768 1663 widmen.
797 1629 851 1662 Die
867 1629 960 1670 Presse

106 1680 173 1711 und
199 1681 240 1713 die
264 1678 416 1719 öffentliche
431 1677 575 1716 Meinung
598 1675 687 1716 haben
712 1674 741 1714 ja
764 1674 815 1706 wie
838 1678 959 1706 voraus¬

104 1725 227 1765 zusehen
251 1731 322 1761 war,
348 1722 420 1762 nicht
443 1721 608 1761 ermangelt,
633 1720 674 1752 die
698 1718 887 1759 hochwichtige
898 1719 960 1750 An¬

107 1769 283 1810 gelegenheit
307 1774 363 1801 von
395 1769 444 1800 den
468 1766 691 1805 verschiedensten
715 1763 960 1803 Gesichtspunkten

107 1818 170 1846 aus
194 1823 227 1854 zu
251 1813 415 1853 besprechen.
438 1811 526 1851 Wohl
550 1811 623 1850 nicht
645 1818 708 1849 zum
729 1809 881 1849 geringsten
906 1808 960 1840 Er¬

106 1856 232 1894 staunen
257 1859 303 1890 der
328 1857 457 1898 einstigen
481 1855 594 1896 Gegner
618 1855 663 1886 der
686 1852 824 1893 Vorlage,
849 1853 901 1885 wie
910 1862 960 1892 zur

111 1904 224 1943 großen
247 1902 452 1944 Befriedigung
476 1901 552 1940 ihrer
574 1899 713 1937 Freunde,
739 1903 799 1929 war
823 1897 863 1930 die
887 1897 961 1937 Auf¬

107 1948 227 1987 nahme,
267 1947 362 1987 welche
401 1946 446 1978 der
480 1945 618 1984 Beschluß
666 1943 713 1975 der
751 1942 843 1983 Räthe
887 1941 960 1974 beim

108 1990 337 2032 Schweizervolk
358 1991 493 2032 gefunden
515 1990 575 2030 hat,
602 1988 655 2021 viel
668 1987 888 2028 sympathischer,
915 1986 961 2019 als

109 2035 166 2076 sich
191 2037 257 2077 nach
281 2038 328 2069 der
351 2036 447 2077 heißen
469 2033 656 2074 Redeschlacht
689 2033 719 2064 in
744 2032 805 2063 dem
828 2031 960 2064 Bundes-

108 2082 275 2123 rathshaus
297 2091 331 2121 zu
354 2082 432 2114 Bern
455 2081 529 2121 hatte
554 2080 692 2112 erwarten
715 2076 810 2116 lassen.
850 2076 960 2109 Gerade

107 2124 184 2165 diese
208 2126 392 2166 Erscheinung
416 2124 475 2166 gibt
497 2128 555 2156 uns
570 2122 792 2162 Veranlassung,
817 2120 961 2160 nochmals

107 2171 166 2210 auf
191 2171 232 2204 die
256 2170 471 2211 Angelegenheit
493 2168 747 2208 zurückzukommen
779 2166 836 2197 und
871 2166 906 2206 sie
929 2165 961 2197 in

107 2214 191 2254 ihrer
214 2215 452 2255 unbestreitbaren
475 2212 691 2254 Eigenartigkeit
728 2211 815 2251 näher
849 2219 882 2250 zu
919 2219 960 2241 er¬

108 2259 238 2293 läutern.

182 2306 243 2338 Der
267 2304 445 2345 Hauptzweck
480 2303 525 2335 des
549 2302 669 2335 Bundes
704 2301 736 2340 ist
760 2300 803 2332 die
825 2299 961 2340 Behaup¬

110 2349 190 2389 tung
223 2350 271 2382 der
306 2347 547 2389 Unabhängigkeit
582 2346 629 2377 des
652 2344 843 2378 Vaterlandes
877 2353 961 2384 gegen

107 2391 219 2431 Außen
243 2395 320 2431 (Art.
348 2395 401 2433 2);
425 2393 507 2433 daher
531 2391 599 2431 fällt
622 2390 652 2422 in
675 2390 717 2421 die
729 2388 891 2429 Befugnisie
913 2389 960 2420 des

108 2435 334 2477 Bundesrathes
368 2438 426 2469 und
458 2438 503 2469 der
527 2434 877 2473 Bundesversaminlung:
914 2433 961 2465 der

111 2480 212 2520 Erlaß
234 2482 305 2513 aller
329 2481 483 2521 derjenigen
505 2480 690 2520 Maßregeln,
729 2478 825 2517 welche
847 2479 895 2518 für
920 2478 961 2509 die

108 2525 220 2564 äußere
241 2525 405 2566 Sicherheit,
430 2527 478 2566 für
501 2526 543 2557 die
566 2524 759 2564 Behauptung
791 2522 837 2554 der
863 2522 961 2553 Unab¬

109 2569 273 2610 hängigkeit
295 2571 353 2602 und
377 2570 556 2603 Neutralität
591 2569 638 2601 der
660 2567 785 2607 Schweiz
810 2567 856 2599 als
878 2567 961 2606 noth-

109 2615 226 2654 wendig
250 2615 365 2653 erachtet
386 2615 495 2646 werden
520 2614 599 2652 (Art.
619 2615 669 2650 85,
693 2612 764 2652 Ziff.
784 2615 803 2642 6
816 2612 872 2643 und
888 2613 959 2648 102,

111 2658 187 2698 Ziff.
215 2659 256 2697 5).
280 2659 328 2696 In
352 2658 434 2697 dieser
458 2659 581 2696 knappen
606 2658 662 2689 und
675 2657 771 2695 kurzen
784 2657 873 2694 Form
889 2656 962 2694 stellt

110 2705 200 2743 unser
223 2703 296 2736 Volk
318 2703 483 2742 heutzutage
505 2703 564 2733 eine
586 2702 632 2733 der
655 2700 864 2740 wesentlichsten
887 2701 962 2738 Auf¬

113 2748 209 2786 gaben
243 2748 290 2780 des
313 2748 433 2780 Bundes
468 2747 514 2778 der
552 2748 590 2776 25
616 2746 747 2777 Kantone
783 2745 842 2776 und
875 2745 961 2783 seiner

113 2791 239 2831 obersten
262 2791 355 2831 Räthe
377 2792 434 2832 fest.
459 2791 522 2823 Und
547 2791 612 2831 trotz
636 2790 731 2829 diesem
754 2789 847 2820 klaren
858 2789 958 2820 Wort¬

112 2836 195 2869 laute
229 2837 276 2869 der
310 2837 482 2877 Verfasiung
515 2836 558 2867 die
593 2836 719 2875 erregten
743 2832 881 2866 Debatten
916 2833 963 2864 der

108 2880 208 2920 letzten
239 2882 352 2920 Session
390 2881 435 2912 der
458 2878 791 2917 Bundesversaminlung
824 2877 881 2909 und
916 2877 963 2909 der

110 2925 263 2965 energische
297 2924 475 2963 Widerstand
509 2932 594 2963 gegen
628 2923 686 2953 eine
721 2922 962 2962 einmüthig

108 2974 182 2999 vom
205 2969 393 3008 Bundesrath
417 2969 456 3000 im
479 2967 619 3006 Interesse
642 2967 688 2997 der
705 2965 961 3004 Landesvertheidi-

109 3021 194 3053 gung
218 3013 268 3044 den
298 3014 412 3052 Räthen
433 3011 629 3044 unterbreitete
651 3011 778 3048 Vorlage
802 3010 859 3040 und
882 3010 961 3049 hiezu

108 3056 216 3089 immer
239 3057 297 3088 und
321 3057 423 3089 immer
454 3056 553 3088 wieder
576 3056 629 3086 das
652 3053 880 3093 Schreckgespenst
914 3054 962 3085 des

109 3101 358 3134 Militarismus!

181 3160 222 3192 Es
237 3161 311 3191 wäre
324 3160 400 3198 mehr
413 3160 458 3191 als
473 3158 645 3198 unstatthaft
658 3157 809 3197 diejenigen
820 3157 959 3194 Männer,

106 3204 210 3243 welche
232 3204 282 3243 sich
305 3214 339 3243 zu
362 3204 443 3243 dieser
466 3203 595 3243 Vorlage
618 3202 833 3241 in-Opposition
857 3202 961 3242 gestellt

106 3248 214 3288 haben,
250 3249 297 3280 des
320 3249 462 3288 Mangels
496 3257 533 3279 an
568 3246 772 3285 patriotischem
797 3246 892 3278 Sinne
926 3256 960 3285 zu

106 3293 320 3333 beschuldigen;
357 3293 445 3333 gewiß
476 3292 533 3332 find
558 3292 592 3331 sie
617 3291 778 3330 ebensogute
801 3291 959 3330 Patrioten,

107 3338 164 3369 wie
189 3338 349 3377 diejenigen,
385 3337 480 3377 welche
510 3337 561 3377 sich
584 3341 640 3367 von
663 3336 781 3375 Anfang
806 3344 852 3372 an,
889 3335 959 3375 ohne

106 3383 188 3415 allen
213 3383 270 3414 und
293 3382 369 3422 jeden
393 3382 517 3420 Skrupel
542 3382 593 3419 auf
617 3381 658 3412 die
671 3380 754 3412 Seite
766 3380 813 3411 des
825 3380 957 3413 Bundcs-

105 3427 209 3467 rathes
232 3428 347 3467 stellten.
383 3427 472 3464 Jeder
496 3425 611 3466 glaubte
635 3424 700 3456 eben
725 3425 775 3455 den
799 3425 957 3464 Jntereffen

103 3472 157 3504 des
183 3471 290 3504 Landes
325 3471 408 3510 durch
431 3471 499 3511 seine
525 3470 696 3510 Auffassung
721 3469 768 3500 der
791 3469 884 3509 Frage
907 3479 956 3501 am

101 3516 199 3556 besten
222 3525 255 3555 zu
279 3516 385 3548 dienen.

175 3569 250 3602 Aber
273 3570 315 3601 die
330 3570 424 3610 Frage
446 3569 552 3609 müssen
575 3568 629 3599 wir
652 3571 709 3599 uns
733 3566 797 3606 doch
813 3568 953 3608 vorlegen,

100 3614 141 3646 ob
168 3619 198 3647 es
222 3616 267 3646 der
290 3613 498 3646 traditionellen
510 3613 644 3653 Haltung
667 3613 714 3643 der
737 3611 956 3651 schweizerischen

101 3659 201 3700 Räthe
225 3660 254 3690 in
271 3659 382 3697 Sachen
407 3659 452 3690 der
468 3656 789 3697 Landesvertheidigung
807 3657 955 3696 entsprach,

100 3703 142 3735 ob
168 3708 198 3736 es
220 3703 292 3742 nicht
316 3704 363 3735 als
386 3703 429 3735 ein
451 3702 631 3741 bedenkliches
643 3700 782 3733 Ablenken
807 3707 861 3732 von
874 3701 957 3741 dieser

100 3748 200 3789 Bahn
224 3748 372 3787 betrachtet
407 3747 512 3779 werden
547 3746 627 3785 muß,
662 3753 744 3777 wenn
767 3745 798 3777 in
822 3745 894 3777 einer
928 3747 956 3785 so

100 3794 214 3832 ernsten
237 3793 328 3832 Sache
353 3790 742 3830 konstitutionelle
764 3790 882 3830 Zweifel
906 3793 954 3831 für

96 3837 358 3878 schwerwiegender
381 3836 495 3875 erachtet
510 3836 637 3873 wurden,
662 3835 709 3866 als
734 3835 776 3866 die
800 3836 954 3867 materielle

95 3882 310 3923 Berechtigung
334 3882 380 3913 der
404 3881 519 3921 Sache?

172 3936 228 3969 Die
251 3935 402 3975 Geschichte
426 3935 472 3967 der
505 3933 726 3975 schweizerischen
760 3933 953 3974 Eidgenossen-

371 4065 539 4116 Fkuiveton
573 4064 684 4108 1886.

297 4167 376 4196 «vs
395 4169 466 4197 »<tn
485 4165 759 4200 Tonkinftlvrug.
934 4167 951 4194 2

93 4220 232 4255 Briefe
257 4221 362 4250 eines
379 4220 531 4255 Zürcher
549 4218 950 4255 Fremdenlegionärs.

269 4300 319 4335 Im
337 4300 420 4335 Hafen
438 4308 487 4330 von
505 4300 558 4335 Hai
576 4299 677 4334 Phong,
696 4298 743 4327 den
762 4298 786 4326 4.
799 4297 914 4332 Januar.

154 4349 260 4380 Endlich
287 4349 342 4379 sind
369 4350 417 4377 wir
434 4357 468 4378 an
487 4349 588 4382 unser»,
607 4348 857 4382 Bestimmungsorte
873 4355 949 4382 angc-

94 4391 181 4423 langt.
221 4389 287 4422 Nach
314 4390 381 4419 einer
399 4389 542 4423 Ueberfahrt
571 4396 623 4418 von
647 4388 681 4416 42
699 4388 786 4421 Tagen
805 4387 882 4418 haben
901 4389 950 4416 wir

93 4430 190 4459 wieder
209 4428 302 4458 einmal
322 4429 395 4463 festen
407 4429 494 4458 Boden
512 4432 588 4458 unter
607 4429 652 4457 den
671 4427 771 4462 Füßen.
808 4426 874 4456 Gott
892 4427 950 4459 sei's

94 4469 260 4504 getrommelt
278 4469 331 4497 und
350 4468 482 4503 gepfiffen!
518 4469 559 4497 Es
577 4477 632 4497 war
649 4468 714 4503 Zeit.

153 4510 240 4537 Bevor
266 4508 299 4540 ich
317 4508 372 4538 Dir
396 4517 444 4538 von
463 4508 563 4538 Tonkin
585 4508 684 4543 erzähle,
709 4506 774 4541 mutz
791 4506 826 4540 ich
842 4506 896 4536 Dir
922 4507 949 4536 in

92 4549 197 4582 einigen
215 4548 301 4583 Zeilen
321 4549 407 4581 unsere
428 4548 571 4581 Ueberfahrt
593 4547 718 4580 schildern.
737 4561 771 4565 —

152 4588 215 4618 Den
232 4588 273 4616 22.
294 4588 437 4618 November
454 4588 507 4621 sind
526 4588 576 4616 wir
593 4588 646 4620 also
664 4587 709 4619 aus
728 4587 782 4615 dem
804 4586 949 4618 .Cbander-

93 4628 195 4663 rrago»"
225 4627 370 4662 eingeschifft
394 4628 504 4657 worden.
540 4627 581 4656 Es
609 4627 638 4660 ist
662 4627 702 4656 ein
721 4626 948 4661 Kauffahrteischiff

93 4677 148 4698 von
167 4667 240 4696 4500
256 4668 365 4696 Tonnen
383 4667 484 4701 Gehalt,
502 4667 548 4696 das
568 4674 628 4695 vom
639 4665 735 4695 Staate
755 4665 798 4699 für
816 4666 948 4698 Truppen¬

92 4709 243 4741 transporte
262 4707 379 4741 gepachtet
397 4709 505 4737 worden.
536 4706 579 4740 In
598 4707 644 4734 den
656 4705 876 4734 Waarenräuinen
895 4714 946 4734 wa¬

90 4756 139 4776 ren
159 4746 234 4781 durch
251 4746 486 4782 Bretterverschläge
504 4745 648 4777 Bettstellen
672 4745 777 4779 gebildet
796 4745 905 4777 worden,
923 4745 946 4780 je

90 4787 109 4815 2
130 4786 319 4818 übereinander,
339 4786 388 4820 jede
408 4788 454 4815 mit
471 4788 538 4816 einer
552 4786 675 4819 Matratze
694 4786 749 4813 und
767 4785 847 4813 einem
865 4784 945 4819 Kopf¬

89 4827 166 4861 kissen
194 4826 360 4861 ausgerüstet.
396 4826 446 4855 Die
474 4827 552 4861 ersten
571 4826 639 4858 Tage
668 4824 717 4858 ließ
746 4824 790 4858 sich
818 4833 879 4858 ganz
900 4828 946 4859 gut

89 4866 169 4895 darin
188 4866 275 4900 ruhen.
307 4866 360 4895 Als
378 4867 428 4894 wir
444 4866 502 4895 aber
520 4865 617 4895 einmal
634 4865 680 4892 den
698 4872 776 4898 engen
795 4866 848 4893 und
866 4864 945 4898 fürch¬

92 4908 176 4936 terlich
195 4907 372 4941 langweiligen
390 4906 522 4941 Suezanal
540 4907 623 4937 hinter
650 4906 703 4932 uns
723 4904 807 4935 hatte»
826 4904 879 4933 und
897 4906 946 4934 im¬

88 4953 145 4975 mer
165 4946 282 4980 südlicher
300 4946 400 4980 fuhren,
420 4947 449 4975 da
470 4947 574 4975 wurde»
593 4946 630 4974 die
639 4943 749 4978 Kajüten
769 4951 797 4977 zu
817 4944 872 4979 heiß
891 4946 944 4974 und

88 4985 265 5020 übelriechend,
295 4986 349 5015 und
376 4987 409 5020 ich
428 4986 486 5020 habe
504 4986 544 5016 nie
564 4986 633 5020 mehr
651 4984 725 5018 ruhig
744 4985 823 5013 unten
843 4985 944 5017 schlafen

88 5025 198 5055 können.
244 5025 296 5055 Die
326 5026 453 5061 Nahrung
485 5034 540 5055 war
571 5027 658 5060 knapp,
688 5023 745 5056 doch
775 5023 942 5057 schmackhaft:

87 5065 225 5100 Morgens
242 5065 336 5100 Kaffee,
355 5067 459 5096 Biscuit
477 5067 530 5095 und
547 5066 625 5100 Tafia
644 5064 754 5098 (starker,
779 5063 835 5091 dem
853 5064 943 5098 Rhu»»

84 5104 213 5138 ähnlicher
231 5105 362 5140 Liqueur),
381 5114 427 5135 um
447 5106 480 5134 10
490 5106 541 5139 Uhr
561 5106 654 5139 Suppe
672 5105 719 5132 mit
738 5102 820 5135 Brod,
839 5103 943 5132 Macca-

83 5145 156 5178 roni,
175 5145 257 5179 Fidcli
285 5145 343 5175 oder
373 5149 469 5176 andern
496 5146 615 5181 Zulagen
643 5145 697 5173 und
722 5143 827 5173 Abends
854 5143 871 5171 5
889 5144 942 5177 Uhr

85 5184 181 5219 Fleisch
200 5186 246 5213 mit
265 5185 393 5220 Geinüse;
423 5186 537 5220 Bohnen,
558 5185 662 5217 Erbsen,
680 5184 779 5217 Linse»,
796 5181 941 5216 Kartoffeln

86 5224 143 5252 und
161 5224 228 5254 Reis
246 5226 381 5258 wechselten
400 5226 441 5255 ab.
476 5227 518 5255 An
538 5225 597 5259 fünf
616 5225 701 5259 Tagen
722 5224 764 5252 der
782 5223 868 5254 Woche
886 5224 939 5256 hat¬

81 5268 126 5293 ten
155 5264 205 5293 wir
231 5265 328 5298 frisches
346 5266 444 5301 Fleisch,
471 5267 567 5295 einmal
592 5263 784 5298 Büchsenfleisch
815 5263 867 5292 und
897 5271 939 5292 am

81 5304 190 5340 Freitag
220 5304 355 5335 Sardinen
384 5307 438 5335 und
467 5306 529 5341 Käse
560 5306 607 5335 mit
637 5304 832 5339 Zwiebelsuppe.
873 5303 941 5333 Aber

1004 1085 1085 1126 schüft
1110 1086 1204 1118 wurde
1227 1087 1257 1119 in
1281 1087 1331 1119 den
1351 1087 1488 1121 Debatten
1513 1088 1580 1121 über
1604 1088 1645 1120 die
1669 1087 1843 1126 militärische

1004 1129 1222 1171 Sicherstellung
1246 1131 1292 1164 des
1317 1132 1366 1164 St.
1391 1131 1532 1173 Gotthard
1557 1132 1671 1173 vielfach
1694 1141 1728 1171 zu
1752 1132 1843 1172 Rathe

1004 1183 1118 1216 gezogen
1141 1176 1199 1208 und
1223 1176 1270 1209 als
1294 1176 1336 1208 ein
1361 1177 1528 1218 gewichtiges
1541 1178 1702 1218 Argument
1725 1178 1773 1218 für
1786 1176 1843 1209 und

1004 1229 1086 1260 gegen
1110 1220 1151 1253 die
1174 1221 1322 1261 Annahme
1345 1221 1390 1253 der
1413 1222 1538 1263 Vorlage
1561 1223 1609 1256 ins
1627 1222 1697 1260 Feld
1721 1221 1841 1262 geführt.

1004 1265 1068 1298 Das
1092 1265 1199 1305 Erstere
1222 1265 1329 1306 geschah
1352 1266 1426 1306 wohl
1460 1267 1513 1301 mit
1535 1267 1613 1307 mehr
1635 1266 1843 1307 Berechtigung

1002 1309 1047 1341 als
1070 1309 1123 1341 das
1146 1310 1263 1351 Letztere,
1300 1311 1370 1342 denn
1394 1311 1523 1344 niemand
1548 1312 1628 1354 besser
1653 1312 1700 1344 als
1723 1311 1765 1343 die
1788 1311 1844 1343 alte

1003 1353 1152 1393 Geschichte
1176 1356 1285 1394 unseres
1309 1355 1411 1388 Volkes
1434 1355 1510 1395 selbst
1534 1359 1604 1390 kann
1620 1356 1742 1389 darüber
1767 1357 1843 1389 Aus¬

1003 1398 1080 1440 kunft
1104 1398 1197 1439 geben,
1222 1406 1322 1432 woran
1347 1403 1376 1432 es
1398 1400 1520 1439 jeweilen
1536 1402 1692 1442 gemangelt
1716 1401 1774 1441 hat,
1801 1408 1843 1433 wo

1003 1444 1054 1476 das
1088 1444 1272 1484 Verschulden
1307 1445 1376 1486 lag,
1411 1450 1491 1477 wenn
1527 1445 1567 1477 die
1601 1447 1779 1487 Eidgenossen
1814 1445 1843 1478 in

1003 1488 1133 1528 schlveren
1149 1490 1246 1529 Tagen
1269 1489 1345 1529 jener
1368 1489 1481 1531 sicheren
1493 1489 1760 1532 Widerstandskraft
1783 1492 1842 1523 ent¬

1003 1532 1126 1573 behrten,
1150 1534 1244 1573 welche
1268 1534 1351 1574 ihnen
1374 1543 1407 1573 zu
1430 1534 1551 1566 anderen
1575 1536 1671 1573 Zeiten
1689 1536 1762 1576 Sieg
1785 1534 1843 1567 und

1003 1577 1109 1617 Ruhm,
1134 1578 1260 1619 Achtung
1284 1579 1341 1611 und
1365 1578 1532 1619 Wohlfahrt
1556 1579 1678 1619 gebracht
1700 1581 1760 1620 Hot.

1068 1623 1171 1662 Unsere
1201 1623 1438 1664 Unabhängigkeit
1472 1623 1573 1664 beruht
1605 1626 1653 1665 auf
1688 1626 1733 1658 der
1768 1625 1843 1658 Neu¬

1004 1667 1128 1704 tralität,
1153 1668 1195 1700 die
1217 1673 1273 1700 uns
1296 1668 1454 1709 zugesichert
1477 1668 1520 1707 ist,
1557 1669 1583 1707 so
1607 1670 1697 1701 wurde
1732 1670 1763 1702 in
1797 1670 1843 1702 der

1004 1712 1214 1753 denkwürdigen
1237 1713 1495 1753 Dezemberdebatte
1529 1718 1585 1745 von
1608 1714 1683 1753 mehr
1706 1716 1753 1747 als
1776 1714 1842 1754 bloß

1005 1756 1091 1789 einem
1116 1757 1225 1797 Gegner
1249 1759 1296 1790 der
1320 1758 1447 1798 Vorlage
1482 1757 1540 1789 und
1564 1759 1590 1798 so
1626 1758 1694 1790 wird
1729 1758 1842 1800 vielfach

1005 1801 1070 1841 auch
1095 1801 1134 1834 im
1158 1802 1244 1835 Volke
1278 1802 1455 1844 gesprochen;
1496 1803 1547 1834 das
1584 1802 1743 1843 Verlangen
1776 1804 1842 1842 nach

1004 1845 1338 1888 Befestigungsanlagen,
1364 1847 1404 1879 die
1416 1847 1661 1887 Nothwendigkeit,
1686 1848 1772 1881 damit
1795 1858 1841 1881 am

1005 1891 1146 1931 Gotthard
1170 1892 1272 1931 endlich
1304 1892 1408 1924 einmal
1431 1893 1618 1932 anzufangen,
1642 1892 1718 1931 heißt
1741 1897 1776 1929 es,
1812 1893 1843 1933 ist

1005 1934 1076 1973 nicht
1100 1936 1194 1969 diktirt
1216 1936 1298 1975 durch
1326 1937 1367 1969 die
1390 1937 1528 1968 konkreten
1552 1936 1749 1977 Verhältnisse,
1783 1939 1841 1976 son¬

1006 1979 1071 2012 dern
1095 1980 1177 2019 durch
1201 1981 1251 2013 den
1275 1981 1341 2021 auch
1366 1981 1395 2013 in
1412 1981 1457 2013 der
1473 1980 1598 2021 Schweiz
1621 1982 1687 2020 stets
1699 1982 1842 2022 mächtiger

1006 2024 1218 2058 werdendenden
1253 2026 1469 2059 Militarisnms
1502 2026 1561 2058 und
1595 2025 1636 2058 die
1674 2025 1842 2066 Liebhaberei

1006 2069 1139 2109 einzelner
1162 2070 1396 2111 Kriegsobersten.

1048 2114 1191 2155 Schlagen
1214 2116 1266 2148 wir
1290 2115 1353 2155 doch
1377 2116 1407 2147 in
1431 2115 1476 2147 der
1489 2115 1637 2154 Geschichte
1662 2117 1748 2147 etwas
1771 2116 1842 2155 nach,

1005 2168 1055 2190 um
1085 2168 1120 2197 zu
1154 2160 1292 2199 erfahren,
1328 2160 1363 2192 ob
1397 2160 1463 2199 diese
1498 2160 1668 2200 Auffaffung
1702 2159 1775 2199 nicht
1807 2161 1843 2192 im

1005 2203 1198 2243 Widerspruch
1225 2205 1293 2245 stehe
1328 2205 1381 2238 mit
1414 2204 1518 2243 Allem,
1554 2209 1615 2237 was
1649 2205 1692 2236 die
1726 2204 1844 2244 Schweiz

1006 2248 1075 2287 groß
1099 2249 1156 2280 und
1181 2249 1249 2288 stark
1272 2249 1393 2290 gemacht
1416 2250 1474 2290 hat.

1071 2292 1140 2325 Wir
1163 2294 1277 2333 nehmen
1302 2294 1343 2326 die
1355 2294 1492 2330 Urkunde,
1518 2294 1560 2326 die
1584 2298 1639 2326 uns
1663 2294 1704 2326 die
1720 2294 1846 2334 Aufgabe

1006 2337 1052 2369 des
1074 2337 1197 2371 Bundes
1220 2338 1266 2370 der
1290 2339 1355 2379 fünf
1370 2339 1451 2376 Orte,
1477 2339 1526 2370 als
1549 2339 1652 2378 Zürich
1676 2348 1722 2370 am
1738 2340 1765 2370 1.
1780 2338 1847 2370 Mai

1009 2383 1089 2413 1351
1116 2383 1146 2414 in
1159 2383 1299 2422 denselben
1324 2384 1487 2424 eingetreten
1504 2383 1546 2423 ist,
1572 2383 1659 2423 näher
1676 2382 1845 2422 umschreibt.

1005 2426 1099 2466 Welch
1124 2428 1247 2467 ungleich
1271 2428 1400 2468 größerer
1423 2428 1494 2465 Idee
1529 2428 1596 2460 über
1631 2428 1673 2460 die
1696 2427 1847 2468 Wahrung

1006 2471 1051 2502 der
1073 2471 1314 2513 Unabhängigkeit
1337 2473 1384 2505 des
1406 2473 1538 2512 dazumal
1573 2473 1637 2512 noch
1674 2473 1701 2510 so
1736 2473 1846 2510 kleinen,

1005 2525 1061 2547 nur
1084 2521 1139 2548 aus
1162 2517 1225 2552 Uii,
1249 2517 1378 2558 Schwyz,
1409 2518 1618 2555 Unterwalden,
1653 2517 1758 2557 Luzern
1792 2518 1848 2549 und

1006 2560 1110 2599 Zürich
1138 2561 1311 2601 bestehenden
1343 2562 1535 2595 Vaterlandes
1557 2562 1694 2602 begegnen
1717 2562 1770 2594 wir
1793 2562 1847 2594 da!

1006 2605 1070 2636 Wie
1093 2606 1217 2646 ungleich
1241 2606 1388 2647 mächtiger
1410 2607 1474 2639 tritt
1498 2611 1556 2639 uns
1579 2607 1613 2638 da
1636 2607 1683 2638 der
1705 2607 1849 2640 nationale

1007 2648 1134 2681 Gedanke
1168 2653 1306 2691 entgegen,
1341 2652 1392 2683 wie
1428 2652 1485 2683 klar
1521 2651 1578 2683 und
1612 2651 1848 2684 weitausblickend

1007 2693 1076 2725 wird
1100 2695 1143 2726 die
1165 2695 1342 2735 militärische
1355 2696 1435 2729 Seite
1457 2696 1504 2727 der
1529 2696 1849 2737 Landesvertheidigung

1007 2737 1107 2776 erfaßt,
1133 2739 1213 2778 welch
1229 2740 1327 2780 krasser
1343 2741 1572 2778 Militarismus,
1596 2750 1644 2772 um
1658 2745 1714 2773 uns
1725 2741 1849 2781 heutiger

1007 2782 1196 2823 Sprachweise
1217 2793 1251 2823 zu
1274 2784 1413 2823 bedienen,
1438 2786 1502 2818 tritt
1525 2795 1559 2825 zu
1583 2786 1681 2826 Tage!

1077 2828 1158 2864 „Und
1183 2828 1217 2859 da
1248 2829 1319 2861 aller
1352 2830 1563 2870 vergänglichen
1587 2830 1681 2870 Dinge
1716 2832 1849 2871 vergeffen

1008 2870 1076 2902 wird
1101 2872 1159 2903 und
1184 2872 1229 2904 der
1252 2873 1325 2913 Lauf
1348 2874 1430 2910 dieser
1441 2874 1521 2907 Welt
1544 2875 1657 2915 vergeht
1681 2875 1738 2906 und
1761 2875 1792 2906 in
1805 2876 1849 2907 der

1007 2915 1071 2954 Zeit
1094 2916 1142 2947 der
1163 2917 1256 2957 Jahre
1290 2919 1361 2950 viele
1383 2919 1475 2960 Dinge
1512 2919 1642 2960 geändert
1677 2920 1783 2952 werden
1810 2938 1846 2942 —

1006 2965 1063 2990 wer
1086 2960 1162 2992 denkt
1185 2961 1244 3001 hier
1278 2963 1350 3001 nicht
1386 2973 1423 2995 an
1456 2963 1498 2995 die
1533 2964 1849 2997 Neutralitätsurkunde

1007 3003 1053 3035 des
1082 3003 1198 3037 Wiener
1221 3006 1395 3047 Kongresses,
1431 3018 1468 3040 an
1504 3008 1545 3040 die
1579 3008 1757 3042 Neutralität
1793 3015 1849 3041 von

1007 3046 1145 3087 Savoyen
1174 3068 1207 3071 —
1231 3051 1368 3092 „deßhalb
1392 3053 1472 3092 geben
1486 3053 1549 3090 wir,
1575 3053 1617 3085 die
1640 3056 1849 3094 vorgenannten

1008 3091 1110 3124 Städte
1134 3094 1192 3125 und
1215 3095 1329 3133 Länder,
1355 3097 1485 3129 einander
1510 3098 1554 3129 ein
1567 3097 1746 3130 erkennbares
1758 3099 1849 3139 Zeug-

1007 3136 1066 3175 niß,
1090 3138 1149 3177 also
1173 3139 1228 3178 daß
1250 3141 1304 3172 wir
1329 3141 1458 3173 einander
1481 3142 1629 3182 getreulich
1651 3142 1779 3183 beholfen
1791 3143 1849 3175 und

1007 3180 1137 3221 berathen
1160 3183 1215 3221 sein
1238 3185 1332 3222 sollen,
1358 3186 1594 3227 innerhalb
1629 3187 1697 3219 der
1730 3188 1849 3226 Ziele

1007 3226 1087 3257 und
1111 3227 1278 3267 Kreise,
1303 3230 1350 3262 als
1373 3230 1482 3270 hienach
1507 3231 1669 3271 geschrieben
1694 3232 1792 3271 steht".
1812 3250 1844 3254 —

1007 3270 1032 3308 so
1056 3270 1146 3303 lautet
1169 3272 1215 3304 der
1237 3274 1330 3313 zweite
1352 3275 1418 3315 Satz
1443 3276 1489 3307 des
1513 3276 1744 3316 Bundesbriefes.
1784 3277 1848 3308 Und

1006 3322 1065 3346 nun
1087 3316 1159 3347 wird
1184 3317 1229 3348 der
1240 3318 1325 3350 Kreis
1347 3320 1500 3359 gezeichnet,
1527 3320 1621 3352 innert
1632 3321 1757 3361 welchem
1781 3331 1848 3353 man

1005 3358 1053 3397 sich
1076 3360 1189 3401 schützen
1213 3362 1281 3394 will.
1331 3364 1370 3395 Er
1394 3364 1425 3403 ist
1448 3365 1542 3397 weiter
1578 3375 1692 3405 gezogen
1728 3366 1774 3397 als
1797 3367 1848 3397 das

1005 3403 1179 3445 dazumalige
1191 3406 1400 3448 Bundesgebiet
1425 3408 1529 3447 reichte,
1554 3410 1612 3441 und
1629 3415 1691 3442 was
1714 3415 1771 3443 uns
1783 3411 1847 3449 noch

1004 3448 1080 3488 mehr
1103 3451 1240 3489 auffallen
1264 3452 1338 3492 darf,
1370 3463 1398 3484 er
1421 3454 1494 3494 trifft
1518 3455 1676 3493 zusammen
1710 3455 1763 3487 mit
1798 3455 1847 3486 den

1004 3492 1109 3529 Linien,
1135 3494 1176 3526 die
1199 3495 1276 3535 heute
1287 3497 1362 3536 noch,
1388 3498 1452 3537 nach
1464 3499 1543 3539 mehr
1567 3500 1637 3530 denn
1661 3500 1847 3540 fünfhundert

1002 3537 1116 3576 Jahren
1140 3539 1170 3570 in
1194 3540 1243 3572 den
1266 3542 1379 3580 Kreisen
1403 3542 1485 3580 derer,
1524 3543 1638 3582 welchen
1674 3544 1715 3576 die
1738 3544 1847 3584 schwere

1003 3581 1132 3622 Aufgabe
1156 3583 1268 3625 obliegt,
1298 3586 1339 3617 die
1362 3586 1684 3629 Landesvertheidigung
1719 3589 1846 3628 durchzu-

1004 3626 1113 3665 sühren,
1139 3629 1296 3668 wegleitend
1320 3631 1389 3670 sind.

1065 3671 1122 3708 Im
1157 3673 1259 3706 dritten
1294 3675 1399 3707 Artikel
1437 3677 1483 3708 des
1519 3677 1742 3714 Bundcsbriefes
1781 3684 1845 3710 vom

1004 3715 1030 3745 1.
1056 3716 1125 3747 Mai
1151 3719 1232 3749 1351
1265 3719 1325 3759 find
1348 3720 1414 3760 diese
1441 3721 1538 3760 „Ziele
1561 3722 1619 3753 und
1642 3722 1752 3761 Kreise"
1780 3716 1842 3755 um-
1863 3716 1866 3738 1

1001 3759 1135 3798 schrieben
1157 3762 1208 3794 wie
1231 3764 1324 3803 folgt:

1070 3805 1154 3841 „Das
1176 3807 1210 3846 ist
1233 3808 1279 3839 des
1303 3810 1398 3848 ersten,
1431 3810 1464 3842 da
1489 3811 1531 3842 die
1554 3811 1581 3842 A
1594 3820 1610 3842 a
1623 3820 1638 3842 r
1662 3811 1839 3852 entspringet,

1000 3852 1059 3880 was
1082 3859 1151 3881 nian
1174 3855 1261 3885 nennt
1284 3852 1326 3884 die
1349 3853 1377 3886 G
1391 3864 1405 3886 r
1418 3854 1427 3885 i
1439 3864 1466 3886 m
1478 3856 1488 3894 f
1501 3855 1513 3886 l
1526 3865 1537 3886 e
1551 3865 1570 3887 n
1595 3855 1651 3887 und
1676 3855 1717 3887 die
1729 3856 1790 3887 Aar
1805 3855 1839 3887 ab

1000 3893 1047 3932 für
1068 3894 1166 3932 Hasli,
1202 3897 1249 3936 für
1272 3897 1352 3929 Bern
1387 3898 1435 3938 hin
1469 3899 1528 3931 und
1552 3900 1652 3931 immer
1676 3900 1768 3932 weiter
1791 3899 1839 3931 ab¬

998 3938 1089 3970 wärts
1112 3938 1158 3970 bis
1182 3949 1219 3972 an
1242 3941 1283 3973 die
1300 3942 1409 3980 Stätte,
1434 3944 1468 3975 da
1493 3944 1535 3976 die
1551 3945 1614 3976 Aar
1638 3945 1668 3976 in
1686 3944 1735 3977 den
1748 3945 1839 3984 Rhein

994 4031 1067 4061 Alles
1085 4034 1112 4062 in
1133 4034 1157 4067 so
1176 4035 1267 4065 kleinen
1286 4037 1436 4072 Portionen,
1466 4039 1516 4072 daß
1535 4040 1584 4068 »vir
1603 4042 1655 4068 uns
1673 4040 1783 4074 ernstlich
1804 4040 1838 4068 bei

995 4072 1084 4104 unfern
1103 4073 1241 4109 Oifizieren
1261 4077 1393 4113 beklagten,
1418 4080 1519 4113 worauf
1538 4081 1588 4109 wir
1605 4079 1642 4109 die
1661 4088 1711 4109 von
1730 4081 1781 4109 inir
1797 4080 1839 4113 seit

994 4111 1046 4140 vier
1072 4112 1174 4146 Jahren
1202 4115 1226 4148 so
1255 4117 1290 4147 oft
1317 4118 1413 4151 gebürte
1445 4119 1567 4148 Antwort
1594 4120 1728 4153 erhielte»:
1767 4120 1838 4152 ..(jus

994 4152 1176 4190 voulez-vous
1195 4156 1213 4190 y
1230 4156 1322 4185 faire?
1351 4158 1371 4185 il
1392 4158 1435 4193 n’y
1456 4168 1473 4186 a
1492 4168 1544 4194 pas
1563 4160 1628 4195 plus
1647 4169 1703 4194 que
1721 4160 1785 4194 ?a!"
1806 4174 1836 4178 —

994 4191 1086 4221 Damit
1104 4195 1187 4226 hatten
1207 4197 1253 4225 wir
1272 4197 1318 4227 satt
1337 4199 1452 4232 gegessen.
1471 4214 1505 4218 —
1519 4200 1581 4229 Das
1600 4200 1670 4234 Beste
1690 4208 1739 4229 von
1753 4200 1835 4228 Allem

993 4238 1056 4264 war,
1082 4232 1132 4265 datz
1159 4235 1208 4263 wir
1234 4236 1322 4270 täglich
1341 4238 1375 4265 46
1393 4238 1525 4268 Centililer
1543 4240 1619 4269 Wein
1644 4240 1698 4268 und
1717 4240 1730 4267 1
1749 4238 1837 4272 Pfund

994 4270 1090 4304 frisches
1108 4272 1184 4302 Brod
1206 4274 1297 4309 faßten.
1318 4291 1344 4295 —
1369 4277 1419 4306 Um
1446 4278 1482 4306 die
1501 4278 1657 4308 Reinlichkeit
1679 4278 1783 4309 ausrecht
1808 4285 1836 4312 zu

993 4310 1109 4346 erhalten,
1142 4313 1240 4343 ordnete
1266 4315 1308 4344 der
1327 4315 1517 4346 Koimnandant
1536 4319 1584 4346 olle
1602 4319 1654 4347 vier
1672 4318 1739 4352 Tage
1757 4318 1835 4352 sogen.

993 4348 1254 4382 Gesundheitsrevnen
1283 4363 1328 4384 an.
1363 4356 1452 4385 Mann
1478 4357 1523 4390 für
1542 4358 1631 4386 Mann
1659 4357 1764 4391 defilirle
1791 4363 1836 4384 vor

993 4388 1047 4418 dein
1064 4390 1172 4426 Doktor,
1199 4393 1240 4422 der
1268 4394 1312 4428 sich
1343 4396 1368 4423 so
1396 4396 1544 4431 überzeugen
1577 4398 1673 4430 konnte,
1700 4397 1748 4430 datz
1776 4396 1835 4429 seine

992 4428 1158 4463 Vorschriften
1178 4432 1269 4467 befolgt
1287 4436 1400 4464 wurden.
1431 4436 1493 4471 Jede
1513 4437 1600 4471 Woche
1618 4437 1701 4470 faßten
1720 4436 1767 4464 wir
1785 4436 1836 4463 ein¬

992 4470 1045 4497 mal
1071 4470 1088 4497 3
1107 4470 1172 4501 Liter
1200 4473 1354 4508 Sützwasser
1382 4482 1423 4510 per
1450 4476 1541 4505 Mann
1569 4485 1625 4512 zuin
1652 4476 1767 4510 Waschen
1794 4478 1834 4503 der

991 4508 1074 4543 Linge,
1102 4510 1133 4538 da
1154 4511 1302 4546 bekanntlich
1323 4515 1370 4543 das
1390 4516 1552 4549 Meerwasser
1571 4518 1631 4551 dazu
1650 4517 1728 4549 nichts
1747 4518 1835 4550 taugt;

992 4547 1034 4580 für
1061 4549 1107 4578 den
1126 4550 1223 4585 Körper
1250 4554 1337 4586 mutzte
1361 4555 1450 4588 freilich
1478 4557 1584 4590 letzteres
1611 4556 1730 4591 genügen.
1766 4555 1835 4587 Doch

992 4587 1028 4616 die
1047 4589 1205 4625 Hauptsache,
1232 4593 1279 4621 das
1298 4595 1473 4629 Trinkwasser,
1502 4597 1574 4629 fehlte
1598 4597 1665 4629 nicht.
1703 4595 1755 4628 Aus
1774 4594 1835 4624 Deck

992 4635 1076 4657 waren
1104 4638 1138 4658 an
1162 4632 1338 4665 verschiedenen
1356 4635 1440 4664 Orten
1458 4636 1475 4664 3
1493 4636 1571 4670 große
1591 4637 1636 4664 mit
1653 4635 1761 4670 Hähnen
1780 4643 1833 4663 ver¬

991 4667 1072 4701 sehene
1090 4671 1145 4698 und
1163 4671 1287 4708 beständig
1306 4675 1353 4703 init
1371 4675 1538 4709 Trinkwasser
1556 4676 1655 4711 gefüllte
1674 4676 1761 4705 Eiiner
1779 4675 1834 4709 auf¬

990 4709 1089 4741 gestellt,
1107 4714 1158 4739 aus
1177 4711 1254 4741 denen
1273 4714 1322 4742 wir
1340 4718 1392 4743 uns
1410 4715 1516 4749 jederzeit
1537 4716 1651 4744 bedienen
1671 4716 1787 4745 konnten.

1042 4748 1170 4783 Während
1188 4751 1229 4781 der
1247 4753 1328 4788 Fahrt
1355 4755 1391 4783 im
1413 4755 1631 4790 »niltelländischen
1648 4756 1723 4784 Meer
1751 4756 1835 4790 hatten

990 4789 1038 4817 wir
1057 4789 1154 4823 schönes
1172 4792 1284 4827 Wetter;
1309 4795 1356 4822 das
1375 4795 1449 4824 Meer
1467 4803 1522 4824 war
1540 4795 1645 4830 zienilich
1662 4796 1747 4831 ruhig.
1784 4796 1835 4826 Als

990 4828 1038 4857 wir
1055 4830 1114 4859 aber
1141 4832 1185 4859 ins
1204 4832 1285 4867 Rothe
1304 4834 1379 4863 Meer
1398 4835 1488 4867 kamen,
1517 4836 1598 4870 schlug
1629 4837 1670 4864 der
1689 4836 1770 4865 Wind
1789 4845 1834 4866 um

989 4867 1042 4897 und
1061 4869 1115 4904 fing
1135 4871 1209 4906 hesiig
1227 4881 1260 4900 an
1279 4876 1331 4902 aus
1348 4874 1442 4903 Süden
1470 4883 1498 4908 zu
1528 4876 1621 4908 wehen.
1656 4876 1708 4906 Die
1736 4876 1834 4912 Wogen

989 4908 1092 4938 wurden
1112 4910 1203 4940 immer
1221 4912 1310 4947 größer
1330 4915 1382 4942 und
1400 4914 1436 4943 die
1454 4915 1507 4944 See
1527 4916 1624 4951 begann
1644 4917 1708 4951 weiß
1726 4925 1755 4952 zu
1774 4926 1834 4947 wer¬

988 4947 1043 4976 den.
1072 4949 1147 4978 Alles
1160 4952 1242 4979 wurde
1252 4955 1328 4981 unter
1338 4953 1400 4983 Deck
1408 4954 1538 4989 beordert;
1557 4956 1595 4985 die
1604 4956 1714 4991 Kajüten
1729 4958 1834 4986 wurden

988 4987 1137 5023 wasserdicht
1155 4991 1303 5025 geschlossen.
1340 4993 1385 5022 So
1404 4994 1477 5028 saßen
1497 4996 1546 5024 wir
1564 4997 1609 5027 aus
1628 4997 1721 5031 unsern
1733 4998 1833 5030 Betten,

987 5026 1025 5055 die
1042 5027 1202 5059 kommenden
1222 5031 1359 5067 Ereignisse
1377 5036 1525 5064 erwartend.
1556 5036 1660 5069 Dumpf
1673 5038 1783 5072 schlugen
1797 5037 1833 5065 die

987 5066 1083 5096 Wellen
1096 5077 1171 5103 gegen
1182 5071 1219 5099 die
1229 5071 1406 5106 Schiffsrvand
1416 5075 1468 5104 und
1477 5074 1548 5109 jeden
1558 5076 1706 5110 Augenblick
1714 5077 1832 5111 glaubten

987 5107 1035 5135 wir
1054 5110 1241 5144 unlerzugehen.
1258 5112 1314 5142 Der
1333 5113 1431 5143 Sturm
1450 5116 1550 5144 dauerte
1569 5117 1669 5149 beinahe
1679 5118 1736 5151 zwei
1747 5117 1832 5150 Tage;

986 5154 1042 5175 was
1061 5149 1109 5177 wir
1128 5150 1246 5184 während
1264 5152 1306 5181 der
1319 5153 1375 5188 Zeit
1394 5155 1420 5183 in
1440 5156 1485 5184 den
1498 5156 1610 5189 Kajüten
1629 5157 1729 5191 gelitten
1745 5157 1831 5189 haben,

986 5186 1017 5220 ist
1035 5188 1239 5223 unbeschreiblich.
1275 5192 1327 5222 Die
1354 5194 1470 5229 Luftzüge
1498 5204 1585 5224 waren
1614 5197 1720 5230 gänzlich
1748 5198 1831 5224 unter¬

985 5226 1085 5258 brochen
1101 5237 1108 5261 ;
1127 5229 1165 5258 die
1174 5230 1238 5265 Hitze
1257 5233 1343 5262 wurde
1356 5234 1444 5263 immer
1454 5235 1604 5266 drückender,
1623 5236 1659 5264 die
1669 5235 1728 5268 Luft
1742 5237 1830 5264 immer

986 5266 1103 5298 schlechter
1122 5270 1176 5298 und
1195 5271 1312 5305 schlechter
1340 5274 1393 5302 und
1420 5276 1461 5303 als
1488 5283 1550 5303 man
1579 5275 1616 5304 die
1634 5275 1722 5305 Luck.n
1741 5275 1829 5304 wieder

986 5305 1072 5341 öffnen
1090 5308 1187 5344 konnte,
1207 5311 1267 5343 fand
1285 5320 1346 5342 nian
1358 5314 1464 5348 mehrere
1474 5315 1605 5344 Soldaten
1624 5315 1766 5350 bewußtlos
1785 5315 1829 5349 auf

1888 1089 1949 1129 geht
2007 1107 2014 1110 -
2055 1088 2096 1121 die
2131 1097 2214 1128 ganze
2239 1087 2346 1130 heutige
2372 1087 2503 1120 Aarlinie
2532 1105 2563 1109 —
2595 1087 2653 1120 und
2681 1087 2732 1120 den

1888 1133 1978 1174 Rhein
2003 1133 2101 1166 wieder
2125 1134 2268 1173 aufwärts
2290 1131 2337 1165 bis
2360 1142 2396 1164 an
2420 1131 2462 1164 die
2485 1132 2593 1169 Stätte,
2632 1133 2667 1164 da
2691 1132 2733 1164 die

1889 1177 2002 1217 Thur
2025 1178 2056 1210 in
2081 1178 2130 1210 den
2148 1177 2238 1218 Rhein
2255 1177 2316 1217 geht
2333 1177 2389 1209 und
2406 1175 2518 1217 dieselbe
2535 1177 2615 1217 Thur
2632 1177 2732 1210 immer

1888 1222 1979 1255 weiter
1996 1224 2138 1262 aufwärts
2153 1222 2198 1255 bis
2214 1231 2251 1254 an
2276 1221 2316 1254 die
2333 1222 2441 1259 Stätte,
2468 1222 2502 1254 da
2527 1222 2560 1261 sie
2577 1222 2732 1261 entspringt

1891 1284 1927 1290 —
1954 1267 2018 1307 noch
2042 1268 2122 1308 heute
2157 1268 2209 1307 gilt
2245 1266 2310 1303 diese
2335 1266 2410 1299 Linie
2445 1266 2491 1298 als
2526 1266 2567 1299 die
2584 1266 2732 1306 wichtigste

1888 1312 1933 1344 der
1970 1311 2383 1353 Nordostfrontvertheidigung
2419 1329 2452 1333 —
2488 1311 2546 1343 und
2581 1318 2637 1343 von
2672 1311 2733 1343 dem

1888 1357 2050 1398 Ursprünge
2074 1357 2131 1390 und
2156 1356 2291 1395 derselben
2312 1356 2411 1389 Stätte
2436 1355 2478 1388 die
2503 1355 2626 1395 (gerade)
2650 1355 2731 1395 Rich¬

1889 1404 1959 1441 tung
1994 1402 2075 1442 durch
2103 1401 2365 1441 Churwalchen
2390 1400 2553 1439 (Bündten)
2588 1401 2733 1439 aufwärts

1888 1445 1933 1478 bis
1957 1456 1992 1478 an
2016 1447 2057 1479 die
2081 1447 2161 1486 Veste
2184 1446 2217 1485 zu
2241 1444 2501 1485 Ringgenberg
2538 1444 2593 1487 (bei
2618 1446 2732 1483 Truns)

1889 1490 1946 1523 und
1981 1498 2035 1524 von
2072 1490 2205 1531 derselben
2242 1491 2345 1531 (Veste)
2369 1489 2567 1530 Ringgenberg
2602 1489 2731 1530 hinüber,

1888 1536 1999 1576 jenseits
2015 1536 2062 1569 des
2086 1535 2334 1574 Gotthards
2357 1534 2405 1574 hin
2429 1534 2476 1566 bis
2491 1536 2543 1574 auf
2559 1535 2608 1566 den
2624 1535 2733 1573 Plat-

1889 1580 1977 1620 tifer
1990 1581 2051 1619 (den
2065 1581 2193 1621 heutigen
2206 1581 2310 1613 Monte
2318 1579 2471 1620 Piottino),
2486 1579 2536 1611 den
2550 1579 2590 1611 die
2599 1578 2733 1618 Schlucht

1889 1626 1936 1658 des
1952 1626 2041 1665 Dazio
2059 1625 2164 1665 grande
2187 1624 2367 1664 durchbricht,
2392 1624 2450 1656 und
2476 1630 2532 1656 von
2556 1625 2589 1656 da
2613 1624 2659 1656 bis
2683 1624 2734 1662 auf

1889 1671 1939 1702 den
1966 1671 1994 1704 D
2009 1673 2024 1702 ö
2036 1670 2046 1703 i
2060 1671 2070 1709 s
2083 1681 2094 1703 e
2107 1671 2118 1702 l
2155 1668 2385 1709 (wahrscheinlich
2412 1669 2462 1700 den
2486 1668 2654 1709 Daischberg
2689 1668 2732 1700 bei

1889 1715 1952 1752 Sax
1976 1716 2014 1746 im
2037 1714 2227 1753 Oberwallis)
2265 1714 2363 1746 wieder
2396 1712 2515 1753 hinüber
2551 1713 2594 1746 bis
2618 1723 2656 1745 an
2681 1712 2732 1744 den

1889 1759 2020 1799 Grimsel,
2046 1760 2082 1791 da
2105 1759 2145 1792 die
2170 1760 2229 1792 Aar
2254 1758 2440 1798 entspringt."
2458 1759 2487 1796 *)

1956 1805 2020 1837 Das
2036 1804 2280 1844 Gotthardmassiv
2305 1803 2390 1835 bildet
2414 1802 2576 1843 demgemäß
2601 1802 2643 1834 die
2658 1803 2733 1841 Zen¬

1891 1848 2022 1889 tralstelle
2039 1849 2086 1880 des
2110 1858 2212 1888 ganzeil
2228 1847 2588 1888 Vertheidigungsgcbietes
2605 1848 2651 1878 der
2668 1847 2734 1886 fünf

1889 1894 1965 1926 alten
1988 1893 2071 1931 Orte,
2107 1894 2164 1925 und
2199 1898 2226 1925 es
2262 1893 2294 1934 ist
2329 1892 2395 1930 diese
2418 1891 2603 1932 Erscheinung
2633 1901 2681 1924 um
2705 1892 2732 1930 so

1887 1938 2169 1977 bemerkenswerther,
2205 1939 2252 1970 als
2283 1938 2324 1970 die
2349 1936 2573 1977 Durchführung
2604 1937 2652 1969 des
2683 1936 2731 1967 da-

1888 1983 2012 2023 maligeu
2046 1982 2485 2023 Landesvertheidigungsplanes
2524 1981 2563 2014 im
2596 1979 2732 2014 Bundes¬

1888 2028 1972 2068 briefe
1996 2033 2051 2059 von
2079 2029 2158 2059 1351
2188 2027 2260 2066 nicht
2283 2027 2366 2066 durch
2389 2026 2527 2066 Klauseln
2563 2025 2730 2065 (Botschaft,

1887 2072 2076 2112 Referendum
2099 2082 2132 2104 rc.
2157 2073 2203 2110 rc.)
2226 2071 2434 2111 beeinträchtigt
2459 2071 2563 2108 wurde,
2589 2070 2640 2102 wie
2664 2080 2733 2102 man

1888 2117 1949 2157 dieß
1972 2117 2129 2157 umgekehrt
2163 2116 2192 2148 in
2226 2117 2272 2148 der
2300 2115 2548 2157 Dezembersession
2582 2119 2637 2147 aus
2672 2115 2732 2146 dem

1888 2161 2081 2199 Bundesbrief
2122 2161 2168 2193 der
2206 2161 2455 2201 fünfundzwanzig
2493 2160 2627 2192 Kantone
2666 2165 2733 2191 vom

1888 2207 1981 2247 Jahre
2019 2207 2103 2238 1874
2138 2206 2278 2245 versuchen
2313 2206 2416 2238 wollte.
2475 2205 2539 2236 Und
2573 2204 2636 2243 doch
2672 2210 2733 2236 war

1889 2251 2021 2291 dazumal
2036 2251 2124 2282 weder
2149 2251 2200 2282 das
2215 2251 2353 2288 Livinen-,
2378 2250 2444 2289 noch
2470 2251 2521 2282 das
2537 2249 2649 2289 Rhone-
2666 2248 2733 2288 noch

1889 2296 1940 2328 das
1962 2295 2119 2335 Rheinthal
2142 2295 2358 2336 Bundesgebiet,
2384 2295 2441 2327 und
2466 2295 2554 2326 weder
2578 2294 2622 2326 ein
2646 2293 2732 2333 Sieg¬

1890 2341 1970 2380 fried-
2002 2340 2069 2378 noch
2094 2340 2137 2372 ein
2161 2340 2381 2380 Dufour-Atlas
2413 2340 2484 2379 legte
2519 2339 2569 2371 den
2593 2338 2733 2377 einzelnen

1891 2386 2069 2425 Eidgenossen
2104 2385 2146 2416 die
2180 2384 2400 2425 hervorragende
2423 2384 2592 2423 Bedeutung
2616 2383 2664 2415 des
2688 2393 2732 2423 ge-

1891 2430 2021 2470 waltigen
2033 2429 2225 2470 Felsgestelles
2248 2431 2297 2470 für
2312 2430 2364 2461 den
2379 2428 2598 2468 ungehinderten
2610 2428 2732 2468 Verkehr

1891 2475 1955 2514 nach
1989 2474 2048 2506 dem
2085 2474 2245 2514 sonnigeren
2274 2474 2376 2507 Süden
2410 2480 2461 2506 vor
2485 2473 2595 2513 Augen.
2643 2473 2733 2512 Heute

1892 2520 1976 2559 stehen
2001 2519 2041 2551 die
2065 2519 2169 2559 Thore,
2200 2520 2249 2559 für
2272 2518 2368 2557 welche
2390 2519 2436 2549 der
2459 2517 2653 2557 Bundesbrief
2676 2522 2732 2549 von

1895 2566 1972 2595 1351
1997 2563 2235 2596 weitausblickend
2259 2564 2300 2595 die
2315 2563 2455 2603 Schlüssel
2480 2563 2634 2602 verlangte,
2659 2561 2733 2600 nicht

1893 2609 1965 2648 mehr
1988 2609 2039 2648 auf
2062 2609 2204 2648 fremdem,
2240 2609 2275 2649 sie
2309 2607 2433 2647 befinden
2462 2607 2512 2647 sich
2538 2608 2588 2646 auf
2612 2607 2733 2647 eigenem

1894 2653 2000 2685 Gebiete
2023 2653 2082 2684 und
2106 2653 2148 2684 die
2164 2652 2311 2692 Geschichte
2335 2658 2390 2684 von
2414 2653 2480 2692 fünf
2495 2651 2733 2692 Jahrhunderten

1892 2697 1939 2737 hat
1952 2698 2030 2729 deren
2049 2697 2220 2737 Bedeutung
2244 2698 2343 2729 immer
2366 2698 2423 2729 und
2446 2697 2549 2728 immer
2572 2697 2640 2736 aufs
2656 2695 2733 2728 Neue

1894 2743 1922 2774 in
1944 2743 1991 2773 den
2014 2742 2220 2782 Vordergrund
2244 2742 2348 2782 gestellt
2374 2759 2410 2765 —
2437 2741 2495 2773 und
2519 2741 2582 2780 doch
2605 2740 2734 2781 trotzdenr

1893 2787 1932 2818 die
1954 2786 2074 2819 Debatte
2097 2792 2162 2819 vom
2186 2786 2334 2826 Dezember
2361 2788 2442 2818 1885
2458 2787 2464 2818 !

1956 2831 2020 2863 Wir
2044 2832 2150 2864 können
2174 2835 2230 2863 uns
2254 2831 2301 2863 der
2323 2831 2495 2870 Aenßerung
2525 2830 2597 2869 nicht
2622 2829 2732 2869 enthal¬

1894 2879 1946 2912 ten,
1970 2876 2022 2914 daß
2045 2885 2103 2908 nur
2126 2877 2171 2908 ein
2194 2875 2385 2916 Zurückgehen
2408 2876 2454 2907 des
2484 2874 2653 2906 nationalen
2677 2873 2733 2906 Ge¬

1894 2921 2015 2956 dankens,
2041 2921 2100 2952 eine
2123 2921 2318 2961 Schwächung
2353 2922 2399 2952 des
2432 2919 2733 2959 Zusammengehörig¬

1892 2965 2080 3005 keitsgefühles
2103 2966 2144 2997 die
2168 2965 2283 3005 Ursache
2320 2965 2401 3003 dieser
2424 2964 2609 3003 Erscheinung
2638 2963 2733 2995 bilden

1895 3011 1971 3042 kann.
2016 3010 2084 3042 Wir
2107 3011 2167 3050 find
2190 3010 2263 3050 nicht
2286 3011 2365 3050 mehr
2399 3016 2454 3041 von
2490 3009 2550 3040 dem
2574 3008 2664 3047 Geiste
2688 3007 2733 3039 be¬

1894 3056 1962 3094 seelt,
1996 3055 2041 3086 der
2077 3059 2136 3086 uns
2172 3055 2211 3087 im
2250 3055 2432 3094 vierzehnten,
2470 3053 2651 3093 fünfzehnten
2676 3053 2733 3084 und

1893 3099 2028 3140 theilweise
2052 3099 2119 3137 noch
2155 3099 2194 3131 im
2225 3099 2407 3139 scchszehnten
2440 3097 2645 3138 Jahrhundert
2668 3099 2732 3137 trotz

1893 3144 1997 3184 unserer
2020 3144 2154 3184 geringen
2178 3144 2256 3184 Zahl
2280 3145 2347 3182 stark
2382 3144 2494 3182 machte.
2542 3142 2608 3174 Wir
2644 3142 2732 3173 leiden

1894 3198 1929 3221 an
1952 3189 1999 3219 den
2022 3188 2269 3229 Nachwirkungen,
2295 3188 2390 3227 welche
2412 3188 2453 3219 die
2477 3187 2623 3227 religiösen
2640 3186 2733 3224 Spal¬

1894 3236 1992 3273 tungen
2016 3233 2074 3264 und
2099 3233 2140 3265 die
2164 3234 2267 3265 innern
2291 3232 2447 3273 politischen
2471 3232 2590 3264 Wirren
2613 3232 2661 3262 der
2678 3231 2733 3270 fol¬

1893 3278 1990 3318 genden
2013 3277 2228 3317 Jahrhunderte
2252 3278 2320 3310 über
2341 3278 2392 3309 den
2409 3275 2645 3316 Wienerkongreß
2668 3275 2732 3315 hin¬

1893 3326 1945 3354 aus
1966 3321 2010 3353 bis
2031 3322 2062 3353 in
2087 3321 2129 3353 die
2152 3323 2241 3355 Mitte
2266 3323 2312 3354 des
2339 3322 2490 3361 laufenden
2512 3321 2674 3353 Säkuluins
2698 3329 2732 3359 zu

1892 3368 1965 3406 Tage
1987 3369 2075 3398 treten
2098 3366 2199 3406 ließen.
2246 3368 2311 3400 Wie
2346 3367 2446 3399 anders
2481 3365 2553 3405 ließe
2587 3365 2636 3404 sich
2661 3365 2731 3404 sonst

1892 3412 1941 3443 das
1963 3411 2147 3450 Verschanzen
2182 3412 2274 3452 hinter
2309 3412 2441 3451 papierne
2472 3410 2732 3442 Neutralitätsver¬

1892 3458 1974 3496 träge,
1990 3455 2082 3494 hinter
2102 3456 2332 3495 konstitutionelle
2350 3455 2573 3495 Schirmwände,
2598 3455 2656 3486 und
2681 3456 2732 3485 das

1890 3499 2164 3540 Heraufbeschwören
2188 3501 2235 3532 des
2270 3500 2446 3539 lächerlichen
2471 3498 2732 3538 Schreckgespenstes

1891 3546 1935 3576 des
1958 3544 2174 3577 Militarismus
2198 3546 2345 3577 erklären?
2391 3545 2509 3585 Müssen
2544 3544 2597 3575 wir
2622 3547 2651 3575 es
2673 3547 2732 3575 uns

1890 3589 1958 3627 nicht
1981 3588 2055 3628 selbst
2093 3590 2267 3630 eingestehen,
2305 3590 2360 3628 daß
2395 3590 2461 3628 diese
2496 3588 2633 3627 kleinliche
2657 3588 2730 3626 Auf¬

1890 3635 1994 3673 fassung
2028 3635 2140 3673 unserer
2177 3634 2427 3674 Staatsaufgaben
2463 3633 2555 3673 wenig
2592 3633 2645 3664 mit
2681 3633 2731 3663 den

1889 3678 2087 3717 hochtönenden
2110 3678 2236 3718 Phrasen
2260 3679 2432 3718 harnionirt,
2470 3678 2551 3709 deren
2585 3687 2653 3708 man
2677 3676 2726 3716 sich

1862 3712 1868 3739 1
1888 3722 1925 3754 iin
1960 3722 2215 3762 wirthschaftlichen
2253 3724 2364 3764 Kriege,
2404 3724 2433 3755 in
2472 3723 2532 3754 dem
2561 3721 2730 3753 bedaucrns-

1886 3766 2001 3805 werthen
2039 3766 2188 3807 Wetteifer
2224 3768 2270 3800 der
2304 3768 2500 3808 gegenseitigen
2540 3766 2730 3805 hermetischen

1885 3810 2084 3852 Abschließung
2106 3812 2155 3850 für
2179 3813 2228 3843 den
2253 3812 2358 3851 Genuß
2380 3813 2425 3843 der
2440 3811 2581 3852 Produkte
2605 3810 2652 3841 der
2671 3810 2729 3841 Ar-

1934 3910 1961 3945 *)
1980 3911 2155 3944 OmllenLuch
2173 3920 2217 3946 zur
2235 3911 2503 3947 Schweizergcschichte,
2531 3910 2660 3938 bearbeitet
2679 3918 2730 3939 von

1882 3951 1932 3981 Dr.
1952 3950 2032 3985 Will».
2048 3950 2160 3986 Oechsli.

1884 4039 1959 4072 ihre»»
1978 4039 2054 4073 Lager
2071 4040 2239 4074 ausgestreckt.
2275 4040 2317 4073 In
2349 4040 2387 4069 die
2407 4038 2671 4073 Krankenabtheilung
2689 4046 2728 4072 ge¬

1883 4079 1969 4110 bracht,
1987 4079 2084 4111 starben
2105 4080 2135 4113 sie
2155 4081 2213 4111 nach
2232 4081 2345 4114 wenigen
2364 4081 2457 4114 Tagen.

1933 4119 2061 4150 Während
2080 4120 2172 4153 unsers
2192 4120 2371 4152 Aufenthaltes
2401 4121 2427 4148 in
2455 4118 2582 4148 Coloinbo
2609 4118 2729 4152 ereignete

1883 4158 1925 4192 sich
1943 4159 2020 4188 nichts
2038 4159 2121 4192 Auße,
2128 4159 2308 4194 ordentliches;
2334 4160 2394 4189 aber
2419 4159 2469 4190 acht
2488 4158 2556 4192 Tage
2575 4157 2655 4191 später
2674 4158 2728 4185 kam

1882 4199 1908 4227 in
1927 4198 2077 4230 Singapore
2096 4200 2135 4228 ein
2148 4199 2207 4233 Fall
2226 4207 2280 4232 vor,
2300 4200 2346 4228 den
2367 4200 2399 4230 ich
2416 4199 2479 4231 nicht
2490 4197 2639 4230 unerwähnt
2651 4197 2727 4230 lassen

1882 4238 1944 4270 darf.
1981 4238 2111 4272 Während
2129 4239 2171 4267 der
2189 4239 2267 4272 Nacht
2295 4239 2419 4274 benütz»,,
2444 4239 2523 4272 einige
2542 4237 2671 4267 Soldaten
2691 4237 2728 4266 die

1881 4278 2038 4314 Dunkelheit,
2056 4287 2103 4307 um
2121 4286 2151 4314 zu
2169 4278 2309 4312 desertiren.
2345 4280 2397 4308 Am
2415 4279 2529 4312 Morgen
2548 4278 2638 4310 fehlten
2661 4277 2727 4310 fünf,

1881 4318 1996 4351 meistens
2014 4318 2164 4352 Holländer.
2200 4319 2287 4348 Kaum
2315 4327 2369 4348 ivar
2395 4319 2441 4346 das
2463 4318 2549 4350 Schiff
2576 4317 2664 4345 wieder
2691 4317 2726 4344 im

1880 4358 1967 4391 Gang,
1986 4359 2012 4389 so
2030 4359 2126 4388 ertönte
2143 4359 2186 4389 der
2203 4360 2278 4393 Ruf:
2309 4359 2371 4386 «17»
2390 4360 2499 4386 Komme
2519 4367 2536 4385 a
2555 4358 2644 4385 l’eau»
2674 4357 2727 4385 und

1880 4398 1934 4431 piff,
1954 4398 2015 4432 paff,
2033 4399 2071 4427 die
2090 4398 2190 4434 Kugel»
2219 4400 2302 4432 hinter
2321 4399 2381 4432 ihm.
2417 4399 2506 4432 Rings
2525 4406 2570 4426 um
2583 4397 2629 4426 das
2642 4396 2726 4429 Schiff

1880 4438 1943 4466 batte
1962 4437 2003 4466 der
2022 4440 2214 4468 Koinmandant
2232 4439 2271 4468 d'e
2289 4439 2429 4474 Korporäle
2448 4438 2502 4467 und
2511 4438 2671 4472 Sergeanten
2683 4436 2725 4465 als

1881 4477 2050 4512 Wachtposten
2069 4479 2117 4508 mit
2136 4480 2276 4514 geladenem
2296 4479 2404 4511 Gewehr
2422 4479 2560 4513 ausgestellt
2579 4478 2630 4505 und
2650 4477 2724 4507 ihnen

1879 4518 1924 4546 den
1943 4518 2031 4553 Befehl
2050 4519 2157 4553 ertheilt,
2176 4520 2220 4551 ans
2231 4520 2277 4548 den
2290 4520 2387 4552 Ersten,
2406 4520 2447 4548 der
2457 4519 2501 4547 ins
2511 4517 2606 4550 Wasser
2619 4516 2724 4551 springe,

1878 4565 1908 4592 zu
1926 4558 2038 4592 schießen.
2074 4559 2160 4588 Kauni
2181 4568 2266 4589 waren
2284 4560 2341 4588 aber
2367 4560 2403 4587 die
2423 4559 2506 4588 beiden
2524 4557 2599 4590 ersten
2619 4555 2724 4588 Schüsse

1879 4597 1992 4633 verhallt,
2012 4599 2036 4629 so
2055 4599 2170 4629 ertönten
2190 4600 2253 4632 rasch
2272 4600 2330 4630 nach
2348 4600 2466 4628 einander
2484 4599 2537 4626 eine
2554 4603 2626 4629 ganze
2645 4596 2723 4629 Reihe

1881 4638 2024 4672 folgender;
2061 4640 2122 4671 noch
2148 4640 2255 4673 mehrere
2283 4640 2373 4668 andere
2400 4638 2525 4667 Soldaten
2554 4636 2636 4670 hatten
2665 4643 2722 4664 vor-

1879 4685 1988 4713 gezogen.
2009 4678 2084 4708 lieber
2103 4679 2172 4712 ihren
2186 4679 2297 4708 Schwur
2314 4686 2342 4712 zu
2362 4678 2455 4709 brechen
2476 4675 2528 4704 und
2540 4683 2569 4709 zu
2582 4675 2723 4709 desertiren,

1879 4718 1922 4746 als
1941 4719 2022 4747 weiter
2042 4721 2117 4748 unter
2135 4719 2302 4753 französischer
2320 4718 2406 4752 Fahne
2423 4723 2452 4750 zu
2470 4716 2568 4743 dienen.

1932 4758 1980 4787 Du
1999 4759 2067 4793 wirst
2087 4759 2135 4791 dich
2154 4760 2249 4794 fragen,
2269 4759 2314 4786 wie
2333 4758 2380 4785 »vir
2397 4755 2520 4790 eigentlich
2546 4754 2584 4784 die
2601 4754 2661 4790 Zeit
2678 4756 2725 4789 auf

1880 4797 1934 4826 dem
1952 4798 2048 4832 Schiffe
2066 4798 2206 4833 zubrachten
2226 4798 2279 4826 und
2298 4799 2353 4825 was
2373 4796 2418 4823 wir
2436 4794 2555 4828 inachten,
2587 4803 2631 4823 uin
2660 4796 2724 4827 nicht

1880 4846 1926 4867 vor
1943 4838 2082 4873 Langweile
2105 4838 2300 4873 uinzukommen.
2335 4836 2385 4864 Die
2414 4835 2465 4863 drei
2495 4834 2535 4863 bis
2566 4835 2616 4863 vier
2645 4836 2724 4869 ersten

1880 4878 1947 4913 Tage
1966 4877 2026 4910 fand
2044 4887 2105 4906 inan
2124 4878 2161 4906 die
2179 4877 2235 4912 Zeit
2251 4883 2318 4911 zwar
2335 4875 2398 4907 nicht
2416 4875 2493 4909 lang;
2511 4875 2560 4903 das
2572 4875 2650 4904 Leben
2668 4884 2724 4905 war

1879 4926 1908 4952 zu
1927 4926 1984 4946 neu.
2020 4918 2081 4946 Das
2100 4917 2191 4951 Schiff,
2210 4918 2256 4944 das
2274 4915 2349 4946 Meer
2379 4915 2430 4942 und
2458 4915 2496 4943 die
2524 4914 2609 4948 fernen
2628 4915 2724 4949 Küsten

1879 4958 1956 4993 gaben
1976 4960 2028 4986 uns
2045 4965 2126 4992 genug
2144 4954 2411 4988 Unterhaltungsstoff.
2447 4955 2501 4985 Als
2522 4963 2584 4984 inan
2602 4956 2647 4990 sich
2665 4956 2724 4985 aber

1878 5006 1912 5026 an
1930 4998 1975 5026 all'
1993 4999 2039 5025 das
2058 4996 2173 5031 gewöhnt
2192 4996 2263 5028 halte,
2282 4996 2324 5023 als
2343 5003 2404 5024 man
2423 4996 2468 5024 den
2490 4996 2647 5025 Karsouirw
2666 5004 2723 5030 zum

1879 5037 2034 5070 hundertsten
2053 5039 2107 5064 und
2125 5035 2281 5068 hundertsten
2292 5035 2368 5064 Male
2385 5035 2524 5070 zugeschaut
2544 5036 2598 5064 und
2612 5037 2650 5065 die
2661 5036 2725 5068 See¬

1877 5076 1997 5108 krankheit
2016 5075 2186 5104 überwunden
2205 5075 2277 5109 hatte,
2306 5075 2391 5109 mußte
2410 5084 2470 5104 nian
2491 5076 2568 5109 sehen,
2597 5077 2643 5104 wie
2661 5084 2725 5107 man

1877 5117 1920 5148 sich
1938 5116 1976 5144 die
1992 5115 2048 5150 Zeit
2066 5115 2203 5144 vertreiben
2221 5116 2318 5145 konnte.
2338 5115 2398 5145 Den
2410 5116 2466 5151 Tag
2486 5115 2547 5144 über
2566 5116 2648 5151 spielte
2662 5124 2723 5147 man

1875 5156 1978 5188 Kaitcn,
1996 5155 2067 5185 Lotto
2087 5155 2144 5184 oder
2162 5158 2241 5184 etwas
2257 5156 2374 5189 anderes,
2402 5156 2554 5190 gcivöhnlich
2584 5165 2627 5184 um
2647 5156 2722 5187 Geld-

1875 5195 1923 5229 Ich
1941 5196 1985 5224 bi»
2003 5195 2055 5224 kein
2072 5196 2164 5231 großer
2183 5196 2287 5231 Freund
2305 5196 2348 5225 des
2367 5196 2473 5228 Spieles
2493 5196 2547 5224 und
2566 5196 2591 5228 so
2609 5197 2671 5230 setzte
2691 5196 2726 5231 ich

1874 5235 1935 5267 mich
1954 5236 1981 5264 in
1998 5236 2086 5269 irgend
2105 5237 2157 5265 eine
2176 5236 2240 5271 Ecke,
2259 5236 2355 5271 rauchte
2374 5236 2426 5264 »ine
2445 5236 2572 5271 Cigarette
2594 5236 2652 5265 oder
2671 5237 2724 5265 eine

1875 5275 1955 5310 Pfeife
1974 5281 2027 5305 und
2045 5277 2134 5310 starrte
2151 5276 2318 5311 stundenlang
2338 5277 2364 5305 in
2384 5277 2421 5305 die
2439 5276 2521 5311 Ferne
2540 5277 2643 5309 hinaus,
2664 5277 2723 5305 mei¬

1875 5324 1925 5345 ne»
1943 5316 2079 5346 Gedanken
2098 5317 2281 5352 nachhängend,
2308 5317 2361 5346 eine
2383 5317 2450 5351 ferne
2467 5315 2544 5349 Küste
2572 5315 2723 5350 betrachtend

2776 1087 2832 1120 beit
2857 1087 2973 1120 bedient.
3020 1087 3089 1126 Hier
3113 1087 3173 1120 will
3207 1097 3275 1120 man
3308 1087 3357 1127 sich
3393 1087 3527 1125 einreden,
3552 1097 3620 1120 man

2776 1132 2812 1171 sei
2846 1131 2916 1172 groß
2952 1131 3008 1164 und
3039 1132 3157 1172 mächtig
3197 1142 3303 1172 genug,
3343 1132 3532 1172 Großstaaten
3568 1132 3620 1165 mit

2777 1177 2864 1210 eineni
2886 1177 3153 1217 Zollparagrophen
3177 1186 3211 1216 zu
3234 1177 3358 1217 zlvingcn
3381 1178 3438 1209 und
3474 1177 3537 1210 dort
3561 1184 3621 1209 ver¬

2776 1221 2939 1262 nachlässigt
2962 1231 3030 1254 man
3065 1222 3117 1254 das
3144 1221 3273 1262 Prinzip,
3310 1222 3361 1254 das
3396 1222 3467 1261 jeder
3502 1222 3621 1260 einzelne

2775 1266 2995 1306 Wirthschafter,
3021 1266 3094 1305 jeder
3117 1266 3236 1305 schlichte
3254 1266 3370 1307 Bürger
3389 1266 3552 1305 zielbewußt
3576 1265 3621 1298 be¬

2777 1311 2859 1351 folgt,
2883 1320 2933 1345 um
2957 1310 3005 1351 sich
3029 1311 3156 1351 Achtung
3193 1311 3250 1343 und
3277 1311 3396 1351 Einfluß
3432 1311 3551 1350 dadurch
3585 1321 3620 1350 zu

2776 1356 2947 1396 verschaffen,
2984 1355 3038 1395 daß
3074 1365 3101 1388 er
3140 1356 3187 1388 als
3222 1355 3439 1395 unantastbarer
3462 1357 3537 1395 Herr
3571 1357 3622 1396 auf

2777 1401 2895 1441 eigenem
2920 1401 3023 1433 Grund
3048 1400 3105 1432 und
3138 1400 3237 1433 Boden
3273 1400 3347 1439 steht,
3384 1401 3417 1432 da
3441 1401 3620 1439 Jedermann

2777 1445 2857 1484 weiß,
2881 1445 2936 1483 daß
2960 1454 2988 1477 er
3023 1445 3072 1485 sich
3095 1455 3129 1485 zu
3163 1445 3275 1485 schützen
3310 1446 3435 1485 versteht.
3484 1445 3622 1485 Gefühls¬

2776 1490 2885 1529 duselei,
2911 1490 3124 1530 phrasenhaften
3147 1490 3358 1530 Patriotismus
3382 1490 3430 1531 hat
3457 1491 3551 1523 inan's
3575 1500 3619 1530 ge¬

2776 1534 2881 1573 heißen,
2907 1535 2953 1566 als
2978 1535 3146 1574 tiefinnerste
3168 1534 3382 1575 Ueberzengung
3411 1535 3452 1567 die
3474 1535 3619 1568 Vertreter

2778 1579 2824 1611 des
2847 1579 3063 1619 Bundesrathes
3087 1580 3144 1611 und
3180 1579 3221 1611 die
3245 1579 3400 1619 Verfechter
3434 1580 3521 1619 seiner
3543 1580 3621 1613 Vor¬

2777 1624 2839 1664 lage
2863 1624 2931 1662 dazu
2955 1623 3057 1663 führte,
3084 1624 3125 1656 die
3149 1624 3278 1657 Männer
3301 1624 3348 1656 der
3373 1625 3544 1665 Opposition
3564 1630 3621 1656 von

2778 1669 2867 1708 ihrem
2902 1669 3041 1706 formalen
3078 1669 3275 1707 Standpunkte
3309 1668 3509 1710 abzubringen.
3565 1670 3621 1703 Die

2778 1712 2972 1751 patriotischen
2995 1713 3089 1745 Lieder
3119 1713 3178 1753 sind
3203 1713 3475 1755 Schellengeklingel,
3512 1714 3620 1747 militä¬

2777 1757 2857 1797 rische
2880 1757 2997 1790 Gründe
3022 1758 3080 1797 sind
3103 1757 3309 1799 Säbelgerassel
3342 1768 3378 1790 an
3414 1760 3460 1791 der
3483 1759 3620 1797 Schwelle

2777 1803 2825 1835 des
2847 1802 2966 1841 Jahres,
3002 1802 3031 1834 in
3066 1803 3125 1835 dem
3157 1803 3210 1835 wir
3249 1803 3291 1835 die
3325 1803 3621 1844 fünfhundertjährige

2777 1847 3017 1886 Gedächtnißfeier
3041 1846 3087 1879 des
3110 1848 3204 1888 Tages
3220 1848 3275 1881 von
3292 1848 3472 1887 Sempach
3496 1849 3526 1881 in
3542 1850 3621 1881 Aus¬

2777 1892 2839 1932 sicht
2863 1892 2994 1931 nehmen!
3042 1892 3141 1932 Sagen
3169 1892 3221 1924 wir
3257 1896 3286 1924 es
3321 1893 3383 1932 doch
3419 1893 3524 1926 einmal
3547 1895 3620 1933 offen

2776 1937 2894 1975 heraus,
2921 1936 2973 1968 wir
2995 1936 3173 1976 Eidgenossen
3198 1946 3245 1969 am
3261 1938 3338 1969 Ende
3361 1937 3408 1970 des
3431 1939 3621 1978 neunzehnten

2776 1981 2992 2021 Jahrhunderts
3016 1981 3139 2021 fürchten
3161 1986 3219 2014 uns
3243 1988 3295 2014 vor
3328 1982 3400 2021 jeder
3434 1984 3620 2023 mannhaften

2777 2025 2955 2065 Aeußerung,
2992 2025 3034 2058 die
3056 2035 3090 2065 zu
3117 2026 3224 2066 frischer
3249 2027 3325 2068 That
3361 2028 3506 2066 anspornt.
3553 2028 3618 2060 Und

2777 2074 2806 2103 es
2829 2070 2861 2108 ist
2885 2070 2956 2109 nicht
2979 2079 3043 2109 zum
3060 2070 3161 2102 kleinen
3179 2071 3276 2111 Theile
3293 2071 3371 2110 jenen
3396 2072 3621 2112 Volksschmeich¬

2776 2115 2848 2152 lern,
2873 2114 2968 2154 welche
2991 2115 3022 2146 in
3046 2114 3092 2147 der
3126 2115 3365 2156 allerwichtigsten
3395 2118 3619 2158 Angelegenheit,

2777 2160 2818 2191 die
2851 2161 2945 2198 unsere
2979 2159 3156 2200 selbständige
3180 2161 3302 2200 Existenz
3336 2160 3453 2202 betrifft,
3488 2163 3530 2194 die
3564 2163 3620 2203 sog.

2777 2204 2974 2243 Volksstimnrc
3000 2204 3087 2243 zuerst
3120 2206 3257 2245 anfragen
3291 2206 3402 2243 wollen,
3438 2216 3472 2246 zu
3507 2207 3618 2244 danken,

2776 2256 2858 2281 wenn
2881 2250 2961 2287 unser
2985 2250 3111 2281 wackeres
3136 2249 3353 2289 Schweizervolk
3387 2251 3441 2284 mit
3476 2252 3522 2283 der
3555 2252 3621 2291 Zeit

2776 2294 2807 2326 in
2831 2294 2882 2325 das
2906 2293 3071 2334 Gegentheil
3095 2294 3180 2335 deffen
3205 2295 3410 2335 umgewandelt
3439 2296 3519 2334 wird,
3555 2301 3618 2328 was

2778 2343 2807 2370 es
2831 2338 2937 2378 ehedem
2961 2345 3022 2370 war
3045 2339 3102 2370 und
3126 2343 3188 2371 was
3212 2343 3241 2371 es
3263 2340 3334 2380 sonst
3358 2340 3413 2380 sein
3439 2340 3538 2373 könnte
3561 2342 3618 2373 und

2776 2387 2838 2415 was
2863 2386 2890 2414 es
2915 2383 2969 2418 sein
2992 2382 3079 2422 sollte.

2986 2479 3403 2542 Kidgenossenschast.

2844 2561 2898 2593 Die
2922 2560 3142 2601 schweizerischen
3165 2562 3490 2603 Zolleinnahmen,
3527 2565 3623 2605 welche

2777 2606 2818 2637 im
2842 2605 2993 2644 Dezember
3020 2607 3103 2637 1884
3127 2606 3168 2638 die
3191 2607 3263 2647 sonst
3287 2607 3329 2639 bei
3352 2613 3409 2640 uns
3431 2609 3477 2641 nie
3499 2610 3624 2649 erreichte

2778 2650 2902 2682 Summe
2920 2656 2974 2681 von
2989 2651 3161 2687 2,728,268
3175 2651 3226 2689 Fr.
3246 2652 3357 2692 ergeben
3374 2653 3480 2693 hatten,
3506 2654 3622 2695 beliefen

2777 2694 2827 2734 sich
2850 2695 2888 2726 im
2906 2694 3056 2733 Dezember
3083 2697 3164 2726 1885
3190 2697 3242 2736 auf
3259 2699 3432 2735 2,127,595
3450 2699 3502 2737 Fr.
3528 2700 3624 2737 Dieser

2777 2740 2878 2779 letztere
2893 2740 3001 2779 Betrag
3026 2740 3058 2778 ist
3081 2741 3128 2779 für
3152 2741 3248 2779 unsere
3263 2741 3455 2783 Verhältniffe
3471 2744 3537 2783 noch
3553 2745 3624 2784 recht

2777 2784 2949 2824 ansehnlich;
2974 2784 3125 2825 immerhin
3148 2784 3238 2825 haben
3261 2786 3292 2818 in
3315 2787 3405 2828 Folge
3428 2788 3475 2820 des
3491 2789 3623 2821 Minder¬

2778 2828 2941 2869 ergebnisses
2964 2828 3002 2860 im
3028 2829 3176 2868 Dezember
3200 2830 3242 2861 die
3264 2831 3347 2869 Zölle
3369 2832 3409 2864 im
3432 2833 3512 2873 Jahr
3539 2835 3622 2865 1885

2777 2873 2831 2904 mit
2855 2874 3052 2910 21,063,279
3076 2874 3127 2912 Fr.
3155 2876 3295 2911 600,673
3320 2876 3371 2914 Fr.
3397 2878 3518 2918 weniger
3541 2878 3622 2919 abgc-

2776 2917 2884 2956 worfen
2907 2918 2954 2949 als
2977 2918 3017 2949 im
3041 2918 3193 2958 Vorjahre.

2848 2962 2931 3003 Zieht
2965 2971 3033 2994 man
3068 2963 3099 2994 in
3122 2963 3264 3003 Betracht,
3301 2965 3355 3004 daß
3392 2966 3421 2997 in
3456 2967 3544 3007 Folge
3579 2968 3624 3000 der

2777 3016 2908 3038 enormen
2932 3007 3064 3047 Einfuhr,
3090 3007 3185 3047 welche
3204 3009 3391 3042 unmittelbar
3415 3017 3467 3043 vor
3486 3013 3546 3044 dem
3561 3013 3622 3050 In¬

2777 3052 2939 3091 krafttreten
2978 3052 3024 3083 der
3062 3062 3151 3084 neuen
3185 3053 3357 3095 Zollansätze
3395 3055 3540 3095 stattfand,
3581 3058 3623 3089 die

2777 3096 2902 3128 Monate
2936 3096 3058 3133 Januar
3093 3098 3151 3128 und
3174 3097 3304 3135 Februar
3337 3099 3377 3131 im
3406 3100 3502 3141 Jahre
3539 3103 3622 3133 1885

2777 3140 2876 3181 mäßig
2899 3141 3045 3180 ausfallen
3068 3142 3195 3180 mußten,
3231 3144 3259 3181 so
3293 3144 3361 3184 liegt
3394 3145 3426 3176 in
3449 3146 3545 3185 diesem
3569 3156 3622 3178 un-

2777 3185 2939 3225 günstigern
2962 3185 3206 3226 Jahresrcsultate
3241 3188 3379 3227 durchaus
3411 3190 3501 3229 nichts
3524 3191 3623 3223 Beun¬

2779 3230 2956 3269 ruhigendes,
2982 3231 3016 3261 da
3041 3230 3069 3269 ja
3094 3231 3145 3263 das
3157 3232 3317 3273 Probejahr
3341 3238 3399 3266 uns
3415 3235 3478 3274 doch
3493 3235 3623 3275 bewiesen

2776 3275 2837 3314 hat,
2863 3274 2919 3313 daß
2942 3275 2984 3306 die
3006 3274 3115 3316 jetzigen
3131 3276 3304 3318 Zollansähe
3328 3278 3386 3309 dem
3399 3279 3489 3311 Bund
3505 3280 3623 3320 jährlich

2779 3319 2838 3351 eine
2851 3318 3007 3358 Einnahme
3033 3326 3087 3351 von
3105 3322 3145 3351 20
3155 3319 3190 3359 '/*
3210 3321 3256 3353 bis
3269 3324 3309 3353 23
3323 3323 3483 3356 Millionen
3494 3325 3622 3362 Franken

2777 3363 2887 3403 sichern.
2934 3364 3038 3396 Damit
3071 3364 3103 3404 ist
3132 3365 3199 3404 auch
3223 3367 3272 3404 für
3296 3369 3425 3400 normale
3447 3369 3548 3407 Zeiten
3570 3371 3623 3402 das

2778 3408 2984 3448 Gleichgewicht
3018 3409 3059 3440 im
3094 3409 3315 3452 Bundesbudget
3353 3413 3400 3450 für
3435 3414 3523 3454 einige
3557 3416 3622 3454 Zeit

2776 3452 2930 3492 garantirt.
2977 3452 3043 3485 Wie
3076 3454 3161 3494 lange
3183 3455 3252 3487 aber
3274 3456 3316 3487 die
3339 3457 3438 3495 Zeiten
3463 3460 3520 3490 und
3544 3460 3622 3491 Aus¬

2777 3496 2864 3537 gaben
2888 3498 3016 3528 normale
3040 3497 3148 3530 bleiben
3171 3501 3291 3537 werden,
3328 3501 3360 3540 ist
3396 3502 3501 3542 freilich
3525 3514 3621 3544 gegen¬

2776 3541 2879 3581 wärtig
2903 3543 2988 3573 etwas
3011 3542 3137 3582 fraglich.

2842 3586 2883 3618 Es
2905 3586 2963 3625 find
2988 3587 3167 3626 verschiedene
3191 3589 3351 3629 Umstände,
3387 3592 3483 3631 welche
3513 3602 3568 3624 uns
3594 3594 3623 3625 in

2775 3630 2903 3669 Zukunft
2927 3631 2984 3662 eine
3006 3632 3171 3672 wesentliche
3195 3633 3368 3675 Steigerung
3399 3638 3444 3667 der
3468 3637 3623 3678 Ausgaben

2775 3675 2892 3714 bringen
2909 3675 3038 3707 könnten.
3070 3676 3138 3709 Wir
3161 3678 3259 3709 denken
3283 3678 3368 3718 hiebei
3392 3681 3520 3721 zunächst
3536 3683 3622 3714 weder

2775 3728 2812 3750 an
2837 3719 2879 3750 die
2902 3719 2951 3759 sich
2975 3721 3104 3760 langsam
3141 3722 3323 3762 vollziehende
3347 3725 3550 3766 Umänderung
3573 3728 3621 3759 des

2776 3763 2937 3796 Materials
2970 3765 3017 3796 der
3053 3766 3268 3803 Feldartilleric,
3305 3770 3370 3808 noch
3406 3779 3443 3801 an
3481 3771 3539 3803 eine
3563 3772 3623 3804 Be¬

2776 3808 2973 3849 schleunigung
3012 3810 3058 3841 der
3096 3811 3338 3852 Neubewaffnung
3376 3814 3423 3845 der
3461 3816 3622 3855 Positions¬

2775 3852 2922 3890 artillerie,
2947 3854 3011 3892 noch
3037 3864 3072 3886 an
3098 3855 3138 3886 die
3162 3856 3451 3898 Landesbefestigung.
3485 3860 3570 3892 Denn
3595 3867 3623 3892 es

2775 3897 2825 3937 hat
2849 3898 2899 3928 den
2924 3898 3065 3938 Anschein,
3097 3900 3150 3938 daß
3173 3900 3227 3932 wir
3251 3901 3317 3940 diese
3339 3903 3434 3942 Opfer
3458 3905 3488 3936 in
3516 3907 3623 3946 erträg¬

2774 3942 2860 3980 lichen
2886 3942 3000 3974 Quoten
3032 3943 3163 3982 während
3198 3945 3273 3977 einer
3308 3946 3429 3988 längern
3453 3949 3539 3989 Reihe
3562 3956 3619 3982 von

2777 4037 2834 4067 oder
2852 4038 2892 4066 ein
2923 4038 3129 4069 vorbeiziehendes
3148 4039 3233 4075 Schiff
3265 4042 3418 4079 verfolgend,
3454 4044 3496 4073 bis
3523 4049 3551 4074 es
3580 4054 3623 4074 ain

2775 4077 2908 4112 Horizonte
2925 4078 3084 4111 verschwand.

2828 4117 2879 4145 Am
2898 4117 2997 4146 Abende
3015 4118 3202 4149 versamincltcn
3221 4121 3270 4149 wir
3280 4121 3419 4157 Schweizer
3440 4127 3493 4152 uns
3511 4125 3555 4158 auf
3568 4125 3623 4154 dem

2774 4156 2844 4185 Deck.
2875 4156 2933 4185 Wir
2952 4165 3036 4185 waren
3059 4157 3119 4186 über
3148 4159 3200 4186 120
3228 4161 3264 4188 im
3291 4169 3384 4196 aanzen
3404 4163 3539 4193 Bataillon
3569 4167 3623 4193 und

2774 4197 2856 4231 hatten
2881 4200 2934 4225 uns
2960 4205 2989 4230 zu
3016 4198 3096 4226 einem
3123 4199 3303 4234 g-inüthlichen
3332 4201 3440 4232 Vereine
3470 4205 3623 4239 zusammen-

2773 4236 2870 4270 gethan.
2906 4236 2946 4265 Es
2966 4237 3071 4266 ivurden
3083 4238 3168 4268 Lieder
3186 4240 3320 4274 gesungen,
3339 4243 3520 4276 huinoristische
3532 4245 3623 4274 Dekla¬

2773 4276 2898 4304 mationen
2919 4280 3080 4311 vorgetragen
3102 4280 3156 4308 unt»
3174 4280 3244 4313 selbst
3264 4281 3339 4310 kleine
3354 4283 3510 4315 dramatische
3520 4285 3622 4319 Szenen

2771 4315 2921 4349 ausgcsührt.
2957 4315 3032 4345 Diele
3061 4317 3280 4355 Unterhaltungen
3309 4322 3410 4356 gefielen
3440 4324 3533 4356 unseln
3552 4324 3623 4357 Osfl-

2770 4355 2847 4389 ziercn
2866 4355 2925 4387 sebr,
2954 4356 2991 4385 die
3018 4357 3063 4391 sich
3091 4358 3215 4389 natürlich
3241 4362 3301 4392 auch
3322 4363 3367 4391 ivic
3386 4363 3434 4392 wir
3452 4365 3622 4399 langweilten,

2771 4394 2824 4423 und
2844 4394 2875 4428 sie
2894 4395 2973 4429 ließen
2993 4405 3036 4425 am
3057 4397 3127 4432 Fuß-
3140 4399 3184 4428 des
3202 4400 3383 4435 Hauptmastes
3401 4403 3454 4432 eine
3474 4404 3566 4435 Bühne
3584 4413 3623 4434 er¬

2771 4434 2868 4467 richten.
2887 4443 2932 4464 um
2951 4439 3005 4465 uns
3022 4438 3229 4472 aufzuinuntern.
3265 4440 3347 4475 Jeden
3359 4443 3448 4471 Abend
3469 4444 3509 4472 bis
3523 4445 3576 4478 spät
3595 4446 3622 4473 in

2771 4474 2807 4502 die
2839 4474 2916 4505 Nacht
2948 4475 3032 4510 hinein
3062 4479 3197 4510 wechselten
3227 4489 3282 4509 nun
3311 4481 3548 4519 Gesangsvorträge
3575 4486 3622 4514 mit

2770 4513 2992 4545 Deklamationen.
3027 4517 3085 4547 Alle
3104 4518 3233 4553 Sprachen
3254 4521 3321 4554 hörte
3344 4530 3405 4551 man
3426 4523 3465 4552 da.
3497 4525 3552 4555 Auf
3569 4526 3622 4553 eine

2771 4553 2889 4587 spanische
2908 4555 3039 4591 Romanze
3057 4558 3132 4592 folgte
3151 4560 3190 4588 ein
3211 4560 3370 4594 schwedisches
3389 4563 3548 4598 Trauerlied,
3575 4565 3622 4598 auf

2770 4594 2823 4623 eine
2842 4595 2955 4630 englische
2974 4596 3153 4627 Deklamation
3171 4603 3222 4628 aus
3241 4600 3409 4635 Shakespeare
3434 4604 3488 4632 eine
3510 4605 3622 4637 slavische

2771 4634 2886 4663 Melodie
2904 4635 2962 4664 oder
2981 4637 3020 4665 ein
3043 4638 3151 4672 Tyroler
3169 4639 3275 4674 Jodler;
3294 4641 3365 4675 sogar
3382 4644 3536 4679 Negerlänze
3554 4653 3622 4673 wur¬

2770 4674 2816 4702 den
2836 4683 2887 4703 von
2905 4675 2951 4704 den
2979 4678 3036 4712 zivei
3064 4686 3119 4712 zum
3148 4679 3282 4709 Bataillon
3312 4682 3442 4718 gehörigen
3471 4684 3622 4720 Schwarze»

2770 4713 2924 4749 ausgeführt.

2824 4754 2885 4784 D.n
2902 4756 2928 4784 3.
2947 4755 3055 4790 Januar
3072 4766 3146 4794 gegen
3165 4760 3222 4792 zehn
3234 4761 3286 4792 Uhr
3306 4762 3437 4797 Morgens
3456 4764 3512 4798 hieß
3521 4767 3549 4793 es
3561 4773 3621 4794 vom

2771 4795 2913 4829 Mastkorbe
2933 4795 3049 4829 herunter
3069 4798 3178 4831 „Land".
3216 4800 3289 4830 Alles
3308 4802 3412 4837 drängte
3431 4804 3475 4836 sich
3495 4805 3618 4835 natürlich

2770 4835 2814 4868 aus
2833 4836 2881 4863 das
2899 4835 2960 4864 Deck
2978 4844 3022 4865 um
3041 4845 3069 4872 zu
3089 4839 3157 4870 sehen
3184 4840 3238 4869 und
3265 4849 3293 4875 zu
3322 4842 3426 4877 fragen:
3457 4844 3531 4873 Wo?
3559 4845 3621 4874 wo?

2771 4875 2838 4903 Aber
2856 4875 2914 4907 noch
2933 4876 3038 4905 erblickte
3058 4886 3117 4906 man
3136 4888 3178 4908 am
3188 4880 3324 4915 Horizonte
3336 4882 3409 4911 kauin
3420 4884 3473 4913 eine
3482 4885 3621 4919 graublaue

2771 4914 2840 4943 Linie
2860 4914 2913 4943 und
2934 4916 2978 4947 erst
2999 4917 3172 4953 Nachmittags
3199 4921 3257 4954 zwei
3284 4922 3338 4956 Uhr
3366 4924 3468 4957 langten
3500 4925 3550 4954 mir
3575 4926 3621 4959 auf

2771 4954 2812 4982 der
2830 4954 2899 4988 Höhe
2913 4956 2956 4984 der
2965 4957 3044 4990 Bucht
3061 4966 3110 4987 von
3123 4959 3210 4995 Along
3229 4961 3311 4994 (Laie
3321 4962 3455 4998 d’Along)
3474 4972 3517 4998 an,
3537 4967 3621 4996 welche

2771 4995 2844 5026 durch
2862 4995 2914 5023 eine
2934 4996 3030 5030 Anzahl
3052 4998 3085 5026 iin
3105 4999 3192 5029 Meere
3218 5001 3339 5033 stehender
3358 5002 3444 5037 Felsen
3473 5005 3521 5033 wie
3547 5005 3621 5038 durch

2771 5034 2822 5063 eine
2842 5034 3088 5069 undurchdringliche
3107 5040 3205 5069 Mauer
3233 5049 3308 5075 gegen
3335 5042 3382 5070 das
3412 5043 3487 5072 Meer
3505 5044 3550 5078 hin
3577 5045 3620 5074 ab¬

2770 5073 2910 5108 geschlossen
2930 5075 2968 5108 ist.
3005 5075 3062 5106 Wie
3081 5079 3222 5113 ungeh.ure
3240 5080 3330 5111 Riesen
3360 5082 3441 5116 stehen
3469 5084 3529 5116 diese
3548 5084 3620 5119 Fels-

2770 5113 2845 5147 hlöcke
2863 5114 2902 5147 da.
2922 5115 2973 5148 ihre
2992 5116 3110 5150 schroffm
3123 5118 3221 5148 Mnde
3239 5121 3349 5152 drohend
3360 5121 3439 5156 jedem
3450 5123 3620 5159 Verwegenen

2770 5157 2888 5189 entgegen
2906 5154 3026 5189 streckend,
3057 5157 3100 5187 der
3117 5158 3160 5192 sich
3187 5160 3225 5188 bei
3252 5160 3299 5194 stü,
3305 5162 3416 5194 mischen,
3437 5163 3534 5193 Wetter
3561 5165 3620 5194 oder

2772 5193 2834 5230 ohne
2853 5193 2951 5228 Führer
2969 5196 2995 5224 in
3014 5197 3054 5227 ihr
3064 5196 3199 5233 Labyrinth
3213 5200 3374 5237 hinrinwagt.
3411 5203 3456 5232 Da
3477 5205 3517 5233 der
3528 5205 3620 5240 Dong-

2770 5234 2858 5267 Trieu.
2876 5233 2918 5263 der
2938 5235 3073 5271 Flußarm,
3092 5238 3133 5268 der
3146 5240 3204 5273 nach
3214 5240 3373 5278 .Ha.-Phong
3393 5243 3471 5277 führt,
3490 5244 3533 5279 für
3542 5246 3619 5280 große

2770 5273 2866 5308 Schiffe
2885 5282 2937 5303 nur
2955 5283 2999 5309 zur
3017 5276 3140 5313 Fluchzeit
3158 5279 3260 5313 fahrbar
3278 5281 3317 5315 ist,
3335 5283 3361 5317 so
3379 5283 3489 5313 konnten
3508 5285 3557 5314 wir
3572 5286 3619 5318 erst

2773 5311 2819 5341 den
2838 5313 2970 5349 folgenden
2990 5316 3105 5352 Morgen
3130 5319 3215 5349 weiter
3233 5320 3329 5356 fahren.
3368 5323 3436 5357 Nach
3461 5324 3621 5361 anderthalb-

2382 5521 2407 5550 a

3572 5513 3596 5549 §
