3839 5551
247 141 327 198 M
359 139 445 195 31
485 123 929 204 Morgcnbtatt.

1577 110 1657 184 An
1693 107 1849 180 Mchtt
1885 104 2049 178 Zcitluig
2087 101 2179 165 12t.
2215 97 2431 170 Ichrgaoz.
2724 78 3077 152 Mittwoch,
3104 76 3211 137 81.
3242 73 3505 149 Januar
3536 66 3743 132 1VV3.

417 754 835 796 vld-n»-«entSpretse.
1012 756 1129 779 »«»na«,.

418 779 552 800 «»»»»»
586 799 594 807 .
623 798 631 807 .
651 797 668 807 ..
868 790 898 818 K,
918 792 938 814 s,
951 791 979 812 50
1006 788 1043 815 St.
1058 789 1089 810 10.
1105 798 1126 803 -

237 813 332 839 B«ti«
346 815 407 833 «untn
421 809 453 830 Hi-
467 805 559 831 ZeUuu»
573 798 669 824 abLchalt
682 796 735 818 "'<»

238 823 263 842 ®
276 840 304 863 bo
315 822 332 839 ’
349 837 388 859 in»
403 834 466 861 Ha»i
482 826 577 859 gebracht
629 838 766 846 ■•■••

236 865 354 891 CAiucU
375 861 493 887 Beft-li.mg
507 856 557 878 beim
572 850 628 883 W
628 856 648 872 m
651 855 683 889 7“
685 855 700 871 u
715 875 727 888 n
760 863 767 871 *

269 872 322 914 '"o
376 889 416 913 mit
430 888 501 914 »tju«
514 882 573 905 unter
588 878 654 904 Pt>ua
666 875 737 902 adi-N°
758 890 765 899 .

323 909 425 942 ich,and
447 911 564 940 B-st-ll»»»
584 905 638 927 beim
652 902 744 930 Po,«am«
757 919 762 926 .

239 920 316 1054 g
315 932 527 968 ii,»»«.«-!,»'»
602 932 635 954 d».

321 967 524 998 ten-RegYPlen
603 958 638 981 d».

317 1000 435 1054 ^Lia-I-n
448 1022 485 1043 dl»
499 1013 641 1041 W.NVst-

1057 816 1086 836 ll.
1100 815 1126 836 50

1058 843 1086 862 IS.
1101 842 1127 863 60

1057 869 1087 890 15.
1104 878 1125 884 -

293 1028 337 1049 iriac
346 1028 434 1047 ©taotfB
449 1027 484 1042 oc»
498 1027 523 1040 äu
531 1027 553 1039 n
559 1027 565 1037 ‘
590 1027 602 1035 w
609 1027 621 1038 i*
629 1025 871 1033 ~..
884 1025 888 1028 ■

320 1064 332 1085 5
344 1057 466 1086 »eahvfit.
485 1044 777 1085 Medakiionsvuren»
933 1041 955 1061 i*>

794 836 800 845 .
827 836 834 844 .
875 819 884 845 .
914 819 933 840 «.
948 828 972 833 —

792 862 798 870 .
827 862 832 870 .
876 861 884 872 ,
914 846 933 867 8.
947 845 974 866 50

791 890 797 923 ;
825 889 831 923 !
853 888 932 922 ®it«:
947 908 970 914 -

795 928 817 955 fi.
832 927 851 949 5.
866 926 898 948 w.
915 926 933 947 5.
947 926 973 946 g,

797 971 803 979 .
829 971 836 978 .
863 952 903 975 Kr.
917 953 935 974 L
950 952 978 972 10
1004 949 1043 979 Fr.
1059 950 1089 970 15.
1104 949 1130 970 50

832 997 837 1004 .
850 979 902 1002 «bl.
918 979 935 1000 9
949 979 977 999 0«
1004 975 1057 999 «bl.
1072 977 1091 996 6.
1107 974 1131 996 1*

831 1024 837 1031 .
851 1006 889 1033 Fr.
906 1005 936 1028 Ifc
950 1005 978 1025 50
1006 1001 1044 1031 S-.
1059 1002 1092 1024 »4
1108 1010 1131 1018 -

249 1146 466 1201 Adgekösfischc
493 1142 700 1194 Ukrfichkruos
726 1138 786 1181 und
814 1131 1098 1188 Poppfliiiitmliw.

552 1204 797 1245 (Korrespondenz.)

315 1266 361 1305 In
385 1265 436 1301 der
460 1262 578 1308 Politik
603 1260 680 1297 wird
706 1258 771 1301 doch
797 1257 852 1292 dos
870 1251 1099 1298 Ungereimteste

247 1309 552 1356 zusammengereimt!
599 1305 747 1347 Manches
771 1301 879 1337 erklärt
904 1298 957 1342 sich
983 1296 1096 1341 freilich

249 1360 308 1392 aus
332 1354 393 1388 dem
418 1351 648 1394 doppelseitigen
662 1347 805 1385 Naturell
827 1348 877 1380 der
893 1345 977 1387 Frau
1003 1341 1094 1386 Poli¬

253 1400 322 1440 tika,
358 1397 409 1432 der
433 1395 530 1437 Sach-
555 1391 616 1429 und
641 1394 691 1427 der
716 1388 980 1433 Persouenpolitik,
1035 1386 1098 1420 dem

254 1443 382 1482 Lande--
409 1441 470 1476 und
495 1439 558 1472 dem
582 1432 883 1479 Persoueuintercsse.

322 1488 371 1522 So
394 1485 429 1527 ist
453 1483 525 1525 auch
547 1482 584 1516 da
609 1479 671 1514 und
696 1478 765 1511 dort
788 1476 834 1510 die
858 1475 1010 1509 Kranken-
1036 1473 1098 1507 und

253 1530 561 1575 Unfallversicherung
585 1524 642 1560 mit
666 1522 717 1557 der
739 1518 910 1558 Initiative
949 1517 1001 1558 auf
1038 1516 1103 1550 Re¬

255 1577 350 1617 vision
374 1576 426 1611 der
448 1566 750 1610 Bundesverfassung
774 1563 814 1598 im
841 1560 930 1596 Sinn
952 1560 1002 1594 der
1027 1560 1105 1593 Eui-

247 1620 386 1663 Mrung
410 1620 460 1654 der
484 1611 663 1654 Volkswahl
699 1610 750 1642 des
789 1605 1003 1641 BnndeSrates
1043 1603 1105 1637 und

255 1666 307 1703 der
351 1656 614 1706 Verhältniswahl
661 1653 714 1688 des
762 1649 1001 1685 Nationalrates
1051 1656 1102 1689 zu-

256 1706 549 1751 sammenae-leimt
575 1701 708 1736 worden.
734 1696 786 1729 Ta
803 1693 871 1737 hieß
883 1697 926 1733 eS,
943 1701 1028 1728 wenn
1055 1692 1106 1726 der

259 1749 537 1797 Doppelinitiative
561 1746 609 1781 ein
648 1740 821 1782 Begräbnis
868 1739 954 1778 er>ter
1002 1736 1107 1777 Klasse

260 1799 420 1839 beschießen
443 1796 492 1838 sei,
522 1792 552 1836 so
576 1787 648 1829 stehe
672 1784 831 1826 hmwieder
856 1782 912 1815 das
959 1778 1104 1824 Schicksal

261 1843 313 1879 der
357 1842 509 1878 Kranken-
554 1832 615 1869 und
662 1826 968 1870 Unfallversichernng
1016 1825 1109 1863 außer

261 1887 402 1928 Zweifel.
451 1882 513 1917 Ein
537 1877 660 1912 anderer
684 1872 801 1913 meinte,
851 1870 908 1904 wie
933 1869 1001 1912 klug
1046 1867 1109 1902 und

262 1927 346 1966 weise
369 1928 419 1960 der
443 1921 607 1965 Präsident
630 1919 680 1953 der
713 1914 993 1958 nationalrätlichen
1018 1912 1108 1949 Kom¬

262 1969 380 2012 mission
405 1969 514 2011 gethan
538 1964 619 2006 habe,
665 1961 757 2001 dieses
782 1959 917 1995 Mandat
956 1957 1109 2000 niederzn-

263 2016 355 2058 legen,
404 2013 452 2047 ein
477 2009 587 2045 dritter
625 2016 679 2052 zog
714 2004 874 2049 hinwieder
898 2003 960 2038 eine
1007 2001 1110 2045 gleich¬

267 2058 368 2105 zeitige
389 2055 601 2096 Abstimmung
625 2054 676 2086 der
723 2049 826 2092 sozial-
873 2048 934 2082 und
970 2047 1023 2081 der
1045 2053 1112 2086 per-

267 2101 524 2146 soneiipolitischen
541 2097 667 2140 Reform
686 2094 719 2129 in
737 2094 831 2136 seinen
849 2089 1112 2127 weltüberblicken¬

268 2149 322 2183 den
347 2146 460 2182 Calcnl.
512 2143 574 2178 Ein
599 2139 811 2183 Parteimann,
864 2136 895 2171 in
942 2135 1005 2170 dem
1052 2132 1113 2167 kein

269 2192 400 2234 Tropfen
425 2185 704 2233 staatsmännischen
732 2183 844 2218 BluteS
861 2180 957 2222 fließt,
985 2176 1105 2216 meinte,

270 2237 324 2279 erst
348 2235 435 2276 müsse
457 2233 503 2269 die
549 2230 763 2271 Versicherung
809 2224 866 2260 mit
911 2222 1004 2265 Hülfe
1041 2220 1117 2253 aller

268 2284 357 2315 unter
379 2280 471 2322 Dach,
522 2278 603 2310 dann
629 2274 721 2308 könne
745 2271 794 2304 der
839 2264 1119 2308 Doppelinitiatlve

269 2324 362 2358 kalten
379 2324 492 2358 Blutes
506 2321 556 2356 der
569 2317 687 2361 Prozeß
701 2313 827 2358 gemacht
845 2310 962 2345 werden
974 2318 1008 2342 u.
1024 2316 1052 2341 a.
1069 2315 1110 2340 m.

336 2368 431 2402 Einen
456 2364 669 2410 gemeinsamen
709 2360 779 2401 Zug
818 2354 911 2400 haben
960 2353 1019 2387 alle
1042 2352 1117 2392 diese

267 2413 524 2453 Vvlksansragen,
565 2410 601 2442 ob
625 2407 689 2448 ihre
711 2404 815 2445 Wiege
854 2399 891 2433 in
912 2398 976 2432 dem
1016 2396 1122 2437 parla¬

269 2455 478 2498 mentarischen
502 2453 609 2486 Salon
634 2450 701 2483 oder
739 2447 772 2480 in
810 2446 859 2479 der
906 2441 1121 2483 »«Parlamen¬

271 2499 410 2540 tär',scheu
435 2496 594 2537 Werkstatt
619 2492 701 2534 steht,
736 2489 793 2530 daß
818 2488 849 2522 in
874 2486 940 2519 dem
962 2485 1116 2522 Moment,

272 2548 320 2575 wo
344 2541 379 2582 fre
403 2551 443 2576 an
483 2541 540 2573 das
588 2531 823 2577 Schweizervolk
867 2529 1020 2571 gelangen,
1073 2526 1122 2559 der

272 2584 396 2628 Partei-
420 2585 482 2619 und
506 2577 749 2626 Fraktionsgeist
793 2583 874 2619 zwar
920 2572 999 2613 nicht
1048 2570 1122 2612 ohn-

272 2628 397 2670 mächtig
421 2626 508 2665 wird,
552 2622 713 2667 jedenfalls
754 2620 823 2653 aber
868 2627 907 2650 an
932 2614 1038 2656 Macht
1064 2612 1125 2646 und

273 2673 403 2713 Einfluß
428 2670 559 2705 verliert.
612 2668 658 2700 Es
698 2665 751 2705 hat
775 2664 831 2696 das
855 2660 1055 2701 Referendum
1094 2656 1125 2690 in

271 2716 392 2755 Ziffern
414 2715 538 2753 schwarz
561 2710 615 2749 auf
639 2707 718 2744 weiß
741 2703 914 2745 dargethan,
959 2701 1018 2742 daß
1043 2699 1123 2733 keine

271 2755 389 2798 Partei,
433 2753 505 2794 auch
542 2752 591 2784 die
612 2744 1006 2790 freisinnig-demokratische
1032 2743 1120 2785 nicht,

274 2799 326 2841 auf
354 2799 408 2832 das
435 2792 670 2838 Schweizervolk
695 2792 728 2826 in
753 2791 845 2834 jedem
890 2789 978 2832 Falle
1024 2788 1126 2831 zählen

275 2844 362 2882 kann,
390 2840 534 2884 dasselbe,
585 2836 644 2872 wie
688 2846 759 2869 man
804 2839 883 2868 etwa
920 2833 1005 2875 sagen
1043 2832 1121 2873 hört,

273 2887 439 2929 unbedingt
463 2884 563 2927 hinter
587 2882 640 2925 sich
676 2881 743 2922 hat.
789 2879 845 2920 Ich
870 2876 1002 2910 erinnere
1028 2885 1052 2917 z.
1081 2875 1122 2909 B.

273 2942 313 2967 an
336 2933 388 2965 den
412 2928 540 2972 Wechsel
555 2927 605 2961 der
632 2923 856 2966 „Volksgunst"
882 2921 914 2954 in
931 2921 985 2954 den
1002 2919 1123 2960 Jahren

279 2977 363 3008 1894
385 2976 447 3009 und
474 2974 569 3012 1895,
622 2980 661 3004 an
687 2970 743 3003 den
766 2964 998 3010 parteipolitisch
1024 2963 1126 2997 innert

279 3020 456 3062 Jahresfrist
473 3015 634 3052 diametral
654 3011 895 3055 entgegengesetzt
923 3007 1124 3051 abgegebenen

278 3063 427 3106 Entscheid
450 3064 503 3097 des
529 3060 641 3095 Volkes
667 3058 701 3091 in
725 3058 777 3090 der
799 3053 1011 3095 Abstimmung
1056 3051 1127 3085 über

278 3107 324 3142 die
348 3106 576 3150 Zollinitiative
598 3104 661 3138 und
687 3101 734 3136 die
757 3098 905 3141 Revision
937 3098 988 3131 der
1028 3095 1124 3129 Mili¬

280 3152 431 3187 tärartikel
454 3153 503 3186 der
529 3145 842 3189 Bundesverfassung,
871 3150 931 3176 von
955 3139 1126 3184 derjenigen

277 3196 347 3230 über
369 3196 413 3231 die
453 3190 868 3235 Disciplinarstrafordnung
912 3188 962 3220 der
1007 3185 1125 3224 Armee,

274 3241 375 3283 welche
396 3241 498 3276 innert
522 3237 658 3272 weiterer
682 3232 869 3276 Jahresfrist
890 3230 1027 3272 erfolgte,
1073 3238 1129 3270 gar

272 3286 352 3326 nicht
373 3295 409 3326 zu
432 3286 532 3318 reden.
581 3282 679 3321 Heute
702 3281 765 3315 rot,
814 3284 933 3315 morgen
974 3277 1027 3312 tot,
1069 3273 1126 3304 das

272 3329 337 3362 eine
361 3329 443 3368 Jahr
491 3324 615 3364 Sieger,
664 3321 720 3353 das
746 3318 852 3350 andere
875 3315 1029 3354 Besiegter
1064 3314 1127 3345 und

272 3372 342 3408 doch
366 3378 428 3404 war
453 3373 486 3401 eS
509 3366 587 3407 nicht
612 3362 730 3394 blinder
755 3356 951 3393 Unverstand,
995 3356 1047 3386 der
1071 3355 1125 3385 den

272 3415 306 3457 ja
329 3413 389 3445 und
413 3410 482 3444 nein
530 3403 728 3447 schreibenden
777 3397 863 3441 Stift
910 3397 959 3429 der
1004 3395 1128 3435 Bürger

273 3455 382 3497 führte.

342 3498 387 3531 Es
411 3496 488 3530 kann
512 3491 625 3535 freilich
647 3490 699 3523 der
722 3484 925 3528 Partei-und
940 3483 1126 3525 FraktionS-

275 3540 345 3585 geist
370 3541 438 3582 auch
464 3538 546 3581 schon
571 3536 611 3569 im
636 3532 829 3575 Parlament,
870 3528 995 3568 seltener
1017 3525 1052 3560 in
1075 3525 1125 3558 der

271 3580 605 3623 Lnitiativ-Schmiede
643 3577 724 3617 mehr
750 3575 816 3607 oder
841 3571 970 3612 weniger
1008 3569 1131 3612 hervor-

274 3629 371 3659 treten
394 3627 464 3658 oder
487 3632 566 3664 ganz
587 3618 813 3661 verschwinden.
864 3615 910 3652 In
944 3614 1000 3648 wie
1025 3615 1127 3655 hohem

273 3669 373 3710 Maße
394 3668 461 3702 dies
484 3667 535 3708 für
558 3664 606 3698 die
623 3672 688 3697 nun
710 3669 766 3695 vor
781 3661 840 3693 das
855 3658 934 3693 Volk
946 3658 1128 3701 gelangende

273 3713 424 3750 Kranken-
450 3711 511 3746 und
537 3704 848 3749 Unfallversicherung
899 3703 968 3746 gilt,
1019 3701 1056 3741 ist
1082 3701 1130 3734 be-

275 3759 378 3793 könnt.
418 3757 484 3791 Der
510 3751 703 3795 Parteigeist,
749 3749 865 3791 welcher
889 3747 921 3790 ja
944 3757 994 3780 am
1016 3746 1128 3788 rechten

276 3803 337 3838 Ort
363 3801 424 3837 und
445 3809 499 3843 zur
523 3798 638 3839 rechten
661 3794 732 3838 Zeit
759 3793 805 3827 ein
831 3795 917 3835 guter
942 3790 1035 3833 Geist,
1082 3792 1132 3823 der

278 3847 380 3880 Gutes
401 3844 516 3889 schafft,
545 3842 591 3885 ist,
636 3842 689 3881 hat
728 3842 826 3872 etwas
850 3836 964 3878 gelernt
987 3835 1051 3869 und
1074 3834 1132 3867 das

282 3889 420 3924 Gelernte
443 3889 522 3931 nicht
547 3885 707 3927 vergessen.
733 3880 924 3925 Freisinnige
942 3880 1001 3913 und
1018 3878 1127 3913 Ultra-

281 3937 427 3976 montane,
455 3930 670 3975 Konservative
695 3928 761 3962 und
782 3924 982 3961 Demokraten
1028 3922 1124 3966 haben

1356 818 1496 955 M
1564 807 2096 977 schimMt»
2160 804 2676 970 fjmiklAtt.

3126 742 3495 782 JnsertionSprekser

3058 787 3099 811 P-e
3111 784 3234 813 einfpalllge
3242 784 3344 811 P-lUj-Il-
3359 784 3404 805 ob»
3417 786 3475 806 »treu
3491 783 3563 805 Raum

3002 815 3036 840 f»t
3050 813 3078 835 bit
3095 813 3186 838 Schwei,
3200 815 3226 834 85
3241 812 3289 838 8tp.,
3309 812 3342 837 für
3358 811 3397 832 bas
3411 810 3510 833 «ullanb
3523 811 3551 832 40
3565 809 3613 835 Rp.

2835 843 3009 869 Uotat'änfeiate
3021 843 3047 863 80
3059 841 3094 868 Rp
3112 841 3171 867 (-xkl.
3180 838 3274 868 Finanz-
3289 837 3526 864 u.(ihisfre.Au,eiaen.
3538 837 3603 863 sowie
3615 836 3628 863 s.
3640 834 3782 860 ANie»>«es.)

3145 865 3258 893 Reklamen
3272 865 3414 893 Fr.per
3420 859 3487 891 Bellt

3120 902 3231 928 Uneinige
3248 902 3382 928 3ii|cralcu,
3394 901 3516 925 Uunalune:

2990 951 3043 961 -—
3043 947 3130 956 ---
3165 934 3317 964 Budoif
3332 935 3630 964 JHokbo--

2866 972 3108 1000 ■«neneen-lfipebltioit
3128 971 3163 998 fflr
3177 971 3215 992 alle
3230 969 3391 999 schwelieellcheu
3406 970 3449 991 unb
3465 966 3620 995 anriä»bischen
3637 967 3754 995 Bettungen

3084 1006 3098 1026 5
3111 1004 3237 1031 rheaierstr.
3263 999 3359 1034 Zürich
3388 1001 3504 1028 Soetheftr.
3522 1000 3547 1022 10

1143 1110 1221 1154 nicht
1245 1119 1304 1144 nur
1327 1118 1366 1144 an
1392 1108 1454 1140 dem
1490 1103 1576 1140 Werk
1616 1101 1842 1145 mitgearbeitet,
1894 1097 1990 1141 haben

1145 1156 1214 1199 auch
1240 1154 1271 1189 in
1295 1155 1345 1188 der
1390 1149 1587 1193 Kommission
1633 1147 1700 1190 Sitz
1746 1146 1807 1181 und
1854 1144 1993 1179 Stimme

1145 1199 1261 1245 gehabt,
1292 1198 1329 1240 sie
1353 1197 1418 1242 sind
1444 1195 1512 1238 auch
1537 1193 1639 1237 gehört
1663 1190 1793 1226 worden.
1837 1190 1883 1224 Es
1909 1189 1993 1230 trägt

1145 1247 1201 1281 das
1227 1243 1411 1287 Geschaffene
1436 1237 1657 1276 unverkennbar
1682 1237 1734 1271 den
1760 1234 1901 1277 Stempel
1924 1234 1995 1275 gut-

1145 1286 1486 1335 freundeidgenöfsischer
1510 1282 1616 1320 Arbeit
1655 1291 1689 1325 zu
1729 1279 1835 1323 seinem
1874 1275 1995 1313 Vorteil

1146 1336 1216 1376 und,
1245 1334 1331 1377 sagen
1355 1332 1473 1371 andere,
1516 1326 1661 1370 Nachteil.
1714 1325 1785 1361 Wer
1808 1323 1900 1366 Recht
1924 1322 1988 1365 hat,

1147 1381 1222 1416 kann
1247 1378 1324 1422 nicht
1347 1376 1393 1412 die
1429 1375 1622 1417 Gegenwart,
1668 1371 1743 1406 kann
1782 1379 1841 1404 nur
1865 1368 1912 1403 die
1936 1367 1997 1400 Er-

1147 1426 1276 1469 sahrung
1301 1425 1350 1457 der
1374 1419 1510 1465 Znkunst
1534 1418 1633 1462 sagen.
1683 1416 1754 1451 Das
1793 1411 1996 1457 Referendum

1148 1469 1260 1513 fordert
1285 1467 1378 1510 diesen
1403 1464 1485 1505 Geist
1509 1471 1575 1498 vom
1600 1460 1791 1504 Parlament.

1216 1512 1278 1547 Die
1300 1509 1486 1552 Volksrechte
1510 1506 1659 1551 forderten
1683 1504 1752 1539 aber
1791 1502 1861 1545 noch
1900 1503 1999 1536 etwas

1152 1556 1295 1590 anderes:
1340 1556 1510 1589 Vertrauen
1557 1551 1588 1586 in
1636 1551 1692 1584 daS
1717 1547 1792 1583 Volk
1817 1547 1879 1582 und
1904 1544 1999 1588 dessen

1154 1598 1459 1640 Gleichberechtigung
1483 1596 1537 1631 mit
1561 1596 1624 1630 dem
1648 1594 1828 1636 Parlament
1854 1591 1885 1626 in
1932 1591 1996 1624 dem

1154 1642 1268 1682 Sinne,
1318 1641 1377 1682 daß
1400 1640 1453 1682 sich
1477 1640 1522 1673 die
1546 1636 1805 1681 Parlamentarier
1829 1637 1890 1671 und
1932 1634 1997 1677 ihre

1154 1696 1264 1730 cngern
1289 1682 1531 1726 Streitgenossen
1577 1682 1687 1716 einmal
1709 1681 1800 1723 dahin
1822 1679 1994 1723 bescheiden,

1155 1731 1233 1775 nicht
1257 1730 1405 1773 gescheiter
1429 1727 1498 1770 sein,
1551 1726 1595 1760 die
1622 1725 1717 1767 Sache
1740 1725 1827 1766 besser
1851 1724 1999 1767 verstehen

1154 1787 1190 1820 zu
1215 1775 1332 1815 wollen,
1362 1773 1412 1808 als
1436 1771 1482 1806 die
1510 1768 1884 1811 „unparlamentarischen"
1912 1767 2001 1810 diese-

1155 1819 1418 1861 reudumsbürger,
1448 1815 1548 1858 welche
1572 1813 1705 1855 draußen
1731 1812 1833 1855 stehen,
1862 1811 1929 1846 aber
1946 1812 2003 1845 das

1155 1865 1234 1907 letzte
1256 1864 1319 1898 und
1341 1860 1554 1904 entscheidende
1577 1858 1668 1893 Wort
1691 1855 1796 1900 haben.
1831 1856 1904 1890 DaS
1928 1855 2003 1889 Um-

1156 1908 1285 1952 gekehrte
1311 1907 1343 1949 ist
1369 1910 1429 1941 uns
1455 1903 1652 1948 Federhelden
1676 1900 1787 1945 freilich
1818 1899 2006 1944 gelegentlich

1157 1952 1234 1996 nicht
1259 1951 1373 1986 minder
1398 1948 1546 1992 geläufig!

1224 1997 1269 2031 Es
1296 1995 1370 2030 wird
1394 2003 1460 2036 znm
1485 1992 1683 2035 Referendum
1724 1989 1794 2025 über
1833 1989 1879 2024 die
1927 1988 2005 2023 Ver-

1157 2039 1448 2085 sichcrungsvorlage
1475 2036 1531 2072 mit
1547 2035 1640 2078 Recht
1666 2034 1776 2077 darauf
1792 2032 1999 2076 hingewiesen,

1159 2086 1217 2128 daß
1242 2085 1355 2127 manche
1379 2083 1486 2127 Frage,
1516 2079 1721 2122 Grundfrage,
1751 2078 1813 2119 sehr
1838 2077 2004 2112 diskutier¬

1160 2131 1214 2165 bar
1238 2129 1277 2171 sei
1301 2129 1360 2163 und
1384 2127 1455 2161 eben
1492 2135 1556 2160 nun
1595 2124 1628 2158 in
1652 2121 1831 2165 Diskussion
1880 2121 2000 2156 komme.

1161 2172 1269 2214 Unsere
1294 2169 1552 2213 Parlamentarier
1591 2167 1657 2209 sind
1703 2167 1779 2208 nicht
1826 2166 1930 2208 gerade
1955 2164 2002 2198 be¬

1163 2217 1287 2258 sonders
1310 2212 1482 2256 zugänglich
1505 2212 1554 2252 für
1599 2210 1646 2243 die
1690 2209 1857 2251 Ansichten,
1907 2209 2007 2251 welche

1165 2257 1305 2298 während
1329 2257 1378 2289 der
1402 2253 1509 2288 Arbeit
1532 2252 1695 2293 außerhalb
1740 2253 1792 2285 deS
1836 2253 2002 2294 Rrtsaales

1167 2300 1309 2344 geäußert
1332 2298 1464 2339 werden;
1512 2300 1543 2330 cs
1590 2294 1664 2336 ließe
1687 2294 1739 2336 sich
1764 2295 1831 2335 auch
1856 2295 1940 2335 heute
1963 2296 2012 2328 ein

1168 2344 1299 2380 Liedlein
1346 2343 1443 2377 davon
1490 2340 1603 2382 singen.
1654 2337 1821 2380 Umsomehr
1861 2330 1917 2379 soll
1963 2337 2013 2371 der

1168 2391 1298 2431 Bürger,
1341 2386 1459 2427 welcher
1483 2384 1531 2419 die
1552 2382 1776 2426 Konsequenzen
1815 2381 1865 2415 der
1910 2380 2012 2422 parla-

1170 2431 1374 2474 mentarischen
1392 2430 1511 2471 Lösung
1535 2437 1570 2472 zu
1589 2431 1691 2470 tragen
1717 2427 1777 2469 hat,
1808 2425 1857 2459 der
1881 2425 2011 2467 Bürger,

1171 2479 1288 2520 welcher
1305 2494 1345 2500 —
1362 2475 1448 2518 zahlt,
1468 2473 1570 2515 gehört
1586 2472 1650 2506 und
1665 2470 1827 2513 widerlegt,
1850 2469 2016 2513 aufgeklärt

1171 2523 1233 2558 und
1259 2521 1368 2562 belehrt
1392 2518 1515 2552 werden.

1239 2561 1533 2606 Esgibteine
1569 2558 1892 2603 Versicherung
1929 2558 2012 2592 und

1172 2610 1271 2644 eine
1317 2604 1648 2649 Versicherung!
1672 2605 1723 2647 hat
1748 2607 1780 2637 eS
1818 2602 1917 2645 jüngst
1955 2606 2014 2636 aus

1173 2655 1222 2688 der
1248 2652 1378 2695 welschen
1404 2650 1539 2693 Schweiz
1561 2659 1636 2692 ganz
1658 2647 1830 2689 vernünftig
1847 2657 1887 2681 an
1912 2646 2013 2688 unsere

1174 2698 1276 2740 Ohren
1301 2697 1472 2739 geklungen.
1520 2695 1593 2728 Das
1642 2691 1734 2731 „wie"
1777 2690 1815 2730 ist
1850 2690 1936 2730 heute
1983 2689 2015 2722 in

1172 2743 1280 2785 Frage,
1309 2743 1366 2774 das
1409 2739 1483 2778 „ob"
1525 2736 1564 2779 ist
1583 2735 1681 2777 längst
1726 2733 1916 2776 entschieden.
1965 2732 2018 2766 So

1174 2786 1267 2824 haben
1292 2789 1325 2818 cs
1349 2784 1420 2825 auch
1442 2781 1548 2816 andere
1572 2778 1605 2814 in
1628 2779 1678 2813 der
1713 2780 1811 2821 Frage
1848 2778 1898 2811 der
1945 2776 2022 2810 Ver¬

1174 2830 1368 2871 staatlichung
1394 2827 1443 2859 der
1467 2823 1672 2866 Eisenbahnen
1697 2822 1830 2864 gehalten
1857 2821 1918 2855 und
1942 2820 2022 2862 ihrer

1173 2882 1226 2908 vor
1250 2872 1322 2915 zwei
1345 2870 1464 2913 Jahren
1488 2869 1544 2902 mit
1560 2866 1744 2910 gewaltigem
1762 2865 1855 2907 Mehr
1873 2864 2017 2907 erfolgten

1172 2918 1329 2957 Annahme
1353 2923 1412 2949 nur
1436 2912 1558 2955 deshalb
1603 2910 1794 2953 zugestimml,
1846 2909 1914 2943 weil
1961 2908 2019 2942 das

1173 2962 1352 3002 Parlament
1377 2956 1582 2999 insbesondere
1606 2964 1695 2997 gegen
1741 2954 1794 2988 den
1833 2952 2018 2995 fiskalischen

1173 3004 1307 3044 Betrieb,
1359 3001 1405 3037 die
1429 2999 1686 3043 Verstaatlichung
1725 2997 1775 3032 als
1820 2997 2022 3038 Steuermaß-.

1174 3050 1288 3090 nähme,
1318 3046 1466 3088 Vorsorge
1491 3043 1635 3086 getroffen
1660 3045 1753 3085 hatte,
1791 3041 1825 3076 in
1863 3041 2022 3076 Ueberein-

1174 3093 1338 3135 stimmung
1380 3089 1437 3125 mit
1484 3089 1641 3123 Stimmen
1691 3090 1770 3126 »aus
1807 3086 1872 3119 dem
1896 3084 2021 3120 Volke".

1176 3138 1294 3173 Andere
1317 3135 1410 3177 haben
1434 3134 1539 3167 darum
1579 3132 1626 3165 die
1671 3129 1868 3165 Staatsbank
1912 3130 2023 3163 ander-

1177 3180 1340 3226 gewünscht
1365 3179 1432 3214 oder
1457 3188 1510 3221 gar
1534 3175 1708 3219 verworfen.
1759 3175 1830 3208 Das
1877 3173 1942 3209 Wie
1967 3173 2024 3216 soll

1178 3227 1239 3261 uud
1264 3225 1342 3259 wird
1365 3227 1426 3258 uns
1450 3222 1519 3264 auch
1544 3221 1575 3256 in
1600 3221 1651 3254 der
1695 3218 1930 3262 Durchführung
1976 3219 2025 3251 der

1177 3267 1401 3312 Rechtseiuheit
1425 3266 1621 3309 entscheidend
1650 3263 1720 3307 sein.
1770 3264 1863 3304 DaS
1892 3262 2017 3304 „Wie"

1177 3314 1267 3353 soll
1289 3315 1405 3347 dann
1428 3306 2025 3352 aberauchgeprüftwerden

1177 3354 1361 3393 dürfen,
1412 3362 1498 3388 wenn
1544 3353 1576 3396 eS
1615 3353 1671 3396 sich
1693 3363 1713 3388 u
1727 3352 1753 3388 m
1800 3352 2026 3393 Annahme

1176 3394 1279 3427 oder
1302 3394 1454 3427 Verwe
1477 3396 1613 3436 rsung
1645 3399 1717 3430 der
1741 3394 2027 3439 Doppelini¬

1176 3435 1349 3471 tiative
1373 3436 1573 3478 handelt.
1601 3438 1690 3478 Nicht
1714 3439 1775 3475 daß
1797 3442 1830 3473 eS
1853 3440 1928 3482 diese
1953 3440 2026 3473 oder

1175 3481 1238 3523 jene
1262 3480 1372 3521 Partei
1410 3478 1455 3521 ist,
1507 3478 1607 3520 welche
1652 3479 1700 3512 die
1744 3479 1925 3522 Volkswahl
1970 3483 2023 3515 des

1177 3524 1389 3560 Vundesrates
1413 3523 1475 3557 und
1500 3523 1545 3557 die
1569 3522 1831 3565 Verhältniswahl
1865 3524 1919 3558 des
1959 3525 2025 3558 Na¬

1180 3569 1243 3602 tion
1249 3569 1357 3602 aträte;
1396 3567 1450 3609 auf
1484 3567 1546 3609 ihre
1577 3567 1751 3601 Standarte
1788 3566 1906 3610 schrieb,
1948 3567 2025 3601 wird

1178 3613 1294 3653 manche
1317 3612 1416 3651 leiten,
1454 3611 1573 3652 handelt
1596 3616 1629 3645 eS
1652 3611 1705 3653 sich
1729 3611 1795 3654 doch
1819 3621 1868 3645 um
1894 3611 2024 3646 eminent

1178 3655 1332 3698 politische
1352 3655 1569 3698 Grundfragen
1586 3654 1627 3688 im
1642 3655 1789 3697 weitesten
1812 3656 1925 3698 Sinne,
1954 3655 2022 3699 son¬

1180 3703 1251 3735 dern
1276 3702 1346 3734 eben
1369 3700 1425 3734 das
1450 3699 1518 3734 Wie
1542 3699 1620 3742 ihrer
1643 3699 1774 3742 Lösung.

1248 3745 1294 3779 ES
1319 3743 1408 3787 giebt,
1437 3743 1493 3777 wie
1517 3748 1548 3777 es
1573 3744 1829 3787 Verstaatlichung
1863 3744 1925 3779 und
1949 3744 2025 3780 Ver¬

1180 3789 1383 3831 staatlichung,
1403 3787 1615 3830 Versicherung
1632 3789 1693 3823 und
1706 3788 1916 3832 Versicherung
1934 3789 2023 3832 giebt,

1179 3835 1251 3876 auch
1273 3833 1338 3867 eine
1361 3832 1540 3874 Volkswahl
1563 3834 1625 3866 uud
1648 3832 1712 3867 eine
1736 3833 1924 3877 Volkswahl,
1964 3835 2028 3868 eine

1180 3876 1487 3919 Proportionalwahl
1511 3876 1572 3910 und
1596 3876 1661 3910 eine
1705 3878 2022 3921 Proportionalwahl,

1179 3922 1360 3965 Volkswahl
1383 3922 1438 3955 deS
1462 3921 1673 3955 BnndeSrates
1698 3921 1731 3955 in
1747 3921 1840 3955 einem
1857 3923 2029 3965 Wahlkreis

2042 1095 2102 1131 und
2126 1094 2158 1129 in
2184 1094 2340 1136 mehreren,
2370 1086 2636 1132 Verhältniswahl
2656 1085 2707 1119 des
2724 1083 2889 1119 National-

2041 1144 2124 1175 rateS
2148 1139 2189 1174 im
2213 1138 2345 1176 Kanton,
2397 1136 2447 1170 als
2486 1132 2580 1168 einem
2613 1128 2796 1172 Wahlkreis,
2848 1126 2888 1162 im

2042 1185 2173 1226 Kanton,
2219 1183 2268 1217 der
2291 1180 2451 1225 fakultativ
2476 1177 2507 1212 in
2534 1175 2660 1218 mehrere
2707 1171 2890 1215 Wahlkreise

2042 1230 2148 1273 zerlegt
2173 1228 2287 1262 werden
2313 1225 2388 1260 kann
2414 1223 2474 1259 und
2493 1221 2524 1257 in
2550 1218 2760 1263 Wahlkreisen,
2791 1216 2890 1258 welche

2043 1285 2082 1309 an
2107 1273 2184 1308 keine
2208 1272 2454 1313 Kaiitonsgrenze
2492 1265 2645 1309 gebunden
2692 1262 2767 1306 sind.
2819 1261 2890 1296 Das

2048 1318 2151 1361 „Wie"
2180 1317 2217 1359 ist
2240 1316 2302 1360 hier
2324 1314 2413 1349 alles.

2111 1362 2208 1397 Eines
2232 1369 2289 1396 nur
2314 1359 2400 1400 noch!
2447 1357 2494 1396 In
2541 1355 2635 1389 einem
2660 1352 2762 1394 Punkt
2788 1350 2823 1393 ist
2848 1349 2893 1385 die

2045 1405 2262 1452 eidgenössische
2286 1402 2497 1446 Versicherung
2520 1400 2571 1434 der
2619 1394 2894 1440 Toppelinitiative

2046 1450 2221 1496 entschieden
2245 1448 2331 1490 über;
2378 1447 2425 1482 die
2449 1445 2549 1487 erstere
2597 1443 2633 1486 ist
2658 1442 2687 1476 in
2713 1442 2894 1484 siaatsinän-

2047 1497 2153 1541 nischer
2177 1492 2370 1536 Würdigung
2394 1492 2444 1526 der
2467 1487 2625 1531 Ansichten
2649 1487 2708 1521 und
2754 1483 2895 1527 Wünsche

2047 1543 2120 1577 aller
2144 1539 2309 1584 Patrioten
2333 1547 2367 1580 zu
2394 1535 2493 1578 stände
2509 1534 2684 1576 gekommen,
2714 1530 2762 1565 der
2780 1531 2893 1574 letzlern

2047 1587 2081 1629 ist
2106 1595 2164 1621 nur
2189 1584 2236 1619 die
2259 1582 2330 1623 eine,
2360 1576 2678 1622 alleinseligmachende
2703 1575 2812 1618 Partei
2859 1583 2893 1616 zu

2048 1632 2194 1667 Gevatter
2220 1627 2373 1672 gestanden
2400 1624 2470 1666 und,
2522 1631 2583 1657 wer
2629 1620 2682 1664 sich
2721 1619 2797 1662 sonst
2821 1621 2897 1652 etwa

2047 1677 2114 1720 noch
2153 1676 2204 1710 als
2229 1671 2420 1714 Volkswahl-
2468 1668 2529 1706 und
2576 1662 2897 1710 Proportionalwahl-

2047 1720 2151 1764 sreund
2176 1729 2229 1763 zur
2275 1716 2370 1759 Sache
2418 1713 2549 1756 äußerte,
2602 1710 2735 1754 predigte
2782 1707 2891 1743 tauben

2049 1767 2163 1809 Ohren.
2206 1764 2316 1799 Etwas
2340 1759 2469 1802 weniger
2503 1753 2789 1800 Ausschließlichkeit
2836 1752 2897 1786 und

2050 1808 2230 1852 Parteigeist
2254 1808 2357 1842 könnte
2381 1804 2450 1847 auch
2467 1801 2649 1842 Initianten
2669 1798 2745 1842 nicht
2763 1797 2889 1840 schaden,

2052 1853 2148 1896 zumal
2171 1852 2242 1895 auch
2264 1850 2304 1894 sie
2326 1857 2379 1885 vor
2396 1849 2453 1883 daS
2480 1843 2675 1890 „parteilose"
2703 1842 2780 1878 Volk
2806 1843 2894 1886 gehen

2055 1897 2176 1940 müssen.

2141 1940 2211 1975 Und
2237 1948 2299 1974 nun
2323 1937 2399 1971 wird
2423 1939 2457 1971 eS
2481 1937 2534 1977 gut
2557 1933 2628 1976 fein,
2657 1931 2702 1966 die
2719 1931 2796 1974 eidg.
2816 1929 2893 1963 Ver¬

2055 1985 2202 2030 sicherung
2228 1992 2285 2019 von
2309 1983 2358 2016 der
2397 1976 2675 2024 Doppelinitiative
2722 1976 2782 2010 und
2830 1972 2903 2015 diese

2056 2040 2114 2066 von
2138 2029 2220 2073 jener
2243 2025 2462 2069 losznkoppeln,
2508 2023 2586 2065 nicht
2634 2020 2701 2055 weil
2747 2020 2804 2053 das
2828 2017 2905 2052 Volk

2056 2075 2134 2118 nicht
2157 2074 2190 2109 in
2215 2074 2264 2107 der
2281 2071 2488 2114 Abstimmung
2505 2077 2539 2110 zu
2557 2064 2770 2108 unterscheiden
2788 2063 2897 2104 wüßte,

2056 2119 2179 2161 sondern
2205 2127 2254 2152 um
2280 2115 2324 2151 die
2349 2115 2453 2157 Sorge
2491 2113 2540 2155 für
2569 2110 2669 2146 kranke
2708 2108 2768 2144 und
2815 2107 2904 2150 ihnen

2055 2162 2188 2205 folgende
2212 2160 2388 2202 arbeitslose
2414 2160 2496 2201 Tage
2521 2164 2579 2191 von
2627 2151 2904 2197 parteipolitischem

2054 2204 2298 2251 Chauvinismus
2322 2204 2386 2246 fern
2402 2212 2437 2245 zu
2456 2201 2568 2245 halten.
2598 2202 2664 2235 Res
2680 2209 2774 2233 sacra
2791 2207 2902 2232 unser.

2305 2300 2608 2365 Kanton
2632 2310 2667 2355 e.

2427 2375 2574 2417 Zürich.

2133 2421 2258 2465 (Korr.)
2273 2419 2333 2456 Die
2351 2415 2911 2461 Entschädigung-Pflicht

2066 2469 2116 2503 deS
2135 2467 2271 2501 Staates
2288 2462 2449 2507 gegenüber
2467 2459 2779 2504 strafrechtlich
2805 2458 2914 2494 Ver-

2063 2511 2255 2555 folgten,
2285 2510 2368 2543 deren
2386 2505 2639 2549 Schuldlosigkeit
2655 2504 2775 2539 erkannt
2794 2503 2913 2539 worden

2063 2557 2107 2599 ist,
2136 2554 2170 2596 ist
2196 2553 2228 2588 in
2253 2553 2301 2588 der
2319 2550 2496 2586 kantonalen
2515 2549 2727 2593 Gesetzgebung
2752 2558 2811 2583 nur
2835 2558 2908 2591 ganz

2065 2597 2286 2641 unvollständig
2309 2595 2466 2631 normiert.
2515 2594 2577 2629 Die
2600 2592 2718 2633 Unbill,
2761 2592 2811 2627 die
2834 2593 2911 2626 dem¬

2065 2643 2180 2687 jenigen
2206 2642 2354 2685 angethan
2378 2640 2466 2679 wird,
2509 2639 2558 2672 der
2583 2635 2852 2681 ungerechterweise
2877 2636 2907 2670 in

2067 2688 2129 2721 eine
2153 2685 2466 2727 Strafuntersuchung
2489 2683 2657 2722 verwickelt,
2701 2690 2753 2715 vor
2793 2680 2913 2722 Gericht

2069 2730 2179 2774 gestellt
2204 2730 2272 2764 oder
2296 2727 2381 2770 sogar
2405 2727 2551 2769 verhaftet
2575 2726 2662 2766 wird,
2714 2725 2748 2768 ist
2772 2725 2803 2768 so
2828 2724 2912 2767 groß,

2070 2775 2127 2816 daß
2152 2784 2181 2808 er
2206 2774 2270 2808 eine
2293 2772 2522 2814 Genugthuung
2545 2770 2689 2805 verdient.
2741 2770 2810 2804 Und
2849 2769 2915 2812 doch

2069 2819 2104 2861 ist
2128 2819 2174 2853 die
2198 2819 2306 2862 Frage,
2336 2817 2373 2850 ob
2396 2817 2626 2858 Genugthuung
2665 2824 2699 2858 zu
2732 2814 2829 2856 leisten
2865 2813 2912 2856 sei,

2069 2863 2099 2898 in
2125 2863 2178 2896 den
2197 2862 2315 2904 meisten
2333 2861 2441 2904 Fällen
2459 2860 2511 2895 ins
2528 2859 2677 2902 Ermesse»
2695 2859 2746 2893 des
2763 2858 2917 2901 Gerichtes

2068 2906 2188 2951 gestellt,
2241 2904 2317 2948 und^
2339 2915 2399 2939 nur
2435 2904 2467 2940 in
2492 2905 2545 2940 den
2571 2903 2704 2946 wenigen
2728 2904 2837 2955 Fällen
2862 2912 2917 2937 un¬

2069 2950 2234 2995 gesetzlicher
2258 2949 2450 2991 Verhaftung
2489 2948 2525 2990 ist
2548 2949 2597 2983 ein
2621 2948 2797 2991 subjektives
2821 2947 2912 2990 Recht

2069 2995 2121 3038 auf
2145 2994 2372 3037 Genugthuung
2395 2992 2571 3028 anerkannt.
2622 2992 2675 3026 So
2706 2993 2770 3035 sagt
2795 2992 2866 3028 Art.
2898 2993 2915 3025 7

2070 3042 2119 3074 der
2144 3038 2319 3073 kantonalen
2342 3036 2541 3079 Verfassung:
2592 3035 2800 3079 „Ungesetzlich
2839 3036 2917 3070 Ver¬

2072 3084 2200 3128 hafteten
2226 3083 2261 3125 ist
2284 3090 2348 3116 vom
2372 3082 2473 3116 Staat
2508 3080 2704 3124 angemessene
2743 3080 2917 3123 Entschädi¬

2073 3138 2156 3171 gung
2178 3127 2247 3162 oder
2271 3126 2497 3169 Genugthuung
2521 3135 2555 3168 zu
2591 3125 2725 3165 leisten."
2774 3125 2823 3163 In
2860 3124 2915 3159 den

2072 3173 2190 3216 Fällen,
2244 3171 2277 3206 in
2300 3170 2390 3205 denen
2414 3171 2562 3212 Personen
2588 3169 2733 3212 verhaftet
2781 3168 2908 3210 werden,

2072 3219 2158 3251 deren
2182 3215 2378 3258 Verhaftung
2412 3215 2466 3258 sich
2489 3215 2573 3257 durch
2599 3216 2656 3249 das
2694 3213 2788 3256 Gesetz
2829 3214 2918 3255 recht-

2071 3260 2196 3304 fertigen
2222 3260 2298 3302 läßt,
2329 3259 2427 3302 später
2451 3258 2519 3293 aber
2553 3259 2603 3292 als
2640 3258 2785 3292 mat'riell
2825 3267 2917 3300 unge¬

2076 3304 2257 3347 rechtfertigt
2280 3303 2332 3345 sich
2357 3303 2556 3345 herausstellt,
2586 3303 2693 3345 besteht
2715 3302 2792 3337 keine
2815 3301 2913 3345 gesetz¬

2073 3351 2127 3391 lich
2144 3349 2302 3383 normierte
2318 3347 2683 3390 Entschädigungspflicht
2700 3347 2750 3381 des
2767 3348 2912 3382 Slaates.

2141 3394 2220 3436 Nach
2246 3394 2265 3435 tz
2291 3393 2353 3424 776
2378 3392 2429 3425 des
2455 3391 2584 3434 Gesetzes
2609 3392 2683 3426 betr.
2726 3391 2771 3426 die
2794 3391 2917 3434 Rechts¬

2073 3438 2170 3482 pflege
2193 3438 2287 3480 habe»
2313 3436 2367 3479 sich
2389 3435 2436 3470 bei
2459 3435 2639 3480 Sistierung
2686 3435 2765 3470 einer
2810 3436 2917 3471 Unter-

2074 3483 2203 3525 snchung
2228 3481 2339 3523 sowohl
2361 3482 2410 3515 der
2434 3480 2555 3522 Antrag
2579 3481 2630 3515 der
2663 3480 2919 3523 Anklagebehörde

2074 3526 2126 3561 als
2150 3527 2198 3560 der
2224 3525 2374 3568 Entscheid
2398 3525 2451 3559 de-
2475 3524 2630 3567 Gerichtes
2654 3525 2780 3559 darüber
2812 3529 2923 3568 auszu¬

2073 3570 2216 3613 sprechen,
2261 3570 2297 3605 ob
2320 3571 2382 3604 dem
2405 3568 2671 3613 Angeschnldigten
2695 3569 2743 3610 für
2767 3569 2813 3605 die
2837 3569 2923 3612 durch

2072 3613 2121 3648 die
2143 3615 2367 3658 Untersuchung
2392 3614 2451 3657 ihm
2467 3614 2667 3657 verursachten
2685 3613 2837 3648 Umtriebe
2861 3614 2923 3649 eine

2071 3657 2317 3702 Entschädigung
2340 3669 2377 3703 zu
2400 3659 2488 3702 geben
2526 3658 2574 3702 sei.
2624 3658 2703 3693 Eine
2748 3658 2922 3701 Entschädi-

2072 3703 2280 3746 gungspflicht
2304 3704 2339 3746 ist
2363 3704 2427 3746 also
2449 3703 2526 3746 nicht
2549 3702 2697 3745 statuiert,
2724 3703 2848 3743 sondern
2866 3703 2922 3736 das

2073 3746 2193 3788 Gericht
2217 3747 2388 3790 entscheidet
2411 3748 2483 3791 nach
2507 3747 2606 3790 freiem
2631 3747 2788 3789 Ermessen,
2819 3745 2854 3780 ob
2879 3751 2911 3780 eS

2073 3790 2136 3825 eine
2160 3784 2401 3834 Entschädigung
2424 3793 2592 3834 zmprechen
2617 3791 2704 3827 wolle
2731 3792 2798 3826 oder
2825 3790 2915 3833 nicht.

2074 3835 2154 3877 Nach
2178 3836 2345 3877 konstanter
2360 3835 2478 3877 Praxis
2494 3836 2592 3878 erhält
2608 3837 2659 3871 der
2676 3835 2918 3879 Angeschnldigte

2076 3889 2135 3914 nur
2159 3880 2240 3914 dann
2263 3880 2325 3914 eine
2348 3879 2599 3923 Entschädigung,
2629 3886 2716 3914 wenn
2732 3890 2762 3914 er
2779 3882 2924 3916 entweder

2075 3924 2221 3967 verhaftet
2246 3932 2309 3959 war
2334 3924 2400 3959 oder
2423 3933 2511 3959 wenn
2534 3925 2596 3968 ihm
2620 3924 2707 3968 durch
2731 3924 2778 3960 die
2812 3925 2924 3960 Unter-

2938 1080 3066 1123 snchung
3090 1077 3247 1122 erhebliche
3269 1075 3422 1112 Umtriebe
3445 1073 3610 1117 verursacht
3650 1071 3785 1108 wurden.

2939 1127 2959 1168 8
2985 1126 3049 1158 905
3074 1125 3125 1159 deS
3160 1123 3283 1166 gleichen
3331 1120 3462 1164 Gesetzes
3506 1120 3620 1154 lautet:
3670 1117 3786 1159 „Unter

2938 1170 3119 1211 Umständen
3145 1169 3220 1203 kann
3246 1166 3337 1201 einem
3379 1163 3639 1207 sreigefprochenen
3686 1162 3787 1203 Ange¬

2939 1215 3054 1258 klagten
3079 1214 3148 1256 auch
3175 1212 3239 1247 eine
3261 1210 3503 1254 Entschädigung
3528 1208 3577 1251 für
3624 1208 3685 1250 ihm
3723 1213 3789 1239 ver-

2940 1260 3067 1303 »rsachte
3092 1257 3244 1294 Umtriebe
3267 1260 3325 1291 anS
3343 1257 3393 1290 der
3411 1253 3605 1296 Staatskasse
3622 1250 3791 1295 gesprochen

2938 1304 3088 1339 werden."
3134 1301 3225 1343 Diese
3250 1300 3456 1343 Bestimmung
3481 1299 3515 1339 ist
3539 1298 3608 1339 noch
3626 1297 3685 1331 viel
3700 1303 3791 1338 vager

2940 1350 2990 1384 als
3016 1347 3159 1391 diejenige
3184 1354 3241 1380 von
3269 1346 3287 1387 8
3316 1346 3391 1380 776.
3420 1344 3466 1378 Es
3489 1343 3525 1384 ist
3541 1341 3722 1384 vollständig
3739 1340 3790 1374 inS

2941 1393 3084 1429 Belieben
3109 1393 3160 1427 des
3187 1390 3340 1434 Gerichtes
3366 1388 3486 1431 gestellt,
3532 1387 3597 1421 eine
3621 1383 3795 1429 Entschädi¬

2941 1448 3023 1482 gung
3047 1447 3080 1481 zu
3107 1437 3196 1479 geben
3221 1436 3288 1470 oder
3335 1433 3424 1476 nicht.
3476 1430 3669 1475 Gewöhnlich
3716 1429 3794 1464 wird

2942 1485 3005 1518 dem
3031 1482 3243 1524 Angeklagten,
3296 1487 3382 1514 wenn
3423 1477 3498 1519 seine
3538 1473 3789 1520 Schuldlosigkeit

2943 1528 3067 1563 erkannt
3091 1527 3126 1569 ist
3151 1526 3213 1562 und
3237 1534 3267 1559 er
3291 1526 3338 1559 ein
3387 1520 3790 1565 EntschÜdignngsbegehren

2943 1572 3032 1613 stellt,
3076 1579 3142 1605 vom
3168 1569 3288 1612 Gericht
3313 1570 3377 1603 eine
3423 1566 3664 1611 Entschädigung
3710 1573 3794 1607 zuge¬

2944 1617 3088 1660 sprochen.
3125 1615 3191 1650 Vor
3216 1615 3326 1657 kurzem
3353 1612 3388 1655 ist
3412 1617 3443 1647 es
3469 1612 3536 1646 aber
3561 1610 3791 1653 vorgekommen,

2944 1662 3004 1704 daß
3029 1661 3075 1695 ein
3115 1658 3317 1704 zürcherisches
3365 1656 3486 1700 Gericht
3532 1655 3624 1690 einem
3671 1653 3792 1698 Freige¬

2945 1706 3116 1748 sprochenen
3140 1708 3200 1739 aus
3224 1704 3286 1738 dem
3313 1702 3439 1737 Grunde
3464 1701 3540 1736 keine
3558 1698 3799 1743 Entschädigung

2947 1753 2995 1793 für
3021 1749 3253 1793 ausgestandene
3277 1748 3354 1792 Haft
3380 1746 3445 1789 gab,
3491 1745 3558 1781 weil
3583 1755 3614 1780 er
3637 1749 3670 1779 es
3694 1746 3797 1779 unter¬

2946 1795 3038 1839 lassen
3084 1796 3175 1839 hatte,
3216 1793 3264 1829 ein
3311 1790 3715 1835 EntschÜdignngsbegehren
3762 1796 3798 1831 zu

2944 1841 3056 1882 stellen.

3014 1886 3060 1919 Es
3084 1884 3121 1926 ist
3143 1882 3353 1926 verdienstlich,
3406 1881 3464 1924 daß
3489 1881 3538 1916 der
3563 1876 3802 1923 Schweizerische

2948 1928 3188 1970 Juristenverein
3213 1927 3259 1961 die
3281 1928 3381 1970 Frage
3427 1927 3477 1960 der
3523 1923 3801 1967 Entschädigungs¬

2950 1973 3052 2017 pflicht
3077 1970 3238 2015 gegenüber
3264 1970 3466 2014 strafrechtlich
3491 1969 3669 2012 Verfolgten
3715 1966 3802 2008 durch

2952 2017 3145 2060 Aufstellung
3191 2016 3270 2050 einer
3324 2014 3545 2058 Preisansgabe
3591 2014 3662 2048 über
3708 2010 3801 2054 dieses

2953 2063 3068 2107 Thema
3092 2072 3145 2106 zur
3169 2060 3350 2104 Diskussion
3377 2060 3509 2103 gebracht
3535 2059 3598 2102 hat.

3319 2120 3455 2156 Luzern.

3007 2171 3054 2203 (G
3065 2169 3154 2203 Korr.)
3192 2167 3248 2197 Wie
3267 2168 3294 2197 tu
3313 2168 3356 2197 der
3377 2167 3430 2202 „N.
3448 2167 3482 2203 Z.
3501 2166 3580 2202 Ztg."
3600 2165 3693 2196 bereits
3712 2162 3806 2193 notiert

2956 2210 3061 2240 worden
3079 2209 3118 2243 ist,
3138 2209 3203 2238 ivird
3222 2216 3266 2237 am
3284 2208 3399 2243 nächsten
3421 2207 3596 2243 „schmutzigen
3612 2202 3802 2238 Donnerstag"

2955 2252 3013 2285 (2L.
3023 2249 3146 2285 Februar)
3160 2249 3187 2278 in
3202 2247 3295 2283 Luzern
3315 2256 3370 2277 nun
3381 2248 3439 2281 doch
3457 2248 3498 2277 ein
3516 2247 3636 2283 größerer
3655 2243 3811 2282 Fritschi-

2954 2299 2965 2325 3
2977 2298 2995 2319 u
3005 2298 3021 2324 g
3053 2289 3212 2324 stattfinden,
3244 2288 3345 2321 welcher
3364 2287 3455 2317 Bilder
3487 2290 3538 2317 aus
3555 2288 3614 2316 dem
3641 2275 3809 2322 luzernischen

2954 2329 3036 2359 Leben
3054 2337 3085 2364 zu
3115 2329 3224 2364 Anfang
3256 2328 3336 2362 dieses
3367 2326 3569 2362 Jahrhunderts
3600 2326 3707 2362 bringen
3736 2324 3810 2354 wird.

2954 2370 3027 2398 Man
3048 2369 3134 2398 wollte
3153 2369 3205 2398 daS
3225 2368 3381 2403 neunzehnte
3401 2368 3587 2402 Jahrhundert
3607 2367 3670 2402 nicht
3689 2373 3717 2402 zu
3735 2365 3808 2394 End«

2956 2409 3037 2443 gehen
3054 2408 3143 2443 lasten,
3161 2408 3229 2441 ohne
3246 2409 3295 2437 den
3313 2408 3424 2438 Bruder
3430 2408 3534 2443 Fritschi
3552 2408 3619 2442 nicht
3636 2407 3698 2441 noch
3716 2404 3814 2435 einmal

2960 2447 3009 2476 mit
3029 2448 3134 2481 großem
3153 2447 3265 2482 Gefolge
3283 2447 3463 2483 vorzuführen.
3503 2447 3567 2478 DaS
3602 2448 3765 2484 Programm
3784 2444 3814 2480 ist

2962 2486 3081 2521 offenbar
3099 2487 3162 2519 recht
3180 2489 3227 2520 gut
3245 2488 3364 2521 geivählt,
3383 2488 3417 2516 da
3436 2491 3465 2517 eS
3483 2489 3531 2518 den
3545 2487 3651 2521 Beginn
3670 2488 3717 2517 deS
3729 2485 3815 2520 Jahr¬

2962 2526 3090 2561 hunderts
3110 2526 3158 2555 mit
3189 2526 3247 2555 dein
3267 2526 3340 2555 Ende
3370 2526 3500 2560 desselben
3524 2527 3665 2562 verknüpft.
3704 2525 3761 2556 Wie
3781 2524 3815 2559 ich

2961 2566 3032 2602 höre,
3052 2566 3116 2596 wird
3138 2565 3233 2601 speziell
3252 2566 3290 2596 die
3309 2566 3559 2602 militärische
3576 2568 3687 2602 Gruppe
3704 2566 3749 2602 sich
3767 2565 3812 2595 al«

2962 2606 3070 2642 „Clou"
3101 2607 3148 2635 deS
3178 2606 3391 2643 KarnevalzugeS
3423 2607 3603 2642 präsentieren.
3640 2607 3693 2637 Die
3711 2606 3816 2641 Leitung

2960 2647 3040 2680 dieser
3060 2646 3168 2682 Gruppe
3188 2646 3248 2681 liegt
3269 2647 3295 2676 in
3315 2647 3383 2677 einer
3403 2648 3516 2678 eminent
3535 2647 3715 2683 sachkundigen
3728 2646 3815 2682 Hand.

2962 2686 3038 2716 Man
3068 2687 3134 2716 wird
3165 2689 3217 2717 aus
3247 2687 3295 2716 den
3327 2686 3527 2723 schweizerischen
3547 2688 3731 2724 Zeughäusern
3750 2687 3817 2716 alles

2964 2726 3163 2762 herbeischaffen,
3196 2735 3243 2756 um
3272 2728 3311 2757 ein
3332 2731 3449 2763 getreues
3468 2728 3532 2758 Bild
3552 2729 3599 2757 deS
3619 2727 3819 2764 schweizerische«

2963 2767 3089 2796 Mititärs
3107 2770 3160 2796 aus
3178 2767 3237 2796 dem
3255 2767 3341 2801 Jahre
3353 2770 3423 2795 1800
3433 2768 3605 2804 herzustellen.
3623 2768 3700 2803 Diese
3709 2767 3820 2801 Gnippe

2965 2807 3051 2841 dürfte
3070 2807 3114 2842 sich
3140 2807 3216 2841 somit
3235 2808 3278 2837 als
3297 2808 3336 2837 die
3355 2812 3437 2844 great
3456 2811 3607 2839 attraction
3635 2809 3682 2839 des
3705 2807 3819 2844 Fritschi-

2964 2850 3043 2884 zugcs
3061 2848 3187 2882 erweisen.

3018 2888 3071 2917 Die
3090 2888 3353 2923 kommend«Saison
3367 2890 3433 2919 wird
3452 2890 3505 2920 drei
3524 2898 3615 2920 neue
3634 2888 3820 2926 prächtig,

2965 2928 2996 2959 G
3005 2936 3022 2957 a
3032 2928 3053 2962 st
3062 2929 3078 2962 h
3088 2928 3104 2958 ö
3114 2929 3124 2962 f
3136 2937 3150 2958 e
3178 2928 3208 2957 in
3237 2929 3341 2963 unserer
3372 2929 3645 2965 Fremdenmetropolc
3674 2929 3822 2963 vorsinden.

2965 2969 3014 2999 Da
3033 2969 3063 3003 ist
3082 2968 3195 3004 zunächst
3214 2968 3256 2997 der
3276 2977 3328 2998 von
3358 2969 3403 2998 der
3433 2970 3674 3006 Aktiengesellschaft
3705 2967 3821 3006 Hotel

2965 3009 3159 3039 National
3179 3008 3285 3043 erstellte
3304 3010 3481 3047 Neubau,
3501 3012 3603 3045 welcher
3623 3012 3670 3041 mit
3689 3012 3745 3041 dem
3764 3009 3819 3038 bis¬

2964 3049 3068 3084 herigen
3086 3049 3165 3084 Hotel
3182 3049 3258 3083 durch
3278 3050 3327 3079 das
3347 3050 3419 3084 schon
3438 3059 3485 3081 vor
3514 3052 3573 3088 zwei
3591 3052 3697 3086 Jahren
3716 3050 3821 3086 gebaute

2963 3089 3109 3124 einstöckige
3125 3089 3287 3124 Restaurant
3305 3090 3453 3121 verbunden
3473 3092 3512 3126 ist.
3543 3092 3601 3122 Der
3620 3092 3739 3126 Neubau,
3759 3090 3820 3119 wel¬

2963 3130 3017 3163 cher
3035 3129 3073 3158 im
3091 3129 3167 3159 Stile
3186 3130 3235 3158 des
3265 3130 3413 3166 bisherigen
3431 3133 3527 3167 Hotels
3557 3133 3622 3168 (sog.
3641 3130 3822 3163 Louvre-Stil)

2963 3169 3083 3205 gehalten
3101 3169 3140 3204 ist,
3160 3169 3227 3199 wird
3246 3170 3291 3199 als
3309 3173 3509 3207 kamil^llouse
3528 3173 3702 3209 eingerichtet;
3720 3180 3746 3202 er
3764 3174 3819 3201 ent¬

2968 3209 3025 3245 hält
3046 3212 3096 3238 100
3115 3210 3236 3245 Zimmer
3253 3211 3305 3240 und
3320 3211 3432 3241 Salons
3452 3214 3506 3242 und
3517 3216 3550 3241 40
3562 3213 3821 3250 Privatbadzimmer.

2966 3250 3014 3280 Da
3035 3251 3085 3279 das
3103 3250 3180 3285 Hotel
3190 3250 3321 3281 National
3341 3251 3385 3286 sich
3405 3253 3537 3290 unstreilig
3557 3262 3610 3283 von
3629 3255 3724 3288 unsern
3743 3253 3822 3287 sämt¬

2965 3291 3046 3324 lichen
3065 3290 3211 3325 Gafthöfen
3229 3291 3274 3320 der
3292 3292 3496 3328 bevorzugtesten
3515 3293 3580 3329 Lage
3598 3295 3703 3329 erfreut,
3738 3294 3772 3322 da
3792 3296 3822 3322 cs

2965 3331 3005 3360 die
3023 3331 3187 3366 Hauptfront
3206 3331 3265 3360 denr
3283 3332 3394 3367 prächtig
3414 3335 3556 3370 gelegenen,
3593 3334 3638 3367 für
3665 3336 3713 3364 den
3731 3333 3818 3368 Fuhr-

2964 3371 3133 3405 wcrkoerkehr
3152 3371 3331 3407 geschlossenen
3350 3372 3428 3402 Quai
3448 3375 3554 3409 gleichen
3574 3374 3697 3405 Namens
3715 3374 3822 3410 zukehrt,

2965 3412 2991 3444 so
3011 3411 3078 3440 wird
3096 3415 3126 3441 eS
3145 3411 3205 3446 auch
3226 3413 3282 3442 dem
3303 3414 3482 3449 vergräßerten
3493 3415 3687 3450 Etabliffement
3699 3424 3734 3445 an
3747 3418 3820 3450 guter

2966 3452 3099 3487 Frequenz
3117 3452 3182 3484 nicht
3200 3453 3293 3485 feh.en.
3321 3454 3400 3484 Beim
3421 3455 3546 3491 Bahnhof
3567 3457 3672 3491 erheben
3691 3455 3737 3490 sich
3754 3456 3823 3484 links

2967 3492 3021 3521 und
3041 3492 3120 3524 rechts
3139 3500 3201 3521 vom
3222 3493 3301 3527 Hotel
3311 3493 3458 3531 Monopol,
3477 3496 3582 3530 welches
3592 3497 3677 3531 letzten
3692 3496 3824 3526 Sonrmcr

2968 3534 2996 3563 in
3015 3531 3118 3561 Betrieb
3137 3532 3220 3568 gesetzt
3240 3534 3335 3569 wurde,
3367 3535 3428 3569 zwei
3460 3544 3523 3566 neue
3543 3536 3679 3572 Gasthöfe,
3712 3536 3821 3569 nämlich

2968 3572 3019 3602 das
3038 3572 3364 3608 Bahnhof-Hotel
3395 3575 3443 3604 des
3473 3577 3558 3612 Herrn
3579 3577 3625 3606 Bl.
3645 3577 3738 3611 Muth,
3768 3576 3823 3605 eine

2970 3611 3058 3642 Baute
3088 3612 3125 3642 im
3152 3612 3281 3647 deutschen
3300 3614 3520 3651 Renaiffancestil,
3549 3617 3606 3646 und
3636 3617 3680 3647 der
3710 3616 3823 3651 kleinere,

2969 3652 3032 3682 aber
3068 3653 3173 3687 schmuck
3207 3654 3263 3682 und
3300 3654 3353 3689 fein
3383 3654 3430 3689 sich
3457 3657 3659 3691 präsentierende
3695 3656 3825 3687 Wald-

2970 3694 2991 3728 st
3001 3693 3017 3721 ä
3028 3696 3037 3722 t
3048 3697 3058 3721 t
3069 3702 3081 3722 e
3090 3702 3103 3723 r
3113 3694 3129 3726 h
3140 3702 3155 3722 o
3166 3693 3175 3728 f
3194 3694 3241 3722 des
3254 3695 3339 3730 Herrn
3353 3695 3648 3733 Bierbrauereibesitzers
3658 3698 3824 3727 Endemann.

2969 3733 3024 3762 Als
3042 3733 3164 3763 Direktor
3193 3735 3241 3763 de?
3270 3735 3368 3770 lrhtern
3398 3738 3486 3767 wurde
3506 3739 3573 3774 Herr
3590 3739 3746 3774 Hierholzcr,
3770 3738 3819 3766 den

2967 3772 3098 3808 Zürcher«
3118 3774 3161 3803 als
3181 3774 3297 3808 früherer
3315 3776 3438 3807 Direktor
3458 3779 3502 3807 deS
3529 3779 3606 3814 Hotel
3627 3779 3752 3813 Uetliberg
3783 3779 3824 3806 be¬

2968 3814 3055 3847 kannt,
3074 3813 3188 3848 berufen.
3216 3814 3269 3843 Die
3288 3816 3341 3845 drei
3362 3825 3445 3846 neuen
3466 3818 3590 3853 Gasthöfe
3610 3819 3704 3855 mögen
3722 3818 3822 3854 zusam-

2969 3860 3029 3883 men
3048 3855 3099 3881 350
3118 3854 3160 3884 bis
3179 3856 3232 3882 400
3251 3854 3464 3890 Fremdenbetten
3482 3859 3624 3892 enthalten.

3023 3893 3109 3923 Leider
3127 3895 3230 3924 werden
3248 3895 3288 3925 die
3306 3896 3457 3930 Aussichten
3475 3899 3518 3933 für
3536 3899 3575 3928 die
3602 3899 3698 3933 nächste
3719 3898 3821 3932 Saison

2969 3933 3035 3967 nicht
3054 3935 3098 3964 als
3130 3935 3184 3970 sehr
3214 3935 3330 3972 günstige
3349 3937 3490 3972 betrachtet.
3527 3938 3585 3970 Der
3602 3939 3680 3975 Krieg
3699 3940 3726 3970 in
3745 3939 3822 3969 Süd-

313 4091 331 4117 .
553 4049 861 4122 Ieuillelon.

304 4161 413 4196 Edgar
434 4160 533 4190 Allan
554 4158 623 4192 Poe
649 4155 712 4186 und
739 4152 881 4186 Charles
902 4151 1110 4181 Baudelaire.

437 4209 491 4238 Ein
512 4208 671 4242 Phänomen
699 4203 744 4232 der
766 4199 974 4233 WeltliUrratur,

622 4249 719 4285 erzählt
745 4254 798 4276 von

566 4294 682 4324 Louis
711 4291 745 4327 P.
776 4290 857 4325 Betz.

333 4348 487 4382 Immerhin
507 4349 597 4377 ivurde
615 4350 671 4382 Poe
691 4350 756 4384 nicht
776 4348 823 4378 mit
841 4346 921 4376 einem
941 4343 1054 4377 Schlage
1082 4344 1133 4372 da?

275 4387 397 4422 poetische
431 4388 501 4422 Idol
538 4387 722 4419 BaudclaireS.
781 4388 904 4422 Anfangs
954 4391 999 4417 zog
1050 4382 1133 4413 diesen

277 4434 331 4457 nur
349 4428 400 4455 das
417 4427 603 4463 verblüffende,
623 4428 674 4457 bas
694 4428 721 4460 so
738 4437 802 4464 ganz
820 4424 981 4461 Eigcuanige
1000 4421 1025 4450 In
1059 4421 1132 4454 Poes

278 4467 466 4502 Echövfimgen
486 4475 530 4496 an.
569 4468 628 4496 Der
645 4467 787 4502 Knnstkerg
797 4468 826 4497 e!
840 4467 858 4502 st
887 4463 966 4497 fühlte
997 4461 1041 4496 sich
1073 4469 1131 4497 zum

274 4507 399 4540 Künstler
416 4509 590 4541 hmgezogen;
611 4507 661 4536 das
679 4508 804 4541 Künstler
814 4509 884 4540 herz
897 4504 962 4536 hatte
994 4501 1038 4536 sich
1070 4502 1131 4534 noch

274 4547 343 4581 nicht
371 4548 485 4583 ergeben.
533 4546 631 4581 Zunft
661 4546 705 4580 sah
736 4556 766 4576 er
791 4546 854 4579 bloß
871 4544 920 4576 sein
939 4542 1051 4577 Sehnen
1070 4542 1131 4574 nach

276 4588 385 4622 Neuem,
402 4587 625 4621 Absonderlichem
638 4586 772 4621 befriedigt
790 4601 823 4607 —
835 4586 1000 4621 planer....
1014 4592 1052 4612 an
1066 4584 1130 4611 fand

276 4630 310 4657 de
328 4630 469 4657 rinconnn
490 4637 561 4664 poar
580 4630 693 4655 trouver
712 4627 748 4653 dn
761 4625 911 4654 nouvean.*
927 4637 958 4643 —
969 4622 1017 4652 So
1030 4622 1131 4656 schreibt

279 4675 305 4696 er
321 4668 345 4697 in
366 4670 409 4697 der
426 4668 524 4696 Neniei,
543 4666 705 4699 Einleitnng,
726 4665 767 4693 die
784 4672 809 4693 er
840 4663 919 4697 seiner
949 4663 1027 4695 ersten
1061 4663 1130 4695 Poe-

280 4706 449 4744 Ilebersitznna
468 4707 508 4738 (in
526 4707 574 4737 der
592 4707 720 4740 „Liberia
733 4707 766 4734 de
779 4704 901 4741 penser“,
916 4704 958 4738 15.
970 4703 1032 4738 Juli
1048 4704 1130 4737 1848)

285 4749 467 4784 oorausschtckic
487 4753 515 4774 ti.
533 4753 567 4774 au
648 4769 654 4776 .
667 4746 711 4775 Es
730 4754 786 4774 war
802 4745 829 4774 in
849 4744 928 4779 letzter
945 4744 1006 4779 Zeit
1017 4743 1067 4773 viel
1078 4751 1130 4772 von

283 4786 368 4821 Edgar
403 4790 458 4823 Poe
495 4786 534 4813 die
571 4785 651 4816 Red«.
702 4786 774 4815 Sein
794 4785 884 4819 Ruhm
904 4785 960 4814 kam
980 4785 1026 4814 mit
1045 4784 1130 4813 einem

278 4824 413 4861 Bändchen
454 4824 582 4857 Novellen
623 4824 701 4853 übers
734 4825 821 4855 M,er.
868 4825 907 4854 Er
943 4829 1037 4860 erregte
1083 4831 1130 4852 vor

275 4866 343 4896 allen
381 4864 485 4904 Dingen
522 4863 753 4899 Erstaunen,
792 4866 840 4895 viel
877 4865 952 4899 mehr
981 4865 1130 4899 Erstaunen

272 4907 318 4937 als
337 4908 490 4941 Teilnahine
508 4905 563 4933 nnd
583 4903 813 4939 Bewunderung."
834 4921 869 4926 —
888 4905 962 4937 Rach
983 4906 1037 4934 und
1069 4904 1131 4937 nach

272 4948 385 4981 vertiefte
403 4949 447 4981 sich
467 4943 627 4976 Bandelaiie
656 4941 721 4974 nicht
740 4950 793 4972 nur
811 4945 838 4973 in
857 4944 895 4974 die
927 4943 1015 4974 Werke
1046 4943 1132 4978 Poes,

273 4985 381 5019 sondern
399 4993 460 5021 auch
480 4989 507 5016 in
525 4984 565 5013 die
585 4982 701 5017 Sprache
721 4982 859 5015 desselben.
908 4985 962 5014 AtS
991 4985 1131 5020 Zwauzig-

268 5025 383 5064 /Sbiiger
401 5030 469 5064 hatte
489 5035 515 5056 er
533 5024 658 5058 während
677 5022 748 5050 eines
768 5021 890 5056 längeren
909 5025 1083 5059 Aufenthalt?
1100 5024 1131 5053 in

266 5068 370 5102 Indien
389 5072 472 5099 etwas
491 5065 596 5102 englisch
615 5062 722 5099 gelernt.
760 5061 811 5090 Da
826 5069 853 5090 er
872 5062 962 5099 fühlte,
988 5065 1041 5098 daß
1061 5064 1130 5097 seine

267 5107 433 5141 sprachliche»
449 5106 601 5139 Kenntnisse
619 5103 685 5134 nicht
702 5101 832 5135 genügten
852 5104 909 5129 und
937 5104 988 5136 daß
1019 5107 1047 5132 es
1080 5105 1131 5133 mit

265 5147 324 5177 dem
361 5149 545 5182 littertntfcfjm
575 5142 693 5180 Englisch
724 5143 790 5173 mct>t
808 5141 902 5175 gethan
922 5141 960 5173 fei.
992 5150 1039 5171 um
1071 5144 1130 5176 Poe

264 5189 405 5224 vollgültig
440 5198 474 5224 zu
510 5188 656 5221 übersehen,
695 5183 772 5216 sucht«
809 5189 835 5210 er
872 5179 917 5213 sich
963 5188 1014 5210 vor
1045 5182 1130 5210 allem,

261 5227 319 5257 bas
351 5228 553 5262 amerikanische,
590 5223 784 5256 oolkStüvi'.iche
813 5220 930 5255 Englisch
958 5219 1127 5258 anzueignen,

260 5268 346 5297 wobei
382 5276 410 5298 «r
444 5268 494 5303 aus
528 5267 670 5301 folgenden
706 5262 810 5297 Einfall
844 5261 930 5296 geriet.
966 5260 1007 5289 Er
1035 5260 1128 5288 wurde

260 5306 433 5343 Stammgast
454 5310 499 5337 der
516 5307 634 5339 Kneipen
653 5305 697 5335 der
728 5301 789 5334 Rne
808 5301 906 5337 Rivvli,
938 5307 978 5330 wo
1007 5298 1044 5329 die
1064 5306 1125 5331 eng¬

1180 4019 1271 4052 lischen
1299 4022 1355 4049 und
1378 4019 1585 4052 amerikanischen
1613 4018 1739 4053 Kutscher,
1769 4017 1941 4050 Stallknechte
1972 4020 2027 4046 und

1181 4059 1290 4094 Jockeys
1309 4061 1453 4093 verkehrten
1472 4061 1525 4088 und
1545 4059 1614 4092 ihren
1634 4058 1746 4093 Sherry,
1770 4058 1841 4092 Ihren
1874 4059 1942 4090 „äsio
1974 4060 2028 4086 and

1182 4102 1279 4130 8tout'
1300 4101 1413 4129 tranken.
1451 4100 1577 4135 Anfangs
1605 4100 1647 4128 dir
1671 4098 1806 4134 Fünfzig«
1824 4098 1910 4132 Jahre
1939 4096 2028 4131 finden

1181 4141 1229 4170 wir
1249 4139 1293 4174 ihn
1312 4140 1385 4173 schon
1414 4148 1480 4175 ganz
1510 4140 1546 4169 im
1566 4139 1659 4168 Banne
1690 4139 1770 4173 seine?
1801 4138 1922 4173 Abgotts.
1963 4136 2028 4171 Jetzt

1181 4180 1276 4215 dichtet,
1294 4180 1374 4212 denkt,
1392 4180 1469 4213 redet,
1488 4180 1593 4213 handelt
1611 4180 1664 4208 und
1685 4179 1783 4214 schreibt
1799 4186 1826 4208 «
1843 4187 1894 4208 nur
1913 4178 1974 4207 noch
1985 4177 2027 4209 für

1183 4221 1247 4254 Poe.
1283 4220 1348 4249 Kein
1368 4220 1496 4254 Verleger,
1516 4220 1568 4249 kein
1586 4219 1694 4249 Kritiker
1724 4219 1755 4252 ist
1785 4226 1834 4248 vor
1850 4219 1939 4252 seinem
1960 4217 2026 4250 Poe-

1182 4261 1391 4294 Eathustasnnis
1421 4259 1501 4293 sicher.
1540 4259 1671 4288 Niemand
1702 4259 1801 4294 entgeht
1831 4259 1910 4293 seiner
1926 4257 2026 4292 Frage:

1184 4300 1443 4335 „Connai-sez-vons
1472 4300 1566 4335 Edgar
1596 4300 1692 4329 Poe?"
1711 4313 1744 4321 —
1777 4299 1847 4334 Wer)
1864 4301 1945 4328 etwas
1976 4305 2026 4326 von

1181 4342 1236 4375 ihm
1266 4341 1340 4375 weiß,
1377 4340 1442 4373 «nutz
1471 4342 1500 4368 cs
1528 4338 1651 4374 erzählen,
1694 4347 1746 4369 wer
1776 4339 1820 4372 ihn
1851 4339 1916 4371 nicht
1944 4337 2025 4370 kennt,

1180 4382 1245 4414 muß
1265 4382 1397 4416 herh.rlten
1416 4381 1469 4409 und
1487 4380 1542 4408 eine
1559 4379 1700 4414 begeisterte
1718 4379 1892 4414 Schilderung
1910 4378 1971 4407 üb«
1983 4377 2027 4410 sich

1179 4422 1287 4453 «gehen
1306 4422 1392 4455 lassen.
1429 4421 1468 4450 Er
1498 4422 1590 4455 zwingt
1620 4419 1753 4449 Bekannte
1784 4420 1840 4450 und
1856 4419 2026 4455 Unbekannte,

1179 4460 1224 4491 sich
1242 4461 1287 4493 für
1306 4462 1362 4495 Po«
1382 4469 1413 4496 zu
1430 4460 1573 4490 erwärinen
1591 4461 1645 4488 und
1663 4468 1695 4494 zu
1721 4462 1880 4490 verwenden.
1917 4459 1954 4489 Er
1973 4466 2026 4487 ver¬

1177 4498 1257 4532 folgte
1276 4500 1314 4528 die
1334 4501 1528 4533 ausländischen
1547 4500 1726 4533 Buchhändler
1746 4500 1773 4529 In
1793 4501 1875 4533 Pari«
1896 4499 1942 4529 mit
1962 4499 2026 4533 Fra¬

1177 4546 1225 4573 gen
1244 4538 1308 4567 über
1325 4541 1366 4569 die
1382 4541 1568 4572 verschiedenen
1584 4539 1721 4574 englischen
1739 4540 1882 4575 Ausgaben
1902 4541 1945 4569 der
1959 4539 2025 4572 Por¬

1178 4579 1244 4612 sche«
1265 4578 1361 4608 Werke.
1397 4580 1522 4609 Kannten
1540 4581 1610 4610 dann
1629 4580 1666 4609 die
1687 4580 1867 4614 Betreffenden
1886 4580 1967 4610 weder
1979 4579 2026 4607 den

1177 4620 1265 4648 Autor
1283 4619 1343 4650 noch
1363 4619 1443 4652 dessen
1465 4620 1559 4655 Werke,
1591 4623 1649 4649 was
1672 4620 1792 4653 meistens
1822 4621 1867 4649 der
1884 4620 1944 4655 Fall
1964 4626 2027 4655 war,

1178 4660 1203 4693 so
1222 4658 1300 4693 geriet
1319 4658 1484 4694 Baudelaire,
1517 4660 1560 4689 der
1579 4660 1644 4691 nicht
1662 4660 1761 4695 begriff,
1789 4660 1836 4689 wie
1864 4668 1927 4690 man
1957 4660 2026 4688 leben

1177 4702 1277 4731 konnte,
1307 4698 1372 4731 ohne
1409 4698 1472 4726 üb«
1506 4698 1558 4731 jede
1589 4700 1729 4735 Einzelheit
1761 4703 1814 4729 aus
1844 4701 1918 4734 Poes
1947 4699 2027 4729 Leben

1177 4740 1231 4769 und
1250 4738 1357 4767 Werken
1376 4737 1536 4770 unterrichtet
1553 4745 1583 4772 zu
1602 4739 1661 4773 sein,
1691 4740 1771 4773 auß«
1801 4740 1846 4773 sich
1876 4748 1925 4770 vor
1954 4739 2027 4768 Wut.

1177 4779 1333 4814 Affelinean.
1363 4777 1403 4808 ein
1423 4782 1506 4807 treuer
1527 4778 1630 4812 Freund
1650 4779 1834 4815 Baudelaires,
1854 4781 1957 4816 «zählt,
1980 4780 2026 4808 wie

1177 4823 1220 4850 der
1238 4819 1341 4852 Dichter
1361 4819 1406 4852 ihn
1424 4818 1523 4847 einmal
1541 4819 1567 4847 in
1586 4818 1626 4847 ein
1647 4819 1752 4853 Pariser
1776 4820 1853 4854 Hotel
1884 4821 2026 4856 geschleppt,

1177 4869 1223 4890 um
1241 4861 1300 4888 dort
1318 4859 1392 4888 einen
1410 4859 1618 4891 amerikanischen
1636 4858 1774 4889 Litteraten
1793 4861 1964 4896 aufzusuchen,
1983 4861 2027 4888 der

1177 4902 1233 4935 Poe
1251 4901 1363 4935 gekannt
1379 4899 1458 4932 hatte.
1495 4899 1552 4928 2üic
1570 4899 1604 4930 sie
1622 4900 1649 4928 in
1661 4901 1713 4929 das
1741 4900 1862 4934 Zimmer
1890 4903 2027 4935 «»traten,

1177 4943 1272 4974 fanden
1303 4940 1335 4973 si«
1355 4940 1403 4968 den
1434 4939 1537 4974 Aankce
1563 4939 1599 4968 im
1630 4940 1829 4974 noldürstigsten
1856 4939 2027 4973 Unterhosen»

1176 4981 1281 5015 kostüm,
1301 4980 1419 5014 uinringk
1438 4988 1490 5010 von
1509 4980 1577 5009 einer
1596 4980 1691 5009 kleinen
1711 4980 1796 5014 Flotte
1819 4987 1870 5008 von
1902 4979 2026 5013 Schuhen

1175 5023 1230 5053 und
1248 5021 1376 5056 Stiefeln,
1395 5020 1432 5049 die
1451 5020 1491 5048 ein
1511 5019 1701 5053 Schuhmach«
1719 5019 1773 5054 ihm
1792 5020 1834 5048 der
1856 5019 1936 5053 Reihe
1966 5020 2027 5054 nach

1175 5061 1346 5096 anprobinte.
1382 5060 1445 5091 DaS
1465 5060 1578 5093 hinderte
1596 5061 1656 5089 aber
1675 5059 1831 5089 Baudelaire
1850 5060 1916 5093 nicht
1934 5060 1971 5089 im
1986 5068 2027 5094 ge¬

1175 5102 1297 5137 ringsten,
1315 5103 1367 5131 den
1383 5099 1614 5135 schuhbrdürftigen
1638 5100 1810 5129 LandSmann
1841 5100 1917 5133 PocS
1947 5100 2028 5134 sofort

1175 5144 1220 5173 ins
1238 5142 1342 5175 Verhör
1360 5148 1390 5177 zu
1408 5142 1528 5173 mhmen.
1556 5140 1611 5170 Als
1627 5141 1669 5169 der
1688 5140 1884 5174 wahrscheinlich
1903 5140 1968 5173 nicht
1987 5142 2029 5169 be¬

1174 5183 1283 5214 sonders
1301 5185 1347 5216 gut
1367 5182 1487 5216 gelaunt«
1503 5181 1571 5216 H«r
1589 5180 1625 5208 im
1645 5180 1767 5216 NSgügd,
1799 5180 1854 5214 Po«
1885 5182 1930 5210 al»
1948 5180 2021 5209 einm

1172 5224 1257 5249 etwas
1276 5223 1427 5254 verdrehte«
1449 5223 1503 5249 und
1541 5220 1730 5253 verschrobenen
1766 5220 1834 5254 Kopf
1871 5220 2024 5255 bezeichneie,

1172 5260 1269 5291 niachte
1286 5260 1332 5291 sich
1343 5260 1501 5289 Baudelaire
1507 5261 1613 5288 wütend
1618 5262 1716 5295 dao»n,
1725 5260 1818 5294 seinem
1828 5260 1947 5295 Freunde
1971 5268 2026 5289 v«-

1172 5297 1271 5331 ächtlich
1289 5298 1431 5332 zurnfend:
1451 5298 1509 5330 „ES
1527 5299 1558 5329 ist
1576 5298 1602 5328 ia
1621 5307 1672 5328 nur
1690 5300 1732 5329 rin
1751 5299 1877 5333 vankeel"
1896 5315 1932 5322 —
1956 5300 2023 5329 Eine

2076 4021 2174 4050 b«edte
2193 4022 2313 4056 Sprach«
2341 4023 2454 4056 sprechen
2473 4031 2521 4053 vor
2539 4024 2607 4053 allen
2626 4023 2733 4059 Dingen
2753 4023 2928 4053 Baudelaires

2077 4058 2163 4092 Briefe
2182 4068 2217 4087 an
2237 4062 2286 4088 den
2296 4061 2473 4096 allmächtigen
2490 4063 2598 4092 Kritiker
2616 4062 2925 4095 Sainte-Beuoe,

2075 4099 2123 4126 den
2142 4099 2185 4126 der
2210 4099 2430 4132 Poe-Enthusiast
2467 4100 2516 4128 mit
2552 4101 2616 4129 aller
2653 4101 2760 4129 Gewalt
2796 4101 2839 4134 für
2876 4102 2922 4128 den

2074 4137 2177 4169 Dicht«
2201 4138 2283 4170 seines
2309 4139 2421 4173 Herzens
2452 4138 2588 4172 gewinnen
2623 4139 2718 4168 wollte.
2755 4139 2820 4173 „Ich
2844 4139 2922 4172 schicke

2073 4177 2176 4212 Ihnen,
2201 4179 2272 4207 mein
2296 4178 2370 4207 lieber
2389 4178 2512 4212 Gönn«,
2541 4178 2596 4207 eine
2626 4177 2676 4208 Art
2704 4186 2756 4208 von
2774 4179 2922 4214 Litteratur,

2074 4232 2109 4239 —
2127 4218 2226 4251 schreibt
2245 4218 2401 4247 Baudelaire
2432 4226 2477 4247 am
2498 4220 2538 4247 IS.
2558 4218 2638 4253 März
2663 4221 2730 4246 1858
2749 4235 2785 4240 —
2811 4219 2856 4254 für
2884 4220 2924 4250 dir

2074 4257 2126 4288 Sic
2146 4258 2190 4291 sich
2209 4258 2281 4292 wohl
2301 4258 2375 4287 kaum
2395 4259 2420 4292 so
2440 4258 2576 4293 begeistern
2595 4259 2706 4294 werden,
2725 4259 2773 4289 wie
2791 4259 2835 4294 ich.
2871 4260 2926 4290 Ed¬

2074 4307 2122 4333 gar
2141 4299 2205 4333 Poe,
2224 4299 2268 4328 der
2287 4306 2318 4333 zu
2335 4299 2420 4333 Hause
2439 4298 2504 4332 nicht
2522 4298 2571 4327 viel
2591 4299 2647 4334 gilt,
2667 4300 2758 4334 muß,
2787 4300 2797 4334 f
2808 4307 2823 4330 o
2843 4300 2925 4330 will

2074 4338 2116 4372 ich
2135 4342 2181 4373 es,
2200 4339 2243 4373 für
2262 4338 2409 4374 Frankreich
2440 4339 2481 4368 ein
2512 4339 2605 4374 großer
2628 4339 2721 4369 Mann
2740 4341 2857 4375 werden;
2892 4341 2926 4374 ich

2073 4379 2150 4408 kenn«
2168 4378 2257 4413 Ihren
2275 4379 2344 4408 Mut
2362 4380 2416 4409 und
2433 4378 2522 4414 Ihr«»
2540 4379 2582 4413 für
2602 4380 2653 4409 da?
2672 4380 2745 4409 Neue
2775 4381 2802 4414 so
2822 4381 2924 4415 offenen

2074 4418 2151 4449 Sinn
2171 4420 2225 4448 und
2244 4420 2323 4452 daher
2351 4420 2413 4453 Hab«
2446 4420 2480 4451 ich
2511 4420 2607 4452 Michel
2625 4420 2695 4455 L-io,
2714 4422 2784 4455 (dem
2802 4420 2925 4457 Verleger

2073 4460 2118 4488 der
2147 4459 2376 4493 Baudclaireschen
2408 4460 2584 4496 Uebersetzung
2614 4459 2701 4495 Poe4)
2736 4460 2803 4495 Ihre
2833 4462 2925 4491 Unter¬

2073 4499 2187 4534 stützung
2204 4499 2378 4535 zugesichert".
2395 4521 2403 4530 .
2420 4521 2429 4530 .
2478 4499 2570 4534 Einige
2601 4500 2673 4534 Tage
2704 4500 2797 4535 darauf
2826 4501 2881 4530 teilt
2899 4510 2926 4532 er

2073 4540 2129 4571 ihm
2147 4540 2204 4573 mit,
2223 4541 2276 4574 daß
2295 4548 2322 4569 er
2339 4539 2387 4569 mit
2416 4540 2486 4569 einer
2504 4539 2604 4570 Studie
2633 4540 2697 4569 über
2724 4540 2798 4574 Poes
2827 4542 2926 4572 littcra-

2073 4579 2147 4612 rische
2187 4581 2242 4609 und
2279 4579 2499 4614 wisscnschaflliche
2535 4579 2669 4615 Ansichten
2706 4580 2846 4616 beschäftigt
2884 4582 2925 4615 sei.

2075 4619 2191 4655 „Wegm
2208 4621 2253 4649 d«
2277 4619 2387 4654 letzteren
2406 4620 2472 4654 muß
2509 4620 2542 4653 Ich
2577 4628 2613 4650 an
2648 4620 2735 4656 Herrn
2766 4629 2817 4651 von
2836 4622 2925 4656 Hum¬

2073 4660 2146 4689 boldt
2165 4660 2294 4693 schreiben,
2313 4668 2358 4689 um
2377 4660 2428 4689 mir
2448 4659 2498 4693 sein
2517 4659 2599 4689 Urteil
2618 4659 2680 4689 über
2698 4661 2738 4690 ein
2750 4661 2853 4697 kleine»,
2870 4662 2923 4694 Ihm

2073 4700 2238 4734 gewidmetes
2258 4699 2328 4732 Buch
2347 4707 2376 4734 zu
2395 4699 2527 4729 «bitten."
2577 4700 2641 4729 Das
2664 4700 2743 4736 Buch,
2781 4701 2843 4731 über
2874 4703 2923 4731 das

2073 4740 2129 4773 ihm
2148 4741 2192 4769 d«
2209 4739 2318 4769 damals
2342 4739 2670 4775 sirbrmindachtzigjährige
2697 4740 2768 4775 Alex.
2796 4749 2820 4771 o.
2838 4741 2923 4776 Hum¬

2074 4780 2148 4809 boldt
2165 4780 2299 4812 Auskunft
2317 4779 2394 4814 geben
2413 4779 2469 4814 soll,
2506 4779 2535 4811 ist
2556 4780 2629 4814 Poes
2652 4780 2760 4812 Eureka,
2792 4781 2831 4810 ein
2852 4781 2923 4816 „Ge¬

2073 4820 2137 4850 dicht
2155 4820 2182 4848 In
2202 4819 2314 4853 Prosa",
2345 4820 2372 4848 in
2402 4820 2462 4848 dem
2480 4819 2536 4853 Poe
2568 4820 2608 4849 di«
2638 4819 2734 4854 tiefsten
2754 4820 2858 4856 Fragen
2880 4822 2923 4850 der

2075 4859 2247 4894 Wiffenschait
2265 4859 2320 4889 und
2338 4860 2381 4889 der
2400 4859 2556 4892 Menschheit
2575 4859 2679 4893 berührt
2700 4875 2733 4880 —
2751 4860 2842 4894 freilich
2859 4861 2921 4893 nicht

2073 4900 2119 4929 als
2137 4899 2345 4933 wissenschaftlich
2374 4900 2510 4934 gebildeter
2528 4899 2724 4934 Natmforscher
2745 4900 2799 4928 und
2826 4900 2921 4931 Philo¬

2075 4941 2145 4974 soph,
2164 4940 2274 4972 fond«n
2297 4940 2341 4968 al»
2359 4940 2470 4972 Dichter.
2507 4939 2567 4969 Nur
2598 4940 2624 4972 so
2653 4939 2683 4972 ist
2711 4940 2788 4971 dieses
2807 4939 2920 4972 seltsam«

2075 4980 2150 5010 Werk
2167 4988 2196 5014 zu
2215 4979 2352 5014 verstehen,
2370 4980 2420 5008 da»
2438 4980 2487 5008 den
2507 4979 2628 5013 Stempel
2653 4978 2725 5007 eines
2742 4979 2837 5013 großen
2858 4979 2920 5009 Gei¬

2074 5021 2125 5054 stes
2143 5020 2213 5054 trägt
2230 5020 2287 5048 uud
2304 5019 2347 5048 der
2366 5019 2435 5049 Welt
2454 5019 2533 5054 einige
2553 5027 2614 5048 neue
2626 5019 2764 5048 Gedanken
2783 5026 2834 5048 von
2850 5020 2920 5054 höch¬

2074 5062 2136 5095 stem
2156 5059 2238 5094 Fluge
2258 5060 2373 5095 gegeben.

2126 5099 2288 5129 Baudelaire
2308 5098 2442 5133 beschwött
2462 5098 2675 5132 Salntc-Bruvc,
2711 5098 2784 5132 jenen
2805 5099 2872 5131 nicht
2890 5108 2920 5135 zu

2074 5139 2195 5176 glauben,
2210 5139 2249 5169 dir
2261 5140 2290 5169 in
2302 5139 2358 5172 Poe
2370 5148 2419 5168 nur
2432 5140 2506 5168 einen
2517 5137 2732 5171 amerikanischen
2744 5139 2913 5174 „Jongleur"

2073 5179 2154 5215 sehen.
2176 5179 2376 5208 Nimmermüde
2392 5177 2479 5207 wurde
2498 5184 2532 5212 «,
2555 5177 2601 5210 auf
2622 5177 2672 5206 das
2695 5179 2919 5212 Uebemaiürliche

2073 5221 2101 5249 in
2132 5220 2206 5253 Poes
2224 5219 2299 5253 Lyrik
2318 5220 2371 5247 und
2399 5217 2485 5252 Prosa
2523 5218 2705 5253 hinzudeuten.
2746 5219 2787 5254 In
2823 5219 2917 5253 seinem

2074 5259 2216 5291 Schreiben
2234 5265 2297 5287 vom
2320 5260 2358 5286 14.
2380 5257 2451 5292 Juni
2474 5260 2543 5284 1858
2562 5257 2662 5287 kommt
2694 5266 2720 5286 er
2757 5258 2804 5290 auf
2821 5257 2918 5288 Logve-

2072 5299 2207 5328 WeimarS
2225 5305 2256 5330 zu
2270 5297 2390 5332 sprechen,
2407 5298 2454 5327 den
2468 5297 2650 5333 Zeitgenossen
2670 5298 2724 5327 und
2738 5298 2912 5328 Landsmann
2936 5284 2943 5331 I

2973 4023 3084 4059 Heines.
3123 4024 3218 4057 Dies«
3238 4025 3366 4059 Franzose
3386 4027 3537 4059 geworden«
3568 4028 3683 4062 deutsche
3701 4027 3818 4064 Israeli!

2971 4077 3005 4083 —
3026 4063 3070 4091 der
3088 4063 3132 4090 als
3151 4063 3265 4092 Litterat
3283 4064 3338 4092 und
3358 4065 3506 4098 Diplomat
3525 4067 3581 4097 eine
3607 4072 3693 4098 etwas
3715 4068 3818 4103 zwriseb

2967 4099 3040 4154 ^fte
3077 4101 3155 4131 Rolle
3193 4103 3302 4137 gespielt
3320 4118 3353 4126 -
3373 4105 3448 4140 hatte
3468 4107 3500 4138 E.
3523 4107 3573 4142 Th.
3595 4108 3632 4139 A.
3659 4108 3818 4144 Hossmannl

2967 4140 3151 4176 Erzählungen
3172 4142 3199 4172 in
3219 4143 3378 4177 Frankreich
3408 4147 3601 4184 eingebürgert.
3626 4150 3713 4185 „Dian
3734 4150 3779 4184 hat
3798 4149 3818 4184 si

2967 4179 3019 4208 mel
3036 4179 3197 4215 Aufhebens
3217 4190 3272 4212 von
3293 4183 3529 4218 Loßve-Weimars
3553 4190 3669 4225 gemacht
3696 4189 3751 4219 und
3770 4197 3819 4219 vor

2970 4220 3020 4249 den
3039 4221 3177 4260 Diensten,
3218 4223 3259 4252 die
3278 4233 3307 4255 er
3324 4226 3369 4256 der
3409 4228 3590 4265 französischen
3608 4230 3754 4260 Litteratur
3784 4239 3819 4260 er.

2972 4261 3082 4294 wiesenl
3120 4263 3218 4297 Findet
3239 4264 3283 4298 sich
3322 4267 3391 4300 wohl
3411 4269 3510 4300 einmal
3542 4271 3585 4299 ein
3602 4271 3741 4308 Wackerer,
3781 4272 3819 4301 bei

2972 4301 3091 4334 dasselbe
3109 4311 3160 4332 von
3174 4305 3226 4333 mir
3249 4305 3325 4341 sagen
3341 4307 3425 4336 wird?
3447 4309 3506 4340 Wie
3525 4310 3574 4345 soll
3590 4312 3624 4345 ich
3636 4315 3666 4341 cS
3685 4311 3819 4346 anstellen.

2972 4348 2995 4370 w
3007 4349 3019 4370 e
3040 4342 3105 4377 mich
3126 4343 3164 4373 bei
3185 4344 3276 4379 Ihnen
3298 4347 3509 4387 einschmeicheln,
3551 4351 3637 4382 damit
3658 4352 3711 4382 Sie
3733 4355 3763 4382 eS
3781 4352 3819 4385 sin

2972 4381 3036 4414 mich
3056 4382 3140 4417 thun?
3158 4383 3228 4413 Was
3250 4385 3285 4420 ich
3305 4395 3356 4417 von
3376 4388 3470 4423 Ihnen
3489 4391 3622 4429 verlange,
3646 4393 3675 4427 ist
3696 4392 3755 4426 doch
3774 4400 3820 4421 um

2972 4422 3067 4456 gerecht
3087 4423 3139 4451 und
3159 4422 3233 4459 billig
3254 4433 3279 4455 u.
3302 4426 3320 4460 s.
3343 4428 3395 4457 w."
3447 4431 3505 4460 Und
3527 4432 3575 4461 wie
3598 4436 3645 4469 gut
3665 4432 3820 4463 Baudelain

2982 4461 3037 4491 elue
3059 4462 3271 4498 Pappenheim«
3289 4466 3363 4497 kennt
3371 4467 3377 4497 I
3417 4470 3502 4500 Stets
3522 4472 3553 4506 ist
3572 4481 3599 4502 «
3618 4474 3728 4509 besorgt,
3771 4473 3820 4506 daß

2972 4501 3045 4535 Poe-
3066 4502 3154 4533 Name
3173 4503 3199 4538 ja
3220 4506 3313 4542 richtig
3335 4508 3490 4543 geschrieben
3511 4513 3603 4543 werde.
3626 4513 3701 4548 Sehr
3714 4513 3820 4547 geschickt

3057 4551 3084 4595 V-
3188 4543 3293 4576 fieftion
3315 4548 3354 4578 bti
3383 4548 3593 4582 Sainte-Beuve
3624 4553 3821 4588 anzubrlngen:

2972 4581 3038 4617 „Ich
3058 4581 3103 4611 bin
3123 4586 3269 4621 überzeugt,
3311 4587 3362 4622 daß
3383 4589 3423 4618 ein
3443 4591 3542 4627 Mann,
3570 4593 3615 4622 der
3634 4593 3660 4627 so
3685 4592 3821 4628 sorgfältig

2970 4621 3089 4658 arbeitet,
3130 4625 3177 4654 wie
3198 4624 3266 4661 Sie,
3308 4630 3336 4656 eS
3356 4629 3408 4657 mir
3428 4630 3494 4664 nicht
3513 4630 3571 4661 übel
3609 4636 3723 4665 nehmen
3743 4633 3820 4669 wird,

2970 4669 3046 4690 wenn
3084 4663 3118 4696 ich
3139 4664 3182 4697 ,hn
3203 4664 3275 4701 bitte,
3315 4666 3354 4696 die
3374 4668 3575 4706 Orthographie
3614 4673 3663 4703 deS
3693 4673 3819 4703 Namen,

2969 4702 3059 4736 Edgar
3075 4702 3131 4736 Poe
3149 4711 3180 4739 zu
3194 4703 3320 4737 beachtcn.
3343 4707 3412 4738 Kein
3433 4709 3448 4738 d
3469 4712 3598 4746 (nämlich
3611 4714 3682 4746 nicht
3695 4714 3822 4750 Edgard)

2967 4741 3019 4770 kem
3031 4741 3129 4772 Trema
3143 4743 3197 4772 und
3210 4743 3264 4773 kein
3285 4745 3418 4778 AceentI"
3440 4765 3475 4771 -
3494 4752 3639 4784 Verlorene
3649 4754 3749 4790 MüheI
3769 4755 3822 4785 Di«

2967 4822 3082 4854 nahmen
3101 4782 3275 4855 P°""'^"
3405 4797 3442 4821 n#
3444 4789 3478 4828 *
3522 4794 3573 4823 mit
3606 4796 3726 4832 "-"igen
3746 4794 3822 4825 Aus-

2970 4901 2989 4908 _
3019 4861 3087 4894 Daß
3106 4861 3270 4895 Baudelaire
3307 4867 3370 4903 auch
3406 4870 3456 4901 den
3498 4874 3598 4908 großen
3626 4876 3729 4906 Denk«
3765 4873 3820 4903 und

2966 4900 3203 4937 ftufentiftetler
3220 4905 3258 4940 H.
3279 4907 3364 4938 Taine
3385 4911 3437 4940 mit
3462 4912 3544 4946 sein«
3563 4915 3819 4949 Poe-Propagand»

2966 4940 3033 4974 nicht
3053 4944 3205 4980 verichontr,
3228 4946 3288 4980 geht
3308 4951 3360 4977 ans
3380 4950 3538 4989 folgendem,
3575 4955 3603 4983 in
3624 4954 3744 4989 mancher
3762 4953 3815 4984 Be-

2966 4983 3076 5017 jikhung
3095 4984 3174 5017 höchst
3195 4986 3403 5023 merkwürdigen
3431 4994 3486 5021 und
3505 4993 3531 5027 so
3552 4998 3598 5027 gut
3617 4995 3666 5023 wie
3686 5002 3734 5028 gar
3753 4994 3819 5027 nicht

2967 5021 3109 5052 bekannten
3128 5024 3219 5058 Briefe
3239 5026 3345 5057 Taines
3364 5037 3425 5058 vom
3446 5034 3464 5058 »
3464 5034 3481 5058 0
3482 5054 3491 5062 .
3511 5033 3590 5068 März
3612 5037 3683 5062 1865
3712 5035 3815 5067 hervor.

2966 5062 3023 5093 D«
3037 5062 3169 5097 Verfasser
3180 5065 3223 5093 der
3239 5065 3277 5095 im
3288 5067 3373 5101 Jahre
3393 5077 3473 5104 zuvor
3486 5073 3658 5108 erschienenen
3679 5077 3822 5112 „vwtoir,

2966 5104 2984 5130 d
2984 5103 3058 5160 Vor
3066 5104 3086 5130 L
3076 5116 3090 5159 t
3255 5116 3271 5134 a
3275 5118 3312 5142 "*
3315 5109 3381 5138 lai89
3387 5109 3400 5123 "
3422 5110 3542 5144 schreibt:
3554 5114 3603 5149 Ich
3618 5115 3665 5145 bin
3676 5116 3821 5150 dermaße,

2966 5145 3013 5170 m,t
3034 5140 3126 5172 Arbeit
3146 5142 3312 5182 überbürdet,
3355 5149 3409 5178 und
3429 5153 3514 5182 meine
3536 5153 3702 5192 Gesundheit
3739 5157 3772 5192 ist
3788 5157 3817 5190 s.

2965 5182 3078 5216 schwach,
3120 5183 3172 5216 daß
3194 5185 3227 5218 ich
3250 5186 3334 5220 auß«
3373 5190 3462 5223 stände
3483 5193 3536 5231 bin.
3577 5195 3672 5231 Ihnen
3692 5197 3742 5228 den
3761 5205 3817 5227 ver-

2964 5222 3070 5286 Engten
3109 5224 3240 5258 wichtigen
3279 5227 3378 5259 Artikel
3417 5239 3449 5267 zu
3482 5229 3616 5269 schreibcsi.
3657 5237 3716 5273 Ich
3755 5237 3818 5267 b«.

2964 5260 3142 5292 wundere
3161 5263 3237 5299 Po«
3257 5266 3350 5304 sehr,
3390 5272 3418 5301 er
3436 5272 3470 5306 ist
3507 5275 3553 5306 d«
3570 5276 3668 5310 TvpuS
3698 5277 3745 5309 de«
3764 5284 3818 5309 a«.

2963 5301 3107 5334 i.ianiichcn
3127 5303 3295 5337 Engländers
3316 5310 3365 5339 mit
3390 5311 3468 5351 tiefe,,
3488 5314 3662 5351 Intuitionen
3682 5318 3735 5348 und
3755 5318 3806 5348 mit
