4037 5551
353 208 407 247 Jtt
436 207 525 249 108

169 277 341 328 Zweites
367 276 659 325 Morgenblatt.

898 142 1330 354 Neue
1398 138 2034 402 Zürcher
2094 142 2766 406 Zeitung

3130 212 3347 262 Mittwoch,

3029 273 3102 315 23.
3130 275 3290 324 Januar
3319 276 3454 319 1924.

372 474 453 526 Uh.
480 476 528 527 A.
556 473 770 527 Scgesser."

530 540 608 574 ii.*)

219 589 309 619 Wenn
330 595 397 618 man
419 589 463 618 die
485 588 676 620 Entwicklung
699 585 814 619 unseres
839 584 973 619 schweize¬

169 629 267 663 rischen
289 628 456 664 Freistaates
478 628 543 657 bald
564 626 630 660 nach
649 626 715 654 1848
735 625 784 653 inS
804 624 883 659 Auge
906 625 973 659 fugt,

168 667 198 701 so
219 668 278 702 fällt
301 668 391 697 einem
412 669 459 697 der
482 666 637 703 beständige
660 664 902 699 Eiscnbahnstrctt,
926 664 973 692 der

169 709 223 736 das
241 715 324 742 ganze
339 706 595 743 parlamentarische
611 704 702 734 Leben
720 703 827 739 erfüllte
844 704 902 732 und
919 704 973 732 das

169 747 303 782 politische
331 748 421 778 Leben
456 748 504 775 der
533 743 795 779 Eidgenossenschast
831 745 889 772 und
927 744 974 771 der

170 787 297 817 Kantone
314 787 483 823 beherrschte,
501 786 532 814 in
550 784 633 819 höchst
651 783 876 818 unangenehmer
886 783 974 817 Weise

170 828 226 862 auf.
253 828 327 856 Man
345 828 415 855 kann
434 827 466 854 cs
484 825 553 859 nicht
572 824 719 858 begreifen,
737 822 792 856 datz
811 823 898 851 neben
918 822 975 851 die¬

169 867 213 901 sen
232 867 335 896 dürren
351 864 655 899 Eiscnbahnintercsscn
672 863 718 897 sich
734 862 804 896 nicht
822 862 881 891 eine
898 862 975 896 mehr

170 911 234 935 ober
253 906 377 940 weniger
398 904 486 933 ideale
506 903 642 938 politische
664 902 763 936 Partei
785 902 858 937 hätte
879 902 974 931 bilden

169 946 274 974 können
293 946 351 973 und
372 945 419 972 der
440 942 587 978 Nachweis
607 942 679 971 wird
699 941 794 976 schwer
815 949 847 976 zu
868 941 975 971 erbrin¬

169 992 220 1017 gen
245 985 311 1019 sein,
338 984 393 1018 daß
420 983 480 1011 eine
509 981 845 1017 katholisch-konservative
875 981 974 1015 Partei

170 1024 215 1058 sich
237 1024 307 1058 nicht
330 1022 404 1057 schon
430 1022 544 1051 damals
569 1022 755 1050 bedeutenden
780 1022 875 1052 Raum
902 1022 975 1057 hätte

171 1064 317 1097 gewinnen
340 1062 453 1090 können.
485 1061 610 1096 Scgesscr
633 1060 700 1096 hielt
723 1061 789 1090 aber
810 1061 891 1090 einen
915 1067 977 1096 gro¬

171 1103 222 1135 ßen
237 1101 302 1131 Teil
317 1101 407 1136 seines
423 1101 533 1130 Lebens
548 1108 584 1130 an
602 1102 677 1130 einer
694 1103 784 1130 etlvas
801 1101 976 1130 doktrinären

173 1141 329 1176 Scheidung
357 1145 411 1169 von
438 1141 544 1175 Politik
573 1141 630 1169 und
658 1141 791 1176 Religion
820 1141 872 1176 fest.
936 1140 977 1170 Er

170 1180 253 1214 suchte
274 1181 305 1210 in
325 1181 372 1209 der
391 1179 510 1214 Jugend
530 1180 603 1214 seine
623 1179 752 1215 Freunde
782 1179 976 1215 hauptsächlich

170 1221 199 1249 in
219 1222 272 1249 den
293 1219 401 1255 Reihen
423 1220 623 1255 konservativer
644 1220 846 1255 Protestanten,
866 1219 909 1248 die
931 1219 977 1254 sich

169 1260 244 1288 dann
272 1260 337 1289 aber
364 1260 469 1295 infolge
496 1260 581 1293 seiner
611 1260 821 1289 übertriebenen
849 1259 977 1294 Obstruk¬

170 1299 345 1333 tionspolitik
369 1299 544 1333 (G.V.Wyß,
564 1299 697 1328 Andreas
719 1299 849 1334 Hcusler,
871 1298 974 1333 senior)

170 1338 283 1373 vielfach
303 1339 348 1373 für
369 1338 450 1372 lang«
472 1338 535 1372 Zeit
555 1342 611 1367 von
633 1339 692 1372 ihm
712 1339 889 1367 abwandtcn.
919 1338 976 1367 Als

170 1378 315 1413 Siegwart
347 1378 426 1412 durch
456 1378 499 1406 die
522 1378 729 1412 Borromäische
750 1377 895 1406 Akademie
931 1378 976 1406 ein

170 1419 285 1453 engeres
305 1417 473 1452 Verhältnis
492 1419 573 1446 unter
592 1418 643 1446 den
662 1417 902 1452 hervorragenden
923 1417 978 1452 gei¬

169 1457 254 1492 stigen
275 1457 390 1492 Kräften
414 1457 461 1486 der
481 1456 655 1491 katholischen
677 1456 800 1491 Schweiz
822 1457 913 1491 herbei
918 1457 977 1491 füh¬

171 1504 218 1525 ren
247 1496 346 1529 wollte,
375 1496 466 1530 lehnte
493 1496 618 1531 Segcsser
647 1496 718 1530 diese
743 1497 896 1531 Anregung
932 1496 977 1531 ab,

171 1536 304 1571 während
321 1543 349 1565 er
367 1536 430 1571 stets
450 1536 536 1565 bereit
551 1539 620 1570 war,
638 1537 686 1565 der
700 1539 765 1565 vom
782 1536 977 1571 Protestanten

170 1575 322 1611 Bluntschli
342 1577 507 1610 angeregten
525 1575 748 1610 schweizerischen
765 1576 910 1605 Akademie
930 1576 978 1605 der

171 1615 388 1652 Wissenschaften
408 1616 584 1649 beizutreten.

220 1654 254 1684 A.
278 1654 572 1689 Baumgartner
596 1655 623 1686 S.
646 1654 673 1683 J.
698 1655 757 1690 sagt
779 1654 809 1683 in
835 1654 883 1684 der
908 1654 978 1684 Bio¬

172 1693 285 1728 graphie
302 1693 392 1729 seines
411 1694 517 1725 Vaters
535 1694 639 1723 Gallus
658 1693 750 1728 Jakob
768 1693 979 1729 Baumgartner

174 1732 324 1767 (Freiburg
350 1733 423 1766 i.B.,
454 1733 612 1768 Herdersche
643 1733 873 1768 Buchhandlung,
905 1734 979 1767 1892,

172 1771 206 1801 S.
228 1772 303 1805 391):
336 1773 394 1806 „Es
419 1774 514 1802 wären
538 1773 568 1802 in
591 1774 639 1802 der
661 1773 821 1807 damaligen
844 1773 977 1803 Bnndes-

172 1811 379 1846 vcrsainmlung
394 1812 473 1846 (1857
484 1812 543 1841 und
556 1812 684 1847 folgende
697 1811 803 1848 Jahre)
818 1813 980 1847 unzweifcl-

171 1850 230 1884 hast
255 1851 299 1879 die
327 1850 469 1880 Elemente
494 1852 657 1886 vorhanden
687 1852 816 1887 gewesen,
843 1858 891 1881 um
917 1853 977 1881 eine

172 1890 342 1924 geschlossene
369 1890 523 1926 katholische
551 1891 683 1925 Fraktion
723 1898 755 1925 zu
792 1891 895 1926 bilden,
933 1891 978 1921 die

170 1929 251 1964 durch
267 1929 403 1964 Anschluß
423 1930 623 1964 konservativer
642 1931 700 1959 und
716 1930 888 1965 gemäßigter
904 1931 979 1964 Pro¬

171 1970 303 2004 testanten
327 1969 358 1998 in
382 1969 511 2005 manchen
535 1969 647 2005 Fragen
680 1970 727 2005 sich
760 1971 832 2005 hätte
857 1971 978 2009 Einfluß

171 2008 333 2043 verschaffen
348 2009 461 2038 können.
485 2010 695 2045 Baumgartner
710 2010 798 2044 dachte
815 2011 903 2039 daran
919 2012 977 2040 und

171 2047 256 2082 suchte
277 2048 337 2077 eine
358 2047 438 2082 solche
461 2048 608 2084 Einigung
627 2048 866 2085 herbrizuführcn.
886 2050 979 2079 Allein

171 2086 247 2121 schon
275 2087 318 2116 die
348 2087 579 2123 Verschiedenheit
609 2089 658 2118 der
686 2089 851 2118 kantonalen
878 2089 979 2123 Inter¬

173 2127 250 2161 essen,
272 2127 436 2162 persönliche
461 2127 630 2163 Abneigung
654 2129 719 2157 oder
744 2129 979 2164 Gleichgültigkeit

173 2167 220 2195 der
239 2166 413 2201 katholischen
432 2167 653 2203 Abgeordneten,
672 2168 715 2198 die
737 2168 825 2203 Scheu
843 2170 891 2198 der
911 2169 979 2198 mei¬

173 2206 226 2240 sten
246 2206 417 2241 Katholiken,
435 2207 466 2236 in
486 2206 768 2243 kirchlich-politischen
791 2208 902 2244 Fragen
923 2211 980 2239 ent¬

175 2245 305 2279 schiedene
326 2245 460 2281 Stellung
479 2253 512 2281 zu
534 2251 659 2281 nehmen,
679 2248 799 2282 machten
819 2248 852 2283 sie
872 2249 978 2284 nahezu

175 2284 338 2321 unmöglich.
374 2285 489 2321 Manche
516 2286 621 2321 suchten
648 2287 678 2316 in
706 2287 783 2317 Bern
814 2288 901 2318 lieber
926 2289 978 2318 den

174 2324 303 2359 Umgang
319 2324 458 2360 liberaler,
473 2325 522 2355 als
537 2326 589 2355 den
606 2326 806 2361 konservativer
822 2327 977 2364 Kollegen."

176 2363 457 2399 So.Baumgartner.
482 2363 517 2399 I.
534 2363 567 2399 F.
584 2365 662 2400 Peh
675 2372 712 2394 er
730 2365 777 2401 im
793 2365 885 2403 Hof:
913 2368 978 2396 Aus

175 2403 226 2431 den
248 2403 397 2438 Anfängen
418 2404 469 2433 des
491 2411 580 2433 neuen
601 2405 730 2434 Bundes.
761 2406 979 2442 Erinnerungen

175 2441 252 2471 eines
288 2443 526 2478 Achtzigjährigen
566 2444 684 2479 (Verlag
722 2449 776 2474 von
811 2444 847 2480 I.
874 2446 978 2481 Huber,

175 2480 354 2517 Francnfeld,
378 2484 454 2518 190»)
479 2484 594 2513 bemerkt
618 2484 652 2514 S.
677 2485 721 2514 20:
757 2484 839 2520 .Hier
862 2486 899 2520 sei
923 2487 980 2515 bei¬

176 2520 267 2557 läufig
286 2528 340 2551 nur
362 2522 425 2557 noch
444 2523 578 2559 erwähnt,
601 2523 656 2558 daß
678 2524 732 2559 Ph.
750 2524 785 2557 A.
806 2528 832 2555 v.
853 2525 980 2561 Scgesser

174 2560 262 2590 »eben
286 2561 357 2591 Allct
382 2562 509 2597 (Wällis)
533 2563 609 2598 wohl
629 2564 678 2595 der
702 2564 887 2601 bedeutendste
911 2565 980 2594 Ver¬

174 2601 256 2629 treter
286 2600 332 2630 der
361 2601 717 2637 katholisch-konservativen
751 2604 888 2640 Richtung
917 2608 979 2634 war

175 2640 232 2668 und
256 2640 318 2669 dem
341 2640 524 2670 Rationalrat
548 2645 603 2671 von
626 2641 741 2677 Anfang
765 2643 900 2678 angchört
924 2644 979 2677 hat.

176 2678 301 2714 Segcsser
319 2679 365 2714 hat
384 2679 521 2715 übrigens
538 2681 612 2715 schon
629 2681 672 2711 bei
688 2683 735 2711 der
751 2682 913 2719 Gründung
930 2684 981 2712 des

176 2718 402 2751 Sonderbuildcs
430 2721 485 2750 aus
523 2719 610 2757 sejner
645 2721 850 2756 gegenteiligen
875 2722 981 2757 Ansicht

175 2757 231 2785 kein
249 2757 320 2792 Hehl
337 2758 461 2792 gemacht,
478 2759 535 2788 und
552 2763 634 2789 wenn
651 2767 678 2789 er
695 2760 808 2796 nachher
823 2761 862 2790 im
881 2761 981 2791 Ratio-

175 2796 285 2825 nalratc
311 2797 398 2831 seiner
424 2798 548 2834 ätzenden
574 2799 700 2833 Polemik
726 2800 811 2835 freien
839 2801 912 2836 Lauf
939 2809 982 2836 ge¬

177 2835 259 2869 lassen
278 2836 333 2871 hat,
354 2838 382 2871 so
401 2838 446 2871 hat
465 2845 532 2867 man
549 2839 702 2874 manchmal
718 2840 770 2869 de»
789 2840 924 2870 Eindruck
941 2849 982 2870 er¬

176 2874 278 2909 halten,
293 2876 339 2905 als
356 2877 391 2905 ob
405 2877 522 2912 dieselbe
536 2879 583 2913 fast
597 2879 675 2913 mehr
691 2879 755 2914 noch
771 2880 822 2908 den
838 2880 896 2915 ihm
910 2881 983 2915 miß¬

177 2914 296 2950 liebigen
317 2916 443 2951 Trägern
464 2918 512 2946 der
533 2921 589 2946 von
608 2918 667 2953 ihm
687 2919 854 2954 bckänwsten
876 2920 983 2955 Ansich,

175 2955 220 2983 teil
246 2954 293 2983 als
317 2955 365 2984 der
388 2956 474 2991 Dache
499 2957 574 2993 selbst
597 2958 674 2995 gelte,
698 2959 751 2987 wie
774 2957 801 2992 ja
824 2959 981 2996 überhaupt

176 2993 337 3030 persönliche
374 2995 561 3031 Sympathie»
598 2997 663 3026 oder
696 2998 878 3033 Antipathien
912 3000 983 3035 nicht

177 3033 246 3067 ohne
268 3033 387 3069 Einfluß
410 3036 460 3069 auf
481 3036 533 3065 den
557 3036 719 3071 originellen
742 3038 836 3067 Mann
860 3039 981 3073 gewesen

178 3079 210 3107 zu
226 3072 282 3107 sein
299 3074 432 3108 scheinen;
447 3076 494 3109 hat
511 3082 539 3105 er
554 3076 617 3111 doch
633 3083 654 3111 z.
673 3077 708 3106 B.
723 3084 761 3106 an
780 3078 881 3112 seinem
898 3079 983 3113 Nackt¬

178 3112 227 3140 bar
249 3112 299 3142 Dr.
320 3112 400 3147 Joos
424 3115 496 3149 (dem
519 3115 656 3151 Verfasser
679 3117 727 3148 der
749 3118 913 3150 „Anatomie
935 3120 982 3148 der

178 3151 291 3187 Messe")
314 3153 342 3187 so
362 3154 463 3189 großes
486 3154 613 3189 Gefallen
634 3157 779 3191 gesunden,
800 3157 854 3192 daß
877 3165 905 3187 er
927 3159 984 3187 die¬

177 3190 221 3224 sen
250 3198 282 3225 zu
307 3192 399 3226 seinen
424 3194 574 3223 Motionen
597 3198 766 3225 «nnunterte
789 3199 847 3226 und
873 3204 905 3232 zu
929 3199 982 3227 den

179 3231 245 3263 zwei
265 3231 407 3261 Stimmen
427 3232 471 3267 für
490 3233 626 3269 dieselben
644 3234 674 3264 in
692 3236 739 3264 der
756 3236 844 3271 Regel
861 3238 904 3266 die
923 3238 983 3267 eine

179 3269 306 3305 lieferte."

228 3309 271 3338 Es
289 3310 319 3345 ist
335 3310 482 3346 allgemein
501 3312 616 3343 bekannt
634 3314 687 3343 wie
708 3315 845 3351 anläßlich
865 3317 912 3346 der
931 3317 985 3347 Be¬

178 3351 280 3384 ratung
305 3350 351 3379 der
376 3351 656 3388 Bundesverfassung
682 3357 738 3383 von
764 3355 830 3384 1874
854 3356 904 3387 Dr.
930 3357 985 3387 Se-

178 3388 258 3422 gesscr
280 3388 326 3427 für
347 3390 555 3426 Beibehaltung
575 3392 626 3427 des
645 3393 985 3427 Jesuitenverbo-

177 3428 376 3465 tcsstimmte;
395 3429 425 3459 in
444 3430 544 3464 seinem
558 3431 660 3462 Artikel
680 3434 747 3462 über
768 3434 811 3463 die
830 3435 984 3470 katholische

178 3467 354 3502 Volkspartei
378 3469 407 3498 in
430 3471 631 3507 RcichcsbrrgS
652 3471 904 3511 Handwörterbuch
926 3476 984 3511 gibt

180 3507 334 3537 Ständcrat
359 3509 485 3544 Miniger
509 3511 571 3546 noch
594 3512 691 3542 weiter
717 3513 839 3548 bekannt,
863 3515 916 3550 daß
941 3516 983 3545 bei

180 3546 304 3581 gleichem
333 3548 428 3584 Anlaß
458 3549 584 3585 Scgesser
620 3552 685 3586 auch
722 3553 870 3590 persönlich
907 3556 985 3586 dcur

180 3586 484 3621 Obligatorium
512 3591 576 3619 der
602 3590 788 3629 Zivilehe
815 3594 984 3630 beistimmtc.

180 3623 240 3655 Wie
265 3625 421 3657 Ständcrat
446 3629 572 3664 Winiger
596 3631 702 3666 angibt,
728 3633 841 3669 erfolgte
866 3636 914 3671 erst
937 3642 985 3665 am

182 3666 217 3693 12.
241 3665 345 3701 August
371 3668 436 3697 1894
459 3668 502 3697 die
530 3670 758 3708 Konstituierung
782 3673 830 3703 der
855 3674 984 3712 „katholi¬

181 3704 250 3738 schen
273 3706 475 3741 Volkspartci".
517 3709 569 3739 Die
592 3709 738 3746 Hoffnung
761 3713 834 3747 aber,
859 3714 912 3749 daß
933 3716 985 3745 mit

180 3743 226 3773 der
246 3746 484 3783 ncngeschaffencn
503 3749 705 3785 Organisation
726 3752 770 3781 die
790 3752 888 3787 Partei
908 3756 986 3788 mehr

181 3783 295 3819 Einheit
321 3787 379 3815 und
407 3787 653 3825 Aktionsfähigkeit
679 3791 744 3826 auch
770 3792 800 3820 in
828 3793 896 3828 nicht
926 3794 987 3824 kon-

181 3823 344 3858 fesstonellen
364 3825 474 3862 Fragen
492 3828 615 3863 erhalten
632 3831 730 3864 werde,
748 3831 817 3866 habe
835 3833 881 3867 sich
896 3833 987 3869 jedoch

181 3869 234 3892 nur
258 3863 316 3899 sehr
339 3866 433 3902 wenig
457 3868 558 3903 erfüllt.
591 3868 651 3903 Für
676 3870 799 3907 Scgesser
823 3876 883 3902 war
911 3873 984 3908 schon

180 3903 313 3938 Anfangs
336 3906 394 3935 und
418 3907 503 3937 Mitte
526 3908 573 3938 der
596 3910 659 3939 80er
682 3909 775 3946 Jahre
799 3919 868 3948 ganz
892 3913 987 3948 beson-

181 3942 246 3970 derS
273 3943 396 3979 verhäng
398 3945 512 3981 nisvoll,
541 3949 594 3983 daß
621 3956 648 3978 er
676 3950 720 3984 sich
745 3951 834 3981 weder
861 3952 913 3982 mit
938 3954 986 3983 der

232 4008 261 4044 *)
290 4009 385 4044 Vcrgl.
410 4009 460 4039 Nr.
482 4010 523 4038 92.

1013 461 1069 487 von
1097 459 1148 488 Dr.
1176 458 1265 494 Zemp
1294 458 1359 487 1684
1403 457 1614 492 inaugurierten
1643 459 1820 495 Realpolitik,

1013 497 1057 526 die
1076 497 1135 527 eine
1156 496 1377 533 unzweideutige
1397 496 1594 533 Nachahmung
1613 500 1659 531 der
1681 498 1819 535 deutschen

1014 537 1258 572 Zcntrumspartei
1287 541 1356 571 war,
1382 537 1447 570 noch
1471 538 1523 566 mit
1548 539 1595 567 der
1621 538 1821 575 Sozialpolitik

1014 577 1092 606 eines
1134 577 1290 607 Decurtins
1329 576 1388 605 rmd
1426 577 1508 611 Prof.
1546 577 1610 607 Beck
1650 578 1820 613 befreunden

1013 616 1117 646 konnte.
1155 617 1242 646 Unter
1262 616 1353 651 diesen
1372 616 1539 650 Umständen
1560 618 1614 646 trat
1635 625 1719 653 gegen
1740 617 1819 647 Ende

1014 655 1104 689 seines
1135 656 1244 686 Lebens
1273 655 1330 689 sein
1360 654 1481 690 Einfluß
1512 655 1541 684 in
1570 656 1617 686 der
1646 657 1819 692 katholischen

1014 695 1146 728 Fraktion
1173 696 1221 724 der
1249 694 1579 730 Bundesversammlung
1606 697 1691 731 völlig
1721 696 1820 732 zurück.

1015 735 1088 763 Man
1112 735 1181 764 kann
1201 735 1287 769 daher
1307 735 1387 763 kaum
1408 735 1497 769 sagen,
1521 735 1575 769 daß
1597 735 1722 771 Scgesser
1743 736 1820 769 wäh¬

1015 775 1082 803 rend
1106 775 1154 803 der
1178 774 1281 808 langen
1305 774 1410 808 Tauer,
1437 777 1483 802 wo
1507 781 1543 809 er,
1566 777 1620 803 von
1646 775 1820 807 1848—1888,

1015 815 1061 842 der
1088 813 1418 848 Bundesversammlung
1444 813 1600 849 angehörte,
1644 815 1749 850 speziell
1775 815 1820 844 die

1016 853 1191 883 Solidarität
1208 854 1256 882 der
1276 851 1450 887 katholischen
1472 852 1593 888 Schweiz
1613 855 1642 882 in
1662 854 1820 889 politischen

1015 893 1127 928 Dingen
1153 892 1306 927 wesentlich
1331 892 1467 927 gefördert
1491 892 1567 927 habe.
1607 894 1660 923 Die
1687 894 1820 929 versuchte

1016 933 1231 967 Durchführung
1257 932 1307 961 des
1331 931 1532 967 Schulartikels
1573 933 1637 967 nach
1662 934 1723 963 dem
1747 933 1821 967 Pro¬

1016 979 1124 1007 gramm
1151 976 1207 1000 von
1237 972 1404 1001 Bundesrat
1435 971 1534 1006 Schenk
1565 972 1636 1007 hatte
1665 973 1820 1007 allerdings

1015 1013 1055 1040 im
1073 1010 1166 1046 Jahre
1187 1011 1253 1040 1882
1274 1011 1318 1039 die
1338 1010 1561 1046 Geschlossenheit
1581 1013 1630 1047 auf
1649 1012 1820 1048 katholischer

1016 1051 1096 1080 Seite
1125 1051 1183 1080 und
1209 1051 1261 1079 den
1288 1049 1547 1084 Zusammenschluß
1573 1052 1623 1080 mit
1653 1053 1703 1081 den
1730 1053 1821 1086 prote¬

1016 1090 1354 1125 stantisch-konservativen
1385 1089 1609 1125 Parteigruppe»
1640 1091 1685 1125 für
1715 1091 1821 1120 einmal

1016 1130 1151 1164 glänzend
1178 1129 1320 1163 realisiert.
1363 1128 1420 1158 Der
1445 1129 1576 1167 vierfach:
1602 1131 1821 1166 Rcfcrcndums-

1017 1169 1068 1203 steg
1088 1172 1153 1200 vom
1171 1167 1264 1204 Jahre
1284 1169 1350 1198 1884
1371 1169 1467 1198 wurde
1487 1170 1562 1198 dann
1583 1170 1648 1199 aber
1668 1174 1723 1200 von
1745 1170 1821 1204 Keel,

1016 1208 1102 1243 Zemp
1132 1208 1190 1237 und
1222 1208 1390 1243 Pedrazzini
1420 1208 1461 1237 im
1489 1209 1701 1244 realpolitischen
1732 1210 1821 1244 Sinn,

1015 1248 1129 1283 vielfach
1154 1248 1222 1278 aber
1246 1248 1276 1276 in
1303 1247 1468 1283 Opposition
1496 1255 1529 1282 zu
1556 1248 1679 1284 Scgesser
1707 1250 1820 1285 benutzt.

1016 1288 1074 1317 Der
1106 1286 1266 1322 Höhepunkt
1307 1288 1355 1316 der
1396 1288 1652 1323 staatsmännischn
1687 1290 1821 1324 Wirkung

1018 1327 1162 1361 Segeffers
1184 1327 1245 1361 fällt
1267 1328 1364 1360 gerade
1386 1327 1416 1355 in
1438 1327 1480 1356 die
1500 1326 1592 1362 Jahre
1614 1329 1753 1362 1874—75,
1774 1333 1821 1358 wo

1016 1367 1045 1394 in
1065 1367 1113 1395 der
1132 1365 1395 1401 Eidgenosscnschst
1417 1366 1476 1395 eine
1496 1366 1604 1401 schwere
1624 1367 1821 1403 konfessionelle

1017 1405 1107 1440 Krisis
1133 1405 1260 1440 herrschte
1287 1406 1344 1434 und
1370 1406 1418 1434 der
1443 1405 1542 1440 Friede
1571 1406 1619 1436 des
1646 1408 1756 1437 Landes
1783 1415 1820 1437 an

1017 1444 1107 1473 einem
1127 1444 1205 1479 Haar
1226 1445 1301 1480 hing.
1338 1445 1405 1480 Hier
1426 1445 1473 1479 hat
1494 1445 1538 1480 sich
1559 1447 1681 1482 Scgesscr
1702 1447 1772 1481 nich
1791 1448 1821 1482 so

1016 1484 1076 1519 sehr
1097 1491 1146 1514 um
1167 1485 1210 1514 die
1234 1484 1409 1515 Solidarität
1431 1486 1478 1514 der
1502 1485 1673 1521 katholisch»
1697 1486 1820 1522 Schweiz

1015 1523 1064 1553 als
1082 1524 1160 1559 mehr
1179 1524 1243 1559 noch
1264 1531 1312 1553 um
1332 1524 1375 1553 die
1395 1524 1582 1559 Pazisikation
1604 1527 1650 1554 der
1670 1526 1821 1560 Eidgenos-

1017 1562 1142 1599 scnschft
1159 1564 1242 1598 große
1260 1563 1418 1599 Verdienste
1436 1565 1586 1593 erworben.
1620 1565 1661 1595 Es
1679 1570 1740 1595 war
1758 1565 1820 1594 dies

1017 1610 1071 1631 nur
1095 1603 1211 1638 möglich
1236 1603 1364 1638 vermöge
1389 1605 1440 1632 des
1467 1605 1568 1639 großen
1597 1605 1822 1634 Bckanmenkrei-

1017 1643 1069 1676 seS,
1095 1644 1146 1672 den
1176 1643 1302 1678 Scgesser
1329 1643 1360 1671 in
1386 1644 1617 1678 protestantisch»
1646 1645 1704 1674 und
1731 1644 1821 1680 katho¬

1017 1682 1112 1717 lisch»
1139 1682 1250 1716 Kreisen
1279 1682 1368 1717 besaß.

1072 1720 1134 1751 Wir
1152 1721 1294 1756 glaubten,
1311 1722 1382 1756 diese
1403 1721 1625 1757 Ausführungen
1646 1723 1692 1752 als
1712 1723 1822 1757 Ergän¬

1018 1767 1090 1795 zung
1115 1767 1147 1795 zu
1171 1761 1233 1790 dom
1256 1761 1296 1790 im
1321 1760 1411 1796 Buch
1434 1760 1558 1790 Müllers
1582 1762 1649 1791 über
1674 1763 1728 1791 das
1752 1763 1821 1792 Ver-

1018 1800 1126 1833 hälMis
1145 1800 1288 1836 ScgesserS
1305 1806 1354 1834 zur
1371 1800 1725 1836 konservativ-katholisch»
1742 1801 1822 1835 Rich¬

1017 1842 1088 1874 tung
1109 1839 1226 1874 Gesagte
1248 1840 1356 1870 machen
1381 1846 1415 1874 zu
1436 1839 1528 1874 sollen,
1550 1841 1662 1874 obwohl
1684 1841 1738 1870 das
1762 1840 1822 1870 An¬

1016 1879 1142 1915 geführt«
1166 1879 1241 1908 einer
1265 1879 1374 1914 spätem
1399 1879 1521 1913 Pericde
1545 1880 1686 1916 angehört.
1727 1880 1821 1910 Allein

1017 1919 1061 1948 die
1079 1918 1286 1954 Charakteristik
1302 1919 1349 1947 der
1366 1918 1582 1954 Persönlichkeit,
1599 1926 1647 1948 um
1664 1920 1707 1948 die
1725 1921 1756 1948 es
1776 1919 1822 1953 sich

1018 1958 1080 1993 doch
1102 1958 1143 1987 im
1167 1958 1352 1993 wesentlichen
1381 1958 1502 1993 handelt,
1527 1959 1595 1987 kann
1617 1965 1674 1988 nur
1697 1960 1737 1987 im
1764 1959 1822 1993 Zn-

1018 1997 1217 2033 sammenhang
1241 1998 1332 2033 erfaßt
1354 1999 1473 2027 werden.
1531 2007 1537 2015 •

1069 2038 1126 2066 Ter
1149 2038 1324 2072 vorliegende
1346 2037 1381 2067 II.
1404 2038 1469 2067 Teil
1488 2039 1535 2066 der
1558 2037 1821 2073 Gcdächtnisschrift,

1018 2078 1062 2106 die
1083 2077 1278 2112 hauptsächlich
1299 2084 1335 2106 an
1357 2077 1401 2106 die
1423 2077 1586 2112 Bewegung
1607 2081 1661 2106 von
1686 2077 1752 2107 1818
1773 2083 1822 2106 an-

1020 2116 1131 2151 schließt,
1159 2117 1311 2151 beschäftigt
1337 2116 1384 2151 sich
1409 2116 1485 2146 dann
1514 2116 1579 2146 aber
1604 2116 1633 2145 in
1659 2116 1822 2151 mehrfacher

1018 2156 1134 2191 Hinsicht
1153 2157 1204 2185 mit
1224 2158 1285 2186 dem
1304 2156 1416 2191 Begriff
1434 2157 1491 2184 und
1509 2157 1556 2185 der
1577 2156 1752 2191 Würdigung
1771 2157 1822 2185 des

1020 2196 1508 2231 Rcvolntionsbcgriffes
1539 2195 1587 2224 als
1617 2196 1734 2230 solchem,
1764 2196 1822 2224 und

1020 2235 1084 2270 ailch
1103 2235 1161 2270 hier
1181 2235 1287 2271 müssen
1307 2235 1361 2264 wir
1383 2237 1441 2263 uns
1462 2234 1526 2267 noch
1546 2235 1634 2270 einige
1656 2236 1822 2265 Bemerkun¬

1019 2281 1070 2310 gen
1091 2274 1234 2304 erlauben.
1275 2275 1310 2305 S.
1334 2275 1383 2304 169
1404 2275 1463 2310 sagt
1485 2273 1603 2304 Müller:
1630 2274 1699 2308 „Die
1722 2275 1824 2310 Gesetz¬

1018 2313 1117 2349 lichkeit
1143 2314 1190 2343 der
1217 2313 1391 2348 Bolschewiki
1416 2313 1480 2343 deckt
1505 2313 1552 2349 sich
1575 2321 1663 2349 genau
1687 2315 1739 2342 mit
1752 2336 1756 2341 .
1764 2314 1824 2342 der-

1018 2353 1128 2388 jenigen
1167 2353 1215 2383 der
1244 2352 1426 2388 luzemischcn
1457 2353 1726 2389 Regierungspartei
1766 2356 1823 2383 von

1018 2394 1106 2423 1818."
1150 2393 1224 2428 Nach
1248 2393 1338 2423 einem
1365 2393 1404 2422 im
1431 2393 1627 2426 Staatsarchiv
1654 2392 1735 2423 Wien
1762 2393 1824 2427 auf-

1019 2432 1191 2466 gcfundenen
1219 2432 1301 2470 Brief
1330 2432 1377 2467 hat
1405 2439 1474 2466 nun,
1518 2432 1672 2466 allerdings
1701 2433 1751 2468 erst
1778 2437 1824 2461 am

1017 2472 1041 2501 2.
1058 2471 1207 2506 Dezember
1225 2472 1296 2504 1847,
1313 2471 1579 2507 Siegwart-Müller
1597 2471 1660 2506 doch
1677 2476 1731 2501 von
1748 2471 1824 2500 Met¬

1018 2510 1118 2545 ternich
1155 2511 1394 2545 bewaffnete
1428 2510 1724 2544 Intervention
1765 2513 1826 2540 ver-

1019 2551 1106 2585 langt.
1151 2549 1258 2579 Müller
1287 2550 1404 2584 zweifelt
1432 2550 1517 2584 daher
1546 2550 1622 2585 nicht,
1652 2550 1714 2585 daß,
1741 2554 1825 2579 wenn

1019 2588 1098 2622 heute
1116 2588 1184 2618 über
1203 2589 1348 2623 Siegwart
1368 2589 1496 2624 geurteilt
1514 2590 1624 2618 werden
1645 2589 1746 2624 müßte,
1765 2589 1825 2619 der¬

1021 2627 1090 2661 selbe
1116 2629 1166 2657 des
1195 2628 1277 2663 Hoch-
1305 2629 1363 2657 und
1390 2629 1614 2658 Landesverrats
1642 2628 1759 2664 schuldig
1785 2635 1825 2658 er¬

1020 2668 1088 2698 klärt
1106 2668 1212 2702 würde,
1231 2668 1291 2702 fügt
1309 2668 1374 2698 aber
1394 2668 1449 2698 bei:
1470 2668 1576 2702 „Wenn
1597 2668 1660 2703 auch
1680 2668 1825 2703 Siegwart

1020 2707 1059 2737 im
1087 2707 1216 2737 Moment
1242 2707 1291 2736 der
1317 2707 1519 2742 Entscheidung
1545 2707 1610 2742 auch
1635 2707 1825 2742 ausländische

1021 2746 1097 2780 Hilf«
1112 2747 1267 2781 angerusen
1287 2746 1369 2781 hätte,
1385 2747 1417 2781 so
1434 2746 1509 2781 hätte
1529 2753 1558 2775 er
1575 2747 1644 2780 nicht
1667 2753 1751 2782 gegen
1769 2748 1825 2776 den

1021 2786 1122 2816 Willen
1143 2786 1194 2814 des
1217 2786 1319 2815 Volkes
1342 2786 1497 2821 gehandelt,
1517 2794 1553 2815 an
1574 2786 1661 2821 dessen
1685 2786 1775 2821 Spitze
1796 2793 1824 2815 er

1022 2826 1121 2860 stand."
1166 2826 1268 2855 Weiter
1295 2825 1370 2860 heißt
1398 2827 1441 2856 es:
1486 2826 1563 2861 „Wie
1589 2826 1630 2855 bei
1659 2827 1705 2855 der
1735 2827 1826 2856 Revo¬

1024 2865 1125 2899 lution,
1158 2864 1186 2898 so
1216 2865 1345 2894 beurteilt
1377 2865 1420 2895 die
1450 2865 1601 2900 öffentliche
1631 2865 1730 2895 Moral
1761 2866 1824 2894 oder

1021 2904 1159 2934 Unmoral
1179 2905 1242 2940 auch
1262 2904 1304 2934 bei
1326 2905 1407 2934 deren
1428 2905 1550 2937 Abwehr
1570 2905 1613 2933 die
1636 2904 1822 2939 Handlungen

1022 2944 1112 2980 einzig
1134 2944 1199 2979 nach
1219 2945 1278 2973 dem
1303 2944 1327 2973 E
1338 2951 1352 2973 r
1362 2944 1373 2978 s
1382 2951 1398 2973 o
1409 2944 1419 2973 l
1430 2951 1453 2979 g.
1493 2944 1547 2973 Sie
1568 2944 1649 2978 bricht
1671 2945 1723 2974 den
1748 2944 1823 2973 Stab

1022 2983 1088 3014 über
1107 2983 1187 3014 einen
1210 2983 1359 3018 Siegwart,
1377 2984 1425 3013 der
1443 2984 1474 3012 in
1490 2984 1580 3013 einem
1599 2983 1694 3017 lichten
1712 2983 1823 3018 Augen¬

1022 3022 1085 3051 blick
1107 3030 1156 3057 zur
1178 3023 1392 3058 Ucbcrzcugung
1412 3023 1518 3052 kommt.
1548 3023 1626 3057 „Nur
1647 3030 1660 3052 e
1673 3024 1681 3051 i
1692 3030 1710 3052 n
1731 3023 1822 3057 Wahn

1022 3062 1070 3096 hat
1092 3062 1172 3097 unser
1197 3062 1314 3097 Unglück
1334 3064 1392 3091 und
1414 3063 1515 3096 unscm
1539 3062 1602 3097 Fall
1627 3062 1747 3095 bereitet,
1769 3063 1823 3091 das

1023 3101 1181 3137 Vertrauen
1204 3102 1235 3132 in
1261 3101 1303 3131 die
1328 3101 1565 3136 Legalität";
1589 3101 1622 3136 sie
1647 3102 1825 3136 „bewundert

1020 3140 1069 3169 als
1092 3141 1200 3175 Heroen
1232 3142 1290 3171 und
1313 3140 1400 3175 Weise
1432 3140 1513 3170 einen
1538 3141 1668 3175 Masaryk
1691 3142 1747 3170 und
1772 3141 1825 3170 Be-

1023 3181 1103 3216 ncsch,
1133 3181 1177 3210 die
1210 3181 1254 3215 ihr
1283 3181 1437 3210 Vaterland
1469 3180 1550 3215 durch
1578 3180 1741 3214 Hochverrat
1771 3187 1826 3215 zer¬

1022 3219 1229 3250 trümmerten".
1269 3220 1311 3250 Es
1337 3220 1367 3256 ist
1390 3221 1481 3249 etwas
1504 3220 1666 3256 auffallend,
1689 3220 1743 3250 wie
1768 3223 1826 3250 ver¬

1023 3259 1139 3293 schieden
1163 3259 1193 3289 in
1218 3259 1422 3293 vorliegendem
1446 3259 1522 3294 Buch
1544 3260 1598 3289 das
1622 3259 1825 3292 Untemehmen

1024 3300 1070 3329 der
1098 3299 1278 3335 luzcrnische»
1307 3299 1397 3335 Frei
1408 3299 1555 3334 scharen
1585 3300 1642 3328 und
1671 3300 1719 3328 der
1747 3298 1827 3332 Hoch¬

1024 3341 1116 3368 verrat
1142 3339 1305 3374 Sicgwarts
1350 3339 1505 3374 gewürdigt
1545 3339 1625 3368 wird.
1671 3338 1724 3368 Die
1750 3338 1828 3373 Frei¬

1024 3378 1128 3413 scharen
1155 3380 1266 3408 werden
1292 3380 1342 3408 den
1368 3378 1541 3413 Bolschelviki
1569 3378 1757 3413 gleichgestellt,
1785 3378 1828 3407 die

1024 3418 1079 3448 Tat
1095 3418 1258 3453 Sicgwaris
1274 3419 1340 3447 aber
1355 3418 1434 3452 durch
1446 3419 1501 3447 den
1517 3418 1701 3448 Bolkswillcn
1718 3417 1828 3453 gerechi-

1026 3458 1126 3493 sertigt.
1168 3457 1249 3491 Diese
1274 3458 1452 3492 Würdigung
1479 3457 1573 3492 scheint
1599 3459 1655 3486 »ns
1681 3457 1744 3490 doch
1770 3457 1828 3492 sehr

1025 3497 1192 3532 anfechtbar;
1213 3498 1246 3532 sie
1264 3498 1416 3533 entspringt
1433 3497 1499 3532 auch
1517 3497 1586 3532 nicht
1603 3498 1650 3526 der
1669 3497 1829 3532 Gcschichts-

1026 3537 1200 3572 betrachinng
1229 3538 1306 3566 eines
1337 3537 1469 3572 Segcsser.
1518 3537 1661 3572 Vielmehr
1690 3537 1829 3573 cntsprickft

1025 3577 1068 3605 die
1099 3577 1278 3611 Würdigung
1306 3579 1360 3605 von
1391 3576 1605 3606 Landammann
1637 3576 1740 3612 Vlösch,
1785 3576 1829 3605 die

1027 3616 1152 3652 Scgesser
1178 3617 1267 3652 später
1290 3623 1322 3652 zu
1347 3616 1394 3646 der
1420 3616 1511 3651 seinen
1538 3618 1661 3651 gemacht,
1685 3617 1736 3647 den
1762 3616 1831 3646 Ver¬

1026 3656 1184 3690 hältnissen:
1234 3657 1307 3693 „Der
1335 3656 1552 3686 Radikalismus
1583 3657 1613 3692 ist
1639 3656 1698 3685 eine
1730 3655 1830 3686 Krank¬

1026 3695 1089 3731 heit,
1116 3696 1159 3725 die
1184 3695 1387 3731 Intervention
1414 3696 1481 3726 aber
1507 3697 1553 3725 der
1579 3696 1664 3726 Tod."

1077 3735 1201 3770 Scgesscr
1229 3735 1303 3771 selbst
1330 3736 1403 3771 sagte
1431 3736 1583 3771 gegenüber
1610 3736 1655 3765 der
1683 3736 1830 3771 Broschüre

1026 3774 1175 3810 BossardS:
1204 3774 1293 3810 „Auch
1317 3775 1361 3804 ein
1387 3775 1466 3805 Wort
1493 3775 1560 3804 über
1587 3775 1629 3804 die
1654 3782 1723 3804 neue
1751 3776 1831 3806 Bun¬

1028 3814 1239 3850 desverfassung
1271 3815 1386 3850 (1848)",
1419 3814 1462 3843 die
1493 3815 1716 3851 Voraussetzung
1746 3815 1831 3848 dieser

1026 3854 1184 3888 Broschüre,
1210 3855 1263 3889 daß
1290 3855 1337 3884 der
1363 3854 1565 3885 Siaaicnbund
1590 3855 1637 3884 der
1664 3854 1738 3885 alten
1766 3855 1832 3884 Eid¬

1027 3894 1232 3929 genossenschaft
1278 3893 1347 3928 nicht
1379 3894 1447 3928 ohne
1478 3893 1673 3929 Zustimmung
1721 3893 1832 3929 jedes

1024 3932 1237 3968 einzelnen
1263 3933 1431 3963 Gliedes
1455 3934 1584 3968 geändert
1610 3933 1721 3964 werden
1746 3934 1832 3969 dürfe,

1002 3995 1007 4018 ,
1026 3971 1061 4007 sei
1084 3971 1113 4000 I»
1136 3972 1187 4001 den
1211 3971 1344 4008 vierziger
1366 3971 1479 4008 Jahren
1501 3973 1554 4001 das
1579 3973 1763 4009 Verhängnis
1785 3974 1832 4003 der

1002 4002 1008 4049 |
1030 4010 1234 4045 konservativen
1264 4012 1363 4046 Partei
1397 4011 1526 4047 gewesen.
1573 4012 1628 4043 Di«
1658 4012 1832 4050 Freischaren

1860 458 1962 493 suchten
1987 467 2046 488 nun
2073 460 2228 496 allerdings
2270 459 2321 494 auf
2345 459 2454 494 illegale
2480 457 2568 493 Weife
2612 459 2664 487 den

1860 496 1972 527 Kanton
1995 502 2049 528 aus
2072 500 2159 534 dieser
2179 498 2224 534 für
2248 500 2299 528 den
2321 498 2495 533 Milielstand
2518 498 2666 532 unerträg-

1860 537 1953 572 liichen
1969 538 2040 572 Lage
2059 546 2092 573 zu
2109 539 2238 573 befreien.
2271 538 2344 572 Auch
2358 539 2405 567 der
2422 538 2561 575 Verfasser
2578 537 2664 570 dieser

1861 576 1964 611 Schrift
1983 578 2087 607 erblickt
2104 579 2137 607 in
2155 579 2203 607 der
2222 578 2296 612 Lage
2317 578 2363 606 der
2383 578 2565 613 luzernischen
2585 577 2665 607 Libe¬

1863 616 1949 650 ralen,
1980 617 2024 645 die
2054 618 2130 653 meist
2161 623 2251 650 „arme
2279 616 2499 651 Intellektuelle"
2532 617 2663 652 gewesen,

1860 655 1940 683 einen
1972 655 2259 691 Mildcrungsgrund.
2304 656 2357 685 Bei
2386 656 2460 691 jeder
2490 657 2664 687 Revolution

1860 694 1891 729 ist
1915 695 2002 723 neben
2028 697 2089 724 dem
2113 696 2250 729 formalen
2277 696 2405 725 Element
2430 697 2477 725 der
2499 696 2664 730 Illegalität

1859 733 1922 768 doch
1945 734 2008 768 auch
2030 735 2078 763 der
2101 735 2216 769 Zweck
2239 735 2287 763 ins
2314 736 2392 770 Auge
2416 742 2449 770 zu
2474 736 2567 771 fassen.
2610 735 2663 765 Die

1858 777 1914 802 von
1957 773 2119 807 Bluntschli,
2160 774 2246 809 dessen
2289 774 2405 809 Spuren
2449 775 2574 810 Scgesser
2616 775 2663 803 als

1860 812 2096 847 Rechtshistoriker
2117 813 2229 848 vielfach
2253 814 2346 848 folgte,
2367 814 2475 843 betonte
2499 814 2665 849 Supcriori-

1858 851 1899 880 tät
1926 853 1972 880 der
1998 852 2178 886 luzernischen
2205 853 2363 889 Landschaft
2407 853 2474 882 über
2499 855 2543 883 die
2572 860 2663 887 „arme

1861 890 1948 921 Stadt
1976 891 2098 926 Luzern"
2130 893 2226 920 wurde
2255 898 2310 921 von
2340 893 2464 928 Segcsser
2492 894 2605 927 vielsach
2632 894 2663 922 in

1859 931 1902 958 die
1930 930 2036 965 Praxis
2062 930 2203 965 übersetzt;
2247 932 2399 966 Bluntschli
2442 934 2554 967 mahnte
2600 934 2663 968 stets

1861 969 1908 1004 <S.
1931 971 2002 1004 194),
2040 972 2072 999 cs
2097 971 2127 998 in
2150 970 2257 1005 Luzern
2298 972 2349 1000 mit
2388 972 2435 1001 der
2478 972 2661 1006 „natürlichen

1860 1009 2157 1039 Bauerndemokratic"
2187 1011 2227 1038 im
2256 1010 2400 1045 Gegensatz
2431 1017 2479 1045 zur
2509 1012 2662 1045 „radikalen

1860 1049 2048 1079 Demokratie"
2095 1056 2127 1083 zu
2173 1049 2327 1084 probieren.
2388 1050 2444 1079 Als
2491 1058 2551 1079 nun
2597 1053 2663 1080 aber

1859 1087 2012 1123 Bluntschli
2035 1088 2088 1117 mit
2110 1088 2168 1118 Leu
2191 1092 2285 1123 wegen
2310 1090 2360 1117 des
2383 1089 2522 1124 Verzichts
2547 1092 2597 1125 aus
2619 1092 2663 1120 die

1860 1127 2009 1162 Berufung
2034 1128 2082 1158 der
2103 1127 2236 1162 Jesuiten
2264 1129 2303 1157 im
2328 1128 2422 1159 Sinne
2447 1129 2496 1158 des
2521 1130 2663 1164 Antrages

1859 1167 1909 1195 des
1939 1166 2056 1203 Zürcher
2086 1167 2224 1197 Vorortes
2270 1168 2418 1202 persönlich
2446 1170 2663 1203 unterhandelte,

1858 1206 1955 1235 wurde
1980 1209 2012 1236 es
2035 1207 2188 1241 Bluntschli
2211 1207 2274 1241 doch
2296 1207 2360 1240 klar,
2383 1207 2437 1241 daß
2461 1207 2517 1238 Leu
2541 1209 2663 1237 niemals

1860 1245 1951 1274 davon
1974 1246 2122 1281 überzeugt
2144 1247 2256 1275 werden
2278 1247 2370 1279 könne,
2393 1247 2446 1282 daß
2469 1249 2500 1276 cs
2523 1248 2552 1276 in
2575 1248 2664 1277 einem

1864 1285 2076 1320 Bundcskörpcr
2110 1286 2252 1319 höhere
2281 1285 2480 1320 Pflichten
2514 1288 2585 1321 gebe,
2616 1288 2663 1316 als

1860 1323 1903 1352 die
1924 1325 2013 1359 starre,
2041 1326 2093 1359 auf
2113 1325 2157 1354 die
2179 1325 2345 1360 Kompetenz
2368 1325 2498 1360 pochende
2520 1327 2664 1360 Rechts¬

1859 1363 1992 1398 pflicht
2018 1364 2193 1399 (Bluntschli,
2219 1364 2439 1400 Denkwürdiges
2464 1367 2518 1394 aus
2546 1367 2665 1395 meinem

1861 1401 1958 1436 Leben,
1981 1404 2000 1438 I,
2024 1404 2059 1435 S.
2081 1405 2142 1438 372)
2194 1404 2258 1433 Von
2280 1405 2366 1438 daher
2390 1405 2447 1433 kam
2471 1406 2524 1434 das
2548 1406 2665 1439 Unglück

1860 1441 1993 1477 Luzerns,
2010 1445 2067 1472 und
2081 1444 2169 1478 dieser
2184 1444 2277 1474 Taktik
2292 1443 2366 1473 Leus
2385 1444 2468 1479 folgte
2485 1444 2520 1474 G.
2538 1446 2664 1480 Bossard,

1860 1482 1912 1510 wie
1938 1481 2061 1518 Segcsser
2087 1482 2163 1519 selbst
2190 1483 2354 1517 wiederholt
2379 1484 2496 1513 betonte.
2521 1485 2569 1519 (S.
2595 1486 2662 1519 176.)

1910 1522 1983 1550 Man
2002 1523 2070 1551 kan»
2090 1523 2133 1552 die
2152 1522 2325 1557 Freischaren
2344 1524 2391 1552 der
2411 1523 2554 1558 Vierziger
2572 1523 2664 1558 Jahre

1860 1561 1935 1594 wohl
1951 1562 2002 1590 mit
2018 1562 2069 1591 den
2089 1562 2112 1596 F
2122 1570 2139 1591 a
2150 1564 2166 1591 s
2177 1570 2189 1591 c
2200 1563 2210 1590 i
2221 1563 2240 1597 st
2249 1569 2262 1590 e
2272 1570 2300 1596 n,
2318 1563 2441 1591 niemals
2461 1564 2527 1592 aber
2543 1564 2594 1592 mit
2612 1565 2663 1592 den

1861 1601 2065 1636 Bolschewisten
2106 1602 2282 1637 vergleichen.
2326 1603 2369 1631 Es
2410 1609 2475 1637 mag
2518 1603 2575 1637 hier
2617 1604 2664 1632 als

1861 1639 2066 1675 Gegengewicht
2088 1647 2171 1676 gegen
2192 1642 2236 1671 die
2254 1641 2377 1676 maßlose
2397 1641 2599 1677 Verurteilung
2617 1644 2665 1672 der

1861 1678 2032 1714 Freischaren
2060 1680 2114 1709 das
2142 1681 2233 1710 Urteil
2262 1681 2340 1710 eines
2370 1681 2429 1716 sehr
2461 1680 2664 1715 konservativen

1861 1718 2096 1752 Staatsmannes,
2119 1720 2196 1749 eines
2221 1719 2369 1754 Freundes
2392 1721 2506 1755 unseres
2532 1721 2665 1756 Scgesscr,

1860 1758 2007 1793 angeführt
2027 1759 2146 1788 werden.
2184 1759 2244 1789 Ed.
2266 1759 2413 1795 Blösch,
2435 1760 2552 1795 Dreißig
2573 1760 2665 1795 Jahre

1861 1797 2018 1833 Dernischcr
2056 1798 2201 1833 Geschichte
2239 1803 2294 1828 von
2333 1800 2366 1830 E.
2405 1800 2510 1834 Blösch,
2548 1801 2666 1835 Pfarrer

1867 1836 1965 1870 (Bern.
2002 1836 2037 1872 I.
2075 1838 2204 1873 Dalpschc
2242 1839 2490 1874 Buchhandlung),
2539 1840 2660 1875 schreibt:

1862 1875 1975 1911 „Blösch
1996 1876 2084 1911 fühlte
2104 1877 2177 1906 keine
2199 1878 2368 1913 Sympathie
2388 1878 2441 1908 mit
2462 1879 2514 1908 den
2537 1886 2591 1908 von
2613 1880 2666 1909 den

1862 1908 2152 1954 Freischarenführern
2182 1919 2395 1951 angcwendeten
2426 1918 2553 1951 Mitteln,
2600 1919 2667 1948 aber

1861 1955 1914 1983 wie
1930 1962 1959 1985 er
1976 1955 2019 1984 die
2037 1955 2151 1984 relative
2169 1956 2367 1992 Berechtigung
2385 1957 2436 1986 des
2456 1957 2578 1992 Zweckes
2597 1958 2666 1993 nicht

1862 1995 2014 2028 verkannte,
2039 1995 2068 2029 so
2095 1996 2141 2029 hat
2166 2002 2194 2023 er
2218 1996 2283 2031 auch
2307 1996 2350 2025 die
2377 1997 2666 2033 zugrundeliegenden

1863 2033 1972 2062 Motive
2000 2034 2076 2070 wohl
2104 2041 2136 2069 zu
2164 2035 2308 2070 tvürdigcn
2338 2037 2455 2071 gewußt.
2502 2037 2561 2066 Der
2589 2037 2668 2072 Frei¬

1861 2072 2021 2108 scharenzug
2040 2077 2100 2102 war
2119 2074 2179 2103 eine
2199 2075 2364 2105 betrübende
2386 2075 2579 2111 Erscheinung,
2601 2077 2666 2106 aber

1862 2112 1922 2141 eine
1938 2112 1991 2141 Art
2009 2116 2064 2142 von
2082 2113 2108 2143 T
2118 2120 2132 2141 r
2144 2121 2160 2142 o
2170 2114 2189 2148 st
2205 2117 2264 2143 war
2283 2114 2344 2148 doch
2359 2115 2468 2143 daraus
2486 2122 2519 2150 zu
2536 2116 2666 2151 schöpfen.

1863 2152 1931 2181 War
1953 2154 1984 2181 cs
2007 2153 2074 2186 auch
2091 2153 2138 2182 ein
2159 2153 2209 2182 Akt
2229 2154 2276 2182 der
2297 2155 2518 2190 verwerflichsten
2541 2156 2667 2186 Gewalt¬

1863 2192 1991 2227 tätigkeit,
2012 2193 2040 2226 so
2059 2193 2092 2227 ist
2114 2193 2183 2227 nicht
2205 2200 2237 2227 zu
2257 2193 2433 2228 verleugnen,
2452 2195 2507 2230 daß
2528 2197 2585 2224 ibm
2606 2200 2666 2225 eine

1866 2232 1972 2266 gewisse
2001 2232 2283 2268 Begeisterung
2314 2234 2453 2268 zugrunde
2483 2234 2538 2269 lag.
2589 2235 2667 2270 Nicht

1862 2278 1917 2300 nur
1944 2271 2079 2306 Gefindel,
2123 2272 2240 2307 sondern
2266 2273 2330 2307 auch
2354 2275 2409 2302 von
2434 2273 2485 2302 den
2512 2273 2665 2309 wackersten

1863 2310 2017 2343 Männern,
2062 2311 2120 2340 und
2149 2312 2312 2347 namentlich
2341 2311 2521 2348 Jünglingen
2549 2330 2582 2334 —
2611 2318 2666 2343 von

1863 2349 1915 2379 den
1940 2350 2129 2386 Schlechtesten
2154 2352 2212 2380 und
2238 2355 2293 2380 von
2322 2353 2373 2380 den
2402 2352 2497 2387 Besten
2521 2369 2555 2374 —
2581 2360 2665 2388 zogen

1863 2389 1922 2422 mit,
1945 2391 2003 2418 und
2027 2390 2120 2424 Leute,
2143 2390 2239 2425 welche
2266 2389 2335 2427 sonst
2357 2391 2449 2420 keinen
2472 2392 2596 2427 Pfennig
2621 2393 2666 2426 für

1865 2428 1971 2464 geisftge
1999 2429 2103 2464 Zwecke
2131 2430 2227 2464 gaben,
2271 2430 2394 2465 brachten
2421 2430 2541 2460 diesnml
2570 2432 2666 2466 Opfer.

1864 2467 1944 2497 Biele
1970 2468 2111 2503 glaubten,
2154 2469 2252 2504 redlich
2287 2469 2347 2499 eine
2372 2469 2472 2505 Pflicht
2509 2477 2593 2506 gegen
2623 2471 2666 2506 ihr

1865 2507 2020 2537 Vaterland
2048 2514 2081 2543 zu
2108 2508 2239 2544 erfüllen;
2265 2509 2323 2538 und
2350 2508 2378 2543 so
2405 2510 2497 2545 töricht
2524 2512 2555 2539 cs
2585 2511 2667 2544 iväre,

1864 2546 1933 2581 nicht
1952 2546 2076 2582 cinschen
2098 2554 2131 2582 zu
2151 2549 2260 2581 wollen,
2282 2549 2335 2583 daß
2355 2549 2561 2579 revolutionäre
2582 2550 2668 2585 Hetze-

1865 2586 1903 2615 rci
1924 2586 1975 2615 den
1995 2587 2098 2621 Anstoß
2121 2588 2182 2621 gab,
2203 2587 2231 2621 so
2250 2588 2390 2623 ungcreckft
2411 2589 2506 2618 würde
2526 2590 2569 2618 die
2589 2589 2668 2625 Miß¬

1864 2625 2013 2661 stimmung
2039 2626 2104 2661 sein,
2130 2627 2191 2660 daß,
2217 2629 2280 2656 was
2307 2628 2349 2656 die
2374 2628 2463 2663 Masse
2488 2629 2573 2663 dieser
2600 2629 2669 2658 Ein-

1865 2666 1990 2700 Wirkung
2033 2667 2214 2701 empfänglich
2257 2667 2365 2702 machte,
2411 2668 2470 2696 eine
2514 2675 2558 2696 an
2604 2668 2670 2703 sich

1865 2705 2110 2739 ehrenwerte
2133 2705 2365 2741 Gesinnung
2388 2710 2481 2740 war,
2504 2708 2599 2739 welche
2624 2707 2669 2742 für

1865 2744 1908 2772 die
1936 2743 2058 2779 Zukunft
2105 2746 2164 2774 dem
2198 2745 2368 2775 Baterlände
2414 2747 2534 2781 weniger
2564 2747 2669 2782 Gefahr

1864 2784 1945 2817 droht
1968 2783 2016 2816 als
2040 2784 2082 2813 die
2107 2785 2311 2819 stumpfsinnige
2337 2785 2580 2820 Spicßbürgerci."
2606 2786 2668 2816 Und

1866 2822 1900 2854 S.
1926 2824 1975 2852 159
2000 2824 2057 2857 sagt
2080 2823 2199 2858 Pfarrer
2223 2823 2318 2859 Blösch
2341 2825 2450 2854 weiter:
2477 2826 2547 2859 „Die
2571 2826 2669 2856 Bcwc-

1866 2868 1941 2897 gnng
1962 2862 2007 2891 der
2028 2862 2200 2897 Freischareii
2220 2863 2294 2898 hatte
2314 2864 2343 2893 in
2365 2864 2443 2899 ihren
2465 2864 2595 2894 Motiven
2618 2865 2668 2895 all¬

1864 2901 1955 2936 zuviel
1984 2902 2080 2931 innere
2110 2902 2316 2937 Berechtigung,
2345 2903 2391 2933 alö
2420 2904 2473 2938 daß
2503 2905 2578 2939 selbst
2608 2906 2667 2935 eine

1865 2941 2044 2976 zweimalige,
2064 2942 2094 2976 so
2114 2942 2247 2972 eklatante
2269 2943 2434 2978 Niederlage
2456 2943 2500 2978 ihr
2523 2944 2566 2972 ein
2589 2944 2669 2974 Ende

1862 2979 1934 3013 hätte
1956 2979 2062 3013 machen
2086 2980 2198 3009 könne».
2238 2981 2291 3010 Die
2322 2980 2410 3016 Folge
2441 2985 2501 3011 war
2530 2982 2664 3016 vielmehr

1862 3021 2014 3054 vermehrte
2040 3020 2209 3056 Sympathie
2234 3021 2287 3050 mit
2314 3022 2365 3050 den
2392 3021 2564 3057 begeisterten
2591 3022 2668 3052 Teil¬

1863 3060 1994 3094 nehmern
2013 3067 2049 3089 an
2069 3061 2130 3089 dem
2148 3060 2343 3096 unglücklichen
2364 3060 2450 3096 Zuge,
2470 3062 2527 3090 und
2545 3063 2598 3090 das
2619 3068 2668 3092 um

1864 3099 1892 3135 so
1916 3099 2103 3134 nngestünierc
2128 3100 2281 3135 Begehren,
2307 3101 2361 3136 daß
2386 3101 2428 3131 die
2455 3101 2597 3136 Regier
2608 3107 2625 3130 u
2637 3108 2668 3130 n-

1865 3145 1931 3173 gcn
1953 3139 2030 3175 selbst
2052 3139 2141 3169 einem
2161 3140 2339 3175 Nebelstande
2361 3140 2488 3176 abhclscn
2509 3140 2600 3175 sollen,
2620 3142 2668 3170 der

1865 3178 1965 3208 Vielen
1995 3179 2127 3214 geradezu
2155 3179 2202 3209 als
2229 3179 2411 3215 unerträglich
2439 3179 2575 3214 erschien."

1915 3218 1958 3247 Es
1979 3218 2008 3253 ist
2030 3221 2087 3248 uns
2108 3219 2193 3254 völlig
2213 3219 2402 3254 »nersindlich,
2422 3220 2475 3248 wie
2494 3226 2559 3248 man
2580 3219 2667 3253 dieses

1864 3258 2041 3293 patriotische,
2067 3262 2149 3288 wenn
2172 3259 2239 3293 auch
2262 3259 2369 3294 illegale
2395 3259 2596 3293 Unternehmen
2621 3260 2668 3288 der

1869 3297 2039 3331 Freischarcn
2063 3298 2114 3327 mit
2136 3298 2197 3327 dem
2222 3305 2280 3327 nun
2303 3298 2367 3332 auch
2388 3299 2494 3333 formell
2518 3299 2671 3334 konstatier-

1863 3338 1908 3364 len
1947 3336 2110 3370 Hochverrat
2148 3336 2226 3365 eines
2264 3337 2427 3371 Konstantin
2457 3337 2601 3370 Siegwart
2638 3337 2666 3366 in

1866 3376 2008 3409 Parallele
2027 3377 2107 3412 setzen
2127 3377 2204 3406 kann.
2242 3377 2386 3412 Siegwart
2407 3377 2454 3412 hat
2476 3377 2520 3412 sich
2539 3381 2593 3407 von
2613 3378 2672 3407 An¬

1868 3416 1934 3450 fang
1963 3423 1999 3444 an
2026 3416 2079 3446 mit
2108 3416 2276 3452 Oesterreich,
2306 3417 2368 3445 dem
2395 3417 2555 3452 damaligen
2586 3418 2673 3451 „Erb¬

1868 3455 1959 3489 feind"
1982 3456 2029 3484 der
2048 3455 2179 3491 Schweiz,
2201 3456 2230 3486 in
2251 3456 2414 3491 Beziehung
2432 3458 2519 3492 gesetzt
2541 3458 2598 3486 und
2617 3461 2671 3487 von

1867 3495 1914 3523 der
1960 3496 2162 3532 verwerflichen
2208 3496 2444 3532 Mcttcrnichschcn
2492 3497 2673 3532 Diplomatie,

1867 3534 1910 3564 die
1935 3534 1981 3564 nie
2010 3535 2074 3571 nach
2099 3536 2159 3564 dem
2185 3536 2335 3570 Geschmack
2360 3536 2504 3572 Scgesscrs
2531 3541 2598 3573 war,
2625 3537 2672 3566 ins

1870 3573 2036 3609 Schlepptau
2084 3575 2199 3610 nehmen
2246 3575 2338 3612 lassen.
2384 3576 2510 3611 Dadurch
2554 3577 2600 3608 hat
2646 3583 2674 3606 er

1868 3614 2045 3649 namenloses
2076 3615 2194 3649 Unglück
2221 3615 2288 3644 über
2317 3615 2432 3650 Luzern,
2480 3617 2566 3651 dessen
2597 3616 2674 3652 Gast¬

1869 3653 2050 3690 freundschaft
2074 3660 2103 3683 er
2125 3655 2304 3689 mißbraucht,
2328 3655 2457 3690 gebracht.
2497 3656 2603 3690 Luzern
2627 3657 2674 3689 hat

1869 3693 1949 3727 durch
1970 3694 2024 3723 das
2046 3694 2245 3730 Siegwartschc
2267 3695 2412 3730 Vorgel)cn
2435 3696 2484 3730 aus
2507 3696 2588 3730 lange
2612 3695 2675 3730 Zelt

1870 3733 1924 3768 sein
1945 3733 2073 3769 früheres
2092 3734 2216 3769 Prestige
2236 3734 2264 3764 In
2286 3736 2332 3764 der
2353 3734 2573 3771 eidgenössischen
2593 3735 2676 3769 Poli¬

1869 3772 1903 3802 tik
1927 3773 2048 3809 gänzlich
2068 3773 2227 3810 «ingcbüßt.

1920 3813 1985 3842 Das
2009 3813 2185 3848 vorliegende
2207 3814 2282 3850 Vnch
2305 3814 2386 3845 bietet
2409 3814 2466 3850 sehr
2488 3815 2543 3845 viel
2565 3814 2610 3849 sür
2632 3815 2675 3844 die

1872 3851 2015 3887 Geschichte
2042 3853 2201 3882 wertvolles
2230 3853 2376 3887 Material,
2403 3855 2435 3883 cs
2461 3854 2492 3889 ist
2517 3856 2582 3886 auch
2610 3854 2677 3889 reich

1871 3899 1906 3920 an
1934 3892 2100 3928 geistreichen
2127 3894 2260 3927 Pointen,
2287 3893 2330 3923 die
2356 3896 2417 3922 dem
2445 3894 2546 3928 reichen
2575 3894 2675 3929 Wissen

1872 3932 1920 3963 des
1940 3932 2096 3969 Verfassers
2118 3933 2169 3962 alle
2189 3933 2261 3967 Ehre
2279 3933 2396 3967 nuichen,
2414 3933 2480 3962 aber
2497 3934 2551 3963 wir
2572 3933 2676 3963 könne»

1871 3971 1934 4006 auch
1962 3978 2025 4006 zum
2056 3972 2177 4008 Schlüsse
2205 3973 2248 4002 die
2275 3973 2456 4008 Bemerkung,
2482 3973 2526 4002 die
2554 3973 2608 4003 wir
2637 3973 2676 4003 im

1870 4011 1985 4047 Anfang
2006 4012 2130 4048 gemacht,
2151 4019 2206 4042 nur
2229 4012 2258 4041 in
2281 4014 2370 4042 etwas
2391 4012 2567 4042 veränderter
2589 4012 2677 4047 Form

2705 460 2897 495 wiederholen.
2939 462 2998 491 Der
3025 460 3159 496 historisch
3199 462 3339 494 Gebildete
3365 467 3432 496 kann
3460 468 3502 497 bei

2705 500 2924 535 unbefangenem
2949 500 3033 534 Lesen
3054 503 3112 530 aus
3135 502 3196 530 dem
3217 502 3304 537 Buche
3329 506 3427 539 reichen
3450 508 3504 536 Ge¬

2705 538 2782 567 winn
2810 540 2911 574 ziehen,
2954 541 2999 569 ein
3025 540 3174 574 kritikloses
3201 541 3283 576 Lesen
3329 545 3358 578 ist
3384 546 3503 581 dagegen

2705 578 2779 612 leicht
2800 579 2938 613 imstande,
2959 580 3037 615 mehr
3060 580 3103 609 die
3124 580 3234 614 schroffe
3256 581 3505 621 Parteigcsmnung

2705 618 2782 646 eines
2827 617 2882 648 Leu
2927 620 2974 648 als
3018 621 3069 649 den
3114 620 3383 657 Vazifikationsgeist
3427 626 3503 654 eines

2706 656 2838 691 Segcsser,
2857 658 2909 686 wie
2926 659 2971 693 sich
2987 660 3072 694 dieser
3091 661 3156 689 1375
3176 661 3204 695 so
3223 660 3355 695 glänzend
3375 663 3504 698 bewährt,

2704 697 2876 731 anzufachcn.
2918 699 2970 727 Bei
2995 700 3084 733 allem,
3111 701 3174 728 was
3200 699 3268 729 über
3296 700 3418 735 Scgesser
3443 705 3505 737 noch

2705 742 2738 770 zu
2765 736 2895 771 schreiben
2922 738 2959 772 ist,
2985 739 3052 772 muß
3076 739 3141 773 doch
3166 740 3264 768 immer
3290 741 3380 769 davon
3405 745 3505 777 ausge-

2705 782 2812 810 gangcn
2836 778 2954 811 werden,
2980 778 3034 812 daß
3059 779 3144 814 dieser
3170 779 3251 814 reiche
3277 780 3358 815 Geist,
3382 781 3407 815 je
3430 784 3505 816 mehr

2705 822 2733 843 er
2753 816 2799 850 sich
2818 816 2865 844 der
2885 817 2964 851 Reise
2984 818 3105 854 näherte,
3124 820 3224 847 immer
3243 820 3321 854 mehr
3342 826 3390 854 zur
3412 821 3506 854 Mäßi¬

2706 862 2782 889 gung
2821 857 2878 884 und
2911 863 2973 890 zum
2996 858 3145 892 Ausgleich
3175 859 3223 887 der
3257 859 3416 894 Gegensätze
3449 861 3508 895 hin-

2703 894 2802 928 neigte.
2985 896 3018 924 M
3031 904 3043 925 c
3056 901 3071 930 y
3083 904 3119 925 er
3136 901 3153 926 v
3166 904 3209 926 on
3231 898 3348 932 Schau
3359 899 3443 933 cnse
3454 907 3475 928 e.

2936 964 3266 1028 Kantone.

3036 1039 3171 1077 Zürich.

2751 1082 2925 1114 Tübrndorf.
2957 1085 3061 1116 (Korr.)
3093 1083 3146 1112 Die
3178 1083 3507 1118 Sckundarschul-

2700 1117 3314 1152 krcisgcnlcindevcrsammlung
3363 1122 3427 1147 vom
3467 1120 3507 1148 20.

2699 1149 2765 1218 S
2767 1158 2819 1180 uar
2846 1152 3017 1186 genehmigte
3045 1153 3226 1185 anstandslos
3254 1154 3306 1182 das
3335 1154 3507 1189 diesjährige

2765 1191 2825 1221 flet;
2846 1187 3135 1219 Korrenteinnahmcn
3153 1189 3210 1216 und
3229 1188 3393 1222 -Ausgaben
3413 1190 3507 1222 halten

2702 1222 2748 1256 sich
2769 1222 2819 1250 mit
2838 1222 2931 1254 47,120
2953 1221 2999 1256 Fr.
3019 1222 3064 1250 die
3084 1222 3181 1256 Wage;
3210 1223 3257 1252 der
3281 1224 3434 1258 Stcucrsnß
3465 1225 3510 1253 be¬

2703 1257 2776 1292 trägt
2793 1258 2825 1286 25
2843 1258 2965 1290 Prozent
2982 1259 3030 1286 der
3048 1257 3248 1291 Staatssteucr.
3262 1259 3348 1287 Unter
3364 1261 3415 1288 den
3431 1259 3509 1288 Aus¬

2704 1293 2791 1327 gaben
2826 1293 2912 1326 findet
2945 1293 2991 1326 sich
3023 1293 3067 1321 ein
3101 1299 3184 1321 neuer
3217 1293 3318 1327 Posten
3351 1300 3406 1323 von
3438 1298 3510 1323 etwa

2701 1329 2749 1357 120
2768 1328 2816 1362 Fr.
2836 1328 2881 1361 sür
2902 1328 2945 1357 die
2965 1327 3180 1361 cinzusühreiwe
3200 1328 3508 1364 Schülerversicherung.

2700 1362 2745 1396 In
2799 1362 3001 1397 ausführlicher
3054 1362 3141 1396 Weise
3196 1364 3334 1396 reserierte
3386 1365 3508 1393 darüber

2702 1399 2752 1429 Dr.
2770 1398 2905 1432 Albrecht.
2925 1398 2970 1433 Zu
2992 1398 3191 1431 unterscheiden
3211 1399 3241 1432 ist
3261 1399 3345 1432 daher
3363 1399 3408 1428 die
3430 1399 3509 1433 Haft-

2702 1428 2978 1467 pslichtvcrsicherung
3006 1438 3061 1462 von
3089 1434 3135 1462 der
3163 1433 3353 1467 Allgemeine»
3381 1434 3509 1467 Schüler-

2703 1469 2893 1503 vcrstchcrung,
2913 1469 2995 1502 welch
3016 1468 3117 1502 letztere
3137 1468 3226 1502 jedem
3248 1468 3363 1502 Schüler
3382 1469 3426 1497 bei
3448 1475 3510 1498 vor-

2703 1504 2906 1538 übergehender
2926 1504 3074 1535 Krankheit
3095 1504 3138 1533 die
3163 1504 3261 1536 Kosten
3283 1504 3414 1537 vergütet.
3436 1504 3510 1537 Auch

2704 1539 2813 1573 erstreckt
2831 1539 2876 1573 sich
2893 1538 2938 1568 die
2957 1539 3150 1573 Versicherung
3170 1539 3218 1571 aus
3235 1538 3353 1572 Unfälle,
3371 1539 3414 1567 die
3435 1539 3510 1571 wäh-

2705 1576 2755 1603 rnd
2781 1576 2832 1603 des
2858 1575 3003 1607 Turnens,
3030 1573 3167 1607 Spiclens
3193 1573 3260 1606 usw.
3287 1576 3367 1602 unter
3393 1568 3511 1607 Aussicht

2704 1610 2750 1638 der
2782 1609 2963 1643 Lehrerschaft
2996 1610 3138 1643 pasiierc».
3170 1609 3223 1638 Bei
3257 1608 3510 1638 Totalinvalidität

2706 1644 2774 1673 kann
2797 1646 2844 1674 der
2867 1645 2972 1679 Betrag
2996 1645 3063 1673 5000
3087 1643 3134 1678 Fr.
3157 1644 3299 1677 erreichen.
3324 1644 3380 1672 Der
3404 1644 3513 1678 Antrag

2706 1680 2753 1708 der
2777 1679 2883 1714 Pflege,
2908 1679 3063 1713 unterstützt
3089 1683 3144 1708 von
3170 1678 3379 1713 Bczirksrichter
3404 1679 3512 1711 Bantli,

2705 1716 2799 1746 wurde
2818 1716 2922 1748 darauf
2943 1715 3109 1748 einstimmig
3131 1721 3341 1748 angenommen.
3364 1713 3417 1742 Die
3439 1714 3513 1743 Reu-

2705 1750 2850 1784 bcstcllung
2871 1750 2918 1778 der
2938 1748 3164 1783 Vorstehcrschast
3185 1749 3250 1782 ging
3272 1748 3341 1782 nicht
3360 1749 3435 1779 leicht
3456 1753 3511 1778 von

2705 1786 2809 1818 statten.
2855 1785 3004 1818 Sämtliche
3046 1784 3104 1814 drei
3149 1784 3322 1818 Mitglieder,
3365 1783 3513 1816 Präsident

2708 1820 2828 1851 Wälder.
2863 1818 3137 1852 Konsumverwalter
3165 1818 3300 1851 Boßhard
3336 1820 3392 1847 und
3428 1818 3514 1850 Buch¬

2705 1855 2808 1884 drucker
2833 1856 2967 1889 Eckingcr,
3001 1855 3097 1888 hatten
3131 1854 3209 1887 ihren
3237 1853 3367 1883 Rücktritt
3402 1854 3512 1886 erklärt;

2704 1890 2820 1924 letzterer
2872 1890 2968 1919 wurde
3018 1889 3256 1923 wiedergewählt:
3309 1888 3510 1921 Malermeister

2706 1926 2840 1958 Boßhard
2896 1925 2952 1954 und
3009 1918 3355 1957 Gcmeindcratsschreiber
3412 1923 3512 1953 Sidler

2704 1962 2820 1989 wurden
2848 1967 2902 1989 neu
2929 1960 2959 1989 in
2985 1960 3030 1989 die
3059 1959 3187 1992 Behörde
3215 1958 3335 1992 gewählt
3364 1959 3421 1987 und
3450 1960 3510 1987 dem

2706 1996 2932 2029 Letztgenannten
2957 1995 3020 2024 auch
3041 1996 3094 2023 das
3118 1993 3281 2028 Präsidium
3305 1994 3480 2027 übertragen.

2757 2034 2852 2067 Stüsa.
2878 2034 2983 2068 (Korr.)
3011 2033 3064 2063 Die
3086 2031 3515 2065 Gemeindeversamm¬

2708 2069 2802 2103 lung
2827 2074 2891 2098 vom
2916 2069 3057 2103 Sonntag,
3079 2069 3120 2097 20.
3142 2067 3271 2102 Januar,
3295 2067 3369 2101 hatte
3393 2067 3440 2101 sich
3464 2067 3516 2095 mit

2707 2105 2769 2133 dein
2795 2109 2849 2133 von
2874 2105 2927 2133 dr»
2954 2104 3101 2136 Behörden
3129 2102 3304 2136 vorgelegten
3331 2102 3443 2136 Budget
3470 2102 3514 2135 sür

2706 2140 2760 2168 das
2791 2138 2868 2173 Jahr
2898 2139 2963 2168 1924
2996 2146 3027 2172 zu
3057 2139 3183 2172 befassen.
3216 2138 3295 2167 Dank
3326 2132 3514 2170 umfassenden

2707 2175 2975 2209 Sparmaßnahmen
2999 2178 3055 2202 von
3078 2173 3160 2207 feiten
3183 2174 3232 2203 der
3255 2173 3368 2205 Organe
3390 2173 3437 2201 der
3460 2172 3514 2201 Ge¬

2705 2210 2814 2239 meinde
2833 2210 2929 2238 konnte
2948 2210 2995 2238 der
3015 2209 3170 2241 Steucisuß
3189 2202 3342 2242 gegenüber
3360 2208 3422 2236 dem
3441 2207 3515 2236 Vor¬

2703 2245 2766 2279 jahr
2787 2252 2835 2274 um
2856 2246 2888 2273 16
2911 2244 3034 2278 Prozent
3058 2242 3232 2277 herabgesetzt
3255 2243 3366 2271 »vcrdcn
3389 2243 3446 2271 und
3468 2243 3512 2271 be¬

2705 2280 2779 2314 trägt
2807 2280 2851 2313 sür
2879 2278 3114 2314 Niedergelassene
3142 2278 3206 2310 noch
3232 2278 3281 2306 112
3307 2277 3440 2311 Prozent,
3469 2277 3514 2310 sür

2705 2315 2816 2349 Bürger
2850 2315 2899 2343 145
2933 2313 3064 2347 Prozent.
3100 2312 3153 2342 Die
3188 2312 3323 2346 politische
3361 2312 3513 2341 Gemeinde

2705 2350 2776 2379 wird
2799 2353 2849 2383 pro
2870 2350 2935 2378 1924
2954 2349 3014 2378 eine
3037 2348 3141 2378 Steuer
3160 2352 3215 2377 von
3236 2348 3269 2376 50
3290 2342 3414 2381 Prozent
3437 2346 3514 2380 (1923

2704 2387 2737 2414 60
2754 2384 2900 2418 Prozent),
2914 2384 2959 2414 die
2978 2383 3339 2417 Sekundarschulgemeinde
3356 2383 3415 2411 eine
3432 2381 3513 2415 solche

2704 2425 2759 2449 von
2779 2422 2796 2449 9
2819 2420 2943 2453 Prozent
2967 2419 3016 2453 (9),
3037 2419 3081 2448 die
3103 2417 3434 2451 Primarschulgemeindc
3458 2421 3513 2445 von

2703 2456 2735 2484 41
2761 2455 2884 2489 Prozent
2911 2453 2955 2488 (47
2981 2448 3114 2487 Prozent)
3140 2453 3197 2482 und
3223 2453 3267 2482 die
3292 2452 3513 2486 Kirchgemeinde

2705 2496 2760 2519 von
2792 2491 2824 2519 12
2847 2490 2971 2523 Prozent
2996 2489 3050 2522 (12)
3084 2488 3208 2521 erheben.
3239 2503 3273 2508 —
3304 2487 3357 2516 Die
3391 2486 3513 2520 Bürger-

2705 2524 3054 2560 gemcindevcrsammluiig
3094 2523 3222 2556 beschloß,
3263 2523 3316 2551 den
3358 2520 3513 2555 Steuerfuß

2706 2563 2756 2594 pro
2775 2562 2838 2588 1924
2855 2560 2905 2593 auf
2917 2561 2967 2589 der
2981 2558 3058 2593 Höhe
3074 2560 3125 2587 des
3139 2557 3298 2590 Vorjabres
3317 2557 3361 2591 <33
3376 2556 3511 2591 Prozent)

2712 2603 2744 2629 zu
2772 2595 2904 2629 belassen;
2936 2595 2966 2623 in
2996 2595 3050 2623 das
3080 2593 3259 2627 Bürgerrecht
3288 2593 3336 2621 der
3365 2592 3517 2622 Gemeinde

2705 2631 2820 2660 wurden
2844 2630 2980 2663 einmütig
3001 2629 3061 2658 vier
3082 2628 3269 2661 Gesuchstcller
3292 2628 3513 2661 ausgenommen.

2759 2673 2879 2707 Horgen.
2913 2672 2942 2705 -
2980 2671 3032 2700 Die
3056 2669 3308 2703 außerordentliche
3334 2668 3518 2699 Generalver¬

2710 2706 2868 2744 sammlung
2879 2705 2928 2737 des
2948 2705 3208 2737 Handwerks-
3227 2705 3301 2733 und
3321 2703 3519 2733 Gewerbe-

2707 2742 2871 2771 Vereins
2901 2734 3021 2774 beschloß
3052 2740 3116 2773 nach
3145 2746 3223 2770 reger
3253 2739 3423 2772 Aussprache
3456 2739 3513 2767 und

2709 2777 2835 2811 nachdem
2862 2780 2919 2805 von
2946 2775 3147 2809 verschiedenen
3178 2774 3308 2803 Rednern
3336 2773 3381 2802 die
3408 2773 3517 2802 Bereit-

2711 2811 2849 2846 Willigkeit
2876 2809 3089 2844 ausgesprochen
3122 2810 3226 2840 wurde,
3255 2816 3291 2838 an
3323 2809 3366 2837 die
3395 2808 3518 2842 Deckung

2708 2846 2787 2875 eines
2809 2846 2962 2880 allsälligcn
2987 2845 3174 2879 Rückschlages
3200 2843 3333 2877 Beiträge
3358 2849 3390 2878 zu
3415 2842 3515 2876 leisten,

2710 2881 2753 2910 die
2779 2880 2949 2915 Aushebung
2975 2881 3021 2908 der
3048 2877 3268 2912 Gewerbeschule
3297 2879 3347 2909 aus
3374 2876 3518 2911 Frühjahr

2711 2917 2782 2949 1925,
2810 2915 2898 2950 sofern
2926 2915 2972 2944 bis
2998 2914 3082 2948 dahin
3111 2914 3170 2943 eine
3196 2913 3389 2945 ausreichende
3418 2913 3517 2942 Unter¬

2710 2950 2828 2985 stützung
2846 2954 2900 2979 von
2919 2950 2965 2979 der
2984 2949 3136 2978 Gemeinde
3153 2948 3222 2981 nicht
3242 2947 3381 2981 erhältlich
3399 2946 3517 2982 gemacht

2709 2985 2818 3014 werden
2844 2985 2920 3014 kann.

3038 3020 3180 3055 Luzern.

2760 3061 2897 3092 Knutwil.
2915 3071 2935 3095 v
2970 3061 3027 3091 Der
3045 3060 3274 3095 Regier»ngsrat
3291 3060 3365 3094 hatte
3381 3059 3426 3088 die
3444 3059 3521 3093 noch-

2708 3101 2811 3135 malige
2837 3100 2998 3133 Vornahme
3024 3098 3072 3129 der
3099 3097 3522 3131 Gcmcindcratswah-

2704 3139 2714 3167 l
2725 3146 2737 3167 c
2747 3145 2766 3167 n
2783 3139 2812 3167 in
2830 3137 2959 3167 Knutwil
2976 3138 3026 3172 ans
3041 3138 3095 3166 den
3112 3138 3154 3165 20.
3171 3136 3290 3170 Januar
3306 3136 3444 3170 angesetzt.
3462 3135 3516 3165 Die

2706 3178 2768 3211 erste
2794 3177 2877 3211 Wahl
2905 3180 2965 3205 war
2990 3180 3056 3205 vom
3082 3174 3318 3208 Bundesgerichte
3345 3177 3439 3208 wegen
3465 3174 3517 3202 des

2705 3213 3149 3248 WahlkncchieUnfuges
3176 3212 3279 3246 kassiert
3305 3212 3427 3241 worden.
3463 3211 3517 3241 Die

2705 3251 2832 3282 Liberale
2851 3252 2950 3285 Partei
2970 3252 3016 3281 der
3037 3251 3189 3280 Gemeind«
3209 3251 3256 3284 hat
3277 3257 3336 3279 nun
3357 3250 3453 3284 soeben
3473 3250 3518 3278 be¬

2706 3291 2836 3325 schlossen,
2859 3290 2906 3324 fick
2929 3296 2968 3319 an
2991 3291 3039 3319 der
3065 3289 3140 3324 frisch
3163 3288 3327 3323 angesctztcn
3353 3287 3517 3317 Gemeindc-

2706 3328 2847 3361 ratswahl
2861 3328 2955 3358 nicht
2970 3334 3003 3362 zu
3020 3327 3175 3362 beteiligen.
3211 3327 3271 3356 Wie
3286 3328 3348 3356 dem
3365 3326 3517 3360 „Luzerner

2708 3366 2857 3401 Tagblatt"
2877 3367 3012 3401 gemeldet
3032 3366 3112 3399 wird,
3133 3365 3206 3401 weist
3226 3367 3279 3394 das
3300 3364 3519 3399 Stimmrcgister

2707 3407 2771 3440 trotz
2783 3406 2837 3434 den
2852 3404 3058 3439 Belehrungen,
3071 3403 3116 3432 die
3130 3410 3197 3434 man
3215 3403 3260 3437 sich
3272 3403 3322 3437 ans
3335 3401 3518 3438 gegnerischer

2709 3443 2789 3473 Seite
2807 3442 2886 3476 durch
2901 3443 2955 3471 das
2973 3440 3193 3476 Bundesgcricht
3213 3441 3296 3476 geben
3313 3441 3397 3476 lassen
3415 3440 3518 3474 mußte,

2709 3481 2807 3510 inmier
2829 3480 2893 3514 noch
2914 3481 2963 3509 280
2986 3479 3189 3514 Stimmfähige
3211 3480 3270 3513 ans,
3291 3478 3447 3514 gegenüber
3470 3480 3519 3507 230

2714 3519 2753 3550 im
2772 3518 2864 3553 Jahre
2885 3519 2957 3551 1919,
2993 3519 3043 3547 214
3065 3518 3102 3548 im
3120 3517 3213 3552 Jahre
3235 3519 3299 3547 1915
3338 3518 3394 3546 und
3415 3518 3463 3546 218
3485 3518 3524 3546 im

2712 3556 2804 3591 Jahre
2828 3558 2900 3590 1911,
2937 3556 2999 3590 also
3037 3556 3136 3585 immer
3158 3555 3223 3586 noch
3246 3555 3438 3589 Wahlknechtc,
3479 3555 3523 3584 die

2708 3594 2894 3630 größtenteils
2911 3594 2980 3628 nicht
2991 3594 3020 3623 in
3031 3595 3078 3623 der
3089 3594 3249 3626 Gemeinde,
3268 3594 3384 3627 sondern
3396 3593 3434 3622 im
3446 3593 3521 3623 Kan¬

2711 3635 2760 3663 ton
2780 3634 2884 3667 herum,
2907 3634 2985 3667 sogar
3005 3633 3034 3661 in
3045 3632 3128 3667 Basel
3139 3632 3197 3661 und
3208 3631 3309 3666 Zürich
3317 3631 3445 3666 wohnen.
3469 3631 3523 3662 Die

2714 3671 2862 3701 Liberale»
2884 3670 3031 3701 KnntwilS
3052 3670 3171 3701 erachten
3194 3672 3224 3699 cs
3245 3673 3326 3699 unter
3345 3670 3436 3704 diesen
3458 3670 3525 3699 Um¬

2712 3709 2822 3745 ständen
2847 3709 2891 3744 für
2913 3710 2969 3738 das
2992 3709 3068 3743 beste,
3091 3708 3137 3743 sich
3159 3716 3196 3737 an
3222 3709 3273 3737 den
3299 3709 3417 3743 Wahlen
3443 3708 3522 3737 über¬

2712 3748 2796 3782 haupt
2816 3747 2884 3782 nicht
2905 3754 2937 3782 zu
2957 3747 3111 3781 beteiligen.
3149 3746 3201 3776 Die
3239 3747 3291 3781 auf
3326 3747 3355 3780 so
3379 3746 3520 3782 anstößige

2716 3785 2812 3820 Weise,
2839 3787 2918 3814 unter
2945 3785 3093 3821 gänzlicher
3121 3784 3303 3819 Mißachtung
3327 3785 3376 3814 der
3403 3785 3525 3814 bundcs-

2715 3823 2894 3860 gerichilichcn
2919 3823 3095 3859 Wegleitung
3119 3823 3245 3858 zustande
3267 3823 3440 3858 gekommene
3461 3823 3523 3852 kon¬

2717 3862 2850 3895 servative
2871 3861 3011 3896 Mehrheit
3029 3861 3113 3897 müsse
3132 3862 3195 3894 doch
3211 3861 3264 3890 mit
3285 3862 3332 3890 der
3352 3861 3413 3896 Zeit
3433 3861 3525 3896 fallen.

2715 3899 2762 3933 In
2788 3900 2836 3929 der
2863 3899 2980 3934 übrigen
3010 3899 3272 3934 Eidgenossenschast
3299 3906 3364 3934 mag
3392 3906 3458 3928 man
3487 3906 3527 3928 er¬

2716 3938 2804 3974 sehe»,
2824 3938 2944 3967 wieweit
2964 3937 3039 3973 selbst
3058 3939 3112 3967 das
3134 3937 3354 3973 BundcSgericht
3377 3937 3526 3971 respektiert

2715 3977 2796 4010 wird,
2820 3980 2903 4006 wenn
2927 3975 3078 4011 politischer
3107 3975 3300 4009 Fanatismus
3327 3977 3383 4005 und
3410 3976 3524 4005 Willkür

2713 4021 2794 4049 gegen
2812 4014 2856 4044 die
2876 4014 3023 4044 Liberalen
3042 4015 3081 4043 im
3101 4014 3214 4043 Kanton
3234 4014 3341 4049 Luzern
3361 4014 3404 4043 die
3423 4014 3521 4044 Trieb-

415 4099 745 4167 Keuilleto«.

380 4187 544 4219 Kleine
575 4188 790 4221 (Slitrottif.

233 4223 290 4252 Der
331 4224 422 4259 König
463 4228 511 4254 der
552 4226 783 4261 Gartenkünstlcr.
824 4226 876 4262 5lg.
919 4227 990 4257 Tein

184 4263 297 4299 Sänger
324 4263 499 4300 Eichcndorff
523 4269 584 4294 )var
610 4265 669 4296 eine
693 4265 810 4301 Jugend
836 4270 890 4296 von
917 4266 990 4296 mär-

184 4303 349 4339 chenhastem
366 4304 447 4333 Glück
462 4303 627 4340 boschicden:
640 4306 691 4340 ans
703 4306 766 4336 dem
784 4305 886 4340 Schloß
903 4305 991 4340 seiner

184 4343 280 4378 Väter,
294 4343 344 4379 tief
361 4344 390 4373 in
408 4343 552 4381 Schlesien,
570 4345 738 4375 verträumte
756 4352 783 4375 er
798 4346 842 4375 die
859 4345 990 4377 Knaben¬

183 4383 261 4420 jahre
292 4384 341 4418 ans
369 4383 435 4419 selig
464 4385 628 4415 umblautcn
657 4385 855 4420 Partwipfcl».
886 4385 991 4421 Bücher

184 4424 232 4459 auf
253 4425 306 4453 den
327 4424 420 4455 Knie»
441 4424 498 4455 und
517 4427 571 4455 den
590 4424 713 4460 Himmel
735 4425 802 4455 über
824 4426 876 4461 sich.
897 4425 988 4460 Schon

184 4470 212 4491 in
232 4464 331 4499 frühe»
348 4464 462 4499 Jahren
481 4464 574 4494 verlor
593 4471 621 4494 er
638 4465 710 4500 diese
728 4465 846 4501 Heimat,
866 4466 929 4500 doch
945 4465 989 4495 die

184 4504 461 4540 unwiederbringlich
488 4503 711 4541 entschwundene
740 4504 889 4541 Schönheit
915 4504 989 4534 blieb

184 4542 235 4572 wie
257 4544 301 4573 ein
326 4543 475 4574 Sternbild
499 4545 566 4574 über
586 4543 689 4579 seinem
710 4545 798 4575 Lebe»
822 4545 908 4582 stehen
933 4545 989 4574 und

185 4584 282 4617 machte
308 4583 356 4619 th»
381 4591 443 4619 znm
467 4584 582 4620 Dichter.
606 4584 673 4615 Nu»
699 4585 727 4620 ist
753 4585 809 4619 ihm
835 4584 863 4614 ln
888 4583 990 4619 Frank¬

185 4622 250 4656 reich
278 4623 321 4652 ein
349 4624 565 4660 merkwürdiges
592 4625 731 4655 Ebenbild
759 4625 908 4660 erstanden,
937 4625 990 4654 das

184 4661 246 4692 doch
271 4662 301 4692 in
324 4662 412 4697 jedem
435 4664 498 4699 Zug
524 4665 567 4694 die
592 4664 726 4699 typischen
751 4664 910 4699 Gegensätze
936 4669 990 4694 von

185 4702 262 4732 Nord
295 4703 352 4733 und
379 4703 479 4734 Süden
513 4703 645 4741 aufweist.
676 4705 719 4734 Es
753 4704 782 4740 ist
804 4704 852 4739 der
886 4704 991 4739 Fürst

185 4746 257 4772 von
283 4741 419 4777 Lignc,
445 4744 492 4774 der
516 4744 557 4774 im
582 4743 782 4780 Jahrhundert
806 4745 858 4774 des
886 4745 991 4774 Rokoko

186 4782 264 4812 einen
285 4782 514 4818 weltberühmten
537 4783 612 4818 Park
632 4784 715 4818 besaß
735 4786 791 4814 und
814 4784 859 4814 als
883 4785 992 4814 Kenner

187 4823 215 4851 in
233 4821 335 4856 seinem
350 4820 421 4857 Fach
438 4823 627 4859 europäischen
644 4823 704 4858 Ruf
720 4824 817 4859 genoß.
833 4824 890 4854 Ein
908 4824 993 4854 Welt¬

186 4868 271 4891 mann
290 4862 339 4890 der
359 4861 550 4898 vollendetsten
573 4863 667 4897 Form,
688 4863 899 4898 ruhmbedeckter
919 4864 993 4899 Ossi-

187 4902 241 4938 zier
258 4902 314 4932 und
333 4901 556 4937 gedankenvoller
573 4903 797 4940 Lebenskünstler
812 4908 866 4933 von
884 4904 993 4938 blitzen¬

183 4948 247 4972 dem
269 4941 398 4977 Charme,
419 4941 467 4971 der
488 4941 518 4972 in
542 4942 644 4977 seinem
664 4943 880 4979 creignisvollcn
903 4943 992 4973 Leben

185 4979 316 5013 Äberdies
337 4981 380 5012 die
399 4981 462 5016 Zeit
483 4982 559 5017 fand,
576 4983 630 5012 den
649 4986 704 5013 von
726 4983 934 5014 Generationen
954 4991 994 5013 er¬

187 5023 279 5053 erbten
308 5021 483 5057 Schloßbcflh
512 5021 542 5050 in
567 5021 728 5057 Frankreich
753 5030 785 5058 zu
811 5023 888 5053 einer
916 5022 995 5054 Voll-

187 5062 366 5097 konmtenheit
390 5068 422 5096 zu
446 5061 568 5098 steigern,
591 5060 637 5091 als
661 5062 730 5098 gelte
755 5065 794 5097 es,
816 5063 877 5093 eine
899 5063 995 5098 Ewig¬

187 5103 235 5133 keit
254 5103 324 5139 ohne
342 5100 516 5137 Langeweile
532 5101 615 5131 darin
635 5108 668 5137 zu
685 5102 813 5138 wohne».
831 5103 895 5134 Und
914 5103 993 5139 sogar

188 5142 291 5177 Bücher
310 5142 408 5177 schrieb
428 5148 464 5171 er.
482 5140 555 5171 Sein
579 5140 656 5171 Werk
676 5141 765 5174 „Blick
783 5143 833 5178 auf
853 5142 993 5179 Beloeil")

189 5181 262 5216 (dies
281 5182 328 5213 der
348 5182 437 5213 Name
457 5180 543 5216 feiner
563 5180 715 5217 Besitzung)
733 5182 842 5219 enthält
861 5181 921 5213 eine
941 5183 995 5213 Be¬

188 5220 343 5258 schreibung
368 5222 457 5256 feines
484 5222 597 5258 eigenen
620 5220 746 5251 Gartens
771 5224 828 5252 und
855 5223 902 5258 fast
929 5223 995 5253 aller

189 5261 321 5296 größeren
341 5261 511 5299 Fürstcnsttzc
530 5262 580 5291 des
602 5260 782 5291 Kontineitts.
801 5263 844 5292 Es
866 5263 895 5299 ist
917 5263 995 5293 eines

189 5300 236 5331 der
266 5301 464 5337 allcrschönsten
494 5301 606 5338 Bücher,
635 5301 689 5331 das
718 5306 786 5332 man
815 5302 887 5336 lesen
916 5302 996 5333 lan».

190 5341 272 5373 Denn
291 5340 379 5376 dieser
402 5341 546 5376 Glückliche
568 5340 660 5371 verrät
682 5339 712 5375 in
734 5339 823 5375 jedem
844 5340 919 5378 Satz,
940 5342 996 5377 daß

1029 4108 1082 4131 nur
1103 4100 1341 4137 unerschöpslichcr
1362 4102 1472 4131 innerer
1491 4101 1632 4137 Reichtum
1649 4102 1695 4132 die
1715 4103 1834 4132 Umwelt

1031 4148 1064 4175 zu
1089 4141 1179 4172 einem
1204 4142 1348 4176 Paradies
1376 4142 1415 4171 im
1439 4141 1544 4171 kleinen
1571 4143 1749 4178 umgcstaltrt.
1774 4143 1834 4172 Den

1029 4182 1115 4218 besten
1137 4181 1290 4218 Schimmer
1311 4182 1409 4217 erhielt
1429 4182 1493 4218 auch
1513 4182 1570 4217 hier
1591 4182 1637 4212 der
1656 4183 1757 4217 Genuß
1779 4185 1835 4219 erst,

1031 4221 1076 4251 alö
1098 4223 1141 4251 die
1163 4222 1336 4252 Revolution
1358 4224 1419 4252 dem
1440 4220 1557 4256 Fürsten
1578 4222 1632 4252 das
1656 4224 1732 4252 teure
1753 4222 1836 4257 Idyll

1031 4261 1121 4296 entriß
1148 4263 1204 4292 und
1233 4263 1280 4292 der
1306 4261 1452 4293 Verarmte
1481 4262 1509 4290 in
1536 4261 1615 4292 Wie»
1643 4263 1688 4298 sich
1712 4262 1761 4292 mit
1789 4263 1835 4292 der

1030 4301 1212 4337 Erinnerung
1235 4302 1334 4337 trösten
1356 4302 1460 4336 mußte.
1484 4301 1528 4331 Da
1553 4302 1635 4332 baute
1659 4310 1686 4331 er
1713 4303 1757 4337 sich
1781 4304 1835 4332 das

1031 4341 1168 4373 Verlorne
1195 4343 1232 4372 im
1259 4342 1347 4378 Geiste
1374 4342 1431 4375 aus,
1456 4341 1555 4376 besang
1582 4344 1613 4371 es
1639 4343 1667 4371 in
1695 4342 1836 4377 melodisch

1031 4381 1178 4417 klagenden
1206 4382 1310 4418 Versen
1340 4383 1396 4411 und
1428 4382 1493 4417 fand
1524 4383 1602 4412 einen
1631 4381 1760 4418 Frieden,
1789 4385 1835 4412 der

1031 4421 1089 4457 ihm
1112 4422 1179 4457 nicht
1199 4422 1276 4457 mehr
1298 4427 1460 4457 genommen
1482 4424 1593 4452 werde»
1612 4422 1717 4452 konnte.

1082 4462 1138 4492 Der
1155 4462 1243 4495 „Blick
1255 4462 1304 4498 auf
1320 4461 1445 4491 Beloeil"
1462 4462 1527 4491 aber
1543 4462 1572 4498 ist
1588 4462 1652 4494 »och
1667 4462 1695 4491 in
1712 4463 1758 4491 der
1774 4462 1836 4497 Zeit

1031 4501 1081 4530 des
1108 4501 1280 4538 Vollbesitzes
1308 4501 1394 4536 (1781)
1423 4500 1596 4537 geschrieben.
1621 4502 1659 4531 Er
1687 4503 1762 4538 führt
1783 4503 1836 4531 de.,

1031 4540 1108 4576 Leser
1132 4541 1212 4577 durch
1234 4543 1289 4571 das
1312 4541 1418 4577 Muster
1443 4541 1510 4571 aller
1537 4541 1724 4579 französischen
1750 4541 1836 4577 Pärke

1031 4581 1088 4611 und
1109 4581 1215 4616 entläßt
1237 4581 1283 4617 ihn
1305 4581 1355 4611 mit
1373 4581 1451 4615 tiefer
1473 4581 1590 4618 Einsicht
1608 4582 1636 4611 in
1658 4582 1701 4611 die
1722 4581 1836 4617 seelische

1031 4621 1253 4657 Vorbedingung
1282 4621 1377 4656 solcher
1405 4620 1608 4657 Schöpfungen.
1637 4622 1710 4651 Man
1739 4621 1836 4656 möchte

1032 4661 1064 4696 sie
1089 4663 1145 4693 das
1172 4660 1374 4697 Gartcngcsühl
1400 4667 1509 4691 nennen
1535 4677 1568 4682 —
1591 4664 1645 4691 das
1672 4661 1759 4696 Glück,
1784 4662 1837 4692 das

1032 4702 1078 4730 der
1103 4701 1212 4736 Mensch
1237 4701 1395 4737 cinpsindet.
1419 4704 1501 4731 wenn
1528 4708 1555 4731 er
1579 4700 1625 4737 sich
1649 4701 1720 4736 seine
1746 4701 1837 4738 eigene

1033 4741 1105 4771 Welt
1123 4742 1252 4774 erbauen,
1270 4742 1315 4771 die
1336 4741 1459 4776 Kulissen
1477 4742 1524 4772 der
1544 4741 1616 4771 Welt
1635 4742 1700 4777 nach
1717 4742 1837 4776 eigenem

1031 4780 1166 4813 Belieben
1187 4781 1327 4819 ausstellcn
1351 4782 1422 4816 darf.
1446 4781 1491 4810 Da
1516 4781 1573 4816 gibt
1598 4784 1628 4811 es
1651 4781 1765 4817 Tempel
1788 4783 1838 4811 des

1033 4822 1120 4852 Mars
1148 4826 1204 4851 und
1232 4824 1280 4852 der
1307 4822 1416 4854 Venus,
1443 4821 1543 4855 Hallen
1569 4822 1616 4850 der
1643 4821 1839 4856 Freundschaft

1033 4863 1089 4892 und
1112 4862 1156 4891 die
1181 4862 1283 4897 Büsten
1307 4861 1404 4897 großer
1429 4861 1535 4895 Dichter
1560 4862 1616 4890 und
1640 4861 1839 4896 Philosophen.

1034 4901 1091 4932 Der
1113 4901 1193 4938 Fürst
1215 4906 1269 4932 von
1294 4901 1379 4937 Ligne
1403 4900 1449 4936 hat
1473 4901 1523 4930 alle
1548 4901 1646 4931 Götter
1668 4902 1754 4936 seiner
1777 4901 1839 4936 Zeit

1034 4941 1060 4976 so
1078 4943 1216 4977 geordnet,
1234 4942 1291 4972 und
1305 4943 1341 4971 da
1360 4940 1415 4977 sein
1433 4941 1489 4971 und
1504 4940 1591 4975 dieser
1609 4942 1673 4976 Zeit
1690 4940 1840 4976 Geschn»ack

1033 4981 1076 5011 die
1095 4982 1253 5018 Allegorie»
1273 4985 1377 5016 waren,
1396 4981 1510 5016 ergeben
1531 4981 1576 5018 sich
1594 4982 1642 5018 auf
1662 4982 1722 5011 dem
1742 4982 1840 5012 Rund-

1033 5028 1107 5057 gang
1123 5021 1243 5058 hundert
1260 5020 1474 5057 Gelegenheiten
1492 5027 1524 5057 zu
1540 5020 1672 5057 witzigem
1690 5020 1840 5056 Geplänkel

1034 5061 1091 5091 und
1113 5065 1224 5092 ,»unter
1247 5061 1417 5097 verkapptem
1438 5060 1572 5097 Tiefsinn.
1595 5060 1685 5093 Wenn
1706 5063 1770 5093 aber
1792 5062 1840 5091 der

1034 5101 1215 5137 Eigentümer
1243 5102 1291 5138 aus
1319 5101 1419 5135 Reisen
1447 5100 1492 5131 die
1519 5101 1626 5132 Gärten
1656 5100 1771 5135 anderst
1798 5102 1842 5132 be-

1033 5139 1135 5211 H
1135 5161 1141 5176 ,
1167 5142 1214 5178 hat
1239 5149 1266 5171 er
1293 5142 1352 5173 eine
1379 5140 1532 5177 Sicherheit
1557 5142 1614 5173 und
1640 5141 1764 5177 Eleganz
1789 5140 1841 5172 des

1135 5183 1151 5215 !,
1176 5182 1220 5212 die
1243 5183 1307 5218 stets
1333 5185 1387 5211 von
1412 5186 1510 5211 neuem
1533 5181 1688 5217 bezaubern
1714 5182 1771 5212 und
1797 5188 1842 5217 zu¬

1034 5221 1134 5251 weilen
1161 5222 1213 5251 den
1240 5222 1386 5251 Gedanken
1415 5228 1449 5250 an
1477 5222 1582 5257 gewisse
1608 5221 1716 5257 heutige
1745 5221 1842 5257 Kunst¬

1034 5261 1215 5297 philosophen
1240 5261 1346 5296 wecken,
1368 5262 1411 5291 die
1434 5261 1485 5291 mit
1510 5261 1704 5299 Stilpcriodcn
1728 5268 1774 5292 um
1798 5261 1841 5298 sich

1034 5302 1139 5337 Wersen
1157 5303 1214 5333 uub
1233 5302 1262 5332 in
1281 5301 1508 5337 Mietsjinmwrn
1528 5302 1656 5338 wohnen.
1672 5301 1767 5337 Dieser
1786 5305 1841 5331 von

1034 5341 1249 5377 Temperament
1282 5341 1447 5376 sprudelnd«
1479 5340 1626 5377 Fürstliche
1659 5341 1725 5370 aber
1758 5340 1843 5376 besitzt

1875 4103 1943 4133 alles
1960 4102 2043 4138 selbst,
2061 4104 2109 4138 hat
2125 4104 2195 4134 alles
2213 4103 2288 4139 selbst
2304 4105 2431 4134 verloren
2450 4105 2506 4134 und
2523 4105 2553 4140 ist
2571 4104 2597 4137 so
2616 4110 2678 4138 zum

1874 4143 1985 4179 Meister
2009 4144 2096 4178 seiner
2119 4145 2204 4179 Kunst
2227 4145 2383 4179 geworden.
2407 4144 2476 4177 „Die
2499 4145 2562 4180 erste
2585 4144 2678 4179 Hälfte

1875 4182 1963 4217 seines
2001 4183 2108 4214 Lebcnö
2142 4187 2202 4213 war
2236 4184 2279 4213 ein
2307 4184 2436 4218 Märchen
2472 4183 2600 4219 gewesen,
2634 4184 2678 4214 die

1875 4223 1967 4258 zweite
1995 4224 2186 4260 durchstrahlte
2215 4232 2244 4253 er
2268 4224 2320 4254 mit
2347 4225 2393 4254 der
2421 4225 2553 4259 »nitlgcn,
2580 4224 2678 4258 bezau¬

1873 4264 1994 4294 bernden
2016 4264 2160 4299 Heiterkeit
2185 4264 2273 4298 seines
2295 4264 2442 4299 Hcrzcnö,"
2465 4263 2521 4300 sagt
2545 4269 2599 4294 von
2621 4265 2678 4298 ihm

1874 4304 1920 4333 der
1936 4304 2040 4340 neueste
2056 4304 2249 4341 Herausgeber
2266 4303 2356 4340 seines
2373 4304 2591 4337 Gartcuwcrkes,
2607 4304 2680 4339 Graf

1874 4344 1906 4372 de
1923 4344 2034 4378 Ganah,
2050 4344 2098 4375 der
2115 4345 2168 4374 den
2186 4343 2278 4379 ,0oup
2291 4344 2373 4372 ck'ovil
2387 4351 2434 4372 «ur
2450 4344 2567 4373 Beloeil"
2586 4344 2614 4372 in
2631 4345 2679 4373 der

1876 4383 2040 4416 „C’olloctloii
2059 4385 2110 4414 des
2127 4384 2344 4414 ohefs-d’oeuvro
2362 4383 2524 4416 raöoonnus"
2544 4384 2678 4416 (Lditiona

1873 4423 2001 4458 Bossard,
2019 4424 2108 4458 Paris)
2129 4424 2292 4459 vorbildlich
2314 4425 2399 4453 ediert
2419 4424 2474 4461 hat.

1923 4471 1976 4501 Die
2005 4472 2091 4506 Binse
2119 4473 2148 4502 in
2177 4474 2225 4502 der
2252 4471 2498 4507 Kultiirgcschlchtc.
2525 4481 2548 4499 a.
2576 4479 2600 4499 v.
2628 4470 2682 4500 Die

1874 4510 1967 4545 Binse,
1986 4511 2030 4541 ein
2043 4511 2279 4547 Strandgewächs
2299 4511 2408 4544 unserer
2420 4510 2494 4540 Seen
2516 4510 2572 4539 und
2582 4509 2683 4544 Flüsse,

1875 4551 1920 4583 hat
1960 4550 2038 4585 heute
2077 4558 2131 4580 nur
2174 4551 2303 4586 geringen
2338 4549 2567 4587 wirtschaftlichen
2599 4549 2683 4579 Wert.

1873 4590 1986 4620 Anders
2008 4593 2069 4621 war
2099 4590 2154 4621 das
2181 4589 2220 4620 im
2244 4589 2421 4619 Mittelalter.
2464 4589 2516 4619 Sie
2548 4592 2608 4618 war
2638 4587 2683 4617 ein

1874 4629 2155 4666 abgabenpflichtigcs
2184 4629 2435 4664 Naturerzeugnis,
2476 4629 2528 4658 das
2553 4628 2592 4657 im
2615 4627 2684 4658 Ver¬

1874 4669 1931 4703 kehr
1953 4676 2019 4703 gern
2042 4669 2089 4699 als
2113 4668 2355 4704 Zahlungsmittel
2379 4674 2540 4702 genommen
2580 4667 2684 4701 wurde,

1876 4709 1931 4738 und
1954 4711 2030 4743 zwar
2052 4710 2108 4737 aus
2132 4709 2193 4737 dem
2215 4707 2351 4743 eiufachen
2375 4707 2499 4740 Grunde,
2537 4706 2601 4736 weil
2640 4706 2684 4736 die

1876 4746 1980 4780 Binsen
2004 4747 2118 4778 damals
2156 4748 2185 4777 in
2207 4747 2297 4777 vielen
2319 4747 2467 4782 Gegenden
2492 4745 2534 4775 die
2554 4745 2684 4780 Teppiche

1876 4786 2010 4821 ersetzten;
2035 4786 2067 4821 sie
2095 4787 2185 4816 kamen
2211 4788 2358 4821 deswegen
2386 4786 2451 4819 auch
2474 4785 2520 4815 als
2545 4784 2685 4820 Handels-

1876 4827 1988 4860 provnkt
2027 4827 2077 4862 ans
2118 4826 2159 4855 die
2183 4826 2336 4862 städtischen
2360 4826 2474 4855 Märtte.
2514 4824 2557 4860 Zu
2583 4824 2686 4858 Shake¬

1878 4866 1986 4900 speares
2007 4865 2104 4901 Zeiten
2126 4865 2223 4895 wurde
2246 4865 2309 4900 noch
2330 4866 2373 4895 die
2397 4864 2497 4899 Bühne
2519 4864 2599 4895 unter
2619 4864 2686 4894 Bei¬

1876 4904 2012 4941 mischung
2034 4905 2141 4941 einiger
2160 4904 2349 4940 aromatischer
2370 4904 2488 4934 Kräuter
2506 4903 2557 4933 mit
2580 4903 2686 4937 Binsen

1878 4945 1999 4980 bestreut,
2040 4946 2096 4975 und
2117 4945 2161 4975 die
2187 4944 2368 4979 Belieferung
2392 4945 2438 4973 der
2464 4942 2574 4976 Kirchen
2598 4942 2686 4972 damit

1878 4985 1930 5022 gab
1949 4984 2157 5021 Veranlassung
2172 4990 2205 5020 z»
2224 4984 2313 5014 einem
2330 4983 2412 5020 Feste.
2429 4982 2473 5017 I»
2493 4981 2591 5015 diesem
2609 4982 2686 5016 Falle

1876 5023 1975 5059 möge,»
1998 5023 2217 5061 Vorstellungen,
2261 5022 2304 5053 die
2328 5027 2392 5053 vom
2417 5021 2583 5057 Heidenttnn
2608 5020 2688 5051 über-

1878 5069 2008 5096 noimnen
2018 5066 2124 5096 waren,
2139 5062 2201 5094 ein«
2210 5063 2390 5098 Umdcutung
2408 5062 2445 5092 im
2455 5060 2549 5090 Sinne
2566 5060 2688 5096 gewisser

1877 5102 2031 5139 christlicher
2046 5102 2141 5138 Ideen
2159 5103 2286 5139 erfahren
2306 5102 2403 5138 haben.
2431 5100 2520 5131 Wenn
2539 5101 2593 5132 wir
2615 5107 2634 5135 z.
2652 5100 2688 5130 B.

1878 5141 1958 5175 lesen,
1998 5142 2053 5177 daß
2076 5142 2123 5174 der
2148 5141 2238 5173 Letter
2260 5143 2305 5172 der
2328 5139 2506 5176 olympischen
2532 5140 2630 5175 Spiele
2655 5145 2687 5175 zu

1877 5181 2021 5217 Anttochia
2050 5182 2184 5217 während
2223 5181 2308 5217 seiner
2337 5179 2473 5214 Amtszeit
2512 5180 2559 5215 aus
2600 5180 2688 5209 einem

1879 5220 2064 5257 Binsenlagcr
2088 5221 2199 5256 schlafen
2229 5221 2332 5255 mußte,
2354 5221 2399 5249 der
2424 5218 2555 5254 Reinheit
2586 5223 2689 5253 wegen,

1879 5260 1922 5291 die
1940 5261 2040 5295 seinem
2058 5261 2165 5296 Körper
2180 5260 2314 5296 anhastc»
2334 5259 2416 5294 sollte,
2435 5258 2463 5293 so
2482 5258 2512 5294 ist
2529 5258 2595 5293 recht
2614 5256 2689 5292 wohl

1880 5300 2004 5335 denkbar,
2026 5300 2081 5335 daß
2100 5300 2145 5331 die
2166 5300 2341 5336 Vorstellung
2363 5302 2418 5328 voit
2441 5297 2564 5334 sittlicher
2586 5296 2690 5328 Makel¬

1880 5338 1998 5374 losigkeit
2024 5338 2177 5374 irgendwie
2197 5338 2252 5368 mit
2276 5338 2322 5369 der
2347 5337 2432 5373 Binse
2457 5337 2599 5371 verknüpft
2622 5340 2690 5366 war.

2714 4102 2772 4132 Als
2791 4102 2982 4138 Bewohnerin
3001 4103 3050 4132 des
3069 4102 3215 4132 Strandes
3234 4106 3294 4133 war
3313 4103 3356 4132 die
3375 4101 3460 4136 Binse
3481 4103 3529 4132 der

2717 4142 2818 4172 Venus
2841 4142 2972 4177 geweiht;
3013 4142 3055 4176 ihr
3078 4142 3166 4171 Name
3189 4145 3249 4171 war
3286 4142 3361 4172 einer
3385 4142 3430 4171 der
3455 4142 3528 4177 zahl¬

2717 4181 2818 4216 reichen
2839 4181 2996 4213 Beinamen
3016 4182 3063 4212 der
3082 4181 3192 4211 Göttin.
3213 4180 3389 4216 Griechischer
3408 4181 3528 4217 Einfluß

2716 4224 2779 4251 war
2799 4222 2879 4256 lange
2899 4221 3069 4256 maßgebend
3090 4228 3127 4249 an
3148 4221 3194 4250 der
3217 4220 3357 4255 gallischen
3380 4220 3459 4255 Küste
3479 4221 3528 4250 des

2718 4261 2931 4294 MittclmcercS,
2964 4261 3021 4289 und
3050 4262 3080 4289 cs
3108 4260 3137 4294 ist
3161 4260 3280 4294 deshalb
3307 4260 3375 4294 nicht
3401 4263 3530 4289 verwun¬

2718 4299 2823 4335 derlich,
2845 4300 2898 4333 daß
2920 4300 2984 4334 »och
3004 4305 3051 4330 um
3071 4299 3113 4328 die
3139 4300 3224 4329 Mitte
3247 4300 3297 4328 des
3319 4300 3357 4328 13.
3379 4299 3530 4334 Jahrhmi-

2715 4339 2795 4368 derts
2817 4340 2848 4368 in
2872 4340 2961 4368 einem
2985 4337 3220 4373 provcnzalischen
3245 4339 3357 4369 Roman
3384 4340 3433 4367 des
3461 4338 3531 4368 Rai»

2717 4380 2802 4409 mond
2825 4380 2856 4408 de
2881 4378 2993 4413 Feraud
3015 4378 3059 4408 ein
3084 4378 3276 4408 Licbcsorakel
3301 4378 3427 4411 erwähnt
3451 4378 3530 4410 wird,

2720 4419 2762 4448 bei
2781 4419 2842 4448 dem
2857 4418 2963 4453 Binsen
2980 4418 3136 4447 verwendet
3154 4418 3279 4448 wurde»,
3295 4417 3338 4446 die
3354 4424 3400 4446 am
3417 4416 3531 4452 Johan¬

2719 4458 2830 4493 nistage
2854 4457 3011 4493 geschnitten
3031 4458 3146 4487 worden
3166 4461 3270 4486 lvaren.
3306 4456 3402 4487 Leider
3422 4456 3453 4491 ist
3476 4457 3531 4485 aus

2720 4497 2766 4527 der
2788 4497 2936 4532 gereimten
2956 4495 3093 4532 Dichtung
3113 4496 3180 4530 nicht
3201 4502 3234 4531 zu
3254 4495 3370 4530 ersehen,
3391 4496 3443 4525 wie
3465 4502 3531 4524 man

2720 4536 2762 4566 bei
2786 4538 2847 4566 dom
2868 4536 2966 4566 Orakel
2990 4536 3111 4570 verfuhr.
3149 4534 3194 4570 In
3216 4536 3263 4565 der
3283 4534 3440 4570 christlichen
3463 4535 3532 4569 Auf¬

2720 4576 2828 4612 fassung
2847 4575 2932 4611 nahm
2950 4574 2992 4604 die
3011 4574 3098 4609 Binse
3117 4575 3160 4605 die
3182 4574 3466 4609 Shmbolbcdcutung
3486 4574 3531 4602 der

2721 4616 2824 4645 Demut
2845 4622 2890 4647 an,
2930 4614 2981 4643 wie
3003 4614 3037 4648 sie
3064 4621 3112 4649 zur
3138 4614 3306 4649 Erlangung
3347 4614 3394 4643 der
3417 4612 3532 4642 Seclen-

2720 4654 2871 4689 länterung
2892 4653 3066 4688 erforderlich
3090 4653 3128 4689 ist.
3169 4653 3297 4688 Deshalb
3321 4652 3415 4687 mußte
3441 4653 3531 4681 Dante

2722 4693 2761 4723 im
2784 4693 2958 4728 Pnrgatorio
2983 4693 3063 4722 einen
3089 4691 3189 4722 Gürtel
3235 4694 3289 4722 aus
3317 4690 3532 4727 Binscngcslecht

2721 4734 2826 4768 trage»,
2869 4731 2926 4764 »nd
2951 4731 3057 4766 Binsen
3102 4731 3222 4767 wuchsen
3248 4738 3295 4762 am
3320 4731 3444 4762 Strande
3486 4729 3531 4758 der

2720 4770 2813 4807 Insel,
2837 4771 2902 4806 »ach
2922 4773 2971 4801 der
2996 4772 3040 4801 ein
3068 4771 3159 4807 Engel
3185 4771 3228 4801 die
3253 4771 3403 4804 erwählten
3429 4769 3531 4799 Seelen

2722 4811 2871 4847 begleiietc.
2912 4810 3014 4845 Welche
3040 4810 3277 4846 Gcdankengängc
3304 4809 3346 4839 die
3370 4808 3455 4842 Binse
3480 4808 3532 4837 mit

2722 4851 2812 4881 einem
2827 4849 2925 4885 frühe»
2943 4850 3005 4880 Tod
3023 4850 3052 4880 in
3064 4850 3250 4885 Verbindung
3266 4849 3377 4881 brachte,
3393 4848 3421 4883 ist
3438 4847 3533 4882 schwer

2723 4896 2755 4924 zu
2775 4889 2891 4922 ersehen.
2928 4889 2972 4924 In
2994 4890 3044 4920 de»
3069 4889 3219 4925 satirischen
3242 4888 3377 4923 Schriften
3400 4887 3449 4916 des
3469 4894 3535 4921 eng¬

2721 4928 2816 4964 lischen
2839 4928 2966 4964 Bischofs
2991 4928 3072 4964 John
3099 4928 3162 4962 Hall
3186 4928 3257 4959 wird
3278 4927 3343 4957 aber
3367 4926 3426 4955 ein«
3453 4925 3534 4960 solche

2724 4967 2899 5004 Vorstellung
2916 4967 3057 5005 erwähnt;
3076 4969 3147 4998 denn
3167 4975 3194 4997 er
3210 4969 3268 5002 sagt
3287 4967 3314 4995 in
3333 4966 3423 5000 seinen
3444 4965 3535 5000 „Cha¬

2723 5007 2870 5041 rakteren",
2895 5008 3021 5043 nachdem
3043 5015 3071 5038 er
3094 5007 3152 5038 eine
3175 5007 3254 5042 lange
3278 5004 3364 5040 Reihe
3387 5007 3442 5034 von
3469 5004 3536 5035 Bei¬

2724 5047 2825 5082 spielen
2869 5048 2920 5077 des
2944 5047 3059 5078 damals
3102 5045 3289 5081 herrschenden
3317 5044 3536 5079 Aberglaubens

2723 5086 2872 5121 angcführt
2895 5087 2955 5121 hat:
2980 5087 3084 5120 „Wenn
3109 5086 3173 5116 aber
3199 5084 3268 5119 seine
3296 5084 3357 5118 (des
3379 5082 3538 5120 Abergläu¬

2724 5125 2838 5161 bischen)
2863 5126 3025 5162 umdüstcrtc
3037 5125 3185 5161 Phantasie
3208 5122 3287 5158 durch
3296 5122 3420 5154 Träume
3445 5126 3539 5154 unter¬

2725 5165 2795 5202 stützt
2816 5166 2897 5199 Ivird,
2937 5166 2965 5197 in
2989 5166 3076 5196 denen
3116 5172 3143 5194 er
3168 5163 3247 5194 einen
3271 5156 3446 5198 Feengarten
3474 5164 3538 5193 oder

2723 5206 2813 5240 grüne
2838 5205 2942 5241 Binsen
2985 5205 3048 5235 oder
3090 5204 3139 5233 den
3168 5201 3326 5237 grüßenden
3355 5203 3434 5233 Wink
3460 5203 3539 5233 eines

2724 5247 2800 5276 tote»
2820 5245 2968 5280 Freundes
2986 5244 3057 5280 steht,
3077 5244 3150 5273 daun
3170 5242 3270 5272 nimmt
3288 5249 3316 5272 er
3336 5242 3465 5277 Abschied
3483 5246 3539 5272 von

2723 5283 2810 5320 dieser
2834 5284 2908 5315 Welt
2930 5284 2987 5314 und
3010 5284 3075 5318 sagt,
3098 5288 3157 5311 nun
3180 5282 3273 5311 werde
3294 5288 3323 5312 er
3349 5281 3418 5317 nicht
3441 5282 3539 5316 länger

2726 5323 2829 5353 leben."
