1954 2480
157 224 240 314 N
241 234 310 273 ro
313 257 327 271 -
397 223 531 311 62.

1399 237 1727 318 1812.

39 388 588 526 Zürcher-

186 560 428 607 Dienstag

1402 567 1463 605 den
1484 573 1520 608 q.
1540 564 1683 611 August.

39 698 172 730 Gedruckt
186 701 237 729 und
252 709 280 731 zu
294 701 381 734 finden
398 701 426 729 irr
442 700 486 729 der
502 699 706 734 Buchhandlung
726 706 775 728 vou
794 698 906 729 Orell,
926 699 1026 733 Füßli
1045 701 1096 729 und
1116 702 1313 736 Compagnie
1333 704 1385 733 und
1400 704 1446 737 auf
1457 704 1832 740 allenSchweiz.Postämtern^

82 788 198 822 Türkey.
235 792 324 823 Polen.
363 793 512 823 Schweden.
551 793 707 821 Dänemark.
748 791 969 824 Großbritannien
984 793 1229 826 (Zurücknahmeder
1243 796 1484 828 Kabknetsordern).
1521 798 1701 830 Deutschland.
1739 800 1826 828 Neue¬

124 829 173 857 stes
186 827 363 860 (Nachrichten
375 835 434 855 vom
447 828 600 860 Nordischen
610 826 804 859 Kriegsthearer
816 826 857 853 bis
869 833 925 856 rum
939 830 979 855 ,6.
990 828 1050 861 Jul.
1087 831 1290 858 NordrAmerika
1301 831 1391 861 erklärt
1402 833 1516 863 England
1532 834 1578 859 den
1591 833 1692 864 Krieg).

389 901 512 930 Türk
533 907 545 930 e
565 904 590 933 y.
747 905 761 919 N

89 940 277 975 SalorrLcht,
299 952 341 977 25.
362 945 429 977 Inn.
467 943 520 972 Die
540 944 596 976 Pest
619 941 695 975 greift
715 941 928 975 glücklicherweise

45 987 79 1012 r»
98 985 245 1020 Smyrna
266 984 331 1017 nicht
351 985 373 1018 so
396 984 475 1018 heftig
496 992 540 1013 um
560 985 620 1016 sich,
653 986 692 1013 als
715 992 773 1012 man
794 983 930 1015 befürchtet

42 1024 130 1056 hatte.
178 1027 232 1057 Die
257 1028 442 1061 Sommerhitze
466 1027 540 1060 fangt
558 1026 681 1058 nunmehr
703 1034 736 1054 an
755 1024 881 1059 beständig
899 1033 929 1057 zu

44 1063 166 1099 bleiben,
187 1070 288 1101 welches
307 1068 378 1103 leicht
396 1070 441 1098 das
461 1069 532 1103 beßte
548 1068 724 1103 Schutzmittel
741 1068 780 1101 für
798 1070 848 1097 uns
869 1067 927 1102 seyn

22 1095 153 1138 ^könnte.

409 1153 432 1185 P
453 1159 465 1180 0
484 1151 494 1182 I
515 1159 527 1182 e
547 1158 573 1182 a.

88 1194 147 1224 Auf
158 1193 342 1226 Veranlassung
362 1194 404 1222 der
423 1195 548 1225 neulichen
563 1192 697 1228 Vorgänge
718 1199 746 1225 ru
758 1191 927 1228 Marschau

48 1238 134 1268 macht
156 1237 366 1270 das^Iournal
387 1238 422 1263 de
444 1237 594 1269 t'Empire
618 1236 683 1268 diese
705 1237 925 1268 Betrachtungen:

47 1276 175 1309 »Welche
200 1277 358 1309 interessante
380 1278 431 1305 und
452 1278 623 1311 denkwürdige
644 1278 746 1306 Scene!
766 1277 815 1305 Ein
838 1279 928 1309 ganzes

47 1315 117 1344 Volk
139 1319 204 1349 zeigt
222 1318 262 1348 sich
280 1318 355 1348 völlig
375 1318 488 1347 gebildet
507 1319 554 1349 auf
570 1320 613 1345 der
626 1318 770 1351 Oberfläche
786 1318 829 1344 der
847 1319 927 1350 Erde;

47 1356 79 1381 es
101 1356 179 1388 steigt
192 1356 319 1389 gleichsam
340 1364 399 1389 ganz
422 1357 554 1390 bewaffnet
576 1357 689 1388 heraus.'
727 1358 784 1386 Bey
801 1357 855 1383 dem
875 1357 927 1385 ein¬

46 1394 121 1427 zigen
135 1398 226 1425 Worte
241 1400 353 1429 Polen!
374 1400 489 1427 Polen!
510 1399 649 1430 erscheinen
663 1398 738 1426 weite
757 1399 867 1428 Lander,
886 1398 925 1426 die

47 1435 101 1469 seit
115 1438 223 1471 zwanzig
237 1439 335 1472 Jahren
350 1438 399 1466 mit
411 1438 491 1466 einem
505 1440 653 1472 Trauerflor
668 1439 759 1466 bedeckt
775 1439 862 1470 lagen,
881 1444 926 1466 vor

46 1479 98 1507 den
114 1483 256 1512 erstaunten
270 1483 358 1513 Augen
373 1482 418 1507 des
429 1481 598 1514 Zuschauers;
619 1483 729 1511 6o,pcro.
743 1481 841 1513 Polen
857 1480 929 1513 stürz¬

48 1524 95 1550 ten
114 1523 170 1553 nach
192 1523 233 1549 der
253 1520 351 1552 Düna
371 1520 431 1553 hin,
451 1523 500 1550 und
522 1530 563 1549 um
580 1522 709 1554 Weisheit
732 1523 779 1551 mit
797 1524 879 1555 Murh
900 1531 927 1554 zu

48 1566 161 1596 gatten,
182 1563 345 1595 versammeln
368 1563 409 1595 sich
434 1565 503 1598 kluge
522 1564 666 1597 Minister?
694 1564 735 1592 ein
760 1564 928 1598 ehrwürdiger

48 1600 159 1634 Senat',
179 1604 339 1637 patriotische
350 1606 509 1637 Landboten,
528 1609 578 1634 und
590 1606 757 1638 proklamiren
775 1605 815 1633 ein
829 1606 853 1637 so
868 1607 926 1639 lang

48 1648 200 1677 entbehrtes
211 1649 369 1677 Vaterland!
390 1650 458 1678 Man
477 1649 538 1677 kann
553 1648 635 1682 dieses
651 1648 771 1682 magische
781 1650 857 1678 Wort
870 1649 925 1682 hier

48 1688 163 1720 zehnmal
175 1689 358 1723 wiederholen;
379 1690 445 1723 seine
457 1692 580 1725 Wirkung
602 1692 726 1725 begreifen
745 1699 791 1720 nur
810 1692 865 1721 die,
885 1692 925 1722 die

52 1732 82 1759 es
105 1731 131 1759 in
150 1730 205 1760 d'm
223 1731 306 1761 Saale
330 1733 374 1761 des
395 1733 791 1767 Konföderations-Reichstages
812 1735 926 1768 ausspre¬

54 1772 111 1801 chen
135 1774 230 1803 Herren.
279 1775 338 1803 Von
360 1776 426 1803 allen
446 1776 543 1806 Sekten
560 1777 666 1807 erhoben
689 1776 730 1807 fab
749 1776 926 1808 Bevfallsrnfe

53 1813 106 1840 und
126 1817 354 1848 Freudenthranen.
393 1819 433 1851 In
455 1818 538 1848 einem
553 1818 715 1853 Augenblicke
732 1825 784 1847 war
802 1819 843 1847 der
855 1820 926 1849 Saal

54 1854 104 1883 mit
116 1855 161 1884 den
168 1859 544 1894 National-Farbenirngefüllt.
581 1861 636 1891 Die
642 1861 779 1896 Zuschauer
794 1861 871 1892 hoben
886 1862 925 1891 die

53 1896 144 1932 Hände
157 1905 204 1931 gen
224 1901 335 1935 Himmel
353 1902 403 1930 und
422 1902 531 1933 winkten
554 1903 607 1942 sich,
616 1911 662 1932 von
684 1906 748 1932 allen
766 1902 861 1932 Seiten
879 1905 924 1933 des

53 1941 141 1969 Saals
154 1948 199 1974 zu;
219 1944 291 1975 gleich
306 1946 345 1974 als
359 1946 456 1974 lernten
475 1945 504 1980 sie
526 1945 566 1979 sich
587 1946 613 1975 in
635 1946 688 1974 dem
705 1945 865 1979 Augenblicke
880 1949 924 1981 erst

50 1984 164 2014 Fennen,
191 1990 227 2012 wo
247 1984 276 2013 sie
294 1988 334 2021 sich
354 1989 424 2019 beym
444 1989 512 2018 alten
527 1990 629 2019 Namen
648 1994 744 2016 nennen
763 1989 877 2017 konnten.
895 2009 923 2018 ..

51 2026 115 2060 Vey
130 2026 170 2056 der
189 2027 308 2056 erklärten
324 2031 513 2065 Vergessenheit
531 2034 594 2060 alles
614 2030 729 2061 ftühereu
737 2032 858 2063 Unrechts
869 2035 924 2061 ent¬

52 2069 124 2102 stand
143 2069 184 2099 ein
198 2072 273 2098 neues
293 2069 603 2107 BeyfaUgeschrey;'mau
623 2074 663 2106 sah
678 2073 724 2107 daß
737 2073 802 2101 nickt
819 2079 866 2101 nur
883 2074 922 2103 die

53 2112 188 2150 Wersen,,
198 2112 297 2147 sondern
312 2113 381 2146 selbst
401 2116 440 2144 die
456 2118 539 2151 Masse
554 2118 596 2146 der
613 2115 712 2146 Nation
728 2115 766 2144 die
783 2117 923 2147 Notwen¬

52 2153 146 2188 digkeit
166 2156 246 2190 dieser
263 2155 415 2189 Maaßregel
432 2158 520 2189 fühlte.
569 2161 626 2189 Der
649 2157 847 2190 Enthusiasmus
869 2165 922 2188 war

52 2197 204 2231 allgemein;
224 2198 263 2227 die
274 2199 375 2229 Damen
388 2200 605 2232 wetteiferrernm
614 2200 803 2234 Patriotismus
816 2199 921 2230 mieden

51 2242 204 2272 Männern,
230 2241 260 2275 sie
284 2241 418 2277 erschienen
438 2243 483 2276 auf
504 2243 550 2271 den
571 2243 727 2277 öffentlichen
750 2242 921 2278 Spaziergän¬

50 2289 100 2319 gen
116 2283 142 2314 in
158 2284 203 2314 den
226 2285 452 2321 Nationalfarben,
480 2286 529 2316 und
550 2286 654 2317 Abends
679 2287 705 2317 in
726 2287 767 2316 der
784 2286 918 2320 Affemblee

1806 1190 1826 1211 y

955 899 999 928 des
1019 900 1242 936 Französischen
1264 902 1454 934 Ambassadeurs
1481 910 1563 932 waren
1588 905 1633 932 alle
1656 905 1758 933 Damen
1778 906 1826 933 des

954 942 1034 972 Adels
1050 943 1155 976 polnisch
1176 942 1304 975 gekleidet.
1348 945 1425 977 „Ah,
1447 946 1514 976 rüste
1533 945 1587 974 eine
1603 946 1710 975 Mutter
1727 946 1767 975 die
1783 946 1826 977 ihr

956 983 1024 1010 Kind
1045 983 1163 1016 schlafend
1183 984 1261 1015 fand,
1291 988 1368 1016 wache
1392 987 1437 1018 auf
1456 987 1523 1016 mein
1542 987 1634 1020 Sohn,
1664 988 1696 1016 du
1714 988 1759 1021 bist
1779 988 1823 1017 ei»

956 1027 1048 1057 Pole!
1067 1029 1172 1056 Kommt
1187 1027 1229 1056 her
1249 1028 1331 1056 meine
1347 1028 1462 1059 Linder,
1484 1030 1517 1058 ich
1533 1029 1596 1058 liebe
1610 1031 1665 1059 euch
1682 1031 1738 1060 noch
1751 1031 1822 1061 mehr

955 1067 1058 1101 seitdem
1075 1068 1114 1100 ihr
1135 1069 1175 1098 ein
1191 1070 1334 1098 Vaterland
1355 1070 1448 1102 habt"!
1468 1071 1533 1100 Was
1553 1070 1607 1104 läßt
1624 1070 1667 1102 sich
1690 1071 1756 1103 nicht
1771 1078 1820 1100 von

955 1110 1036 1138 einem
1052 1112 1132 1140 Volke
1149 1115 1287 1142 erwarten,
1307 1113 1354 1141 das
1371 1112 1397 1140 in
1411 1111 1503 1143 seinem
1520 1112 1621 1145 Unglück
1639 1112 1711 1142 einen
1729 1113 1824 1147 solche»

952 1152 1142 1186 Nationalgekst
1162 1153 1273 1184 erhalten
1297 1155 1355 1187 hat,
1374 1154 1424 1182 und
1444 1155 1489 1183 das
1507 1155 1547 1188 sich
1564 1155 1588 1189 so
1607 1155 1681 1192 weise
1698 1156 1820 1187 benimmt

953 1201 994 1221 um
1010 1201 1039 1225 zu
1057 1195 1134 1228 Kraft
1156 1196 1205 1222 und
1222 1196 1415 1228 Wohlstand'zu
1434 1198 1588 1231 gelangen"!

1256 1237 1512 1268 Schweden.

962 1276 1045 1324 ^Der
1059 1275 1281 1310 Geslreichische
1295 1279 1482 1314 Beobachter
1499 1282 1569 1315 sagt:
1599 1280 1680 1316 „Wie
1694 1288 1753 1310 mau
1766 1287 1822 1311 ver,

954 1320 1061 1348 nrmmt,
1091 1319 1133 1349 soll
1154 1319 1194 1351 sich
1210 1320 1246 1351 H.
1267 1320 1428 1354 Thornton
1450 1323 1495 1355 seit
1513 1325 1620 1355 Kurzem
1641 1323 1824 1359 iDGothen,

951 1357 1029 1391 bürg
1039 1358 1187 1389 aufhalte«,
1207 1360 1258 1387 und
1263 1360 1306 1388 der
1313 1363 1470 1396 Englische
1482 1364 1598 1393 Admiral
1605 1364 1739 1395 Bentink
1748 1367 1821 1393 eben¬

951 1398 1052 1431 daselbst
1071 1400 1118 1431 auf
1131 1399 1173 1427 der
1183 1401 1330 1434 Durchreise
1345 1406 1402 1433 nach
1413 1403 1557 1439 Rußland
1572 1405 1738 1440 eingetroffen
1749 1408 1817 1442 seyn.

951 1442 1019 1469 Man
1036 1440 1091 1473 fügt
1111 1440 1201 1472 hinzu,
1232 1442 1279 1475 daß
1299 1444 1351 1472 Se.
1366 1444 1511 1479 Königliche
1528 1449 1592 1481 Hoh.
1612 1449 1657 1476 der
1675 1449 1818 1482 Kronprinz

952 1488 1000 1509 von
1028 1481 1197 1516 Schweden
1226 1483 1347 1518 ebenfalls
1370 1485 1463 1516 binnen
1489 1490 1597 1521 Kurzem
1615 1490 1673 1520 dort
1699 1494 1820 1521 erwartet

954 1523 1063 1552 werde."
1735 1539 1739 1544 •
1808 1539 1820 1563 7

1248 1569 1345 1598 Dan
1364 1576 1377 1599 e
1395 1575 1420 1598 m
1438 1577 1455 1599 n
1471 1578 1485 1601 r
1502 1575 1526 1602 f.

944 1635 957 1645 v
986 1607 1208 1644 Ropenhagen,
1227 1618 1253 1644 4.
1262 1612 1323 1646 Jul.
1358 1612 1421 1647 Hier
1435 1614 1540 1648 erschien
1550 1615 1675 1650 jüngsthin
1688 1616 1730 1647 ein
1742 1618 1818 1647 Werk

950 1647 1010 1677 über
1030 1649 1069 1677 die
1088 1652 1205 1679 Vulkane
1223 1653 1274 1680 und
1291 1660 1384 1683 warme
1406 1656 1493 1686 Bader
1514 1658 1541 1686 in
1561 1659 1700 1693 Island,
1729 1661 1816 1691 welche

950 1691 1107 1724 interessante
1124 1693 1258 1724 Resultate
1277 1695 1338 1724 über
1359 1697 1402 1725 dis
1419 1700 1609 1733 unterirrdiscke
1628 1700 1816 1735 Gemeinschaft

950 1733 994 1762 des
1014 1733 1229 1770 Isländischen
1252 1737 1360 1771 Hecla,
1392 1739 1441 1769 mit
1460 1741 1513 1770 dem
1536 1744 1620 1772 Etua
1643 1745 1692 1772 und
1712 1744 1813 1774 Vesuv

951 1776 1082 1807 enthalten
1101 1778 1152 1810 soll.
1188 1781 1254 1807 Auch
1274 1779 1300 1808 in
1319 1781 1440 1815 Island
1459 1784 1516 1817 soll,
1536 1785 1583 1813 wie
1599 1786 1624 1813 in
1637 1785 1750 1821 Japan
1764 1787 1814 1815 und

950 1818 1097 1850 Sizilien,
1114 1820 1157 1848 der
1169 1820 1253 1853 Wahn
1269 1821 1407 1857 herrschen,
1428 1825 1475 1862 daß
1484 1828 1524 1857 die
1537 1829 1630 1858 Crarer
1644 1829 1684 1859 der
1697 1830 1813 1860 Vulkane

948 1860 1077 1895 Eingänge
1094 1868 1137 1894 zur
1152 1862 1222 1900 Hölle
1242 1863 1325 1897 seyen.
1404 1862 1419 1872 "
1479 1877 1485 1897 ,
1550 1877 1555 1881 •
1611 1863 1652 1907 Y\,
1699 1869 1733 1905 V.\
1756 1900 1761 1905 ,

1152 1906 1210 1935 Gr
1230 1912 1243 1933 0
1265 1905 1278 1937 ß
1300 1908 1312 1936 b
1333 1914 1346 1936 t
1364 1908 1374 1936 i
1394 1913 1405 1938 t
1425 1917 1439 1938 a
1459 1918 1474 1940 n
1493 1920 1509 1940 n
1531 1912 1539 1941 i
1558 1918 1572 1942 e
1589 1920 1617 1941 n.

982 1948 1023 1980 In
1044 1946 1085 1976 der
1106 1947 1337 1984 Unterhaussitzung
1351 1958 1394 1980 am
1418 1964 1458 1982 -o.
1474 1956 1532 1989 Jul.
1553 1959 1610 1989 trug
1627 1957 1813 1991 Lord-tastle-

947 1990 1039 2024 veagh
1055 1996 1114 2019 vor,
1134 1989 1161 2018 in
1181 1992 1255 2024 Folge
1280 1992 1324 2022 der
1343 1993 1542 2031 Tagesordnung
1562 1999 1623 2029 heut
1642 2001 1687 2028 den
1707 2000 1813 2031 Bericht

947 2033 991 2062 des
1010 2033 1139 2067 geheimen
1154 2034 1312 2068 Ausschusses
1333 2043 1415 2071 wegen
1439 2040 1480 2068 der
1500 2042 1616 2072 Unruhen
1634 2040 1661 2069 in
1681 2043 1727 2071 den
1747 2045 1811 2073 Ma¬

948 2075 1253 2109 nufaktur-Grafschaften
1270 2077 1295 2106 in
1309 2080 1449 2114 Erwägung
1464 2088 1491 2114 z«
1514 2084 1605 2116 ziehen.
1643 2084 1809 2121 H.Braug-

946 2119 1015 2152 ham
1029 2118 1090 2150 steht
1112 2119 1172 2151 auf,
1193 2118 1256 2149 nicht
1276 2127 1318 2148 um
1340 2121 1380 2153 sich
1398 2123 1440 2150 der
1459 2124 1658 2158 Tagesordnung
1677 2134 1708 2158 zu
1724 2126 1810 2156 Widers

947 2161 1033 2194 sehen,
1056 2160 1160 2193 sondern
1180 2168 1222 2189 um
1243 2162 1288 2190 den
1312 2164 1373 2193 Lord
1389 2171 1432 2193 um
1446 2163 1600 2202 Ausklärung
1622 2169 1679 2197 über
1699 2167 1740 2197 die
1754 2171 1811 2202 letz^

945 2206 988 2232 teu
1007 2203 1170 2234 Nachrichten
1189 2206 1237 2231 ans
1254 2203 1393 2236 Amerika
1412 2215 1441 2238 zu
1460 2210 1581 2241 ersuchen.
1620 2210 1809 2240 Das.Gerückt

944 2244 1009 2280 laust
1025 2244 1093 2278 (sagt
1110 2248 1148 2280 er)
1169 2245 1208 2274 die
1224 2247 1343 2276 Kammer
1358 2249 1402 2278 der
1420 2250 1638 2291 Repräsentanten
1653 2252 1713 2284 habe
1734 2252 1807 2281 ein.»

943 2286 1064 2322 Beschluß
1081 2293 1259 2323 angenommen
1267 2297 1275 2324 ,
1293 2291 1404 2327 wodurch
1422 2298 1496 2327 -egen
1509 2293 1654 2329 England
1675 2295 1717 2324 der
1727 2295 1805 2329 Krieg

1930 1950 1953 1978 %

132 2377 145 2398 1.
173 2387 176 2390 -
205 2373 223 2392 ^
