2626 3484
202 75 522 113 DorauSbezahlung.

156 118 497 165 3Lhrli»...7??...64
515 132 568 165 Btz.

155 165 450 199 BierttljShrlich......
465 167 495 193 1Ü
515 166 568 198 Btz.

1165 105 1277 154 Siro.
1306 108 1396 157 L6.

2004 82 2112 112 Eiura
2116 82 2230 119 ckung-
2233 83 2367 118 gebühe.

1937 134 1988 163 Dl«
2005 135 2155 167 Petit-Aeil«
2172 138 2189 163 S
2199 135 2429 172 Zürcher-Kreuzer.

1990 169 2074 197 Bri«f«
2093 174 2141 197 und
2159 171 2255 200 Gelder
2272 170 2382 201 frank«.

206 536 412 581 Mittwoch

1906 539 1983 577 den
2009 537 2071 579 24.
2098 537 2215 587 März
2245 538 2379 579 1-841.

824 620 919 646 <Dr«ck
938 622 990 644 und
1011 621 1108 648 Verlag
1127 625 1178 644 von
1198 621 1309 648 Otdl,
1329 619 1429 648 Fiißll
1449 621 1500 644 und
1521 622 1759 649 Eompagnie.)

157 725 230 752 Dies«
245 725 355 753 Leitung
369 724 486 752 erscheint
501 723 656 749 wöchentlich
671 724 740 747 drei
755 724 836 748 Mal:
860 726 1019 753 Montag,
1035 725 1212 750 Mittwoch
1229 726 1280 748 und
1295 725 1449 752 Freitag.
1479 725 1534 748 All«
1549 725 1676 753 Anreigeu
1695 726 1793 749 «erde»
1815 726 1891 753 daher
1904 725 1992 753 schnell
2012 725 2047 749 i«
2060 726 2201 753 vnblik««
2206 725 2369 754 -verbreitet»
2390 725 2431 752 sie

428 767 582 795 diejenigen»
601 766 686 792 welch«
706 766 734 790 in
754 766 813 793 zwei
833 767 1128 794 aufeinanderfolgenden
1148 768 1288 790 Nummern
1306 767 1458 794 erscheinen»
1477 768 1540 791 wird
1560 768 1606 791 da»
1627 768 1708 795 »weite
1727 768 1791 792 Mal
1811 766 1833 791 L
1852 769 1890 791 kr.
1909 773 1954 796 per
1972 767 2040 793 Seil«
2061 768 2167 795 b«»ahlt.

315 862 381 903 Für
410 864 467 897 das
489 862 539 896 2te
560 861 705 897 Quartal
727 862 806 893 1841
840 861 933 901 dieser
955 860 1088 902 Zeitung
1115 862 1192 895 kann
1220 861 1279 895 mit

159 919 177 949 i
200 918 238 959 fl.
258 921 331 953 oder
352 920 406 960 für
427 920 485 953 das
508 919 576 961 2te,
599 918 649 952 3te
671 919 733 951 und
755 918 806 951 4te
822 917 972 952 Quartal
993 918 1051 951 mit
1073 916 1149 958 3'fl.
1173 917 1211 953 Z.
1232 916 1276 951 03.

158 973 206 1007 bei
232 976 293 1007 uns
320 975 538 1011 pränumerirt
561 976 695 1014 werden;
720 973 888 1014 außerhalb
914 975 969 1007 des
990 973 1137 1007 Kantons
1163 972 1277 1013 Zürich

159 1030 274 1064 wendet
295 1037 368 1063 man
389 1030 443 1070 sich
465 1030 558 1070 dafür
580 1039 620 1063 an
643 1030 690 1063 die
711 1030 847 1071 zunächst
870 1029 1024 1071 liegenden
1046 1028 1237 1071 Postämter.

537 1085 674 1127 Orell,
696 1084 813 1127 Füßli
838 1088 898 1120 und
922 1085 1050 1124 Comp,
1074 1086 1107 1119 in
1128 1084 1277 1122 Zürich.

195 1173 255 1204 Der
272 1172 378 1206 Bericht
398 1171 444 1201 de»
464 1172 610 1207 Vorort«»,
637 1171 680 1201 der
698 1172 725 1201 in
751 1171 794 1201 drr
821 1174 896 1206 «rstrn
918 1171 1031 1210 Sitzung
1056 1171 1098 1201 drr
1117 1171 1278 1209 Tagsatzung

159 1218 267 1252 verlesen
287 1216 389 1248 worden
410 1216 456 1253 ist,
476 1216 563 1252 spricht
582 1216 625 1251 sich
645 1216 864 1253 folgendermaßen
884 1215 944 1245 über
962 1216 1009 1245 da»
1023 1214 1177 1253 zürcherische
1190 1215 1279 1247 Krei»-

160 1263 282 1298 schreiben
303 1265 367 1291 au»:
387 1261 484 1297 „Weil
504 1260 541 1290 die
561 1260 700 1297 Ereignisse
721 1260 756 1289 im
770 1259 806 1291 K.
821 1262 930 1297 Aargau
951 1261 995 1296 sich
1015 1262 1062 1294 auf
1080 1260 1163 1290 keine»
1183 1260 1279 1289 andern

160 1307 270 1339 Kanton
291 1305 459 1343 au»gebreitet
479 1307 583 1341 hatten,
611 1303 664 1334 und
684 1304 742 1334 weil
762 1303 882 1339 dieselben
902 1303 1045 1341 überhaupt
1065 1305 1148 1335 keinen
1173 1303 1280 1340 für.die

162 1351 411 1389 Eidgenossenschaft
435 1349 568 1387 allgemein
593 1349 762 1386 gefährlichen
790 1350 930 1385 Charakter
958 1351 1131 1387 anzunehmen
1163 1349 1278 1386 drohten,

160 1397 267 1435 glaubte
287 1396 329 1426 der
349 1395 414 1431 eidg.
434 1395 536 1425 Vorort
555 1394 602 1424 mit
620 1394 735 1431 Hinsicht
756 1396 802 1429 auf
814 1396 875 1425 Art.
890 1396 906 1423 4
927 1394 971 1424 de»
984 1394 1218 1431 Bundesvertrag»
1238 1401 1278 1423 am

162 1445 207 1470 11.
227 1441 296 1476 Jan.
315 1440 411 1476 letzthin
433 1439 478 1474 sich
498 1437 576 1474 dahin
595 1439 758 1474 au»sprechen
778 1447 809 1476 zu
830 1440 926 1474 sollen:
947 1447 972 1469 er
992 1439 1059 1474 finde
1078 1439 1117 1469 ri»
1137 1438 1208 1474 jede»
1229 1446 1277 1469 un¬

161 1485 304 1514 mittelbar«
323 1484 494 1520 Einschreiten
514 1483 540 1513 in
566 1482 604 1512 die
623 1483 858 1519 Angelegenheiten
886 1483 931 1513 de»
952 1483 1075 1514 Stande»
1093 1485 1202 1521 Aargau
1227 1490 1278 1514 von

161 1529 238 1565 seiner
252 1528 329 1559 Seite
342 1527 383 1562 für
396 1528 517 1565 voreilig;
534 1528 615 1563 spater
628 1526 689 1561 fand
704 1535 728 1557 er
742 1527 780 1557 ein
795 1527 884 1562 solche»
899 1528 1070 1563 Einschreiten
1086 1526 1127 1563 für
1141 1526 1279 1565 unnöthig,

162 1573 220 1604 weil
241 1572 279 1602 die
300 1573 438 1610 Ereignisse
458 1573 502 1608 sich
524 1572 591 1607 nicht
611 1572 694 1601 weiter
720 1570 857 1601 verwickelt
881 1575 988 1610 hatten,
1013 1573 1073 1603 weil
1099 1572 1218 1608 vielmehr
1243 1571 1281 1601 die

163 1617 304 1654 öffrntliche
323 1616 402 1652 Ruhe
421 1616 475 1646 und
495 1616 627 1654 Ordnung
647 1616 682 1645 im
702 1616 738 1647 K.
757 1618 867 1654 Aargau
888 1616 948 1646 bald
970 1617 1060 1647 wieder
1080 1615 1176 1647 überall
1195 1619 1282 1654 herge-

163 1665 226 1698 stellt
246 1661 349 1692 worden
370 1669 442 1698 war,
462 1661 518 1690 weil
539 1662 619 1694 ferner
638 1676 675 1682 —
694 1662 747 1690 und
767 1661 821 1696 dieß
835 1661 862 1696 ist
875 1661 914 1691 rin
929 1662 991 1691 aller
1004 1661 1161 1700 Beachtung
1175 1664 1282 1697 w«rther

164 1707 286 1742 Umstand
306 1721 342 1728 —
362 1703 405 1735 der
424 1704 519 1735 Stand
539 1706 648 1741 Aargau
668 1704 721 1734 kein
741 1704 895 1742 Begehren,
915 1704 965 1741 daß
983 1706 1010 1735 in
1031 1705 1098 1743 eidg.
1117 1707 1221 1736 Namen
1242 1707 1281 1736 in-

164 1752 287 1784 tervenirt
307 1750 406 1787 werde,
430 1749 541 1788 gestellt,
567 1748 672 1783 sondern
693 1749 738 1784 sich
758 1750 878 1785 vielmehr
897 1751 925 1779 in
946 1750 1022 1780 einem
1043 1751 1281 1788 entgegengesetzten

167 1797 244 1828 Sinn
264 1795 411 1832 wiederholt
430 1794 626 1833 ausgesprochen
647 1795 733 1831 hatte,
758 1794 798 1823 ein
819 1794 910 1828 solche»
929 1793 1125 1830 ausdrückliche»
1145 1795 1281 1833 Begehren

165 1843 224 1872 aber
248 1840 338 1880 gemäß
362 1840 415 1870 dem
435 1839 572 1870 Wortlaut
599 1838 642 1868 de»
664 1840 725 1868 Art.
745 1839 761 1866 4
791 1838 837 1867 de»
857 1837 1091 1875 Bundesvertrag»
1117 1839 1282 1876 nothwendig

164 1887 291 1925 vorlitgen
312 1886 388 1923 muß,
415 1893 458 1915 um
478 1883 516 1914 die
534 1883 713 1920 Tagsatzung,
740 1882 798 1913 oder
818 1883 846 1913 in
867 1883 933 1918 ihrer
954 1883 1128 1919 Abwesenheit
1149 1882 1195 1913 den
1216 1883 1282 1920 eidg.

165 1932 283 1968 Vorort,
303 1939 334 1968 zu
354 1930 524 1967 berechtigen,
545 1929 573 1958 in
595 1928 632 1957 die
651 1928 742 1957 inner»
757 1928 991 1965 Angelegenheiten
1010 1928 1078 1957 eine»
1093 1928 1218 1959 Kanton»
1238 1928 1283 1963 sich

164 1976 360 2014 rinzumischen,
387 1975 414 2005 in
441 1973 557 2009 welchem
583 1972 850 2010 verfaffungSgemäße
876 1973 1018 2003 Gewalten
1048 1976 1075 2003 e»
1104 1972 1284 2003 übernommen

163 2023 263 2059 haben,
282 2027 334 2052 von
356 2021 401 2057 sich
422 2023 472 2049 au»
493 2018 531 2048 die
550 2017 693 2056 gefährdete
714 2015 852 2052 öffentliche
871 2017 1006 2054 Ordnung
1027 2017 1080 2047 und
1097 2017 1176 2053 Ruhe
1196 2016 1286 2047 wieder

163 2066 334 2104 herziistelle».
354 2086 417 2096 ...
458 2065 498 2095 ES
524 2064 656 2100 verlangte
682 2062 724 2092 der
744 2061 840 2093 Stand
859 2061 958 2097 Zürich
986 2062 1069 2098 nicht»
1096 2061 1217 2099 andere»,
1244 2062 1285 2092 als

166 2111 214 2147 daß
234 2111 288 2141 eine
308 2111 410 2148 längere
424 2109 587 2145 Okkupation
608 2107 652 2138 de«
665 2107 700 2139 K.
716 2109 824 2145 Aargau
846 2109 919 2137 unter
933 2106 999 2144 eidg.
1012 2106 1120 2143 Leitung
1133 2115 1284 2144 genommen

165 2156 220 2186 und
240 2156 289 2190 daß
309 2156 346 2185 die
365 2156 391 2185 in
412 2155 493 2189 jenem
514 2154 623 2185 Kanton
642 2152 805 2189 befindlichen
826 2151 950 2188 Truppen
972 2151 1012 2181 der
1028 2151 1063 2182 K.
1076 2150 1189 2188 .Zürich,
1209 2151 1284 2182 Bern

166 2199 221 2230 und
241 2199 457 2235 Basellandschaft
476 2202 550 2229 unter
570 2199 609 2229 ein
636 2198 702 2237 eidg.
723 2196 999 2234 Militärkommando,
1027 2196 1119 2233 gemäß
1146 2195 1192 2225 den
1219 2195 1284 2234 eidg.

167 2244 397 2282 Militärgesetze»,
423 2244 520 2281 gestellt
546 2243 646 2274 werden
672 2243 758 2278 sollen.
797 2242 859 2277 Zur
878 2242 957 2279 Zeit,
985 2242 1025 2271 al»
1055 2241 1104 2271 das
1129 2240 1285 2277 vorstehende

165 2290 306 2327 Begehren
326 2289 401 2324 durch
423 2288 469 2318 den
491 2287 588 2319 Stand
606 2287 707 2324 Zürich
736 2289 832 2326 gestellt
858 2287 978 2324 worden,
1005 2288 1059 2317 »bar
1085 2286 1123 2316 die
1148 2284 1286 2321 öffentliche

166 2335 303 2373 Ordnung
322 2335 356 2364 im
375 2333 411 2365 K.
432 2334 541 2370 Aargau
569 2333 660 2363 bereit»
687 2333 782 2363 wieder
808 2332 962 2371 vollständig
990 2332 1144 2369 hergestellt;
1169 2330 1285 2365 demnach

166 2388 222 2411 war
247 2381 308 2413 auch
334 2379 386 2409 eine
412 2378 479 2417 eidg.
498 2378 741 2416 Dazwischenkunft
767 2386 826 2416 zum
846 2377 938 2413 Zweck
964 2377 1006 2407 der
1031 2377 1191 2414 Herstellung
1219 2376 1288 2411 jener

167 2425 303 2462 Ordnung
323 2425 351 2454 in
372 2424 451 2454 keiner
471 2423 556 2458 Weise
575 2426 645 2459 mehr
671 2423 857 2460 nothwendig;
883 2424 937 2453 eine
965 2422 1031 2460 eidg.
1049 2417 1289 2460 Dazwischenkunft

166 2471 227 2499 aber
252 2468 294 2503 für
320 2469 488 2507 Befestigung
514 2468 556 2498 der
582 2470 645 2505 ohne
672 2468 851 2505 Mitwirkung
881 2467 923 2498 der
949 2465 1170 2503 BundeSbehörde
1198 2466 1289 2496 bereit»

167 2512 264 2543 überall
291 2514 460 2550 hergrstellten
488 2511 646 2548 öffentlichen
674 2512 811 2550 Ordnung
838 2513 922 2548 mußte
950 2512 1012 2547 noch
1037 2513 1087 2542 viel
1113 2512 1223 2550 weniger
1249 2511 1290 2541 al»

169 2557 336 2595 nothwendig
356 2558 507 2593 erscheinen,
534 2557 592 2586 weil
611 2556 753 2593 überhaupt
773 2557 827 2587 eine
853 2557 918 2594 eidg.
938 2557 1127 2591 Intervention
1153 2557 1200 2587 mit
1224 2557 1289 2587 allen

167 2604 239 2637 ihren
258 2602 440 2638 nachthriligen
456 2602 553 2638 Folgen
573 2601 612 2630 nie
630 2602 696 2635 ohne
715 2601 890 2637 zureichenden
908 2601 1008 2631 Grund
1028 2602 1171 2641 beschlossen
1191 2601 1290 2632 werden

168 2649 224 2684 soll.
262 2647 341 2683 Ohne
361 2645 409 2681 daß
428 2645 480 2675 eine
499 2644 565 2681 eidg.
584 2644 827 2680 Dazwischenkunft
847 2645 874 2675 in
894 2645 971 2675 einem
992 2644 1116 2676 Kantone
1134 2645 1291 2684 angeordnet

168 2693 291 2730 worden,
317 2691 427 2725 dennoch
448 2689 486 2719 die
504 2689 530 2719 in
552 2689 629 2719 einem
649 2688 742 2722 solchen
762 2688 885 2719 Kantone
911 2689 1042 2724 stehenden
1062 2689 1188 2726 Truppen
1215 2694 1291 2721 uiiter

168 2740 209 2770 rin
230 2737 295 2777 eidg.
317 2733 575 2768 Militärkommando
595 2741 626 2771 zu
646 2733 748 2770 stellen,
777 2733 863 2768 mußte
882 2732 925 2762 der
950 2732 1017 2770 eidg.
1037 2734 1140 2764 Vorort
1163 2734 1205 2769 für
1231 2736 1290 2765 eben

169 2787 194 2821 so
213 2785 305 2820 schwer
324 2780 498 2818 ausführbar,
525 2782 567 2809 al»
587 2778 628 2814 für
647 2778 781 2817 gefährlich
801 2778 828 2808 in
848 2777 890 2807 der
908 2777 1086 2815 Anwendung
1113 2779 1210 2814 halten.
1249 2780 1290 2810 E«

169 2831 228 2866 darf
246 2828 312 2864 nicht
330 2827 456 2866 vergessen
475 2824 591 2862 werden,
610 2824 658 2860 daß
672 2824 710 2854 die
724 2823 1014 2861 KontingentStruppen
1029 2821 1071 2852 der
1084 2822 1288 2859 schweizerischen

168 2877 293 2908 Kantone
313 2880 363 2904 nur
381 2872 491 2908 insofern
521 2871 555 2901 im
583 2869 743 2909 eigentlichen
763 2869 855 2899 Sinne
882 2868 927 2898 de»
947 2868 1054 2898 Worte»
1080 2867 1144 2906 eidg.
1164 2866 1288 2903 Truppen

169 2922 240 2959 sind,
266 2920 309 2951 al»
329 2910 496 2955 dieselben'in
517 2916 599 2954 Folge
626 2915 694 2945 eine»
713 2914 870 2950 Beschlüsse»
897 2913 939 2944 der
959 2911 1178 2948 BundeSbehörde
1203 2913 1289 2950 aufge-

169 2969 245 2998 boten
265 2964 319 2997 und
338 2972 370 3003 zu
388 2963 543 2998 bestimmten
563 2959 685 2996 Zwecken
706 2960 780 2995 durch
801 2959 842 2990 die
861 2959 985 2995 nämliche
1004 2956 1125 2995 Behörde
1146 2957 1289 2992 verwendet

171 3011 271 3043 werden
293 3019 320 3042 u.
339 3011 358 3047 s.
377 3010 440 3040 w."
470 3023 507 3030 —
535 3007 602 3038 Don
622 3005 664 3036 der
683 3003 888 3041 österreichische»
910 3006 982 3036 Note
1001 3004 1069 3041 heißt
1089 3006 1117 3035 e»
1143 3003 1231 3034 darin:
1260 3003 1290 3039 sie

171 3055 259 3095 gehört
284 3057 354 3092 nicht
378 3055 406 3086 in
433 3053 481 3084 da»
502 3052 598 3084 Gebiet
624 3050 847 3087 staatsrechtlicher
866 3049 1111 3087 Verhandlungen;
1135 3049 1236 3086 dieselbe
1261 3048 1291 3083 ist

171 3102 224 3133 rein
249 3100 475 3139 privatrechtlicher
500 3099 601 3130 Natur.
638 3097 696 3129 Der
723 3096 788 3134 eidg.
816 3096 920 3126 Vorort
948 3097 994 3132 hat
1023 3094 1083 3131 diese
1110 3094 1290 3125 Reklamation

170 3147 246 3184 daher
264 3155 308 3178 am
330 3148 374 3176 iS.
393 3146 471 3182 Febr.
490 3144 545 3174 dem
567 3142 663 3174 Stand
677 3143 787 3179 Aargau
805 3149 838 3180 zu
858 3141 1039 3178 angemessener
1053 3139 1213 3178 Verfügung
1233 3139 1290 3169 mit-

168 3193 292 3232 getheilt,
312 3190 366 3222 und
384 3190 486 3227 seitdem
505 3189 543 3220 die
562 3195 622 3220 vom
642 3192 668 3219 1.
688 3187 772 3225 März
792 3186 886 3217 datirte
899 3184 1086 3223 Erwiederung
1105 3184 1229 3220 derselbe»
1250 3184 1292 3215 der

167 3239 190 3270 k.
215 3238 238 3269 k.
262 3235 465 3273 österreichischen
491 3234 700 3273 Gesandtschaft,
714 3233 808 3270 einfach
834 3239 881 3271 zur
904 3231 1039 3268 Krnntniß
1063 3230 1192 3270 gebracht.
1231 3229 1292 3262 Mit

1315 859 1516 896 KreiSschreiben
1544 867 1602 891 vom
1624 863 1648 891 8.
1669 860 1752 898 März
1776 862 1858 898 haben
1885 861 2034 897 sämmtliche
2056 860 2165 892 Stände
2192 861 2356 899 beglaubigte
2373 860 2429 890 Ab¬

1315 905 1426 940 schriften
1447 904 1521 940 dieser
1542 904 1698 939 Aktenstücke
1722 914 1768 943 zur
1786 905 2015 942 Kenntnißnahme
2039 907 2208 944 empfange»,
2227 920 2265 928 —
2282 905 2431 944 ungeachtet

1315 950 1357 979 die
1368 949 1527 986 vorliegende
1542 950 1744 987 Angelegenheit
1761 957 1793 987 zu
1807 950 1885 980 keiner
1898 950 1964 988 eidg.
1979 950 2171 988 Verhandlung
2187 950 2226 980 die
2238 950 2431 986 Veranlassung

1316 996 1392 1031 geben
1414 994 1498 1030 kann,
1518 1008 1555 1016 —
1575 995 1633 1024 weil
1646 993 1684 1024 die
1699 994 1877 1032 Mittheilung
1892 994 1965 1031 dieser
1978 995 2061 1025 Akten
2074 1002 2126 1026 von
2139 993 2323 1031 verschiedenen
2335 992 2431 1024 Seit«

1315 1037 1459 1076 gewünscht
1479 1038 1581 1069 worden
1601 1046 1665 1068 war.

1355 1083 1414 1113 Wir
1439 1087 1530 1121 tragen
1557 1085 1630 1120 heute
1656 1086 1705 1113 au»
1724 1083 1767 1113 der
1785 1083 1863 1113 Rede
1877 1083 1921 1113 de»
1941 1084 2116 1122 aargauischen
2137 1082 2287 1119 Gesandten
2306 1089 2365 1113 vom
2388 1083 2431 1111 16.

1317 1127 1414 1165 März,
1434 1127 1472 1158 die
1491 1136 1579 1165 wegen
1599 1127 1641 1157 der
1654 1127 1755 1165 Menge
1774 1127 1819 1157 de«
1834 1126 1942 1163 Stoffe»
1961 1136 2012 1158 nur
2023 1128 2082 1166 kurz
2096 1126 2200 1164 berührt
2213 1126 2316 1164 wurde,
2336 1126 2430 1164 einige»

1317 1173 1386 1207 nach.
1425 1172 1475 1207 Im
1502 1173 1578 1207 ersten
1604 1171 1683 1207 Theil
1706 1171 1830 1208 derselben
1860 1173 1984 1202 erinnerte
2010 1174 2060 1210 Hr.
2086 1170 2224 1209 Wieland,
2253 1171 2301 1202 mit
2329 1171 2433 1206 welcher

1317 1216 1446 1254 Einigkeit
1472 1216 1524 1246 und
1544 1216 1766 1254 Bereitwilligkeit
1790 1217 1824 1246 im
1844 1218 1946 1254 Herbste
1973 1219 2043 1246 1839
2072 1217 2120 1247 da»
2139 1216 2345 1252 Revisionswerk
2372 1222 2432 1253 v«M

1317 1261 1371 1292 Gr.
1389 1261 1479 1296 Rathr
1497 1262 1629 1299 begonnen
1649 1260 1752 1298 wurde,
1779 1261 1835 1291 und
1855 1262 1902 1291 wie
1920 1262 1967 1292 alle
1987 1261 2145 1299 Störungen
2166 1257 2293 1298 desselben
2311 1266 2363 1291 von
2390 1259 2432 1290 der

1318 1305 1517 1344 Hartnäckigkeit
1538 1305 1587 1335 de»
1602 1304 1731 1343 Bünzner
1745 1305 1864 1336 Konnte»
1884 1307 2048 1343 Herkommen.
2077 1306 2137 1339 Mit
2154 1306 2309 1344 Beziehung
2329 1306 2376 1340 auf
2393 1303 2432 1334 die

1316 1348 1415 1385 Klöster
1433 1351 1514 1388 zeigte
1539 1358 1580 1386 er,
1606 1350 1653 1379 wie
1679 1350 1763 1388 thätig
1783 1350 1862 1381 Muri
1887 1350 1941 1380 und
1961 1350 2106 1387 Einsirdeln
2133 1351 2203 1386 schon
2228 1350 2267 1380 bei
2285 1350 2432 1386 Aufnahme

1317 1394 1361 1424 de»
1374 1396 1434 1425 Art.
1450 1397 1483 1423 12
1503 1396 1625 1432 gewesen.
1652 1396 1748 1431 Ferner
1767 1395 1804 1424 bei
1824 1395 1871 1424 den
1885 1394 2111 1432 Verhandlungen
2131 1395 2192 1425 über
2212 1394 2260 1424 da»
2271 1394 2429 1430 BiSthum»-

1316 1439 1451 1470 konkordat
1477 1441 1539 1475 habe
1564 1439 1612 1468 da»
1632 1438 1732 1473 Kloster
1751 1439 1950 1477 Hermetschwyl
1972 1440 2049 1477 große
2067 1439 2217 1477 Thätigkeit
2242 1438 2296 1469 und
2323 1438 2430 1473 Einfluß

1316 1483 1463 1514 entwickelt.
1491 1484 1547 1514 Der
1568 1482 1701 1518 Gesandte
1719 1484 1868 1517 beleuchtete
1887 1483 1925 1513 die
1944 1484 2020 1519 durch
2039 1484 2078 1513 die
2092 1482 2433 1520 Badeuerkonferenzartikel

1318 1530 1522 1565 hervorgerufene
1542 1528 1696 1564 Gährung;
1715 1527 1757 1557 die
1776 1527 1905 1566 Stiftung
1926 1527 1970 1558 de»
1990 1529 2040 1566 sog.
2061 1527 2222 1564 katholischen
2242 1528 2370 1564 Verein»,
2390 1526 2433 1556 der

1318 1573 1362 1608 sich
1382 1572 1510 1609 Eingriffe
1535 1572 1562 1602 in
1585 1571 1688 1602 Staat»
1697 1585 1707 1599 -
1733 1571 1786 1602 und
1813 1572 2071 1608 Privatverhältnisse
2096 1573 2197 1602 erlaubt
2222 1574 2307 1608 hatte,
2333 1573 2358 1608 so
2383 1570 2432 1607 daß

1319 1617 1392 1652 durch
1414 1620 1509 1647 unter-
1529 1615 1583 1647 und
1603 1617 1826 1654 obergerichtlicht»
1846 1617 1943 1653 Urtheil
1963 1616 2078 1652 Strafen
2097 1625 2177 1655 gegen
2197 1615 2434 1653 sein«Mitglieder

1319 1662 1445 1699 verhängt
1465 1660 1517 1691 und
1539 1661 1643 1698 derselbe
1662 1660 1793 1700 aufgelöst
1813 1661 1912 1692 werde»
1933 1662 2026 1698 mußte.
2060 1662 2164 1698 Gleich«
2178 1661 2313 1699 Gährung
2332 1661 2363 1696 sei
2376 1668 2433 1697 pro-

1319 1707 1401 1745 vozirt
1420 1706 1523 1737 worden
1544 1706 1583 1736 bei
1595 1707 1683 1743 Anlaß
1701 1706 1748 1736 de»
1762 1705 1961 1744 Schulgesetze»,
1981 1706 2030 1737 da»
2043 1707 2088 1745 sich
2102 1707 2186 1742 bisher
2198 1707 2225 1737 in
2238 1707 2319 1742 seinen
2334 1706 2433 1743 Folge«

1319 1760 1370 1782 nur
1394 1750 1551 1789 wohlthätig
1578 1752 1708 1787 erwiesen;
1737 1751 1773 1781 bei
1800 1751 1854 1781 dem
1882 1750 2035 1781 Staatseide
2063 1751 2106 1781 der
2129 1751 2295 1788 Geistlichen,
2325 1758 2366 1781 wo
2395 1750 2434 1781 die

1317 1796 1504 1831 Intervention
1524 1795 1569 1825 de»
1589 1795 1708 1832 Bischof»
1728 1797 1866 1833 angerufe»
1887 1795 1940 1828 und
1961 1795 2000 1826 die
2019 1796 2169 1834 Regierung
2189 1803 2221 1834 zu
2246 1796 2311 1826 einer
2337 1795 2434 1832 beruhi¬

1318 1840 1415 1877 genden
1429 1840 1627 1875 Proklamation
1647 1839 1784 1877 genöthigt
1804 1839 1925 1877 worden,
1945 1842 1969 1876 so
1989 1841 2036 1870 wie
2055 1848 2087 1878 zu
2101 1840 2156 1871 dem
2170 1842 2341 1875 bewaffneten
2354 1839 2436 1876 Zuge

1319 1885 1346 1914 in
1367 1883 1414 1914 da»
1433 1884 1581 1920 Freienamt
1602 1886 1690 1921 1835,
1709 1885 1748 1914 bei
1767 1885 1809 1915 der
1828 1884 1993 1923 Anordnung
2013 1885 2055 1915 der
2074 1884 2349 1921 Klostervrrwaltung.
2376 1883 2435 1914 Der

1320 1929 1377 1959 Abt
1395 1936 1446 1959 von
1468 1928 1546 1959 Muri
1575 1930 1636 1965 habe
1661 1929 1708 1959 mit
1735 1929 1789 1959 dem
1809 1927 2043 1966 Klostervermögen
2070 1931 2118 1963 auf
2140 1929 2193 1959 eine
2216 1928 2364 1964 schändliche
2383 1929 2436 1959 Art

1321 1976 1452 2011 gehauSt^
1466 1974 1530 2004 einer
1551 1975 1630 2010 hohen
1650 1974 1748 2009 Person
1769 1975 1871 2010 40,000
1889 1974 1917 2009 fl.
1937 1974 2079 2011 geschenkt,
2099 1973 2284 2011 eigenmächtig
2303 1972 2343 2002 dir
2354 1972 2437 2008 Zinse

1322 2026 1373 2050 von
1393 2021 1410 2047 4
1430 2020 1476 2053 auf
1496 2020 1511 2046 3
1521 2019 1530 2037 l
1529 2018 1546 2055 /
1545 2032 1557 2052 2
1566 2018 1604 2055 %
1623 2019 1796 2056 herabgesetzt,
1817 2017 1870 2048 und
1890 2018 1934 2054 sich
1954 2018 2001 2048 mit
2021 2020 2140 2055 350,000
2161 2019 2189 2054 fl.
2208 2018 2235 2048 in
2257 2017 2436 2053 Schuldtitel«

1322 2067 1371 2093 au»
1390 2062 1443 2093 dem
1458 2063 1567 2094 Kanton
1589 2063 1715 2101 gemacht,
1735 2063 1773 2093 die
1792 2070 1852 2093 man
1873 2064 1917 2098 erst
1937 2064 1999 2099 nach
2014 2064 2102 2098 seinem
2116 2062 2190 2094 Tode
2203 2063 2250 2094 mit
2262 2062 2338 2092 vieler
2350 2060 2437 2098 Mühe

1322 2108 1414 2138 wieder
1433 2109 1495 2143 habe
1514 2109 1634 2145 erlangen
1654 2106 1762 2138 können.
1800 2107 1843 2142 In
1865 2110 1990 2144 mehreren
2010 2105 2128 2142 Klöstern
2149 2108 2211 2144 habe
2236 2107 2281 2143 sich
2305 2108 2347 2137 ein
2368 2107 2437 2137 Der-

1322 2150 1565 2190 mögenSrückschlag
1595 2152 1669 2190 durch
1700 2152 1747 2183 den
1777 2152 2079 2190 unverhältnißmäßigen
2106 2151 2241 2188 Aufwand
2271 2152 2305 2182 im
2330 2151 2439 2186 Inner«

1322 2197 1426 2235 gezeigt.
1456 2198 1542 2227 Allein
1563 2198 1623 2232 auch
1643 2198 1668 2228 in
1691 2197 1752 2233 diese
1770 2197 1818 2228 den
1837 2196 1956 2232 Klöstern
1976 2199 2001 2233 so
2021 2197 2107 2234 lästige
2126 2197 2305 2234 Verwaltung
2326 2197 2357 2232 sei
2375 2203 2435 2226 man

1321 2242 1423 2279 geneigt
1442 2242 1553 2279 gewesen
1574 2241 1791 2278 Modifikationen
1819 2250 1851 2280 zu
1877 2243 2001 2280 bringen;
2027 2242 2121 2272 bereit»
2146 2242 2207 2277 seien
2233 2248 2292 2272 vom
2311 2240 2359 2272 Kl.
2384 2240 2438 2271 und

1323 2287 1376 2317 Gr.
1396 2286 1484 2321 Rathe
1504 2286 1543 2316 die
1556 2287 1691 2320 Anstalten
1711 2288 1837 2324 getroffen
1857 2288 1981 2325 gewesen,
2002 2288 2079 2323 ihnen
2101 2286 2139 2317 die
2152 2287 2330 2324 Verwaltung
2350 2285 2440 2316 wieder

1323 2329 1537 2369 zurückzugeben,
1558 2330 1611 2360 und
1633 2332 1675 2367 sich
1697 2332 1756 2366 bloß
1775 2331 1814 2361 die
1833 2331 1969 2362 Kontrolle
1982 2332 2188 2370 vorzubehalten.
2221 2329 2343 2365 Dadurch
2358 2329 2440 2360 werde

1324 2384 1365 2406 am
1384 2376 1464 2410 besten
1484 2376 1616 2412 bewiesen,
1637 2375 1684 2412 daß
1703 2377 1812 2414 Aargau
1832 2375 1896 2411 seine
1914 2376 1940 2406 in
1962 2376 2005 2406 der
2023 2376 2189 2413 Tagsatzung
2209 2377 2352 2414 gegebenen
2369 2375 2439 2406 Ver¬

1326 2422 1490 2459 sprechungen
1511 2428 1542 2459 zu
1562 2421 1647 2457 halten
1667 2422 1791 2459 gesonnen
1813 2420 1865 2451 und
1884 2426 1936 2451 von
1956 2420 2022 2456 jeder
2041 2422 2145 2457 Absicht
2162 2422 2210 2455 auf
2228 2420 2441 2456 SSkularisatio»

1327 2466 1379 2496 und
1400 2466 1555 2502 Spoliation
1576 2468 1686 2502 entfernt
1705 2467 1816 2503 gewesen
1835 2466 1875 2501 sei.
1904 2481 1940 2488 —
1968 2465 2014 2501 In
2033 2465 2076 2495 der
2095 2464 2335 2502 RevisionSperiode
2360 2465 2442 2501 habe»

1327 2512 1371 2549 sich
1385 2511 1517 2546 besonder»
1538 2511 1580 2541 die
1594 2509 1695 2546 Klöster
1708 2511 1786 2543 Muri
1806 2511 1860 2544 und
1874 2511 2025 2549 Wettingen
2040 2510 2245 2548 Einwirkungen
2262 2510 2375 2546 erlaubt,
2395 2509 2445 2539 alle

1327 2558 1380 2593 ihre
1399 2556 1570 2593 Mannschaft
1590 2556 1643 2587 und
1662 2556 1791 2587 Beamten
1812 2555 1985 2594 ausgesandt,
2006 2563 2047 2586 um
2069 2555 2108 2587 die
2122 2556 2298 2592 Verwerfung
2318 2554 2361 2585 der
2374 2554 2444 2585 Ver¬

1327 2603 1426 2638 fassung
1436 2609 1472 2638 zu
1487 2601 1628 2639 erzwecken.
1648 2602 1717 2636 (Der
1729 2601 1863 2636 Gesandte
1873 2601 1936 2639 ging
1950 2601 2002 2636 hier
2014 2601 2038 2631 in
2049 2600 2089 2630 die
2100 2600 2237 2629 bekannten
2250 2599 2443 2635 Einzelüheite»

1327 2646 1371 2676 de»
1381 2645 1536 2681 Aufstande»
1549 2646 1611 2681 rin.)
1635 2646 1672 2676 Er
1686 2645 1810 2686 schilderte
1824 2645 1870 2675 den
1883 2645 1991 2680 Einfluß
2006 2644 2047 2674 der
2057 2642 2159 2677 Klöster
2171 2644 2219 2677 auf
2226 2642 2274 2673 den
2285 2643 2444 2678 moralische«

1327 2689 1379 2721 und
1399 2691 1539 2727 physischen
1558 2689 1682 2725 Zustand
1703 2689 1746 2719 der
1760 2689 1951 2727 Umgebungen.
1983 2688 2074 2720 Gerne
2095 2688 2152 2724 lasse
2170 2695 2197 2718 er
2216 2687 2249 2718 da
2263 2687 2446 2726 Gerechtigkeit

1327 2735 1508 2772 widerfahren,
1527 2742 1568 2765 wo
1585 2735 1615 2771 sie
1628 2734 1741 2765 verdient
1756 2734 1852 2771 werde;
1872 2737 1899 2764 e»
1912 2733 1974 2773 gebe
1988 2734 2132 2770 ehrenvolle
2144 2732 2308 2764 individuelle
2321 2734 2447 2769 Ausnah¬

1327 2788 1394 2811 men.
1414 2796 1451 2802 —
1471 2779 1601 2818 Nachdem
1621 2779 1659 2809 die
1673 2779 1853 2815 Klosterfchule
1866 2780 1893 2810 in
1906 2779 1986 2810 Muri
2000 2787 2089 2817 wegen
2103 2779 2169 2816 ihrer
2183 2777 2444 2816 Unzweckmäßigkeit^

1327 2825 1380 2855 und
1393 2826 1451 2855 iveil
1465 2826 1496 2861 sie
1510 2825 1555 2861 sich
1570 2824 1622 2854 dem
1638 2824 1810 2863 Schulgesetze
1824 2825 1891 2861 nicht
1902 2826 1964 2861 habe
1977 2825 2147 2859 unterwerfen
2161 2824 2269 2859 wollen,
2286 2823 2445 2861 aufgehobe»

1327 2868 1445 2905 worden,
1466 2870 1491 2905 so
1511 2871 1574 2906 habe
1593 2877 1651 2900 man
1665 2870 1705 2901 die
1719 2870 1879 2909 Errichtung
1893 2870 1962 2901 einer
1976 2869 2165 2907 Bezirksschule
2178 2868 2353 2907 beabsichtigt;
2371 2868 2447 2898 allem

1326 2912 1369 2942 der
1381 2914 1469 2952 vorige
1484 2915 1536 2945 und
1550 2915 1593 2945 der
1606 2915 1671 2951 letzte
1684 2916 1740 2946 Abt
1755 2917 1836 2953 haben
1850 2917 1881 2953 sie
1894 2914 2054 2952 verhindert,
2074 2913 2128 2944 und
2148 2915 2221 2952 sogar
2234 2912 2274 2943 die
2285 2919 2337 2944 von
2350 2913 2446 2949 Priva¬

1327 2961 1369 2988 ten
1388 2959 1562 2999 beabsichtigte
1583 2957 1741 2999 Errichtung
1762 2961 1828 2991 einer
1847 2961 1938 2996 solchen
1959 2959 2148 2996 Hintertrieben.
2168 2957 2297 2989 —Man
2318 2959 2380 2994 habe
2401 2965 2444 2997 ge¬

1327 3004 1398 3041 sagt,
1418 3003 1460 3034 der
1475 3005 1528 3036 Gr.
1542 3005 1618 3042 Rath
1639 3006 1668 3042 sei
1690 3005 1729 3037 bei
1743 3006 1825 3042 Erlaß
1844 3005 1889 3036 de»
1902 3003 2267 3041 KlostiraufhebungSdekret»
2280 3002 2447 3040 provisorisch,

1327 3048 1420 3085 mithin
1441 3049 1508 3084 nicht
1527 3051 1667 3088 kompetent
1686 3052 1815 3090 gewesen;
1834 3051 1908 3081 allein
1921 3050 1961 3081 «in
1974 3049 2162 3087 provisorischer
2175 3049 2231 3081 Gr.
2244 3048 2320 3084 Rath
2334 3048 2366 3084 sei
2378 3048 2447 3084 nicht

1327 3093 1451 3131 denkbar,
1472 3095 1526 3125 und
1545 3094 1662 3133 Lberdirß
1681 3097 1713 3132 sei
1732 3104 1758 3127 er
1776 3095 1850 3130 durch
1869 3096 1940 3126 einen
1961 3095 2097 3132 besonder»
2110 3094 2260 3133 gesetzlichen
2275 3091 2376 3129 früher»
2391 3092 2446 3123 Be¬

1328 3139 1408 3176 schluß
1428 3140 1476 3170 mit
1496 3140 1539 3171 der
1558 3141 1770 3177 definitiven
1790 3139 2045 3178 Geschäftsführung
2064 3140 2106 3170 bi«
2125 3146 2183 3177 zum
2204 3137 2382 3170 Amtsantritt
2399 3136 2446 3167 de»

1328 3192 1406 3216 neuen
1421 3184 1476 3216 Gr.
1489 3184 1596 3224 Rathr»
1615 3188 1763 3224 beauftragt
1780 3188 1903 3226 gewesen.
1940 3185 1993 3217 Bei
2013 3185 2054 3215 drr
2068 3183 2250 3223 Behandlung
2271 3182 2315 3213 de»
2335 3182 2444 3214 Dekret»

1328 3230 1389 3268 seien
1409 3230 1564 3269 wenigsten»
1584 3234 1620 3263 50
1635 3247 1670 3255 —
1684 3234 1719 3262 60
1739 3231 1886 3270 katholische
1904 3230 2057 3270 Mitglieder
2083 3228 2217 3267 anwesend
2241 3228 2367 3266 gewesen,
2392 3225 2444 3256 eine
