4112 5551
375 146 633 220 Beilage

329 281 401 339 zu
435 262 555 326 Nr.
591 262 691 322 84

3065 250 3177 310 SS.
3207 248 3403 322 März
3427 250 3619 312 1901.

198 437 229 468 &
253 464 257 468 .

396 450 486 504 Alts
514 448 598 496 dem
624 448 824 504 Vatikan.

292 522 343 569 ....
376 522 390 557 f
733 526 840 563 Nom,
864 528 904 557 18.
926 523 1012 561 März.

211 602 215 606 .
271 579 294 615 (
326 572 406 620 Nach
426 573 488 609 dem
507 570 706 618 ursprünglich
720 571 898 617 festgesetzten
912 568 1034 606 Term!»

198 616 276 657 hätte
308 618 366 655 das
404 618 526 665 geheime
559 616 772 661 Konsistorium
813 625 862 651 am
900 615 1034 656 heutigen

198 661 292 707 Tage.
326 664 381 699 daS
416 663 573 706 öffentliche
596 672 643 698 am
679 660 807 704 nächsten
840 659 1035 701 Donnerstag

200 707 370 751 abgehalteu
385 709 499 745 werden
514 707 624 752 sollen;
640 710 673 742 es
685 705 720 749 ist
731 703 895 746 verschoben
905 704 1035 743 worden,

200 751 256 789 wie
278 762 346 789 man
369 753 438 797 sagt,
464 753 511 788 bis
535 752 604 794 nach
627 749 754 793 Ostern;
777 748 847 783 über
879 747 934 782 den
956 746 1036 791 Zeit-

201 797 289 843 pnnlt
312 799 453 835 verlautet
476 796 544 832 aber
566 794 636 835 noch
659 802 712 836 gar
731 792 824 836 nichts
839 790 1035 833 Bestinnules.

266 843 314 884 In
355 845 405 879 der
438 842 530 881 hohen
564 837 711 882 Prälatur
743 836 778 878 ist
810 836 857 872 die
889 836 1037 881 Nachricht

194 892 259 924 .von
282 886 369 929 dieser
391 881 599 926 Verschiebung
621 880 697 926 nicht
724 881 778 916 mit
806 881 955 925 freudigen
978 882 1037 917 Ge¬

202 930 301 974 fühlen
325 930 545 972 aufgenommen
568 926 697 962 worden.
724 926 825 971 Zwölf
846 925 1035 970 Monsignori

198 975 307 1016 harre»
341 970 460 1012 darauf,
493 971 546 1007 mit
581 969 644 1007 dem
678 970 803 1015 Pnrpur
836 971 965 1007 bekleidet
1001 980 1037 1015 zu

202 1018 316 1052 werden
338 1018 399 1052 und
422 1017 484 1051 eine
514 1015 602 1061 große
626 1016 705 1060 Zahl
734 1023 791 1052 von
824 1015 1036 1061 Bischofssitzen

202 1058 238 1103 ist
260 1069 317 1097 nett
339 1071 375 1106 zu
398 1059 525 1106 besetzen.
552 1060 617 1097 Der
640 1059 762 1104 Ehrgeiz
785 1060 871 1096 vieler
892 1061 1036 1097 Würden-

203 1106 301 1150 träger
322 1107 397 1142 wird
419 1105 513 1141 damit
535 1106 588 1150 auf
609 1107 672 1141 eine
697 1106 778 1148 harte
799 1105 900 1150 Probe
921 1105 1037 1149 gestellt,

202 1151 208 1187 t
270 1150 330 1187 Die
367 1150 576 1194 Verschiebung
613 1150 702 1193 dieses
747 1151 894 1194 ivichtigen
935 1149 1038 1193 Konst-

204 1193 219 1320 i
219 1195 344 1230 torinmL
369 1195 414 1238 ist,
436 1195 491 1230 wie
514 1193 554 1238 ich
569 1194 673 1234 Ihnen
696 1194 800 1231 bereits
817 1195 926 1238 schrieb,
942 1196 1037 1236 wahr-

219 1238 346 1284 cheinlich
370 1238 422 1284 auf
443 1239 489 1275 die
511 1231 761 1282 Schwierigkeiten
792 1239 1038 1284 zurückzuftthren,

219 1283 250 1320 iie
276 1282 328 1328 sich
362 1292 460 1329 wegen
493 1284 543 1320 der
569 1283 722 1329 Besetzung
756 1285 806 1319 des
830 1284 1038 1329 Bischofssitzes

206 1328 239 1365 in
261 1329 338 1374 Metz
361 1328 494 1374 ergaben.
540 1328 679 1373 Weniger
700 1331 775 1365 deml
798 1329 823 1373 je
850 1329 948 1371 scheint
971 1338 1039 1364 man

205 1373 247 1409 im
277 1373 405 1411 Vatikan
438 1373 550 1418 geneigt
584 1383 618 1420 zu
654 1373 720 1416 sei»,
753 1376 807 1409 den
842 1373 940 1419 Msgr.
956 1374 1039 1419 Zorn

206 1424 266 1454 von
288 1419 402 1462 Bülach
423 1428 490 1463 zum
511 1418 628 1463 Bischof
650 1425 708 1455 von
730 1418 807 1464 Metz
839 1428 875 1464 zu
911 1420 1039 1462 erheben.

206 1463 278 1499 DaS
300 1463 417 1508 Kapitel
440 1472 498 1500 von
521 1462 608 1509 Metz,
632 1464 689 1500 das
722 1461 919 1508 nrsprünMi
952 1474 1039 1508 gegen

206 1507 277 1551 diese
299 1508 390 1552 Wahl
413 1515 485 1552 war,
508 1508 567 1551 ließ
590 1517 669 1554 zwar
691 1509 722 1545 in
744 1509 824 1545 Nom
851 1508 959 1553 wissen,
982 1509 1039 1551 daß

206 1557 239 1589 eS
263 1553 355 1595 seinen
378 1552 563 1598 Widerstand
588 1553 716 1596 anfgebe,
740 1561 824 1591 wenn
846 1555 896 1589 der
915 1554 1039 1590 Vatikan

206 1597 362 1643 zustimme,
409 1599 476 1635 aber
520 1601 570 1635 der
618 1598 767 1643 päpstliche
812 1599 1040 1641 Staatssekretär

207 1638 369 1686 Rampolla
395 1642 520 1679 verblieb
550 1642 593 1679 bei
625 1642 727 1688 seinem
749 1643 824 1680 Veto
855 1653 941 1689 gegen
970 1643 1040 1686 diese

208 1685 317 1733 Wahl;
340 1698 370 1724 er
397 1687 460 1724 will
492 1695 552 1723 von
585 1688 677 1724 einem
698 1689 892 1729 Kandidaten,
928 1690 975 1724 der
1008 1690 1039 1724 in

208 1730 314 1766 Berlin
344 1743 481 1777 persona
502 1735 598 1775 grata
629 1732 674 1776 ist,
703 1733 794 1775 nichts
805 1767 809 1772 ,
825 1732 932 1776 wissen.
977 1732 1041 1769 Der

207 1774 337 1819 Konflikt
359 1776 460 1820 scheint
481 1774 533 1819 sich
556 1777 588 1811 in
610 1776 700 1818 letzter
722 1777 789 1820 Zeit
810 1776 933 1821 ziemlich
955 1777 1041 1821 scharf

207 1814 354 1864 zugespitzt
376 1830 412 1864 zn
434 1820 537 1861 haben.
571 1820 651 1862 Nach
674 1820 767 1860 allem,
801 1826 867 1857 was
889 1831 958 1857 man
979 1829 1042 1857 ver-

209 1864 324 1908 nimmt,
347 1864 383 1908 ist
406 1863 450 1899 die
476 1863 598 1906 deutsche
621 1864 788 1908 Negierung
818 1864 893 1909 nicht
923 1867 1042 1910 geneigt,

209 1909 405 1953 nachzugebeil
426 1909 488 1945 und
500 1908 541 1944 im
557 1909 684 1945 Vatikan
707 1909 740 1951 ist
762 1909 847 1954 dazu,
866 1911 920 1945 wie
940 1910 1043 1953 gesagt,

210 1955 279 1997 auch
308 1953 382 1989 keine
405 1953 475 1996 Lust
504 1953 683 1998 vorhanden,
714 1954 742 1996 so
772 1954 830 1994 daß
861 1955 1043 1997 mutmaßlich

210 1997 260 2034 der
296 1997 473 2042 Bischofssitz
510 2005 568 2034 von
605 1998 683 2043 Metz
720 1998 867 2042 weiterhin
912 1999 1044 2043 unbesetzt

209 2041 323 2078 bleibei»
345 2043 430 2083 wird,
454 2051 540 2079 wenn
563 2042 637 2087 nicht
661 2043 691 2079 in
721 2044 811 2086 letzter
832 2044 955 2080 Stunde
983 2045 1044 2080 eine

213 2086 449 2133 Verständigung
472 2096 506 2132 zn
531 2087 629 2131 stände
652 2088 764 2124 koinmt.

277 2132 336 2168 Ein
370 2132 498 2168 weiterer
530 2132 639 2168 Grund
674 2134 723 2168 der
751 2132 959 2178 Verschiebung
993 2135 1043 2170 des

211 2174 442 2221 KonsistorinmS
471 2176 506 2220 ist
540 2177 572 2213 in
605 2179 656 2213 der
685 2177 780 2221 Frage
813 2178 862 2213 der
892 2179 1043 2224 Besetzung

1075 437 1124 472 der
1136 433 1294 478 erledigten
1305 431 1506 477 französischen
1527 431 1718 478 Bischofssitze
1740 441 1776 476 zu
1799 430 1904 474 stlchen.

1077 481 1134 517 Leo
1156 481 1244 517 XIII.
1265 480 1318 520 hat
1345 478 1448 521 seinem
1470 477 1621 522 Schmerze
1650 478 1720 514 über
1749 477 1806 512 da»
1828 477 1908 513 Vor-

1079 527 1166 569 gehen
1190 525 1242 560 der
1264 523 1434 568 Regierung
1463 523 1524 558 und
1553 522 1603 559 des
1626 522 1818 566 Parlaments
1849 528 1908 557 von

1079 569 1247 613 Frankreich
1270 568 1303 604 in
1324 568 1413 610 seiner
1436 567 1593 611 Ansprache
1615 577 1654 603 an
1680 566 1726 603 die
1748 565 1909 603 Kardinäle

1079 613 1223 657 anläßlich
1245 614 1296 649 der
1318 612 1601 649 GratulationScour
1623 612 1736 655 offenen
1759 610 1909 647 Ausdruck

1081 659 1212 702 gegeben.
1234 658 1293 694 Die
1312 658 1485 703 Umgebung
1507 660 1558 693 des
1573 657 1700 702 Papstes
1721 656 1787 701 hegt
1809 656 1911 691 immer

1081 703 1148 746 noch
1171 703 1218 739 die
1231 702 1397 748 Hoffnluig,
1420 702 1478 745 daß
1500 701 1561 747 sich,
1583 702 1757 747 wenigstens
1779 705 1845 736 was
1864 701 1911 736 die

1081 749 1279 792 Ausführung
1320 749 1372 784 des
1409 748 1646 793 Vereinsgesetzes
1688 746 1820 789 anlangt,
1861 745 1910 780 ein

1081 795 1191 830 modiis
1214 795 1345 830 vivendi
1366 794 1458 829 werde
1479 793 1596 838 erzielen
1612 793 1717 836 lassen;
1741 800 1812 826 man
1834 790 1912 832 flieht

1081 838 1131 884 sich
1162 838 1223 881 hier
1252 849 1336 882 gerne
1365 840 1427 874 dem
1453 838 1591 874 Glauben
1620 837 1682 877 hin,
1711 834 1770 876 daß
1800 833 1912 878 Frank«

1081 884 1161 928 reich,
1183 884 1229 919 die
1251 887 1362 926 getrelle
1384 883 1504 927 Tochter
1536 885 1585 918 der
1607 881 1716 925 Kirche,
1751 873 1802 921 sich
1836 878 1911 921 nicht

1081 929 1109 969 so
1150 929 1321 965 undankbar
1352 929 1401 971 für
1434 929 1475 964 all
1507 928 1552 963 die
1585 923 1912 966 Liebenswürdigkeiten

1081 973 1206 1017 erzeigen
1228 975 1331 1015 werde,
1364 974 1409 1008 die
1431 973 1488 1008 Leo
1510 973 1596 1008 XHL
1630 972 1679 1006 der
1711 968 1912 1014 französischen

1082 1018 1226 1063 Republik
1259 1018 1307 1057 seit
1339 1018 1455 1058 Jahren
1487 1027 1523 1061 zu
1556 1015 1688 1053 erweisen
1720 1013 1796 1054 nicht
1829 1014 1913 1048 müde

1082 1066 1190 1100 wurde.
1236 1063 1296 1099 Ein
1318 1062 1467 1106 belgisches
1489 1062 1576 1098 Blatt
1597 1060 1694 1097 wollte
1722 1058 1831 1100 wissen,
1863 1058 1913 1092 der

1083 1109 1176 1152 Papst
1198 1112 1289 1144 warte
1315 1118 1374 1143 nur
1409 1108 1462 1148 auf
1493 1108 1540 1143 die
1571 1106 1724 1148 erldgültge
1760 1102 1914 1139 Annahme

1084 1155 1133 1188 des
1157 1153 1293 1197 Gesetzes,
1317 1162 1367 1188 um
1389 1152 1507 1197 nachher
1536 1151 1618 1187 einen
1641 1150 1743 1194 Regen
1773 1155 1832 1183 von
1854 1146 1915 1189 Ex¬

1084 1197 1359 1233 kommunikationen
1392 1197 1443 1237 auf
1480 1197 1524 1233 die
1556 1196 1689 1241 Häupter
1725 1192 1797 1229 aller
1833 1192 1914 1227 derer

1084 1242 1341 1283 uiederschmettern
1356 1252 1391 1286 zu
1405 1241 1503 1282 lassen,
1526 1241 1571 1276 die
1593 1239 1644 1283 sich
1667 1240 1716 1275 der
1730 1236 1914 1280 Beraubung

1083 1289 1133 1322 der
1164 1287 1368 1329 Kirchengüter
1390 1286 1512 1330 schuldig
1533 1287 1657 1328 machen.
1702 1282 1816 1319 Kenner
1839 1285 1914 1316 vatl-

1085 1332 1221 1372 kanischer
1235 1332 1334 1375 Dinge
1356 1331 1468 1367 meinen
1491 1331 1530 1367 im
1546 1328 1707 1372 Gegenteil,
1730 1336 1799 1362 man
1822 1325 1915 1361 werde

1085 1381 1115 1413 eS
1139 1376 1191 1420 sich
1215 1376 1274 1417 hier
1288 1377 1406 1419 doppelt
1421 1377 1481 1417 und
1496 1374 1616 1417 dreifach
1640 1373 1802 1415 überlegen,
1826 1371 1913 1406 bevor

1085 1431 1153 1457 mau
1176 1426 1209 1458 es
1232 1431 1268 1464 zu
1291 1421 1381 1457 einem
1408 1420 1522 1464 offene,!
1544 1420 1641 1460 Bruch
1670 1420 1724 1455 mit
1747 1415 1913 1460 Frankreich

1084 1466 1212 1502 kommen
1234 1466 1307 1509 läßt,
1330 1468 1391 1502 und
1413 1466 1471 1510 daß
1493 1465 1539 1502 die
1559 1464 1710 1510 päpstliche
1731 1457 1914 1506 Diplomatie

1084 1511 1220 1552 vielleicht
1263 1511 1331 1552 fünf
1363 1514 1454 1547 werde
1487 1511 1558 1552 grad
1593 1510 1649 1551 sein
1681 1507 1770 1551 lassen
1797 1526 1838 1531 —
1874 1505 1914 1541 int

1084 1556 1214 1601 Hinblick
1236 1555 1289 1598 auf
1314 1557 1370 1592 das
1393 1555 1558 1593 Konkordat
1585 1555 1626 1591 im
1648 1554 1767 1591 Orient,
1799 1552 1848 1586 der
1881 1551 1913 1585 in

1084 1603 1138 1637 den
1168 1601 1392 1645 Berechnungen
1421 1601 1470 1637 der
1499 1599 1589 1637 Kurie
1618 1599 1678 1636 eine
1709 1595 1798 1642 große
1824 1594 1912 1631 Rolle

1084 1646 1175 1691 spielt.

1148 1691 1316 1734 Jedenfalls
1339 1690 1464 1735 wünscht
1484 1690 1540 1727 Leo
1561 1690 1648 1726 XHI.
1663 1689 1711 1724 bis
1723 1695 1775 1732 zur
1797 1683 1912 1720 Erledi¬

1084 1745 1164 1779 gung
1193 1737 1242 1771 der
1264 1736 1360 1778 Frage
1393 1736 1442 1770 der
1463 1734 1715 1777 Kongregatiorieu
1749 1730 1781 1766 i»
1803 1728 1913 1772 Frank¬

1084 1780 1155 1823 reich
1177 1780 1224 1815 die
1244 1780 1388 1822 Trümpfe
1408 1780 1441 1814 in
1472 1779 1560 1822 feiner
1580 1779 1669 1822 Hand
1703 1785 1739 1821 zu
1770 1774 1915 1816 behalten,

1086 1833 1137 1859 um
1158 1824 1240 1859 dann
1265 1834 1301 1868 zu
1334 1823 1471 1863 handeln,
1503 1824 1558 1859 wie
1590 1832 1619 1858 er
1653 1826 1686 1857 eS
1718 1819 1768 1862 für
1800 1816 1915 1861 nützlich

1087 1869 1161 1910 hält,
1182 1869 1244 1905 und
1267 1877 1297 1903 er
1318 1877 1371 1912 zog
1399 1868 1487 1906 daher
1520 1874 1582 1907 vor,
1615 1866 1673 1901 dar
1706 1861 1918 1907 Konsistorium

1087 1912 1136 1948 bis
1169 1923 1206 1956 zn
1239 1912 1329 1948 einem
1352 1912 1506 1956 Zeitpunkt
1539 1920 1573 1955 zu
1605 1908 1786 1953 verschieben,
1819 1908 1856 1941 da
1889 1914 1919 1940 er

1088 1956 1239 2000 übersehen
1273 1956 1356 1995 kann,
1390 1957 1444 1992 wie
1477 1956 1508 1992 in
1542 1954 1708 2000 Frankreich
1742 1951 1788 1987 die
1819 1951 1920 1992 Dinge

1089 2001 1201 2045 laufen.
1244 2001 1366 2043 Danach
1389 1998 1463 2036 wirb
1485 2000 1537 2042 sich
1562 2000 1608 2035 die
1630 1997 1838 2039 Neubesetzung
1870 1995 1919 2030 der

1088 2045 1178 2087 freien
1201 2045 1401 2090 französischen
1424 2044 1613 2090 Bischofssitze
1628 2062 1669 2071 —
1696 2046 1728 2079 eS
1751 2041 1812 2084 sind
1836 2042 1920 2075 deren

1090 2091 1149 2133 acht
1178 2091 1299 2131 erledigt
1328 2109 1370 2117 —
1403 2092 1459 2126 mit
1486 2090 1641 2126 Männern
1663 2087 1816 2124 «milderer
1852 2085 1921 2119 oder

1089 2135 1237 2176 schärferer
1252 2135 1369 2171 Tonart
1383 2135 1485 2175 richten
1501 2136 1568 2171 oder
1582 2133 1719 2176 vielleicht
1734 2141 1807 2176 ganz
1823 2133 1921 2165 unter¬

1089 2180 1212 2218 bleiben.
1255 2181 1302 2221 In
1325 2181 1405 2217 Rom
1427 2180 1502 2216 kann
1523 2189 1591 2216 man
1613 2183 1734 2215 warten.

2013 429 2074 467 Die
2095 428 2169 474 Liste
2190 428 2241 464 der
2261 427 2304 463 im
2342 426 2471 470 nächsten
2505 425 2715 470 Konsistorinm
2737 434 2772 468 zu

1952 474 2149 515 ernennende»
2169 472 2332 510 Kardinäle
2360 472 2398 517 ist
2434 471 2573 515 nunmehr
2607 469 2771 515 festgestellt,

1953 522 2012 559 und
2028 520 2072 557 die
2082 518 2277 559 Kandidaten,
2300 518 2391 553 denen
2413 515 2461 551 der
2481 516 2606 559 Purpur
2628 514 2774 559 zugedacht

1952 568 1996 611 ist,
2019 565 2111 611 haben
2134 562 2239 599 bereits
2262 562 2308 598 die
2329 560 2458 604 amtliche
2468 560 2590 604 Anzeige
2613 559 2661 595 der
2675 559 2773 595 bevor¬

1954 610 2101 657 stehenden
2124 608 2215 651 Wahl
2236 607 2374 650 erhalte».
2420 606 2465 641 ES
2500 604 2563 647 sind
2599 604 2662 640 dies
2699 604 2774 649 ihrer

1953 656 2048 702 zwölf,
2086 652 2228 695 nämlich:
2266 651 2364 696 Msgr.
2389 649 2519 695 Tripepi.
2549 649 2596 684 der
2633 648 2774 693 bisherige

1955 699 2109 744 Substitut
2131 698 2181 734 des
2205 695 2463 740 Staatssekretärs.
2491 693 2589 738 Msgr.
2612 693 2773 737 CavagniS,

1955 747 2092 783 Sekretär
2112 743 2160 779 der
2183 741 2404 786 Kongregation
2426 739 2472 782 für
2493 738 2538 774 die
2572 739 2773 779 außerordent¬

1954 791 2041 836 lichen
2077 787 2236 833 kirchlichen
2258 784 2523 831 Angelegenheiten,
2568 782 2664 827 Msgr.
2687 783 2774 819 Della

1955 836 2059 879 Volpe,
2081 834 2131 870 der
2152 831 2303 875 päpstliche
2324 830 2545 874 Majordomus,
2569 822 2667 871 Msgr.
2690 826 2774 863 San-

1955 879 2117 921 miniatelli,
2140 877 2293 922 Patriarch
2315 883 2374 911 von
2391 873 2630 917 Konstantinopel
2639 872 2685 913 (in
2698 872 2775 908 Rom

1956 924 2144 968 residierend),
2190 921 2288 965 Msgr.
2313 919 2456 961 Gennari,
2479 917 2602 960 Assessor
2625 916 2677 952 des
2700 916 2774 961 Heil.

1957 969 2127 1012 Osficiums,
2149 966 2247 1010 Msgr.
2270 964 2382 1009 Boschi,
2401 958 2557 1008 Erzbischof
2571 970 2629 998 von
2640 962 2774 1006 Ferrara.

1956 1015 2051 1060 Msgr.
2086 1011 2164 1050 Dell'
2189 1010 2271 1054 Oliv,
2317 1008 2475 1055 Erzbischof
2517 1015 2576 1043 von
2620 1007 2774 1048 Benevent,

1957 1060 2053 1103 Msgr.
2076 1054 2240 1098 Baceilieri,
2278 1054 2395 1099 Bischof
2427 1062 2482 1089 von
2504 1053 2632 1095 Verona,
2678 1051 2774 1104 Msgr.

1958 1103 2134 1146 SkbrcnSkh,
2163 1100 2326 1144 Erzbischof
2346 1107 2404 1136 von
2427 1099 2519 1143 Prag,
2563 1096 2660 1141 Msgr.
2683 1095 2776 1141 Kniaz

1958 1150 1990 1185 de
2011 1147 2180 1194 Kolzielsko,
2205 1145 2319 1190 Bischof
2341 1152 2401 1181 von
2422 1142 2544 1185 Krakau,
2568 1142 2664 1185 Msgr.
2688 1141 2776 1177 Mar-

1958 1193 2058 1236 tinelli,
2096 1191 2290 1237 apostolischer
2312 1187 2487 1233 Delegierter
2520 1187 2551 1223 in
2574 1185 2776 1231 Washington,

1959 1239 2018 1275 und
2050 1237 2147 1283 Msgr.
2171 1234 2305 1277 Riboldi,
2342 1234 2392 1270 der
2427 1242 2489 1276 zum
2526 1226 2685 1277 Erzbischof
2720 1237 2777 1266 von

1959 1285 2103 1320 Ravenna
2125 1283 2250 1318 ernannt
2271 1279 2390 1315 worden
2412 1277 2456 1321 ist.

2022 1327 2107 1371 Diese
2130 1328 2232 1371 letztere
2243 1324 2334 1367 Wahl
2345 1324 2397 1368 hat
2407 1322 2439 1358 in
2453 1320 2653 1363 vatikanischen
2664 1319 2779 1363 Kreisen

1958 1373 2015 1409 viel
2035 1383 2071 1418 zu
2093 1371 2177 1408 reden
2201 1369 2330 1414 gegeben.
2376 1367 2520 1404 Ravenna
2541 1364 2594 1400 mit
2616 1364 2705 1408 seiner
2726 1373 2780 1399 un¬

1959 1418 2080 1462 ruhigen
2102 1416 2162 1452 und
2186 1412 2430 1458 aufrührerischen
2441 1410 2639 1453 Bevölkerung
2655 1408 2691 1449 ist
2705 1408 2781 1444 einer

1959 1464 2007 1499 der
2029 1461 2228 1507 schwierigsten
2253 1458 2362 1503 Posten
2386 1457 2433 1497 für
2462 1455 2542 1491 einen
2565 1450 2700 1499 Bischof;
2737 1453 2782 1489 die

1958 1508 2055 1547 Kirche
2078 1507 2146 1551 sieht
2168 1505 2219 1549 sich
2243 1505 2309 1541 dort
2331 1502 2364 1539 in
2375 1501 2486 1545 Gefahr
2507 1499 2568 1536 nnd
2585 1500 2634 1544 hat
2649 1499 2681 1535 in
2697 1497 2782 1541 dieser

1958 1552 2075 1596 Diöcese
2096 1551 2145 1596 seit
2165 1551 2281 1594 Jahren
2315 1548 2396 1591 mehr
2432 1546 2490 1582 und
2514 1544 2592 1588 mehr
2615 1554 2654 1580 an
2677 1544 2780 1579 Boden

1957 1598 2095 1634 verloren.
2119 1595 2221 1638 Dieses
2246 1591 2447 1638 unfnrchtbare
2468 1590 2528 1626 und
2544 1589 2642 1632 spröde
2653 1587 2779 1625 Terrain

1958 1642 2008 1685 soll
2030 1652 2093 1679 nun
2115 1641 2205 1677 einem
2227 1639 2346 1675 Manne
2368 1645 2425 1673 von
2461 1634 2606 1678 erprobter
2641 1633 2779 1684 Klugheit

1958 1687 2115 1730 übergeben
2136 1685 2259 1721 werden.
2282 1684 2327 1719 Es
2352 1681 2426 1727 hieß,
2449 1681 2496 1716 als
2519 1679 2620 1724 solcher
2633 1678 2671 1723 fei
2681 1678 2777 1722 Msgr.

1960 1730 2132 1768 Scalabrini
2154 1728 2334 1770 ansersehen,
2366 1727 2428 1762 dem
2450 1725 2529 1760 dann
2550 1723 2618 1768 auch
2641 1722 2779 1768 gewisser-

1958 1776 2063 1818 maßen
2084 1776 2133 1811 als
2155 1772 2390 1816 Entschädigung
2423 1770 2472 1812 für
2502 1770 2559 1804 das
2596 1768 2781 1804 dornenvolle

1961 1821 2030 1856 Amt
2052 1819 2102 1855 der
2123 1816 2341 1858 Kardinalshut
2378 1813 2518 1856 verliehen
2553 1812 2673 1848 worden
2694 1814 2780 1848 wäre.

1962 1865 2007 1904 In
2028 1864 2119 1907 letzter
2140 1861 2262 1899 Stunde
2283 1860 2333 1903 fiel
2355 1858 2423 1895 aber
2457 1857 2501 1893 die
2523 1857 2614 1899 Wahl
2646 1856 2699 1899 auf
2729 1857 2783 1891 den

1963 1907 2135 1945 Mailänder
2156 1906 2255 1949 Msgr.
2277 1902 2412 1944 Riboldi,
2435 1902 2483 1937 der
2504 1900 2654 1945 einstmals
2677 1909 2712 1945 zu
2730 1900 2783 1936 den

1964 1952 2105 1998 eifrigsten
2127 1951 2362 1995 Parteigängern
2386 1947 2436 1982 des
2461 1945 2661 1989 „Osservatore
2683 1946 2785 1981 Catto-

1963 1997 2036 2034 lico"
2060 1996 2161 2041 zählte.
2207 1995 2252 2031 Es
2275 1993 2385 2038 scheint,
2412 1991 2469 2035 daß
2490 1990 2588 2035 Msgr.
2611 1989 2787 2028 Scalabrini

1965 2043 2018 2078 den
2039 2040 2280 2084 Intransigenten
2317 2038 2394 2082 nicht
2428 2036 2543 2080 genehm
2580 2043 2653 2078 war,
2690 2036 2788 2077 welche

1965 2087 2024 2130 ihm
2047 2087 2109 2123 eine
2129 2083 2318 2129 versöhnliche
2339 2081 2496 2125 Broschüre
2533 2079 2608 2124 nicht
2644 2079 2787 2124 verzeihen

1965 2132 2084 2173 können,
2122 2129 2165 2166 die
2188 2140 2217 2165 er
2239 2128 2349 2164 einmal
2370 2127 2411 2163 im
2433 2125 2559 2170 Auftrag
2581 2126 2632 2161 des
2655 2124 2787 2170 Bischofs

1965 2185 2022 2213 von
2044 2176 2190 2221 Piacenza
2211 2173 2349 2219 verfaßte,
2374 2190 2414 2198 —
2436 2180 2484 2206 um
2514 2169 2634 2215 nachher
2655 2176 2713 2207 von
2735 2170 2787 2208 den

2819 423 3064 466 Jntransigenkn
3087 420 3271 457 desavouiert
3283 430 3319 464 zu
3339 421 3463 457 werden.
3487 421 3553 457 Aus
3564 420 3652 464 dieser

2819 469 2929 506 kleinen
2940 467 3102 514 Einzelheit
3113 466 3148 510 ist
3156 475 3193 511 zu
3202 465 3352 508 erkennen,
3373 465 3474 510 welche
3481 465 3653 510 Strömung

2819 513 3014 564 gegenwärtig
3037 513 3077 548 im
3102 512 3224 549 Vatikan
3259 510 3307 547 die
3329 510 3477 555 Führung
3499 510 3559 552 hat.
3604 510 3651 546 ES

2819 559 2961 603 herrschen
2984 559 3029 593 die
3051 555 3313 609 Unversöhnlichen
3343 556 3403 592 und
3427 555 3473 590 die
3495 554 3652 595 Italiener,

2818 604 2902 639 deren
2925 603 3029 646 Macht
3051 602 3092 637 im
3114 601 3239 646 nächsten
3251 600 3466 645 Konsistorium
3490 600 3556 644 noch
3572 598 3654 645 mehr

2818 647 2952 691 verstärkt
2975 646 3089 683 werden
3112 645 3171 689 soll.

2883 701 2934 746 Zu
2956 700 3010 737 den
3033 698 3132 745 geistig
3154 698 3379 742 Bedeutendsten
3401 700 3450 734 der
3473 708 3529 735 neu
3550 707 3586 743 zu
3606 706 3651 733 er¬

2819 746 2987 782 nennenden
3008 744 3169 782 Kardinäle
3189 743 3291 788 gehört
3307 741 3455 787 unstreitig
3488 743 3536 778 der
3547 751 3649 786 gegen¬

2819 791 2940 836 wärtige
2976 789 3132 831 Substitut
3169 788 3218 823 des
3256 786 3516 829 Staatssekretärs,
3549 786 3647 828 Msgr.

2819 836 2906 880 Luigi
2928 835 3060 880 Tripepi,
3098 833 3226 878 gebürtig
3265 837 3324 869 aus
3362 832 3479 877 Reggio
3508 830 3540 866 in
3561 831 3653 867 Cala«

2819 880 2910 922 brien,
2933 880 2979 916 ein
3002 879 3105 916 Mann
3127 886 3184 915 von
3206 876 3398 922 umfassender
3420 876 3557 920 Bildung
3588 873 3650 910 und

2820 923 2909 966 feiner
2930 923 3145 962 Beredsamkeit,
3167 923 3213 958 der
3235 922 3405 967 namentlich
3418 921 3504 966 durch
3517 920 3562 956 ein
3579 927 3651 964 apo¬

2819 968 2980 1013 logetisches
3017 968 3101 1005 Werk
3135 967 3204 1004 über
3236 967 3283 1003 die
3304 967 3412 1011 Päpste
3433 966 3479 1002 die
3501 964 3651 1008 Aufmerk¬

2820 1013 2931 1056 samkeit
2952 1014 3004 1056 ans
3025 1012 3078 1057 sich
3100 1011 3214 1057 richtete.
3277 1012 3321 1048 Er
3341 1019 3404 1048 war
3425 1018 3485 1046 von
3506 1010 3581 1063 jeher
3601 1008 3650 1045 ein

2819 1059 2934 1103 eifriger
2955 1057 3118 1095 Lobrcdner
3138 1057 3210 1094 Leos
3234 1057 3332 1099 XIII.,
3366 1056 3419 1092 den
3453 1064 3485 1090 er
3504 1064 3538 1090 m
3557 1053 3651 1089 vielen

2821 1104 2951 1140 Artikeln
2972 1102 3068 1147 feierte
3089 1101 3149 1138 und
3170 1102 3242 1137 dank
3263 1100 3367 1147 seinem
3403 1100 3551 1145 eleganten
3589 1097 3651 1134 nnd

2821 1148 2916 1192 feinen
2937 1148 3006 1184 Stil
3027 1147 3128 1184 wurde
3156 1156 3184 1182 er
3206 1146 3255 1182 in«
3296 1142 3566 1187 Staatssekretariät
3603 1142 3651 1178 be¬

2822 1193 2915 1236 rufen,
2953 1200 2999 1229 wo
3037 1192 3097 1235 ihm
3130 1190 3173 1227 die
3194 1189 3358 1235 Abfassung
3379 1190 3429 1226 der
3451 1189 3546 1226 Breve
3567 1186 3653 1224 über¬

2823 1241 2926 1282 tragen
2963 1236 3073 1273 wurde.
3130 1236 3225 1272 Wenn
3259 1240 3293 1271 cs
3316 1235 3401 1277 gälte,
3423 1234 3473 1276 fiir
3494 1231 3656 1276 Rampolla

2823 1282 2906 1317 einen
2929 1281 3102 1325 Nachfolger
3122 1290 3157 1323 zu
3198 1279 3307 1322 suchen,
3319 1277 3351 1322 so
3386 1280 3465 1314 wäre
3487 1277 3553 1321 nach
3566 1277 3652 1313 über¬

2824 1325 3052 1369 einstimmender
3074 1323 3188 1367 Ansicht
3208 1323 3300 1358 keiner
3331 1332 3366 1367 zn
3386 1322 3496 1365 finden,
3517 1323 3567 1356 der
3602 1321 3657 1364 ihn

2824 1370 2910 1415 gleich
2948 1373 3000 1414 gut
3036 1368 3146 1413 ersetzen
3182 1367 3293 1408 könnte,
3326 1366 3380 1402 wie
3401 1365 3500 1410 Msgr.
3522 1364 3655 1409 Tripepi,

2825 1417 2875 1451 der
2897 1414 2951 1450 mit
2973 1414 3059 1450 allein
3081 1411 3211 1457 geistigen
3234 1411 3382 1456 Rüstzeug
3403 1410 3484 1454 wohl
3516 1409 3655 1451 versehen,

2825 1470 2865 1495 an
2886 1459 3025 1504 Klugheit
3049 1458 3109 1493 nnd
3132 1456 3337 1501 Gewandtheit
3347 1457 3409 1491 dem
3425 1453 3656 1500 gegenwärtigen

2825 1504 3056 1546 Staatssekretär
3079 1502 3250 1547 keiuesivegS
3274 1500 3437 1544 nachstehen
3459 1493 3520 1544 soll.

2890 1549 2969 1591 Nach
2993 1549 3055 1584 dem
3078 1547 3203 1590 nächsten
3226 1545 3451 1590 Konsistorium,
3475 1545 3503 1581 d.
3527 1544 3555 1585 h.
3588 1542 3658 1588 nach

2823 1593 2873 1630 der
2895 1593 3088 1635 Einkleidung
3111 1592 3158 1628 der
3179 1591 3267 1635 zivölf
3289 1600 3380 1627 neuen
3393 1588 3565 1635 Porporati,
3578 1587 3654 1624 wird

2823 1641 2879 1674 daS
2901 1639 2943 1683 hl.
2966 1637 3132 1682 Kollegium
3154 1638 3193 1671 67
3216 1635 3378 1673 Kardinäle
3413 1633 3564 1676 umfassen.
3609 1632 3657 1669 ES

2823 1683 2917 1728 fehlen
2939 1683 2999 1726 also
3021 1692 3081 1718 nur
3103 1681 3162 1717 drei
3185 1680 3354 1720 Kardinäle,
3376 1690 3428 1716 um
3442 1680 3499 1715 daS
3513 1680 3656 1721 Plenum,

2823 1728 2869 1764 die
2890 1726 3121 1772 Vollzähligkeit,
3144 1735 3179 1770 zu
3200 1725 3349 1769 erreichen,
3370 1724 3399 1761 d.
3423 1725 3453 1766 h.
3476 1723 3521 1759 die
3556 1730 3659 1767 vorge-

2823 1772 2978 1815 fchriebene
3001 1772 3082 1815 Zahl
3102 1778 3160 1805 von
3183 1771 3224 1803 70
3246 1770 3439 1812 Kardinalen,
3453 1768 3501 1804 die
3514 1767 3657 1812 übrigens

2825 1816 2913 1861 selten
2935 1814 3111 1860 thatsächlich
3133 1814 3302 1850 vorhanden
3322 1820 3396 1849 war.

2892 1861 2965 1897 Von
2987 1860 3042 1895 den
3065 1860 3105 1892 6?
3129 1857 3311 1894 Kardinalen
3331 1857 3445 1893 werden
3460 1858 3502 1891 40
3513 1856 3661 1897 Italiener

2828 1904 2886 1949 sein
2908 1905 2969 1940 und
3007 1904 3049 1938 27
3088 1903 3215 1946 Fremde.
3268 1901 3328 1938 Die
3349 1901 3500 1946 Mehrheit
3521 1902 3570 1937 der
3590 1900 3664 1941 Ita¬

2828 1948 2920 1985 liener
2942 1948 2977 1992 ist
3000 1947 3070 1992 also,
3094 1947 3172 1990 selbst
3193 1955 3280 1983 wenn
3303 1956 3370 1983 man
3392 1946 3445 1982 mit
3468 1946 3522 1982 den
3542 1945 3663 1991 zufällig

2831 1993 3025 2030 eintretenden
3048 1992 3189 2036 Absenzen
3225 1992 3343 2035 rechnet,
3380 1991 3425 2027 die
3446 1990 3586 2034 übrigen»
3608 1988 3663 2034 auf

2832 2037 2918 2082 seiten
2940 2040 2989 2074 der
3010 2037 3179 2074 Ausländer
3199 2036 3273 2073 aller
3295 2029 3581 2081 Wahrscheinlichkeit
3590 2036 3661 2079 nach

2832 2083 2999 2136 zahlreicher
3035 2082 3093 2126 sein
3126 2081 3235 2117 werden
3267 2083 3315 2117 als
3338 2080 3382 2117 bei
3404 2081 3460 2117 den
3482 2080 3661 2121 Jtalienem,

2833 2127 2864 2164 in
2902 2128 2992 2163 einem
3029 2127 3156 2171 nächsten
3181 2126 3326 2163 Konklave
3347 2125 3399 2170 auf
3421 2125 3479 2162 alle
3499 2124 3583 2170 Fälle
3606 2134 3663 2162 un¬

2832 2172 3001 2217 zweifelhaft
3022 2171 3158 2217 gesichert.

1390 2253 1688 2323 Täglicher
1724 2250 2116 2322 Allgemeiner
2150 2248 2451 2318 Anzeiger.

2547 2244 2699 2273 Rudolf
2710 2244 2847 2280 illosse,
2864 2248 2955 2278 Aarau,
2973 2247 3054 2277 Basel,
3072 2247 3145 2277 Bern,
3162 2246 3224 2278 Biel,
3243 2247 3320 2276 Chur,
3344 2245 3380 2272 St.
3398 2245 3497 2275 Gallen,
3521 2242 3618 2275 Glaros,

2595 2281 2731 2312 Lausanne,
2749 2281 2855 2313 Lusern,
2873 2282 3042 2313 Rappcrswjl,
3060 2281 3244 2312 Sohaffhausen,
3263 2282 3408 2312 Solothurn,
3426 2280 3541 2311 Zofingen.

318 2711 381 2748 Die
403 2721 455 2748 am
478 2712 531 2748 81.
552 2712 644 2747 Mürz
666 2713 731 2748 und
755 2712 783 2749 1.
806 2713 898 2757 April
921 2712 1051 2757 fälligen
1083 2714 1229 2757 Coupons
1250 2714 1511 2750 nachbenannter
1543 2715 1638 2757 Titel,
1671 2713 1770 2750 sowie
1804 2713 1855 2748 die
1877 2713 1936 2748 auf

215 2754 303 2792 diese
325 2757 474 2792 Termine
511 2767 571 2791 zur
606 2756 838 2800 Rückzahlung
883 2758 1103 2802 gelangenden
1141 2758 1366 2802 Obligationen
1400 2759 1530 2795 worden
1566 2769 1639 2795 vom
1676 2758 1729 2794 27.
1763 2757 1853 2792 März
1889 2768 1931 2792 an

215 2800 454 2847 spesenfrei
475 2800 575 2836 durch
597 2811 713 2836 unsere
734 2801 838 2836 Kasse
860 2802 1038 2845 eingelöst:

259 2856 280 2889 8
285 2855 294 2877 1
293 2856 323 2904 /.
335 2856 377 2899 o/o
414 2854 519 2899 Oblig.
574 2854 858 2897 Eidgenössisches
879 2854 1036 2892 Anleihen
1057 2866 1131 2890 vom
1155 2856 1207 2890 20.
1229 2856 1373 2892 Februar
1398 2857 1479 2890 1894
1640 2866 1699 2900 per
1722 2855 1774 2888 81.
1796 2855 1885 2890 Mürz

576 2899 816 2934 Gotthardbahn
1650 2926 1664 2942 ,
1739 2924 1753 2942 ,
1846 2925 1860 2942 ,

573 2944 1002 2980 Jura-Bem-Luzern-Bahn
1025 2955 1086 2980 von
1112 2944 1195 2977 1889
1651 2971 1665 2987 ,
1740 2970 1753 2986 ,
1848 2970 1863 2987 ,

574 2988 780 3033 Briinigbahn
801 2999 866 3024 von
889 2989 971 3023 1889
1651 3015 1665 3032 ,
1739 3014 1753 3031 ,
1848 3014 1863 3031 ,

575 3033 715 3069 Zürcher
735 3033 959 3077 Papierfabrik
980 3044 1009 3069 a.
1032 3034 1063 3069 d.
1086 3032 1154 3068 Siht
1653 3060 1667 3077 ,
1741 3057 1755 3076 ,
1849 3058 1863 3074 ,

575 3078 933 3123 Kammgarnspinnerei
954 3079 1095 3122 Bürglen
1650 3104 1664 3120 ,
1738 3103 1752 3120 ,
1850 3103 1867 3120 ,

576 3123 935 3168 Kammgarnspinnerei
957 3122 1182 3166 Derendingen
1656 3150 1670 3166 ,
1744 3147 1758 3164 ,
1852 3148 1866 3164 ,

577 3168 673 3204 Stadt
693 3169 789 3208 Bern,
812 3167 887 3203 Anl.
909 3178 983 3203 vom
1008 3171 1035 3203 1.
1061 3167 1152 3212 April
1177 3167 1259 3202 1897
1628 3179 1688 3213 per
1733 3168 1762 3203 1.
1806 3166 1899 3212 April

579 3213 720 3248 Oostorr.
742 3213 901 3256 Südbahn,
925 3214 1014 3249 Serie
1034 3214 1065 3247 X
1655 3239 1670 3257 ,
1744 3238 1758 3255 ,
1851 3237 1866 3253 ,

578 3258 648 3293 See.
671 3258 743 3293 Ital.
767 3258 824 3293 dos
846 3258 954 3293 Chom.
976 3259 1016 3293 de
1036 3259 1087 3293 fer
1108 3258 1330 3293 Mdridionaux
1654 3283 1671 3302 ,
1743 3282 1758 3300 ,
1849 3281 1866 3301 ,

543 3325 550 3329 -
578 3301 687 3337 Credit
708 3302 843 3338 Foncier
862 3302 1162 3338 Franco-Canadien
1655 3329 1670 3347 ,
1743 3327 1757 3344 ,
1852 3327 1868 3345 ,

573 3346 906 3391 Jura-Simplonbahn,
928 3348 1002 3383 Anl.
1023 3359 1088 3383 von
1112 3348 1197 3382 1894
1219 3348 1284 3384 und
1307 3348 1391 3384 1898
1655 3374 1669 3391 ,
1742 3371 1757 3391 ,
1851 3372 1866 3390 ,

576 3392 698 3435 Ungar.
720 3392 1086 3429 Bodenkredit-Institut
1655 3418 1668 3435 ,
1743 3417 1756 3434 ,
1850 3417 1865 3434 ,

576 3437 772 3473 Württemb.
794 3436 1096 3483 Hypothekenbank
1655 3464 1670 3481 ,
1743 3462 1757 3480 ,
1851 3462 1866 3480 ,

578 3481 719 3519 Oostevr.
743 3482 916 3519 Goldrente
1656 3509 1670 3526 ,
1744 3507 1758 3525 ,
1853 3508 1867 3525 »

576 3526 672 3563 Stadt
692 3527 784 3571 Genf,
806 3527 882 3564 Anl.
904 3538 968 3564 von
991 3528 1076 3563 1900
1655 3553 1670 3571 ,
1743 3551 1758 3570 ,
1852 3551 1867 3569 ,

577 3572 674 3608 Stadt
694 3573 775 3608 Rom
1655 3599 1671 3616 ,
1744 3597 1758 3615 ,
1852 3596 1867 3614 ,

575 3617 671 3653 Stadt
691 3617 833 3653 Mailand
852 3617 938 3661 (zum
961 3616 1157 3663 Tageskurs)
1656 3643 1671 3660 ,
1744 3642 1759 3660 ,
1852 3641 1867 3658 ,

577 3662 671 3697 Bank
693 3663 745 3697 für
768 3662 959 3699 elektrische
981 3662 1288 3706 Unternehmungen
1656 3688 1671 3706 ,
1744 3687 1758 3704 ,
1852 3686 1867 3704 ,

580 3707 795 3743 Centralbank
817 3707 871 3743 für
892 3708 1116 3744 Eisenbahnen
1657 3734 1670 3750 ,
1745 3732 1758 3748 ,
1853 3732 1866 3747 „

577 3752 731 3788 Schweiz.
754 3752 970 3788 Centralbank
1658 3779 1671 3795 ,
1745 3776 1759 3794 ,
1853 3777 1867 3793 „

577 3796 1296 3840 Aluminium-Industrie-Aktiengesellschaft
1658 3823 1671 3840 ,
1745 3823 1759 3840 ,
1853 3822 1869 3839 ,

576 3841 650 3876 Ital.
672 3842 912 3878 Nationalbank
933 3842 1072 3887 (Credito
1094 3841 1277 3885 Fondiario)
1656 3868 1670 3884 ,
1745 3867 1759 3884 ,
1852 3866 1867 3883 ,

576 3885 604 3920 I.
629 3887 742 3921 Poster
764 3886 953 3922 Vaterländ.
975 3887 1289 3931 Sparkassenverein
1655 3912 1669 3929 ■
1744 3911 1758 3928 *
1852 3911 1867 3927 >

577 3929 908 3975 Aktiengesellschaft
931 3933 1052 3967 Escher
1074 3932 1175 3975 Wyss
1198 3933 1221 3967 &
1243 3932 1298 3966 Co.
1568 3953 1574 3958 -
1653 3956 1669 3973 »
1743 3956 1758 3972 »
1851 3954 1866 3972 »

576 3974 702 4010 Socidtd
724 3975 892 4018 Anonyme
914 3976 954 4010 de
975 3976 1135 4011 Filatures
1157 3976 1198 4010 de
1219 3976 1365 4020 Schappe
1655 4001 1669 4017 ,
1743 3999 1757 4017 ,
1852 4000 1866 4017 ,

577 4019 1473 4064 Temos-Bogathal-Wassorregulierungs-Gesellsehaft
1655 4047 1668 4062 ,
1742 4044 1756 4061 ,
1851 4044 1865 4060 ,

578 4063 674 4101 Stadt
693 4064 772 4107 Biel,
795 4065 870 4100 Anl.
894 4075 954 4099 von
981 4066 1063 4098 1900
1655 4090 1669 4106 ,
1743 4088 1758 4106 ,
1852 4090 1866 4105 ,

578 4109 703 4145 Socidtd
725 4109 782 4145 dos
805 4110 928 4145 Tabacs
951 4110 989 4144 de
1014 4109 1163 4151 Portugal
1654 4134 1669 4150 »
1743 4134 1756 4150 »
1852 4134 1866 4151 »

580 4154 785 4190 Anatolische
808 4154 1222 4190 Eisenbahn-Gesellschaft
1654 4179 1667 4195 ,
1743 4178 1757 4195 ,
1852 4179 1866 4195 ,

577 4200 1009 4237 Suez-Kanal-Gosellschaft
1656 4225 1669 4241 ,
1744 4224 1757 4241 ,
1854 4224 1867 4240 ,

321 4255 384 4290 Die
406 4254 553 4298 Coupons
575 4254 633 4289 der
656 4255 676 4289 8
687 4255 728 4297 %
752 4255 975 4299 Obligationen
998 4255 1054 4290 der
1068 4254 1195 4290 Societii
1216 4253 1355 4289 Italiana
1375 4264 1433 4298 per
1454 4253 1485 4288 le
1506 4252 1620 4288 Strade
1641 4253 1764 4289 formte
1785 4252 1937 4288 Meridio-

217 4298 282 4332 nali
307 4300 370 4333 und
403 4299 461 4333 der
493 4299 569 4338 4%
602 4299 824 4343 Obligationen
859 4301 916 4335 des
949 4300 1075 4335 Credito
1108 4299 1277 4334 Fondiario
1310 4299 1369 4333 der
1400 4299 1508 4334 Banca
1540 4299 1716 4333 Nazionale
1751 4298 1801 4332 nel
1825 4299 1938 4342 Regno

219 4341 345 4378 d’Italia
366 4344 493 4378 können
516 4352 602 4377 nnr
624 4343 739 4379 «Innn
763 4346 809 4379 in
832 4343 1276 4387 Scliw«i*erwähriing
1307 4344 1437 4379 bezahlt
1465 4344 1602 4386 werden,
1626 4355 1719 4379 wenn
1742 4343 1938 4386 znglelch

218 4386 299 4420 mit
321 4387 403 4420 den
426 4387 622 4430 Coupon»
645 4387 715 4422 die
747 4388 857 4424 dazu
889 4389 1160 4433 gehörenden
1183 4388 1487 4433 Obligationen
1518 4400 1561 4424 an
1582 4399 1716 4424 unserer
1738 4389 1842 4424 Kasse
1863 4400 1940 4424 vor-

216 4441 242 4513 f
242 4432 380 4467 ewiesen
404 4431 542 4465 werden.
587 4432 649 4466 Die
672 4433 816 4478 Coupons
840 4437 902 4469 und
925 4436 1086 4471 verlosten
1110 4435 1334 4477 Obligationen
1357 4435 1414 4469 des
1428 4434 1556 4469 Credito
1569 4435 1740 4470 Fondiario
1760 4435 1818 4469 der
1831 4435 1941 4469 Banca

242 4476 395 4512 Tazionale
417 4476 469 4510 nel
491 4475 604 4518 Regno
627 4477 751 4512 d’ltalia
775 4480 845 4513 sind
869 4481 1016 4514 überdies
1046 4481 1079 4515 in
1102 4480 1231 4524 Begleit
1260 4490 1324 4514 von
1361 4478 1593 4522 speziellen
1630 4480 1846 4521 Bordereaux,
1884 4480 1943 4514 auf

219 4521 363 4558 welchen
386 4521 436 4557 die
459 4530 510 4555 am
544 4520 646 4556 Fasse
680 4522 907 4566 boigedruckto
940 4525 1124 4568 Erklärung
1157 4536 1230 4560 vorn
1253 4525 1317 4560 Vor
1321 4525 1435 4560 weiser
1458 4536 1497 4559 zu
1518 4524 1765 4560 unterzeichnen
1786 4525 1839 4566 ist,
1871 4525 1940 4559 ein¬

221 4567 398 4604 zureichen.

224 4641 239 4649 -
323 4618 495 4663 Zürich,
520 4620 572 4655 25.
594 4619 684 4655 März
708 4621 803 4657 1901.

1250 4667 1402 4725 Die
1437 4668 1867 4726 Direktion.

259 2899 375 2945 8«/«°/o

259 2945 322 2988 8'/a
335 2946 376 2987 o/o

258 2990 376 3035 8'/,°/o

258 3034 279 3068 4
291 3033 333 3072 0/o

258 3077 331 3128 40/o

259 3123 377 3170 4'/."/«

260 3169 280 3202 8
292 3169 334 3210 °/o

259 3216 281 3249 8
292 3212 333 3258 0/0

261 3259 335 3301 3%

260 3304 313 3346 3,4
325 3302 367 3337 0/o

259 3348 280 3381 8
283 3348 323 3391 V»
334 3334 376 3390 V*

259 3393 323 3434 37-
335 3392 381 3434 o/o

259 3437 324 3478 87*
336 3436 378 3482 7»

259 3482 334 3526 4%

260 3527 335 3568 4°/»

260 3572 335 3614 4%

259 3618 334 3659 40/0

260 3662 335 3703 4%

260 3708 336 3747 4%

259 3752 337 3791 4%

260 3796 335 3838 40/0

259 3840 335 3882 4%

259 3884 336 3925 4%

260 3928 337 3970 40/0

261 3974 336 4016 40/0

260 4019 336 4058 4%

261 4064 324 4108 47-
338 4066 380 4101 0/0

262 4111 326 4151 47*
339 4111 354 4131 0
367 4124 381 4144 0

263 4157 338 4199 ßo/o

263 4201 338 4243 5%

408 4750 1158 4845 Notariatssnbstttnt

220 4874 277 4905 mit
294 4875 522 4911 zürcherischem
541 4875 658 4910 Patent
684 4882 722 4912 zu
740 4873 918 4911 sofortigem
937 4872 1090 4904 Eintritte
1117 4873 1198 4903 »oird
1227 4874 1354 4911 gesucht.

220 4909 373 4948 Existenz.
409 4924 445 4934 —
480 4911 626 4947 Offerten
646 4916 735 4943 unter
753 4909 874 4946 Chiffre
892 4909 914 4939 0
932 4909 954 4939 F
972 4908 1068 4939 GC55
1088 4915 1129 4939 an

297 4982 510 4988 _
533 4946 903 4983 Orelisiisstl-Aunonee»,
920 4946 1105 4987 Zürich._
1248 4982 1357 4986 _

369 4993 538 5126 Für
609 4997 1206 5153 Kapitalisten.

288 5153 332 5189 Zu
359 5153 441 5184 einem
466 5151 586 5187 größer»,
621 5152 795 5187 industrielle»
821 5155 1008 5192 Unternehmen
1036 5152 1228 5191 (Holzbranche)
1256 5151 1357 5183 werben

219 5190 334 5226 400,000
351 5189 396 5226 Fr.
414 5187 509 5224 gesucht
526 5195 579 5218 von
597 5188 703 5219 direkten
715 5190 895 5226 Teilnehmern
913 5192 973 5222 oder
991 5199 1066 5229 gegen
1084 5190 1187 5226 sicheres
1199 5188 1358 5224 llnterpfand

219 5226 274 5258 lind
292 5224 350 5261 5°/o
367 5224 437 5261 Ziuö
455 5224 501 5257 auf
513 5227 535 5258 ,6
554 5224 639 5259 Jahre
658 5224 709 5260 fest.

289 5260 409 5299 Offerte»
427 5261 503 5292 nutet
520 5260 619 5296 Chiffre
637 5262 660 5291 1'
678 5264 727 5292 837
746 5263 770 5293 G
789 5261 913 5294 befördert
931 5263 969 5294 die
987 5261 1294 5298 Annoneei,-Expedition

489 5296 688 5334 Haaseusttl»
707 5298 732 5328 &
752 5299 884 5337 Bögler,
904 5300 957 5332 et.
971 5300 1096 5331 Gallen.

1626 4750 1694 4786 Fiir

1418 4902 1471 4932 Ein
1489 4902 1536 4933 mit
1547 4902 1595 4933 den
1608 4902 1688 4935 besten
1700 4900 1856 4938 Zeugnissen
1867 4901 1937 4931 einer

1383 4937 1575 4972 ausländischen
1609 4936 1849 4970 Kunst-Akademie

1384 4973 1483 5007 scheuer
1509 4973 1782 5010 Schweizer-Künstler
1809 4972 1940 5008 wünscht

1383 5009 1448 5041 seine
1466 5010 1634 5046 Ausbildung
1662 5012 1689 5040 in
1716 5009 1819 5045 Italien
1846 5009 1940 5045 sortzu-

1385 5044 1457 5079 'etzen
1486 5047 1541 5076 und
1570 5046 1634 5080 sucht
1663 5054 1695 5082 zu
1725 5045 1815 5079 diesem
1842 5044 1941 5080 Zwecke

1392 5080 1430 5116 $r.
1449 5082 1519 5110 2000
1535 5082 1731 5115 aufiuitebmen.
1767 5081 1819 5112 Als
1836 5081 1939 5115 Hinter¬

1395 5123 1441 5151 age
1459 5116 1548 5147 könnte
1569 5112 1624 5148 eine
1642 5117 1744 5153 Anzahl
1770 5117 1941 5152 eingerahmle

1385 5152 1551 5187 Oclgemälde
1562 5160 1613 5182 von
1630 5153 1786 5188 mindestens
1798 5154 1941 5189 doppeltem

1385 5188 1470 5219 Werte
1488 5188 1627 5223 überlasten
1644 5189 1754 5220 werde».

1419 5223 1490 5259 Gest.
1503 5224 1636 5260 Anfragen
1647 5224 1831 5257 beiördertoub
1841 5224 1941 5261 Chiffre

1386 5262 1405 5291 Z
1423 5262 1446 5298 Q
1455 5262 1522 5290 2041
1541 5260 1580 5291 die
1597 5260 1906 5296 Annoncen-Expeditio»

1466 5296 1584 5334 Rudolf
1602 5296 1718 5334 Moste,
1735 5296 1860 5333 Zürich.

2142 2334 3477 2507 Coupons-Einlösung.

2058 2625 2119 2659 Dio
2151 2635 2209 2667 per
2242 2624 2294 2657 31.
2316 2622 2406 2657 März
2440 2621 2501 2655 und
2536 2621 2566 2655 1.
2585 2621 2679 2665 April
2699 2632 2728 2656 a.
2751 2633 2778 2657 c.
2811 2622 2946 2665 fälligen
2978 2622 3123 2664 Coupons
3155 2619 3477 2656 nachverzeichneter
3509 2617 3666 2655 Anleihen

1957 2669 2087 2704 werden
2106 2678 2180 2703 vom
2202 2668 2272 2701 LS.
2295 2666 2412 2700 Mnrx
2434 2675 2474 2699 an
2496 2665 2736 2707 spesenfrei
2757 2676 2798 2700 an
2820 2676 2955 2701 unserer
2975 2666 3083 2700 Kassa
3104 2665 3278 2707 eingelöst;

2164 2738 2228 2778 87«
2242 2739 2283 2779 0/0
2370 2735 2653 2778 Eidgenössisches
2673 2736 2830 2771 Anleihen
2853 2748 2918 2771 von
2941 2737 3035 2771 1894.

2163 2781 2227 2818 87,
2239 2781 2282 2823 °/o
2369 2779 2711 2823 .Jnra-Simplon-Bahn
2731 2791 2794 2815 von
2819 2781 2903 2813 1894
2924 2780 2989 2815 und
3014 2780 3108 2815 1898.

2162 2826 2226 2868 87»
2239 2826 2281 2866 o/o
2368 2824 2793 2861 Jura-Bern-Luzem-Bahn
2814 2836 2878 2860 von
2905 2826 2987 2858 1889
3008 2825 3034 2860 I.
3058 2823 3240 2868 Hypothek.

2162 2870 2282 2912 37,7»
2591 2869 2635 2904 id.
2809 2869 3026 2913 Brünigbahn.

2162 2915 2225 2956 87«
2238 2914 2281 2956 %
2370 2913 2610 2956 Ortsgemeindo
2631 2913 2732 2948 Worb
2752 2924 2816 2949 von
2841 2915 2935 2949 1897.

2163 2959 2228 2996 37»
2240 2960 2283 3002 %
2305 2970 2337 2995 u.
2361 2959 2382 2991 4
2394 2958 2435 2999 °/o
2457 2957 2668 2993 Frankfurter
2689 2959 2883 3003 Hvp.-Bank
2903 2959 2935 2994 9.
2958 2958 3035 2993 XM
3057 2959 3121 2994 und
3140 2958 3224 2994 XIV.

2165 3003 2188 3037 4
2199 3003 2242 3045 °/o
2374 3002 2819 3038 Zürcher-Centralmolkeroi.

2165 3048 2241 3089 4%

2165 3093 2242 3132 4%

2167 3138 2243 3179 40/0

2168 3182 2232 3224 47,
2245 3182 2259 3203 0
2256 3183 2287 3226 /*

2168 3229 2190 3260 4
2200 3227 2242 3268 o/o

2171 3273 2246 3315 40/0

2167 3316 2243 3359 4»/«

2168 3363 2243 3405 40/0
2375 3362 2469 3397 Stadt
2488 3362 2570 3397 Rom
2590 3362 2623 3397 in
2646 3362 2734 3398 Gold.

2165 3406 2230 3449 47,
2242 3405 2284 3448 %
2373 3406 2493 3442 Tabacs
2515 3407 2685 3450 Portugals
2708 3407 2802 3443 1891.

2164 3468 2344 3505 Dividende
2369 3469 2451 3503 1900
2494 3470 2742 3515 Toggenburger
2762 3470 2856 3506 Bank
2876 3470 2938 3506 mit
2958 3470 3011 3506 Fr.
3035 3470 3140 3504 85.—.

2257 3540 2272 3557 ,
2406 3540 2419 3556 ,
2497 3516 2630 3558 Banque
2652 3514 2760 3551 Suisse
2782 3518 2816 3551 et
2837 3515 3009 3560 Franyaise
3029 3514 3091 3550 mit
3110 3513 3163 3549 Fr.
3185 3512 3305 3548 82.20.

2259 3585 2274 3602 ,
2375 3558 2432 3596 Nr.
2456 3560 2475 3592 4
2497 3560 2611 3595 Rhein.
2634 3560 2812 3605 Westphäl.
2834 3561 2946 3604 Lloyd,
2969 3558 3192 3596 M.-Gladbach
3213 3557 3276 3594 mit
3297 3555 3340 3592 M.
3362 3555 3473 3592 80.—.

2259 3630 2273 3647 ,
2499 3605 2596 3649 Spar-
2618 3606 2642 3640 &
2663 3605 2836 3641 Leihkasse
2858 3606 2954 3641 Thun
2974 3605 3037 3641 mit
3057 3605 3078 3638 6
3090 3603 3141 3648 °/o.

2066 3658 2469 3694 Bordereaux-Formulare
2490 3658 2602 3694 halten
2623 3661 2683 3694 wir
2703 3670 2745 3695 an
2766 3670 2900 3695 unserer
2922 3660 3028 3695 Kassa
3052 3669 3091 3693 zu
3112 3658 3182 3703 gell.
3205 3657 3405 3701 Verfügung.

2066 3712 2138 3746 Wir
2158 3712 2342 3756 empfehlen
2364 3723 2423 3747 uns
2444 3712 2496 3747 für
2509 3712 2694 3748 Inkasso
2716 3723 2778 3749 von
2791 3712 2916 3748 nicht
2929 3712 3026 3748 hier
3041 3709 3275 3747 zahlbaren
3295 3708 3674 3746 schweizerischen

2022 3754 2049 3789 d
2071 3757 2264 3791 fremden
2280 3757 2472 3801 Coupons
2488 3756 2577 3791 nnd
2592 3757 2906 3804 Obligationen,
2929 3759 3027 3795 sowie
3044 3768 3101 3794 zur
3113 3758 3303 3800 Besorgung
3316 3766 3379 3792 von
3394 3755 3673 3801 Kapitalanlagen.

2065 3817 2233 3862 Zürich,
2258 3821 2309 3854 21.
2331 3820 2422 3854 März
2446 3820 2537 3856 1901.

2156 3873 2190 3901 17
2207 3873 2444 3902 ßabnhofstrasse.

2372 3047 2463 3083 Bank
2483 3047 2537 3082 für
2559 3047 2758 3084 Elektrische
2780 3047 3097 3092 Unternehmungen.

2371 3092 2544 3127 Rhätische
2566 3092 2658 3128 Bahn
2677 3093 2703 3128 L
2725 3093 2910 3138 Hypothek.

2375 3136 2468 3173 Stadt
2488 3136 2575 3172 Genf
2593 3148 2656 3173 von
2681 3138 2774 3173 1900.

2376 3182 2468 3217 Stadt
2488 3182 2561 3216 Biel
2581 3192 2644 3217 von
2669 3183 2760 3217 1900.

2373 3227 2486 3262 Fester
2507 3227 2632 3262 Vater!,
2655 3230 2758 3263 erster
2778 3226 3077 3271 Sparkassaverein,

2378 3272 2498 3307 Escher
2518 3272 2619 3316 Wyss
2641 3273 2664 3307 &
2686 3273 2761 3314 Cie.,
2783 3272 2908 3309 Zürich.

2375 3316 2664 3353 Oesterreichische
2686 3317 2866 3353 Goldrente.

2684 3928 3163 3997 Eidgenössische
3195 3925 3393 3991 Bank,
3429 3925 3602 3981 A.-G.

2526 4080 2752 4087 _
2752 4010 3007 4078 Banque
3043 4007 3338 4072 Föderale,
3372 4006 3429 4061 8.
3466 4007 3532 4060 A.

2544 4098 2760 4254 Zwei
2812 4098 3200 4254 Honen
3252 4093 3636 4253 Franken

2740 4354 2865 4387 anstatt
2879 4352 2937 4387 der
2951 4351 3132 4392 bisherigen
3147 4349 3386 4391 Glühstrümpfe
3401 4349 3464 4381 den
3484 4353 3675 4390 neuen,

2726 4397 2775 4432 ind
2795 4397 3012 4436 patentierten
3036 4392 3510 4434 HiU-Gas-GMIiItörßer
3533 4392 3568 4426 in
3588 4390 3675 4426 Ver¬

2499 4306 2586 4341 kenn
2607 4307 2666 4341 das
2687 4307 2825 4342 Zürcher
2847 4308 2913 4342 Gas
2934 4305 3195 4342 konsumierende
3217 4304 3387 4339 Pubilkum
3406 4302 3540 4345 jährlich
3563 4310 3675 4346 erspa¬

2499 4362 2568 4393 ren,
2582 4363 2677 4386 wenn
2692 4363 2725 4386 es

2500 4397 2689 4431 berühmten
2711 4397 2775 4432 und
2794 4397 3013 4440 patentierten

2501 4441 2659 4484 Wendung
2680 4441 2801 4476 nimmt.

2588 4485 2742 4520 Derselbe
2763 4488 2855 4530 passt
2876 4486 2934 4520 auf
2951 4485 3047 4529 jeden
3066 4484 3217 4526 Brenner,
3237 4481 3355 4518 bedarf
3373 4492 3432 4527 per
3445 4481 3590 4517 Flamme
3610 4480 3678 4517 und

2501 4529 2580 4565 Jahr
2603 4530 2758 4565 zwischen
2780 4531 2847 4566 Fr.
2869 4529 3021 4564 15—30
3056 4528 3193 4572 weniger
3216 4528 3284 4563 Gas
3317 4527 3381 4563 und
3414 4527 3504 4570 giebt
3534 4527 3673 4562 helleres

2500 4574 2594 4609 Licht
2608 4575 2656 4610 als
2667 4575 2730 4611 alle
2740 4575 2880 4610 anderen
2890 4574 3064 4619 Strümpfe.
3087 4592 3129 4600 —
3150 4572 3376 4609 Lebensdauer
3386 4572 3507 4609 2000
3518 4572 3678 4614 Stunden;

2501 4619 2600 4654 daher
2620 4619 2703 4655 ohne
2723 4620 2935 4656 Konkurrenz
2956 4621 3014 4655 auf
3034 4619 3107 4655 dem
3128 4619 3338 4655 Weltmarkt.

2785 4675 3068 4710 Generalvertreter
3088 4674 3144 4718 für
3164 4674 3215 4708 die
3237 4673 3394 4709 Schweix:

2550 4728 2633 4770 W.
2661 4728 2899 4782 Heyden,
2926 4728 3015 4781 Ing.,
3044 4727 3247 4769 Zürich
3273 4727 3318 4777 I,
3350 4727 3535 4776 Chorgasse
3565 4723 3627 4766 11.

2615 4803 2693 4815 .
2769 4791 2911 4822 Vertreter
2938 4792 2988 4821 und
3016 4789 3266 4821 Wlederverk'dufer
3291 4787 3409 4824 Besucht
3503 4797 3504 4808 1
3519 4796 3563 4808 —

2571 4836 2625 4866 Wo
2643 4837 2691 4866 der
2708 4837 2832 4874 Strumpf
2849 4838 2930 4868 nicht
2946 4848 2980 4868 au
2997 4837 3089 4867 haben
3106 4837 3150 4870 Ist,
3167 4835 3263 4864 wende
3280 4842 3345 4862 man
3361 4832 3419 4862 eich
3430 4832 3521 4861 direkt
3537 4840 3573 4860 an
3593 4830 3675 4867 mich,

2502 4881 2529 4901 u.
2539 4873 2669 4908 verlange
2680 4874 2822 4908 Prospekt,
2835 4874 2977 4904 Proialieto
2988 4883 3015 4904 u.
3027 4873 3173 4902 Broachflre
3190 4882 3227 4892 —
3245 4870 3291 4898 für
3299 4869 3504 4899 Abonnement«
3512 4876 3537 4897 u-
3548 4866 3674 4898 andere«.

1967 5052 2010 5080 per
2026 5044 2057 5076 1.
2074 5044 2214 5076 Oktober
2238 5052 2276 5074 an
2302 5043 2381 5079 bester
2396 5043 2461 5079 Lage
2476 5043 2521 5074 der

1967 5082 2060 5112 untern
2078 5080 2349 5116 «vahnbofstraffer
2368 5079 2433 5111 Eine
2443 5079 2520 5115 öztm-

1968 5118 2069 5152 »teri«,
2086 5116 2277 5150 abgeschlossene
2290 5116 2320 5147 1.
2331 5116 2445 5152 Etage,
2463 5123 2520 5146 vor¬

1967 5152 2058 5188 züglich
2077 5150 2187 5188 geeignet
2209 5151 2253 5183 als
2271 5151 2444 5189 Geschäfts-
2462 5152 2522 5183 oder

1967 5187 2291 5221 Bureaulokalktäte«.

2001 5224 2134 5256 Auskunft
2150 5224 2234 5256 erteilt

2051 5260 2171 5296 Rudolf
2190 5260 2305 5297 Moste,
2323 5259 2434 5296 Zürich

1968 5296 2028 5328 ober
2045 5297 2177 5334 Telephon
2195 5298 2274 5328 4181.

2548 4925 2766 5037 Killküil
2806 4929 2932 5021 oder
2976 4918 3678 5036 GeWskömliOette«

2738 5045 2901 5117 Wtr
2932 5057 2989 5115 zu
3024 5040 3303 5104 vermieten.
3336 5040 3497 5110 -WU

2618 5115 2674 5148 Auf
2692 5116 2716 5148 I.
2727 5116 2802 5150 April
2820 5125 2846 5147 a.
2859 5125 2891 5152 o.,
2908 5113 3034 5146 eventuell
3051 5112 3139 5149 später,
3157 5112 3192 5142 im
3209 5109 3334 5145 südlichen
3345 5109 3415 5140 Teile
3433 5108 3484 5145 von
3498 5108 3608 5146 Zürich
3619 5108 3679 5139 Ul-

2549 5151 2711 5183 Wiedtkon
2722 5159 2756 5182 an
2770 5153 2846 5186 guten
2859 5151 3001 5188 Zufahrten
3014 5149 3092 5187 groß«
3104 5148 3157 5179 und
3169 5147 3231 5184 Helle
3243 5146 3680 5184 Parterre-Raumlichkeite»,

2550 5187 2586 5218 die
2605 5187 2658 5224 sich,
2677 5187 2733 5217 weil
2751 5187 2820 5223 schön
2838 5186 3011 5224 auSgestattet,
3039 5185 3069 5224 zu
3087 5185 3235 5221 Bureaux
3266 5185 3324 5213 oder
3340 5182 3470 5218 ähnlichen
3487 5182 3602 5219 Zwecken
3621 5189 3681 5213 vor¬

2548 5223 2640 5260 züglich
2656 5223 2744 5260 eignen
2761 5223 2877 5255 würde».

2617 5259 2752 5291 Eventuell
2777 5258 2866 5291 könnte
2893 5258 2975 5291 damit
2992 5258 3047 5290 eine
3065 5256 3204 5292 Wohnung
3222 5254 3395 5286 mitvermietet
3415 5255 3525 5288 werben.
3560 5254 3682 5292 Offerte»

2549 5297 2623 5327 unter
2640 5295 2738 5333 Chiffre
2754 5297 2779 5326 A
2798 5298 2865 5326 1865
2885 5297 2904 5326 Z
2922 5295 2957 5331 an
2974 5294 3169 5331 Hänfenste«»
3185 5294 3210 5324 &
3228 5292 3359 5330 Bögler,
3377 5291 3501 5328 Zürich.
