3919 5551
182 141 272 197 M
314 141 444 202 267.

1478 148 1926 218 Einundstchiigltcr
1960 146 2236 218 Jahrgang.

2666 152 2982 225 Sonntag,
3020 155 3118 217 25.
3138 158 3502 230 September
3542 159 3702 220 1881.

217 252 3698 756 NtueZürcher-Zeitum

1891 787 2007 846 ««»
3085 807 3301 846 ..

314 780 826 816 «bonnementSpreise.

692 828 706 848 S
716 826 812 848 Monate.
839 828 852 849 <
862 828 961 849 Monat«.

160 859 183 909 f
188 859 254 884 iel«
266 862 337 884 lweuu
350 859 384 880 di«
398 860 490 887 Leitung
504 861 598 886 ab,»d»It
612 862 676 887 wir»)
705 862 744 889 Fr.
758 863 815 884 5.DO
836 861 876 890 Fr.
892 863 923 884 10.
934 873 962 878 —

188 887 271 912 ch«el)
286 886 414 912 (Bestell»»,
428 887 480 907 beim
495 888 631 912 P»stdureuul
646 904 652 910 .
680 903 688 910 .
717 903 727 914 ,
757 890 813 911 6.75
849 904 860 915 ,
892 891 923 911 IS.
932 891 961 911 60

188 913 220 936 da.
248 912 326 936 (kitcttt
337 912 454 939 »ifteOnng
469 914 500 934 bti
517 914 549 934 der
565 914 687 936 tfrpctillon

250 939 294 960 und
302 938 375 965 St)uo
389 942 448 960 unter
460 939 622 965 Privatadresse»
642 942 960 969 ...7.50.1*.—

158 965 316 990 LeutIchla
325 966 358 985 »d
373 964 500 992 (Destellun,
516 968 568 988 dein,
581 967 685 995 Postamt)
699 968 743 990 DU.
751 970 773 990 7.
785 978 808 983 —

157 991 450 1019 Oesterreich.Ungarn
461 993 766 1021 (Beil,b.Postamt)fi.d.w.5
783 995 808 1015 20

158 1018 448 1046 Fraukretch.Italien
460 1021 505 1041 und
517 1020 586 1046 übrige
597 1021 688 1043 Staaten

247 1046 283 1065 de»
298 1044 356 1067 «yet
365 1046 542 1072 tPostverein»
556 1048 637 1072 (direlle
648 1048 689 1070 Be-

249 1072 338 1099 stell»n,
351 1071 382 1093 bei
397 1072 430 1094 der
443 1072 575 1099 TrpedUio»)
611 1089 616 1096 .
644 1092 650 1097 .
677 1075 738 1102 .Fr.
745 1075 815 1097 11.50
835 1076 875 1103 Fr.
888 1077 921 1098 22.
932 1088 957 1093 —

1137 890 1934 1119 schweizerisches
1993 898 2749 1110 Hm-Matt.

3085 808 3551 846 J«frrt»oa»gebühr.

2926 876 2970 903 F»r
2983 877 3015 900 di«
3028 878 3116 907 Schwei,
3129 881 3155 902 20
3164 880 3212 906 Sp„
3226 854 3423 907 I-r^da^nNand
3432 883 3458 905 25
3467 882 3509 910 «p.
3523 884 3570 906 ,d«r
3583 884 3610 906 JO
3617 884 3641 909 P
3639 886 3688 910 N»»
3690 887 3723 912 »«

3191 912 3226 932 »er
3241 907 3453 936 l-chrlpaliige,'jeite.

3057 932 3181 959 »«r««n>
3195 940 3220 956 ec.
3238 936 3307 959 (unter
3322 936 3367 957 dem
3381 936 3588 964 Stidaklionkfirtch):

3115 962 3144 982 50
3156 961 3197 985 Kp.
3212 966 3249 985 per
3260 962 3395 990 »irrspaltige
3409 963 3523 990 Petit,eile.

2924 983 3020 1010 Juserate
3033 986 3078 1008 »ud
3087 986 3197 1009 Iteelamen
3206 988 3251 1014 find
3259 988 3393 1016 ein,ulenden
3407 995 3438 1011 an
3446 990 3480 1012 die
3490 991 3603 1013 Änn,ncrn
3605 997 3626 1018 ,,
3627 991 3667 1017 p«d
3666 991 3675 1013 i
3674 992 3682 1013 >
3684 991 3722 1014 i«

2924 1011 2965 1033 voa
2984 1011 3061 1040 0r.ll
3079 1013 3160 1041 Fützli
3179 1016 3197 1035 k
3215 1014 3268 1036 SU.
3288 1015 3315 1037 in
3333 1016 3429 1043 Zürich
3448 1018 3493 1039 UN»
3512 1019 3592 1039 werden
3606 1018 3667 1043 durch
3681 1018 3710 1041 «,

3038 1039 3123 1068 übrigen
3136 1041 3248 1062 betanuten
3262 1042 3469 1069 Annoneenburraux
3484 1045 3605 1068 »enutttell.

3114 1067 3186 1094 Urei»
3199 1069 3238 1090 der
3252 1067 3366 1094 «i»,e(»r»
3382 1077 3511 1097 z»»mn>er»
3523 1078 3531 1093 :

2991 1092 3086 1118 Einlach«
3105 1096 3130 1116 1»
3144 1095 3190 1121 Np.
3212 1096 3251 1116 mit
3265 1095 3351 1124 Beilage
3367 1098 3392 1118 15
3406 1097 3454 1124 «p.
3475 1098 3568 1124 doppelt«
3582 1100 3609 1121 20
3623 1099 3662 1126 N».

211 1165 420 1218 Gägtich,
447 1168 543 1207 mit
568 1168 874 1221 Arrsncrhrno
902 1172 985 1211 öes
1011 1171 1293 1224 Sonntags,
1320 1174 1625 1226 zwermattge
1649 1173 1901 1227 Ausgabe.

2131 1178 2357 1228 Wüveau
2383 1182 2412 1222 6
2415 1194 2470 1223 er
2495 1182 2805 1232 Weöaktion:
2846 1184 3178 1240 Wrunngasse
3204 1188 3306 1240 "gir.
3332 1194 3365 1230 2
3392 1191 3451 1231 in
3476 1190 3667 1245 Zürich.

253 1291 913 1382 AbmntMknts-EmladWz.

218 1382 282 1421 Für
303 1382 360 1417 das
390 1380 511 1417 vierte
533 1382 711 1419 Quartal
741 1384 815 1417 kann
837 1386 942 1417 wieder
964 1384 1010 1417 bei

151 1428 227 1462 allen
239 1427 423 1467 Postämtern
445 1428 495 1459 der
507 1428 643 1469 Schweiz,
666 1429 885 1468 Deutschlands,
897 1430 1009 1469 Oester¬

152 1473 242 1513 reichs
276 1472 337 1505 und
372 1471 566 1511 Frankreichs,
602 1472 630 1513 so
665 1473 720 1506 wie
752 1474 797 1506 bei
831 1474 881 1507 der
905 1475 1009 1507 Unter¬

151 1518 304 1559 zeichneten
339 1516 398 1549 und
421 1517 505 1548 deren
540 1517 681 1558 Ablagen,
714 1528 747 1559 zu
777 1519 831 1550 den
863 1529 910 1551 am
933 1519 1011 1559 Kopf

150 1563 202 1596 der
224 1561 351 1601 Zeitung
375 1560 574 1601 aufgeführten
590 1561 709 1602 Preisen
731 1563 868 1595 abonnirt
890 1564 1010 1596 werden.

222 1625 333 1662 Ferner
364 1623 477 1663 machen
511 1623 567 1655 wir
588 1624 696 1663 darauf
722 1625 916 1665 aufmerksam,
952 1625 1010 1663 daß

152 1669 203 1710 für
225 1669 270 1701 die
292 1669 420 1701 Monate
441 1668 574 1707 Oktober,
600 1668 759 1702 November
781 1670 839 1703 und
855 1671 1011 1711 Dezember

153 1715 209 1748 alle
232 1714 396 1754 Postämter
418 1713 466 1745 der
491 1713 617 1754 Schweiz
640 1715 854 1747 Abonnements
878 1718 1010 1756 entgegen

154 1759 272 1799 nehmen
295 1767 331 1798 zu
347 1757 399 1795 Fr.
424 1760 497 1789 1.20
521 1758 572 1797 auf
594 1759 648 1791 das

152 1817 349 1878 Zlhivkizkr.
370 1815 740 1878 landwirthschaftliche
757 1817 1011 1873 Leptrirlblatt.

520 1896 670 1937 Ergebenst

205 1942 267 1976 Die
288 1940 547 1982 Administration
571 1941 623 1975 der
646 1942 776 1981 „Reuen
790 1940 1012 1985 Zürch.-Ztg."

287 2042 877 2089 Tagesbericht.

220 2105 269 2137 An
291 2104 341 2136 der
363 2102 459 2143 Spitze
493 2103 542 2135 der
566 2102 709 2145 wichtigen
731 2103 891 2143 politischen
915 2105 1012 2144 Ange¬

153 2149 328 2192 legenheiten
350 2148 401 2180 des
425 2147 555 2188 heutigen
578 2148 676 2189 Tages
706 2149 773 2189 steht
795 2148 945 2189 unstreitig
968 2148 1012 2182 die

152 2196 187 2230 in
208 2192 386 2235 Oesterreich
422 2193 578 2233 ungeheure
608 2193 766 2232 Sensation
799 2194 1013 2234 verursachende

152 2237 374 2282 Angelegenheit
397 2239 444 2271 der
468 2238 640 2278 (vorgestern
663 2239 695 2271 in
718 2239 838 2279 Ungarn
861 2239 1013 2278 veröffent¬

151 2287 253 2326 lichten
274 2283 334 2316 und
368 2283 433 2322 auch
467 2289 526 2315 von
559 2286 616 2315 uns
650 2283 824 2324 gebrachten)
857 2283 1013 2324 Depeschen

152 2332 223 2365 über
238 2329 282 2362 die
297 2328 445 2369 Danziger
460 2327 721 2367 Zusammenkunft,
745 2328 882 2369 bezüglich
899 2329 1012 2367 welcher

153 2377 233 2410 eines
266 2373 384 2412 unserer
418 2372 554 2413 gestrigen
587 2373 782 2413 Telegramme
816 2374 928 2407 weitere
950 2374 1012 2406 An¬

151 2422 312 2460 deutungen
337 2417 459 2456 enthielt.
507 2417 572 2450 Wir
600 2419 713 2450 wollten
735 2418 804 2450 über
826 2419 897 2457 diese
920 2418 1012 2457 Sache

151 2466 234 2507 heute
267 2463 366 2502 unsere
390 2463 512 2503 näheren
536 2462 763 2503 Mittheilungen
795 2464 853 2495 und
878 2463 1011 2503 Betrach¬

151 2514 260 2551 tungen
282 2508 415 2547 bringen,
448 2507 577 2547 erhalten
611 2518 671 2540 nun
708 2508 774 2540 aber
808 2514 864 2540 von
897 2508 1011 2547 unserm

151 2556 267 2590 Wiener
289 2552 555 2592 Korrespondenten
577 2552 616 2585 I«.
639 2553 680 2585 K.
704 2552 830 2593 folgende
853 2552 1009 2590 Auskunft,

152 2602 203 2634 der
238 2598 293 2632 wir
330 2597 408 2637 ihrer
440 2596 661 2636 Bedeutsamkeit
696 2603 788 2638 wegen
823 2597 894 2637 diese
917 2597 1011 2630 Stelle

150 2646 336 2680 einräumen:

219 2690 287 2722 Das
311 2688 360 2720 der
389 2685 536 2725 äußersten
559 2685 662 2719 Linken
697 2685 889 2726 angehöreude
911 2692 1009 2727 magy¬

152 2734 256 2774 arische
271 2732 357 2765 Blatt
375 2731 580 2771 „Egyetertes"
605 2732 656 2770 hat
678 2731 727 2770 sich
751 2731 801 2768 auf
824 2731 922 2770 bisher
945 2731 1011 2770 noch

150 2777 366 2818 unaufgeklärte
390 2775 479 2814 Weise
508 2775 540 2807 in
563 2775 616 2808 den
639 2775 725 2815 Besitz
748 2774 847 2815 zweier
871 2774 1012 2815 wichtiger

151 2822 306 2863 Depeschen
319 2830 353 2860 zu
368 2819 449 2860 setzen
462 2819 585 2860 gewußt,
598 2819 642 2852 die
654 2824 684 2851 es
698 2829 743 2852 am
757 2822 809 2851 21.
820 2819 847 2852 d.
859 2819 1011 2859 veröffent¬

152 2868 240 2908 lichte.
271 2864 331 2897 Die
352 2863 413 2896 eine
434 2864 484 2896 der
506 2864 603 2896 beiden
625 2864 779 2904 Depeschen
803 2863 836 2904 ist
860 2864 906 2897 ein
928 2864 1012 2896 Tele¬

151 2920 266 2954 gramm
288 2910 340 2942 des
362 2907 460 2948 Zaren
492 2918 531 2941 an
553 2909 606 2942 den
628 2908 728 2947 Kaiser
751 2915 808 2940 von
830 2908 1010 2949 Oesterreich,

152 2957 199 2991 die
213 2956 316 2988 andere
339 2953 462 2994 ungleich
487 2953 642 2994 wichtigere
664 2954 699 2993 ist
722 2953 768 2986 ein
782 2953 1012 2995 telegraphischer

150 3001 266 3041 Bericht
287 2998 405 3037 unseres
420 2998 575 3037 Ministers
598 2998 647 3031 des
663 2998 882 3040 Auswärtigen,
907 2999 1011 3032 Baron

150 3044 315 3089 Haymerle,
340 3052 378 3076 an
393 3044 445 3075 den
460 3043 493 3075 in
508 3042 650 3084 Miskolcz
673 3043 705 3076 in
720 3043 841 3084 Ungarn
857 3043 1011 3076 weilenden

150 3091 253 3131 Kaiser
275 3090 372 3129 Franz
396 3087 514 3128 Joseph.
559 3088 658 3121 Darin
692 3088 774 3129 theilt
796 3089 845 3121 der
869 3088 1008 3128 Minister

150 3138 255 3178 seinem
266 3135 426 3168 Souverän
447 3133 501 3165 den
523 3132 632 3173 Inhalt
655 3133 732 3166 eines
756 3132 928 3174 Gespräches
943 3133 1007 3172 mit,

151 3182 266 3222 welches
288 3180 339 3212 der
361 3177 570 3218 österreichische
585 3177 758 3218 Botschafter
769 3178 800 3210 in
819 3178 1009 3219 Petersburg,

150 3226 230 3266 Graf
242 3222 383 3261 Kalnocki,
396 3223 447 3256 mit
459 3224 556 3263 Herrn
568 3223 716 3257 vonGiers
726 3223 795 3255 über
807 3223 850 3256 die
862 3223 1009 3264 Danziger

148 3268 403 3313 Zusammenkunft
426 3268 538 3309 geführt
574 3268 658 3309 hatte.
704 3268 777 3301 Was
812 3277 880 3301 man
915 3270 951 3301 da
974 3278 1009 3309 zu

151 3319 241 3360 hören
256 3315 403 3352 bekommt,
427 3312 507 3352 wirft
530 3313 575 3345 ein
598 3317 685 3346 neues
702 3313 776 3353 Licht
800 3313 850 3354 auf
873 3313 917 3346 die
932 3313 1009 3347 Vor¬

150 3366 252 3405 gänge,
286 3359 385 3399 welche
408 3358 454 3398 sich
491 3358 523 3391 in
555 3359 608 3391 den
630 3359 724 3399 letzten
746 3358 891 3391 Monaten
913 3358 1009 3400 hinter

150 3411 205 3442 den
220 3405 367 3444 Kouliffen
392 3403 542 3444 abgespielt
564 3404 622 3436 und
645 3404 690 3436 die
712 3413 746 3444 zu
769 3404 819 3436 der
841 3404 870 3442 so
886 3404 1008 3444 plötzlich

151 3453 345 3496 gekommenen
360 3448 536 3489 Begegnung
558 3448 608 3481 der
623 3448 723 3487 Kaiser
745 3454 803 3481 von
818 3449 1007 3489 Deutschland

147 3498 207 3533 und
231 3494 371 3534 Rußland
407 3493 519 3534 geführt
542 3492 640 3532 haben.
684 3493 900 3533 Insbesondere
923 3494 1007 3527 über¬

149 3542 238 3583 rascht
260 3540 305 3573 die
329 3538 492 3578 Erklärung
527 3537 558 3570 in
581 3538 642 3571 dem
666 3538 780 3571 Munde
804 3538 914 3577 Gier's,
951 3538 1007 3578 daß

147 3589 195 3623 die
235 3585 443 3626 „unerwartete
477 3582 665 3624 Mäßigung"
707 3584 755 3616 der
789 3583 918 3624 Sprache
956 3585 1007 3616 des

147 3633 270 3673 Fürsten
293 3628 440 3664 Bismarck
474 3629 527 3661 den
550 3627 646 3667 Zaren
679 3627 811 3668 beruhigt
832 3628 913 3669 habe,
948 3628 1006 3667 daß

147 3680 199 3713 der
220 3675 343 3716 deutsche
365 3673 491 3715 Kanzler
517 3673 602 3715 „nach
625 3673 716 3706 keiner
737 3673 878 3714 Richtung
903 3674 1006 3706 andere

148 3724 198 3758 als
220 3720 360 3763 friedliche
385 3719 528 3760 Absichten
555 3719 707 3760 verfolge."
754 3718 810 3758 Ja,
833 3718 913 3759 fragt
935 3727 1004 3751 man

145 3769 208 3811 sich,
233 3767 282 3808 hat
297 3774 366 3799 man
389 3766 463 3798 denn
487 3763 696 3804 russischerseitS
719 3770 783 3796 vom
795 3763 916 3803 Fürsten
931 3763 1005 3796 Bis¬

146 3813 235 3849 marck
269 3812 331 3845 eine
361 3809 542 3851 angreifende
564 3809 673 3849 Politik
707 3808 877 3849 befürchtet?
923 3807 1004 3841 Man

146 3866 209 3893 war
233 3857 280 3890 bis
303 3856 363 3896 jetzt
386 3855 526 3897 gewohnt,
561 3854 592 3887 in
615 3853 754 3894 Rußland
781 3853 825 3887 die
847 3854 947 3894 Macht
970 3863 1004 3895 zu

142 3902 283 3940 erblicken,
308 3907 365 3933 von
389 3902 436 3933 der
459 3899 597 3932 eventuell
620 3900 681 3932 eine
696 3900 832 3941 Störung
855 3900 905 3932 des
922 3899 1003 3937 Frie¬

143 3949 214 3983 dens
250 3946 377 3986 erfolgen
410 3945 517 3977 könnte.
571 3944 711 3983 Rußland
745 3945 804 3977 und
839 3944 1003 3985 Frankreich

1055 1297 1151 1337 galten
1187 1297 1233 1329 als
1267 1297 1312 1330 die
1347 1298 1472 1338 Mächte,
1506 1298 1591 1331 deren
1625 1299 1797 1340 Regierende
1830 1303 1914 1334 unter

1055 1341 1227 1381 Umständen
1243 1341 1292 1382 sich
1309 1343 1361 1381 auf
1383 1344 1435 1375 den
1451 1342 1627 1384 Kriegspfad
1652 1345 1769 1385 begeben
1784 1346 1913 1384 könnten,

1054 1396 1105 1419 um
1126 1387 1210 1427 durch
1231 1386 1294 1420 eine
1316 1387 1421 1420 Aktion
1454 1388 1522 1427 nach
1545 1388 1649 1426 Außen
1673 1390 1720 1421 der
1743 1390 1914 1431 Schwierig,

1054 1431 1140 1464 keiten
1167 1431 1208 1463 im
1229 1431 1352 1470 Innern
1375 1434 1452 1474 Herr
1486 1442 1521 1473 zu
1555 1434 1678 1471 werden,
1713 1435 1846 1475 während
1883 1439 1914 1467 es

1054 1475 1195 1515 feststand,
1229 1476 1287 1512 daß
1320 1478 1377 1510 das
1410 1477 1740 1518 deutsch-österreichische
1773 1479 1913 1519 Bündniß

1056 1521 1136 1553 einen
1159 1521 1221 1553 rein
1243 1522 1448 1562 abwehrenden
1473 1522 1631 1563 Charakter
1666 1523 1734 1563 habe
1768 1525 1823 1557 und
1848 1531 1914 1557 vor¬

1056 1565 1190 1605 nehmlich
1218 1566 1301 1605 durch
1335 1567 1380 1599 die
1413 1567 1511 1599 beiden
1535 1568 1663 1600 Staaten
1696 1575 1752 1601 von
1775 1568 1913 1608 Rußland

1056 1612 1116 1642 und
1138 1610 1303 1650 Frankreich
1337 1612 1497 1652 drohenden
1520 1612 1669 1652 Gefahren
1696 1612 1915 1654 hervorgerufen

1057 1655 1162 1687 wurde.
1194 1655 1263 1687 Nun
1281 1655 1346 1696 hört
1369 1666 1436 1689 man
1459 1657 1592 1698 plötzlich,
1617 1656 1674 1694 daß
1697 1658 1746 1691 der
1768 1658 1829 1697 Zar
1845 1659 1914 1691 über

1055 1699 1102 1731 die
1128 1702 1337 1738 „unerwartete
1353 1701 1541 1743 Mäßigung"
1567 1704 1617 1734 des
1634 1702 1753 1741 Fürsten
1770 1703 1914 1736 Bismarck

1057 1742 1121 1783 hoch
1144 1744 1250 1781 erfreut
1273 1751 1344 1778 war.
1388 1746 1465 1787 Jetzt
1497 1747 1627 1779 erinnert
1662 1756 1729 1779 man
1763 1748 1820 1788 sich,
1857 1747 1913 1785 daß

1057 1788 1264 1829 österreichische
1298 1791 1357 1822 und
1380 1790 1543 1832 ungarische
1565 1791 1688 1832 offiziöse
1710 1791 1825 1825 Blätter
1849 1792 1912 1833 kurz

1057 1838 1111 1865 vor
1144 1834 1194 1866 der
1233 1835 1380 1875 Danziger
1413 1835 1668 1875 Zusammenkunft
1704 1836 1765 1870 eine
1801 1837 1914 1877 äußerst

1057 1877 1159 1918 heftige
1182 1878 1310 1918 Sprache
1333 1889 1418 1921 gegen
1442 1880 1583 1919 Rußland
1614 1881 1729 1921 führten
1750 1883 1807 1914 und
1829 1882 1913 1923 ziem¬

1057 1922 1109 1963 lich
1124 1924 1308 1957 unverblümt
1329 1934 1364 1965 zu
1386 1925 1528 1964 verstehen
1550 1926 1651 1966 gaben,
1675 1925 1730 1965 daß
1755 1934 1834 1959 wenn
1855 1927 1913 1959 ein¬

1057 1968 1119 2000 mal
1151 1969 1201 2000 der
1233 1968 1551 2010 Entscheidungskampf
1584 1970 1711 2011 zwischen
1745 1971 1913 2012 Oesterreich

1057 2013 1117 2045 und
1132 2012 1273 2051 Rußland
1290 2015 1506 2054 unvermeidlich
1522 2015 1569 2054 sei,
1594 2019 1625 2048 es
1640 2015 1690 2054 für
1704 2016 1802 2057 erstere
1813 2016 1914 2056 Macht

1057 2057 1107 2097 sich
1124 2058 1279 2098 empfehlen
1301 2059 1408 2098 könnte,
1432 2062 1486 2092 den
1500 2059 1608 2101 Kampf
1629 2060 1658 2099 so
1683 2060 1748 2094 bald
1773 2061 1819 2094 als
1835 2063 1913 2102 mög¬

1057 2102 1109 2142 lich
1132 2112 1196 2142 zum
1213 2103 1346 2144 Austrag
1370 2114 1403 2144 zu
1427 2104 1557 2146 bringen,
1582 2114 1630 2137 um
1653 2105 1724 2145 nicht
1747 2106 1807 2138 dem
1829 2106 1912 2146 durch

1057 2147 1111 2180 den
1134 2148 1226 2188 letzten
1249 2148 1429 2190 Orientkrieg
1453 2149 1620 2191 erschöpften
1644 2150 1759 2191 Gegner
1781 2150 1848 2189 Zeit
1861 2160 1913 2192 zur

1058 2192 1213 2233 Erholung
1235 2203 1270 2233 zu
1294 2193 1391 2233 lassen.

1125 2238 1175 2269 Da
1199 2237 1263 2276 fällt
1286 2238 1339 2271 wie
1362 2238 1406 2271 ein
1429 2238 1595 2279 Blitzstrahl
1618 2243 1674 2272 aus
1690 2239 1819 2279 heiterem
1830 2239 1914 2280 Him-

1058 2282 1115 2314 mel
1136 2282 1181 2315 die
1203 2283 1351 2324 Danziger
1365 2283 1626 2323 Zusammenkunft,
1651 2284 1749 2323 unsere
1760 2285 1914 2325 Offiziösen

1058 2327 1151 2367 stecken
1175 2328 1283 2368 gemach
1316 2329 1370 2360 den
1393 2328 1567 2368 Tomahawk
1601 2329 1669 2367 ein,
1703 2330 1756 2362 den
1790 2329 1825 2369 sie
1849 2329 1913 2370 kurz

1057 2372 1160 2411 vorher
1199 2372 1226 2411 so
1261 2372 1387 2412 drohend
1421 2382 1508 2413 gegen
1533 2373 1673 2412 Rußland
1707 2374 1912 2415 geschwungen,

1057 2418 1115 2449 und
1138 2426 1201 2449 nun
1223 2416 1333 2458 erfährt
1367 2417 1411 2450 die
1433 2418 1511 2451 Welt
1545 2423 1601 2451 aus
1635 2419 1697 2451 dem
1724 2418 1839 2451 Munde
1863 2420 1913 2451 des

1056 2462 1153 2502 Herrn
1177 2461 1278 2500 Biers,
1302 2462 1390 2500 dieses
1414 2462 1593 2503 eigentlichen
1614 2462 1726 2495 Leiters
1757 2465 1805 2496 der
1828 2463 1914 2503 russi¬

1057 2506 1130 2546 schen
1153 2507 1351 2548 auswärtigen
1375 2507 1493 2547 Politik,
1517 2507 1574 2546 daß
1586 2509 1634 2541 der
1657 2508 1778 2549 deutsche
1788 2508 1914 2549 Kanzler

1059 2553 1271 2590 „unerwartet"
1308 2551 1370 2584 eine
1403 2552 1466 2592 sehr
1500 2552 1613 2594 mäßige
1636 2553 1766 2593 Sprache
1800 2553 1914 2594 geführt

1056 2595 1117 2636 hat.
1162 2596 1220 2628 Die
1241 2596 1450 2629 Kombination
1484 2597 1519 2638 ist
1552 2599 1589 2630 da
1612 2597 1674 2638 sehr
1697 2598 1770 2639 nahe
1793 2598 1913 2639 liegend,

1055 2640 1113 2679 daß
1135 2647 1202 2673 vom
1224 2641 1339 2674 Wiener
1362 2641 1486 2674 Kabinet
1509 2642 1608 2683 irgend
1630 2642 1678 2675 ein
1699 2643 1820 2684 Schritt,
1856 2643 1913 2675 und

1056 2684 1095 2725 sei
1117 2689 1147 2716 es
1171 2685 1236 2726 auch
1260 2695 1317 2718 nur
1341 2686 1386 2718 ein
1408 2686 1642 2727 diplomatischer,
1668 2696 1753 2727 gegen
1774 2687 1914 2726 Rußland

1057 2730 1173 2770 geplant
1196 2730 1310 2762 worden
1333 2737 1406 2768 war,
1445 2731 1708 2771 selbstverständlich
1730 2734 1814 2764 unter
1838 2732 1916 2764 Mit¬

1057 2773 1186 2813 wirkung
1209 2774 1258 2806 deS
1282 2774 1422 2815 deutschen
1440 2775 1651 2813 Verbündeten,
1690 2775 1747 2815 daß
1783 2779 1813 2808 es
1850 2776 1916 2809 aber

1057 2818 1143 2858 Fürst
1166 2818 1313 2851 Bismarck
1348 2819 1497 2859 schließlich
1532 2820 1580 2859 für
1603 2819 1811 2861 ersprießlicher
1834 2820 1915 2860 fand,

1057 2863 1124 2904 nach
1148 2863 1262 2905 Danzig
1287 2874 1321 2905 zu
1345 2864 1430 2905 gehen
1453 2865 1512 2897 und
1524 2864 1618 2905 seinen
1633 2865 1755 2902 Frieden
1778 2865 1831 2898 mit
1854 2866 1916 2898 dem

1056 2908 1156 2947 Zaren
1178 2918 1214 2949 zu
1236 2909 1357 2949 machen.
1388 2910 1461 2942 Was
1485 2910 1538 2943 den
1559 2909 1700 2949 deutschen
1721 2909 1849 2951 Kanzler
1872 2910 1916 2942 be¬

1057 2960 1156 2994 wogen
1180 2954 1238 2992 hat,
1262 2953 1324 2986 eine
1349 2954 1542 2996 Schwenkung
1564 2961 1621 2987 von
1636 2955 1805 2996 Oesterreich
1829 2964 1916 2996 gegen

1056 2998 1198 3037 Rußland
1221 3008 1255 3039 zu
1280 2999 1442 3040 vollziehen,
1475 3000 1530 3032 das
1554 2999 1675 3040 entzieht
1697 2999 1747 3041 sich
1770 3001 1915 3041 vorläufig

1055 3044 1107 3076 der
1128 3042 1276 3082 Kenntniß
1310 3045 1360 3077 der
1393 3044 1685 3085 Nichteingeweihten.
1739 3045 1816 3086 Doch
1853 3045 1915 3086 geht

1056 3098 1125 3121 man
1148 3088 1225 3128 wohl
1247 3089 1321 3129 nicht
1344 3089 1412 3128 irre,
1436 3095 1519 3122 wenn
1541 3099 1610 3122 man
1625 3089 1779 3130 annimmt,
1802 3089 1860 3129 daß
1872 3089 1915 3123 die

1056 3133 1165 3174 Politik
1200 3134 1249 3166 des
1285 3134 1502 3174 Ministeriums
1536 3135 1650 3174 Taaffe,
1687 3134 1783 3173 welche
1814 3135 1915 3168 immer

1055 3178 1135 3219 mehr
1159 3178 1205 3211 ein
1228 3179 1446 3220 ausgesprochen
1473 3179 1619 3220 slavisches
1643 3179 1777 3221 Gepräge
1811 3180 1914 3221 erhält,

1054 3232 1090 3263 zu
1113 3223 1186 3263 nicht
1208 3224 1352 3265 geringem
1385 3224 1474 3265 Theil
1499 3224 1713 3265 Beranlaffung
1756 3235 1790 3266 zu
1827 3225 1914 3265 dieser

1054 3268 1248 3310 Schwenkung
1272 3275 1344 3302 war.
1368 3270 1432 3302 Aus
1456 3270 1518 3302 dem
1540 3270 1663 3303 Grunde
1686 3269 1760 3303 wird
1783 3279 1852 3303 man
1863 3271 1914 3303 den

1054 3313 1137 3352 Zorn
1160 3314 1218 3346 und
1241 3313 1288 3347 die
1310 3315 1462 3356 Erregung
1488 3314 1639 3356 begreifen,
1676 3314 1772 3355 welche
1805 3315 1838 3348 in
1860 3324 1913 3349 un¬

1055 3359 1132 3398 seren
1178 3359 1463 3400 Regierungskreisen
1496 3365 1591 3401 wegen
1638 3360 1690 3392 des
1731 3360 1913 3400 „Amtsmiß¬

1053 3403 1209 3444 brauches"
1235 3404 1366 3445 herrscht,
1400 3405 1432 3437 in
1463 3404 1551 3446 Folge
1588 3405 1675 3437 deren
1707 3405 1753 3438 die
1776 3408 1914 3446 genannte

1053 3449 1188 3489 Depesche
1210 3450 1381 3490 Haymerles
1405 3459 1443 3482 an
1473 3450 1526 3483 den
1548 3449 1650 3489 Kaiser
1685 3449 1715 3482 in
1750 3451 1804 3483 den
1826 3450 1912 3492 Besitz

1053 3495 1104 3526 des
1130 3494 1338 3535 „Egyetertes"
1371 3495 1508 3535 gelangte.
1547 3495 1621 3527 Eine
1644 3495 1912 3536 hochnothpeinliche

1053 3539 1262 3580 Untersuchung
1287 3550 1339 3581 zur
1363 3540 1535 3581 Entdeckung
1570 3540 1621 3572 des
1645 3540 1844 3582 Uebelthäters
1880 3541 1912 3581 ist

1053 3584 1158 3616 bereits
1194 3585 1351 3625 eingeleitet
1371 3585 1497 3623 worden,
1532 3584 1576 3618 die
1599 3585 1762 3626 Folgendes
1796 3586 1912 3627 ergeben

1052 3628 1142 3669 haben
1165 3629 1232 3667 soll:
1264 3629 1409 3670 Während
1433 3630 1484 3662 des
1507 3630 1697 3671 Aufenthalts
1719 3631 1771 3664 des
1794 3631 1911 3671 Kaisers

1050 3672 1083 3706 in
1106 3673 1247 3714 Miskolcz
1272 3676 1390 3707 wurden
1413 3674 1548 3716 chiffrirte
1571 3675 1726 3716 Depeschen
1750 3682 1815 3709 vom
1831 3676 1911 3709 Aus¬

1050 3718 1191 3759 wärtigen
1214 3719 1284 3751 Amt
1306 3720 1337 3752 in
1361 3720 1445 3753 Wien
1469 3729 1506 3753 an
1530 3720 1573 3753 die
1595 3719 1845 3762 Kabinetskanzlei
1861 3722 1910 3754 des

1050 3761 1229 3804 Monarchen
1251 3764 1375 3804 gesandt.
1398 3765 1479 3797 Dort
1501 3765 1620 3798 wurden
1642 3765 1680 3806 sie
1702 3765 1733 3799 in
1758 3767 1806 3800 der
1820 3766 1911 3807 Weise

1051 3808 1201 3849 entziffert,
1239 3809 1297 3848 daß
1337 3809 1383 3842 ein
1407 3808 1512 3850 großer
1535 3810 1622 3851 Theil
1655 3811 1705 3844 der
1728 3811 1827 3845 Worte
1862 3812 1910 3844 ins

1049 3852 1386 3895 Original-Telegramm
1398 3855 1469 3887 über
1484 3854 1528 3887 die
1540 3855 1767 3896 entsprechenden
1778 3857 1910 3898 Chiffern

1048 3898 1217 3939 geschrieben
1234 3899 1294 3932 und
1316 3899 1362 3932 die
1384 3899 1539 3940 Depeschen
1561 3900 1672 3940 sodann
1694 3900 1725 3934 in
1741 3901 1911 3943 Reinschrift

1047 3943 1139 3985 kopirt
1162 3944 1288 3978 wurden.
1334 3945 1400 3977 Aus
1434 3945 1683 3987 Unvorsichtigkeit
1716 3948 1835 3980 wurden
1867 3947 1909 3980 die

1959 1301 2313 1346 Original-Telegramme
2336 1305 2367 1338 in
2388 1307 2441 1340 den
2464 1308 2638 1349 Papierkorb
2663 1311 2814 1351 geworfen,

1959 1347 2009 1380 der
2032 1349 2097 1388 nach
2135 1350 2185 1381 der
2207 1350 2325 1388 Abreise
2358 1352 2408 1383 des
2443 1352 2559 1391 Kaisers
2593 1361 2651 1387 von
2674 1355 2816 1396 Miskolcz

1958 1391 2146 1431 durchstöbert
2167 1395 2227 1427 und
2250 1395 2342 1427 wobei
2370 1396 2422 1428 der
2443 1397 2564 1437 kostbare
2586 1399 2671 1436 Fund
2693 1401 2816 1441 gemacht

1959 1437 2065 1470 wurde.
2110 1439 2159 1471 Ob
2182 1438 2231 1480 sich
2255 1439 2299 1472 die
2322 1440 2415 1480 Sache
2438 1441 2466 1480 so
2500 1443 2612 1482 verhält
2642 1445 2709 1477 oder
2731 1445 2814 1485 nicht,

1959 1481 2093 1520 vielmehr
2116 1483 2176 1515 eine
2210 1485 2297 1525 grobe
2324 1484 2584 1528 Pflichtverletzung
2619 1488 2697 1521 eines
2732 1490 2815 1523 Tele¬

1960 1527 2210 1567 graphenbeamten
2233 1529 2368 1569 vorliegt,
2392 1530 2517 1563 darüber
2528 1532 2621 1570 dürfte
2643 1533 2721 1574 wohl
2734 1534 2816 1567 kaum

1959 1570 2172 1613 Zuverlässiges
2195 1574 2226 1606 in
2250 1574 2295 1606 die
2318 1574 2535 1616 Oeffentlichkeit
2556 1577 2685 1618 dringen.

2025 1617 2088 1649 Wie
2108 1618 2159 1649 der
2177 1618 2277 1658 „Boff.
2293 1618 2380 1659 Ztg."
2406 1624 2464 1653 aus
2478 1621 2659 1664 Petersburg
2682 1623 2815 1663 gemeldet

1959 1660 2044 1699 wird,
2067 1661 2138 1695 wird
2162 1662 2193 1696 in
2215 1662 2290 1703 sonst
2313 1666 2364 1704 gut
2386 1666 2601 1706 unterrichteten
2623 1666 2740 1701 Kreisen
2764 1678 2816 1700 an¬

1960 1715 2132 1746 genommen,
2167 1707 2223 1747 daß
2259 1709 2309 1742 der
2344 1708 2406 1747 Zar
2441 1711 2508 1743 bald
2544 1711 2603 1744 eine
2630 1712 2713 1752 Reise
2747 1713 2815 1752 nach

1959 1750 2108 1790 Warschau
2132 1754 2261 1785 antreten
2292 1753 2377 1792 wird,
2412 1756 2470 1787 und
2505 1766 2572 1788 man
2606 1756 2703 1798 bringt
2724 1758 2817 1790 damit

1958 1794 2004 1828 die
2018 1795 2269 1838 Zusammenkunft
2291 1798 2345 1830 mit
2367 1800 2430 1832 dem
2452 1799 2552 1840 Kaiser
2573 1807 2629 1833 von
2646 1803 2814 1843 Oesterreich

1960 1838 1992 1872 in
2013 1840 2209 1883 Verbindung.

2026 1885 2088 1918 Wie
2104 1886 2159 1918 wir
2182 1887 2287 1920 bereits
2310 1889 2445 1929 gemeldet
2469 1889 2568 1929 haben,
2591 1890 2642 1929 soll
2665 1891 2714 1931 sich
2736 1898 2815 1932 zwar

1958 1930 2013 1962 das
2037 1931 2168 1970 Gerücht,
2203 1932 2253 1964 als
2277 1934 2368 1966 werde
2391 1933 2453 1968 dem
2476 1934 2624 1977 deutschen
2647 1937 2815 1978 Reichstage

1959 1973 1991 2007 in
2013 1975 2062 2007 der
2083 1976 2207 2015 nächsten
2231 1977 2350 2017 Session
2373 1978 2436 2012 eine
2457 1979 2726 2022 Preßgesetznovelle
2748 1988 2815 2014 vor¬

1960 2019 2050 2060 gelegt
2065 2021 2183 2058 werden,
2206 2031 2241 2062 zu
2258 2023 2343 2055 deren
2358 2023 2576 2066 Ausarbeitung
2598 2025 2642 2058 die
2659 2027 2815 2067 Anregung

1960 2070 2017 2097 von
2039 2065 2242 2104 konservativer
2265 2067 2351 2100 Seite
2372 2072 2574 2110 ausgegangen
2596 2070 2645 2110 sei,
2675 2071 2748 2110 nicht
2770 2072 2816 2104 be¬

1959 2109 2086 2150 stätigen,
2110 2111 2232 2152 dagegen
2256 2112 2406 2151 verlautet,
2437 2113 2494 2151 daß
2517 2115 2691 2156 beabsichtigt
2714 2117 2815 2155 werde,

1959 2154 2011 2188 den
2034 2156 2053 2194 tz
2071 2157 2133 2187 110
2157 2156 2205 2189 des
2222 2156 2493 2199 Strafgesetzbuches
2516 2161 2586 2200 (wer
2608 2160 2747 2201 öffentlich
2762 2167 2816 2193 vor

1960 2199 2036 2232 einer
2059 2200 2315 2242 Menschenmenge,
2346 2203 2412 2235 oder
2436 2210 2493 2237 wer
2516 2205 2598 2244 durch
2622 2205 2816 2247 Verbreitung

1960 2245 2026 2277 oder
2061 2245 2232 2285 öffentlichen
2268 2246 2407 2288 Anschlag
2446 2249 2513 2281 oder
2546 2250 2700 2291 öffentliche
2735 2251 2816 2284 Aus¬

1959 2289 2075 2330 stellung
2098 2297 2154 2322 von
2177 2291 2324 2330 Schriften
2358 2293 2425 2325 oder
2452 2294 2573 2327 anderen
2595 2296 2817 2337 Darstellungen

1959 2343 2022 2375 zum
2045 2335 2235 2376 Ungehorsam
2271 2346 2356 2377 gegen
2387 2337 2494 2379 Gesetze
2528 2340 2594 2372 oder
2627 2341 2817 2382 rechtSgiltige

1959 2378 2185 2421 Verordnungen
2218 2381 2287 2414 oder
2310 2391 2395 2422 gegen
2431 2383 2475 2416 die
2507 2390 2565 2416 von
2597 2385 2647 2418 der
2670 2386 2817 2427 Obrigkeit

1960 2423 2109 2464 innerhalb
2146 2424 2224 2465 ihrer
2259 2425 2471 2469 Zuständigkeit
2504 2430 2676 2470 getroffenen
2699 2431 2815 2464 Anord¬

1960 2478 2073 2510 nungen
2096 2470 2262 2510 auffordert,
2297 2472 2371 2504 wird
2402 2481 2432 2506 u.
2454 2473 2475 2512 s.
2497 2475 2546 2515 w.)
2579 2475 2620 2508 im
2643 2476 2741 2509 Sinne
2763 2476 2814 2508 des

1960 2519 2024 2546 vom
2059 2515 2207 2557 Reichstag
2243 2516 2427 2557 abgelehnten
2448 2520 2468 2559 8
2492 2522 2534 2551 20
2568 2520 2618 2552 des
2640 2520 2815 2562 Preßgesetz-

1959 2559 2099 2598 entwurfs
2121 2569 2156 2600 zu
2190 2561 2371 2601 verschärfen.
2417 2563 2523 2596 Weiter
2556 2564 2607 2602 soll
2640 2565 2815 2606 beabsichtigt

1960 2605 2080 2642 werden,
2103 2605 2164 2637 dem
2188 2607 2206 2647 8
2232 2608 2296 2638 130
2320 2607 2370 2639 des
2393 2607 2662 2650 Strafgesetzbuches
2689 2612 2760 2653 (wer
2781 2610 2814 2643 in

1960 2648 2038 2682 einer
2059 2650 2111 2682 den
2142 2650 2317 2691 öffentlichen
2341 2651 2462 2689 Frieden
2496 2653 2702 2694 gefährdenden
2724 2655 2815 2695 Weise

1959 2693 2141 2734 verschiedene
2163 2693 2280 2735 Klassen
2313 2696 2363 2729 der
2396 2697 2593 2740 Bevölkerung
2627 2709 2663 2741 zu
2686 2700 2815 2734 Gewalt-

1961 2739 2139 2778 thätigkeiten
2173 2740 2294 2781 anreizt,
2329 2741 2401 2773 wird
2426 2752 2454 2775 u.
2475 2743 2497 2782 s.
2519 2745 2566 2784 w.)
2600 2743 2662 2777 eine
2682 2745 2817 2784 schärfere

1962 2782 2088 2823 Fassung
2102 2792 2138 2823 zu
2154 2784 2247 2823 geben.
2279 2784 2323 2817 Es
2347 2785 2380 2825 ist
2394 2795 2431 2826 zu
2446 2790 2595 2826 erwarten,
2620 2789 2676 2827 daß
2692 2789 2815 2830 letzteres

1961 2827 1992 2859 in
2024 2828 2127 2860 vollem
2151 2828 2245 2867 Maße
2278 2830 2444 2872 namentlich
2478 2832 2529 2872 auf
2560 2833 2604 2865 die
2628 2832 2816 2875 Judenhetzer

1961 2872 2150 2913 Anwendung
2173 2873 2268 2914 finden
2291 2875 2395 2908 würde.

2026 2923 2102 2955 Dem
2125 2924 2263 2961 extremen
2285 2923 2388 2965 Flügel
2410 2924 2458 2958 der
2480 2925 2629 2966 bairischen
2645 2927 2814 2960 Ultramon¬

1960 2969 2046 3000 tanen
2068 2966 2165 3008 gefällt
2187 2969 2235 3001 der
2260 2968 2290 3000 in
2306 2969 2517 3011 Vorbereitung
2539 2971 2699 3012 befindliche
2710 2972 2813 3010 Friede

1959 3012 2087 3052 zwischen
2109 3012 2244 3052 Preußen
2267 3014 2324 3046 und
2348 3014 2408 3046 dem
2433 3015 2536 3055 Papste
2558 3016 2651 3059 nicht;
2675 3017 2711 3057 sie
2722 3017 2813 3058 fürch¬

1958 3060 2004 3089 ten
2027 3057 2060 3089 in
2083 3057 2171 3098 Folge
2193 3058 2282 3098 dessen
2305 3058 2384 3091 einen
2407 3059 2548 3100 Anschluß
2578 3061 2629 3094 des
2652 3061 2813 3101 Zentrums

1960 3111 1997 3135 an
2031 3101 2076 3135 die
2109 3102 2292 3144 Regierung,
2332 3104 2493 3138 verbunden
2531 3106 2585 3138 mit
2619 3106 2813 3148 Bewilligung

1958 3146 2086 3180 weiterer
2108 3146 2189 3186 Zölle
2216 3149 2275 3181 und
2314 3149 2434 3182 anderer
2456 3150 2586 3184 Steuern
2620 3152 2679 3185 und
2707 3153 2814 3193 streben

1958 3192 2045 3232 daher
2069 3192 2135 3232 nach
2159 3192 2234 3226 einer
2258 3193 2418 3235 Trennung
2453 3202 2519 3228 vom
2548 3195 2699 3235 Zentrum.
2744 3198 2814 3230 Das

1956 3236 2038 3277 durch
2061 3236 2154 3276 seinen
2175 3237 2321 3271 klerikalen
2345 3239 2539 3276 Fanatismus
2562 3241 2694 3275 bekannte
2720 3242 2813 3281 „Bai¬

1957 3281 2040 3322 rische
2062 3282 2242 3315 Vaterland"
2269 3282 2331 3324 sagt
2354 3285 2498 3319 darüber:

2010 3334 2152 3370 „Zunächst
2177 3336 2225 3371 gilt
2252 3339 2281 3365 es
2299 3337 2437 3373 nunmehr,
2466 3346 2496 3374 zu
2514 3338 2674 3373 verhindern,
2700 3339 2751 3374 daß
2768 3339 2813 3369 der

1956 3373 2035 3408 Preis
2052 3375 2130 3409 dieses
2149 3374 2305 3411 „Friedens"
2337 3377 2383 3406 mit
2410 3378 2588 3413 süddeutschem
2611 3379 2693 3410 Gelbe
2720 3380 2814 3415 bezahlt

1957 3414 2057 3444 werden
2074 3415 2130 3448 soll.
2159 3415 2235 3451 Dazu
2254 3416 2347 3451 dürfen
2365 3418 2415 3448 wir
2433 3427 2480 3449 vor
2497 3419 2584 3449 Allem
2601 3419 2667 3450 keine
2684 3420 2813 3456 Abgeord¬

1955 3457 2027 3485 neten
2045 3463 2102 3490 zum
2120 3455 2256 3492 Reichstag
2273 3457 2383 3493 wählen,
2400 3457 2440 3488 die
2457 3459 2502 3494 sich
2514 3460 2578 3495 nicht
2589 3460 2756 3495 verpflichten,
2769 3460 2813 3490 der

1955 3494 2163 3530 Bismarck'schcn
2181 3495 2446 3533 Wirthschaslspolitik
2475 3499 2555 3529 weder
2583 3499 2660 3530 direkt
2687 3501 2746 3533 noch
2771 3501 2812 3530 in¬

1954 3535 2029 3565 direkt
2047 3536 2179 3571 Heerfolge
2195 3545 2226 3573 zu
2244 3537 2340 3573 leisten.
2363 3538 2427 3569 Das
2444 3539 2572 3575 Zentrum
2589 3540 2656 3570 wird
2674 3541 2718 3576 sich
2734 3540 2813 3574 dieser

1954 3574 2086 3612 Heerfolge
2114 3576 2190 3607 kaum
2206 3578 2332 3612 entziehen
2361 3578 2477 3609 können:
2512 3579 2587 3616 daher
2613 3581 2668 3611 eine
2685 3580 2812 3615 baierische

1954 3615 2078 3650 Fraktion
2109 3617 2137 3646 in
2165 3616 2212 3647 den
2239 3617 2363 3648 Berliner
2388 3619 2540 3656 Reichstag!
2576 3620 2636 3650 Wir
2665 3620 2811 3656 baierischen

1953 3655 2104 3691 Katholiken
2133 3656 2228 3687 wollen
2255 3658 2321 3692 nicht
2347 3658 2512 3695 nachträglich
2540 3659 2579 3689 die
2595 3660 2671 3696 Zeche
2698 3660 2744 3695 für
2771 3661 2811 3691 die

1953 3696 2110 3731 preußischen
2131 3696 2462 3736 „Kulturkampf"-Orgien
2472 3700 2583 3735 bezahlen
2596 3700 2603 3730 !
2622 3700 2691 3735 Noch
2700 3702 2810 3737 weniger

1953 3736 2011 3766 aber
2028 3737 2124 3767 wollen
2141 3738 2192 3768 wir
2217 3739 2274 3768 und
2291 3739 2390 3769 können
2417 3741 2467 3770 wir
2495 3741 2595 3775 wollen,
2623 3740 2673 3776 daß
2690 3742 2736 3776 auf
2753 3741 2810 3771 dem

1954 3775 2071 3812 Umwege
2089 3777 2153 3807 über
2169 3778 2242 3809 Rom
2261 3779 2316 3809 und
2343 3780 2391 3809 mit
2408 3781 2478 3816 Hilfe
2508 3781 2552 3811 des
2570 3781 2811 3817 preußisch-katholi¬

1953 3816 2017 3851 schen
2035 3817 2182 3852 Zentrums
2199 3819 2299 3849 Baiern
2317 3820 2436 3850 vollends
2453 3822 2482 3851 in
2499 3821 2538 3851 die
2555 3822 2692 3858 preußische
2714 3823 2810 3858 Suppe

1953 3856 2061 3892 gebrockt
2079 3858 2186 3888 werde."

2018 3903 2082 3936 Der
2105 3904 2327 3946 Gemeinderath
2361 3906 2409 3940 der
2433 3907 2499 3949 City
2534 3907 2589 3942 von
2613 3907 2736 3943 London
2765 3908 2810 3941 be-

1927 3951 1934 3971 >
1952 3946 2041 3988 schloß
2064 3948 2118 3982 mit
2143 3951 2206 3982 104
2242 3960 2329 3992 gegen
2366 3954 2406 3984 14
2431 3952 2578 3986 Stimmen
2601 3953 2662 3987 eine
2684 3953 2809 3993 Adresse,

2861 1312 2956 1351 welche
2980 1312 3190 1353 Gladstone
3217 1315 3265 1354 für
3288 1315 3332 1349 die
3354 1317 3415 1349 dem
3439 1317 3647 1357 Gemeinwesen
3671 1327 3716 1359 ge¬

2860 1357 2981 1397 leisteten
3016 1358 3142 1398 Dienste,
3178 1359 3261 1396 sowie
3295 1366 3390 1402 wegen
3420 1362 3509 1401 seines
3543 1362 3719 1403 Charakter»

2859 1403 2918 1435 und
2941 1402 3051 1436 Genies
3086 1403 3132 1437 die
3166 1404 3388 1447 Bewunderung
3422 1407 3472 1439 der
3494 1407 3718 1449 Versammlung

2860 1447 3016 1486 ausspricht
3038 1449 3097 1481 und
3120 1449 3266 1489 denselben
3289 1451 3450 1489 auffordert
3471 1461 3506 1492 zu
3529 1451 3605 1485 einer
3627 1451 3718 1485 Mar¬

2860 1492 2999 1531 morbüste
3020 1502 3055 1532 zu
3078 1492 3165 1534 fitzen,
3201 1495 3298 1534 welche
3329 1496 3360 1528 in
3384 1495 3537 1536 Guildhall
3560 1496 3716 1538 aufgestellt

2860 1537 2969 1568 werden
2993 1536 3052 1575 soll.
3087 1538 3145 1571 Die
3167 1539 3282 1579 Adresse
3305 1541 3379 1574 wird
3403 1541 3436 1573 in
3458 1541 3592 1582 goldener
3613 1541 3720 1582 Kapsel

2860 1581 3012 1621 überreicht
3033 1583 3152 1615 werden.

2926 1625 2975 1664 In
3008 1627 3057 1658 der
3090 1627 3210 1669 Sitzung
3246 1629 3295 1671 der
3328 1630 3494 1672 spanischen
3528 1630 3716 1671 Deputirten-

2859 1668 2980 1702 kammer
3002 1677 3066 1703 vom
3091 1674 3141 1705 22.
3157 1673 3183 1705 d.
3199 1673 3249 1706 M.
3271 1673 3390 1707 erklärte
3405 1675 3529 1707 MartoS
3551 1676 3596 1709 die
3612 1676 3716 1709 Eides¬

2861 1714 2980 1755 leistung
3003 1715 3052 1754 für
3075 1715 3154 1749 einen
3170 1717 3298 1758 Eingriff
3320 1719 3352 1752 in
3373 1719 3417 1752 die
3433 1719 3716 1761 Gewissensfreiheit.

2860 1759 2935 1799 Auch
2959 1760 3126 1799 Castelar
3159 1763 3318 1802 protestirte
3353 1773 3440 1804 gegen
3473 1765 3527 1797 den
3557 1765 3625 1798 Eid.
3672 1765 3716 1798 Er

2861 1803 2937 1844 halte
2959 1804 3005 1837 die
3027 1805 3162 1847 Religion
3185 1807 3274 1845 seiner
3298 1808 3463 1848 Vorfahren
3485 1809 3534 1848 für
3555 1810 3600 1843 die
3623 1809 3717 1851 einzig

2860 1849 2957 1889 wahre
2977 1850 3030 1891 (!);
3064 1859 3096 1882 er
3128 1852 3209 1884 wolle
3244 1853 3311 1885 aber
3343 1853 3394 1891 für
3416 1854 3520 1886 andere
3540 1854 3596 1887 das
3618 1855 3715 1894 Recht,

2861 1894 2978 1926 anderer
3001 1894 3112 1935 Ansicht
3134 1906 3168 1937 zu
3191 1896 3257 1934 sein.
3303 1897 3382 1930 Man
3405 1898 3492 1938 müsse
3514 1898 3639 1940 Szenen,
3664 1899 3718 1931 wie

2860 1937 2905 1971 bei
2939 1939 2990 1971 der
3025 1940 3215 1981 Ausweisung
3250 1941 3450 1984 Bradlaugh'S
3484 1943 3525 1976 im
3562 1943 3716 1985 englischen

2860 1982 3033 2023 Parlament
3055 1986 3222 2018 vermeiden.

3118 2182 3452 2232 Schweiz.

2927 2266 3022 2310 Hülse
3045 2267 3097 2310 für
3116 2270 3198 2312 Elm.
3233 2271 3440 2313 (Eingesandt.)
3487 2272 3541 2305 Bei
3572 2273 3633 2306 dem
3657 2281 3715 2307 von

2861 2312 3062 2346 Glarnern
3100 2315 3131 2347 in
3162 2315 3294 2356 Zürich
3334 2317 3490 2357 gebildeten
3523 2318 3718 2359 Hülfskomite

2861 2357 2920 2398 sind
2942 2367 2977 2398 zu
3002 2359 3129 2397 Gunsten
3146 2366 3202 2392 von
3225 2361 3292 2394 Elm
3310 2361 3415 2394 bereits
3439 2362 3507 2395 über
3520 2365 3639 2402 10,000
3664 2364 3716 2402 Fr.

2861 2403 3064 2445 eingegangen;
3087 2407 3171 2437 unter
3191 2406 3245 2438 den
3265 2405 3356 2439 vielen
3379 2406 3459 2440 edlen
3475 2407 3577 2441 Gaben
3592 2408 3717 2448 befindet

2861 2448 2909 2488 sich
2932 2448 2993 2480 eine
3016 2448 3099 2488 solche
3131 2456 3188 2482 von
3223 2453 3308 2482 1000
3331 2452 3392 2490 Fr.,
3428 2452 3472 2484 die
3505 2453 3583 2493 Herr
3604 2453 3719 2492 Konsul

2860 2492 3024 2533 Luchsinger
3053 2497 3109 2526 aus
3132 2495 3181 2527 der
3204 2495 3295 2533 Ferne
3328 2496 3500 2537 angewiesen
3535 2496 3594 2537 hat.
3640 2498 3716 2531 Eine

2859 2537 3040 2579 spezialifirte
3072 2538 3262 2581 Berdankung
3295 2541 3368 2574 wird
3401 2542 3508 2582 nächste
3541 2542 3640 2583 Woche
3676 2543 3717 2576 im

2859 2582 3001 2624 Tagblatt
3021 2582 3179 2625 erscheinen.

2924 2625 3044 2670 Zürich.
3090 2629 3150 2668 Auf
3172 2629 3289 2670 Wunsch
3311 2629 3360 2663 der
3383 2630 3623 2672 Kantonsschüler
3639 2632 3714 2666 wird

2859 2672 2908 2705 der
2929 2673 2978 2711 für
3013 2674 3067 2705 das
3102 2673 3206 2714 nächste
3229 2674 3370 2715 Schulfest
3403 2675 3591 2716 angewiesene
3612 2676 3717 2710 Kredit

2860 2723 2918 2750 von
2942 2719 3028 2749 1000
3051 2717 3102 2755 Fr.
3125 2718 3160 2759 zu
3188 2718 3200 2738 7
3200 2722 3242 2758 /io
3268 2720 3322 2752 den
3346 2720 3642 2762 Wetterbeschädigten
3664 2722 3716 2755 de»

2861 2760 2997 2795 Kantons
3019 2761 3123 2802 Zürich
3156 2764 3215 2796 und
3239 2773 3274 2804 zu
3299 2762 3355 2804 */io
3380 2765 3436 2797 den
3456 2765 3639 2806 Bewohnern
3661 2773 3720 2799 von

2861 2805 2929 2839 Elm
2951 2807 3136 2847 zugewendct.
3183 2808 3252 2841 Das
3287 2808 3429 2849 Schulfest
3463 2808 3535 2842 wird
3571 2810 3602 2843 in
3626 2811 3717 2852 Folge

2859 2850 2949 2890 dessen
2985 2851 3039 2883 mit
3071 2851 3168 2892 Bezug
3207 2853 3258 2891 auf
3292 2853 3510 2895 Erfrischungen
3547 2856 3605 2887 und
3640 2856 3716 2889 Ver¬

2858 2897 3030 2936 gnügungen
3046 2896 3211 2937 vereinfacht
3235 2898 3292 2930 und
3315 2898 3359 2931 die
3371 2898 3475 2938 Kosten
3498 2900 3609 2933 werden
3625 2900 3715 2941 theil»

2859 2944 2915 2972 aus
2937 2939 3117 2981 freiwilligen
3141 2942 3421 2984 Schülerbeiträgen,
3456 2943 3543 2983 theils
3579 2949 3635 2977 aus
3661 2946 3713 2978 den

2857 2984 3066 3025 Ueberschüssen
3087 2985 3217 3027 ftüherer
3241 2987 3405 3027 Festkredite
3428 2988 3535 3029 gedeckt.

2912 3053 2946 3057 —
2963 3038 3043 3068 Aus
3070 3038 3136 3069 den
3163 3040 3715 3078 RegierungSrathsverhand-

2858 3077 2868 3107 l
2877 3086 2895 3107 u
2905 3086 2923 3107 n
2932 3086 2948 3113 g
2957 3086 2969 3107 e
2978 3086 2998 3107 n
3015 3086 3076 3107 vom
3094 3079 3138 3109 25.
3156 3079 3317 3115 September.
3353 3081 3407 3111 Die
3426 3081 3717 3118 Erneucrungswahlm

2858 3116 2902 3147 der
2920 3117 3106 3153 Geschwornen
3123 3120 3168 3155 flir
3177 3119 3215 3150 die
3223 3120 3406 3156 eidgenössische
3415 3121 3471 3152 und
3480 3122 3614 3153 kantonale
3622 3123 3718 3159 Straf¬

2858 3158 3017 3194 rechtspflege
3034 3158 3135 3190 werden
3153 3161 3201 3195 auf
3218 3160 3266 3190 dm
3285 3161 3330 3192 30.
3347 3162 3477 3197 Oktober,
3495 3162 3718 3200 beziehungsweise

2859 3197 2906 3227 dm
2925 3198 2951 3228 6.
2970 3198 3116 3229 November
3133 3200 3258 3236 angesetzt.

2913 3238 2966 3268 Die
2984 3238 3122 3270 rcvidirten
3146 3240 3275 3271 Statutm
3302 3241 3345 3271 der
3371 3242 3491 3278 Lechkasse
3517 3242 3647 3279 Dietikon,
3675 3244 3719 3274 der

2859 3278 3064 3314 obligatorischen
3073 3278 3358 3317 Gesellcnkrankmkasse
3368 3282 3452 3316 Stäfa
3462 3282 3517 3313 und
3535 3282 3718 3314 derKrankcn-

2858 3317 2919 3353 kasse
2937 3318 2981 3353 für
2999 3318 3038 3348 die
3055 3319 3173 3350 Arbeiter
3190 3320 3235 3351 der
3250 3321 3343 3357 Firma
3360 3322 3393 3358 F.
3411 3322 3513 3358 Böhme
3532 3323 3555 3352 &
3574 3324 3670 3360 Comp,
3686 3325 3717 3354 in

2859 3353 3025 3390 Winterthur
3042 3356 3142 3386 werden
3161 3357 3313 3393 genehmigt.

2911 3394 2959 3430 Hr.
2977 3395 3126 3431 Ingenieur
3144 3405 3195 3426 von
3213 3397 3352 3430 Marchion
3369 3398 3437 3428 wird
3454 3399 3501 3433 auf
3519 3399 3571 3433 sein
3583 3399 3716 3435 Ansuchm

2857 3442 2912 3465 von
2928 3434 2972 3464 der
2989 3435 3076 3465 Stelle
3103 3437 3174 3466 eines
3196 3437 3342 3472 Adjunkten
3368 3438 3413 3468 des
3440 3438 3715 3476 Kantonsingenieur»

2857 3474 2902 3510 für
2919 3475 3259 3511 Flußkorrektionsarbeiten
3277 3478 3407 3513 entlassm.

2912 3515 2964 3545 Die
2992 3515 3080 3551 nöthig
3106 3517 3252 3552 gewordene
3269 3518 3394 3548 Umbaute
3406 3518 3450 3548 der
3470 3519 3667 3556 Metzglokalität
3684 3520 3716 3550 in

2856 3554 2900 3585 der
2917 3555 3021 3590 Anstalt
3038 3556 3159 3590 Rheinau
3183 3557 3250 3587 wird
3267 3557 3323 3588 dem
3340 3558 3408 3594 Hrn.
3426 3559 3587 3595 Baumeister
3603 3560 3716 3591 Landolt

2856 3595 2884 3625 in
2902 3595 3074 3631 Andelfingen
3091 3605 3136 3632 zur
3153 3597 3330 3635 Ausführung
3348 3598 3509 3634 übertragm.

2909 3635 2962 3665 Die
2973 3635 3110 3667 Direktion
3128 3637 3172 3667 des
3182 3638 3293 3672 Innern
3309 3638 3376 3668 wird
3393 3639 3545 3675 ermächtigt,
3563 3639 3716 3677 denjenigen

2855 3675 3022 3710 Gemeinden,
3041 3676 3069 3705 in
3087 3677 3191 3712 welchen
3203 3678 3364 3715 Hagclschlag
3377 3679 3438 3709 oder
3449 3680 3714 3717 Ueberschwemmung

2854 3714 2903 3745 das
2921 3723 2996 3751 ganze
3014 3715 3105 3747 Gebiet
3132 3717 3185 3747 und
3214 3718 3365 3754 sämmtliche
3392 3719 3551 3754 Einwohner
3579 3720 3716 3757 geschädigt

2855 3755 2942 3791 habm,
2961 3755 3010 3786 den
3020 3756 3105 3793 Bezug
3118 3757 3162 3787 der
3178 3758 3346 3794 allgemeinen
3362 3759 3531 3794 Liebessteuer
3548 3769 3579 3797 zu
3596 3761 3714 3797 erlassm,

2855 3796 2910 3825 und
2926 3796 2964 3825 im
2983 3796 3097 3828 Weitern
3114 3797 3162 3827 dm
3174 3797 3343 3834 Gemeinden,
3361 3800 3391 3829 in
3408 3800 3514 3834 welchen
3532 3801 3587 3831 eine
3604 3801 3660 3836 sehr
3677 3809 3716 3831 er¬

2856 3835 2956 3871 hebliche
2974 3836 3141 3874 Schädigung
3168 3838 3226 3873 doch
3253 3839 3318 3873 nicht
3345 3839 3394 3870 den
3420 3840 3582 3876 bezeichneten
3599 3841 3715 3877 Umfang

2855 3877 2953 3912 erreicht
2969 3877 3021 3912 hat,
3047 3884 3078 3912 zu
3095 3878 3223 3914 gestattm,
3251 3878 3301 3913 daß
3327 3880 3367 3910 die
3384 3880 3553 3917 Sammlung
3578 3881 3645 3916 nicht
3663 3889 3715 3911 von

2854 3916 2931 3952 Haus
2948 3925 2979 3953 zu
2996 3917 3073 3952 Haus
3091 3918 3202 3954 geschehe,
3230 3919 3339 3953 sondern
3366 3920 3442 3955 durch
3459 3920 3632 3957 Bezeichnung
3661 3922 3715 3951 ein¬

2855 3959 2934 3994 zelner
2951 3958 3066 3993 Stellen,
3093 3967 3134 3989 wo
3152 3959 3319 3996 Liebesgaben
3348 3961 3471 3997 eingelegt
3488 3962 3588 3992 werden
3606 3962 3716 3992 können.

423 4054 593 4107 jtniUttim
630 4055 710 4100 1881
712 4086 721 4099 .

140 4163 176 4194 11
276 4160 336 4191 A«
353 4160 414 4189 den
432 4158 574 4194 Klippen
592 4161 660 4189 von
678 4158 863 4189 Sondmör.

213 4207 279 4238 Eine
297 4204 459 4241 norwegische
478 4203 584 4234 Novelle
601 4204 630 4234 in
647 4204 708 4239 zwei
725 4202 850 4239 Büchem,
869 4203 930 4239 nach

301 4249 457 4285 Magdalene
476 4248 602 4284 Thoresen
619 4249 666 4283 frei
683 4248 776 4284 erzählt
793 4256 845 4279 von

420 4293 595 4329 Wilhelm
613 4293 724 4329 Goetz.

544 4341 597 4373 XI.

174 4396 247 4427 Ein
273 4391 382 4424 Stück
408 4390 625 4429 Pädagogik
652 4391 736 4421 oder
763 4391 841 4427 auch
869 4391 963 4422 Eine

337 4436 599 4473 pädagogische
625 4437 802 4473 Provinz.

192 4490 246 4520 Am
276 4486 392 4522 nächsten
418 4486 533 4522 Morgen
565 4487 645 4517 weckte
675 4486 723 4517 den
749 4486 858 4517 Knaben
885 4486 999 4522 Bjöm's

137 4531 265 4564 Stimme,
292 4528 334 4557 die
359 4535 387 4558 er
404 4528 440 4557 im
457 4527 576 4563 Zimmer
594 4528 733 4564 vernahm;
756 4527 811 4557 und
835 4528 879 4557 als
907 4535 934 4557 er
961 4527 1000 4556 die

135 4571 229 4607 Augen
247 4567 377 4604 ausschlug
394 4568 448 4597 und
465 4568 532 4601 seine
538 4567 640 4598 Kleider
657 4568 752 4598 ttocken
769 4567 824 4597 und
840 4567 1000 4603 wohlgeord¬

137 4614 182 4643 net
199 4618 234 4640 an
251 4608 332 4643 seiner
340 4606 416 4637 Seite
433 4607 534 4642 hängm
552 4607 603 4643 sah,
621 4608 706 4638 beeilte
723 4616 749 4638 er
767 4607 812 4642 sich
830 4608 998 4643 aufzustehen,

136 4651 194 4682 und
209 4657 266 4680 war
282 4647 341 4682 kurz
357 4646 449 4681 darauf
475 4647 512 4676 im
529 4647 655 4682 Zimmer.
691 4648 754 4678 Das
771 4647 907 4684 Frühstück
924 4647 999 4683 stand

137 4690 229 4722 bereits
254 4688 299 4722 aus
318 4687 375 4717 dem
393 4687 483 4721 Tische,
509 4687 564 4717 und
590 4688 670 4724 außer
688 4688 775 4724 Björn
803 4689 857 4719 und
875 4689 998 4725 Jngeleio

135 4740 194 4763 war
210 4727 343 4761 Niemand
359 4728 390 4758 in
408 4727 449 4757 der
468 4727 565 4757 Stube.
602 4729 642 4759 Es
661 4737 718 4759 war
734 4729 873 4766 Sonntag.

192 4770 285 4808 „Sieh,
302 4769 336 4798 da
352 4767 433 4803 habm
450 4767 502 4796 wir
518 4767 545 4802 ja
563 4769 669 4803 unseren
678 4768 791 4804 Sohn!"
811 4769 896 4805 sprach
907 4769 996 4805 Björn

135 4813 229 4849 lebhaft
256 4810 311 4841 und
338 4816 382 4845 zog
410 4808 455 4837 den
473 4807 581 4837 Knaben
607 4817 638 4844 zu
661 4809 708 4845 sich
724 4810 812 4845 heran.
850 4810 934 4845 „Gott
953 4811 997 4841 der

127 4854 202 4890 Herr
228 4852 272 4887 hat
298 4853 329 4880 es
354 4849 381 4884 so
406 4848 509 4884 gefügt;
537 4848 586 4878 Du
608 4849 698 4884 hattest
718 4850 792 4880 einen
809 4850 891 4881 Vater
907 4852 997 4888 nöthig

133 4894 191 4925 und
216 4894 251 4928 ich
278 4893 352 4922 einen
370 4890 469 4925 Sohn;
496 4889 545 4919 das
574 4889 641 4924 trifft
668 4889 714 4925 sich
739 4892 794 4926 gut.
830 4891 919 4927 Willst
945 4892 995 4922 Du

134 4943 194 4966 nun
219 4934 263 4963 der
281 4933 349 4963 Eine
374 4931 433 4967 sein,
461 4930 488 4965 so
515 4930 571 4959 will
597 4930 631 4964 ich
650 4930 688 4960 die
707 4930 792 4960 Stelle
810 4930 855 4961 des
873 4932 995 4962 Anderen

133 4974 307 5010 einnehmen."
345 4972 406 5002 Und
431 4979 457 5001 er
485 4971 564 5006 nahm
591 4969 631 5001 die
656 4970 734 5006 Hand
762 4971 806 5000 des
832 4971 940 5002 Knabm
965 4973 995 5002 in

132 5015 199 5051 seine
214 5014 302 5044 beiden
321 5012 421 5049 Hände.

187 5055 279 5086 Brune
305 5054 397 5084 konnte
422 5052 476 5082 kein
492 5052 570 5082 Wott
593 5051 810 5087 hervorbringen;
836 5060 865 5082 er
891 5052 994 5082 wandte

129 5095 196 5130 seine
220 5095 316 5131 Augen
343 5094 390 5128 auf
416 5093 545 5129 Jngeleio.
573 5092 657 5127 welche
682 5101 727 5122 am
750 5092 892 5128 Feuerherd
919 5092 993 5127 stand

132 5135 188 5166 und
204 5136 253 5166 mit
270 5134 433 5171 ernsthaftem
451 5133 550 5168 Gesicht
567 5133 612 5168 ihn
630 5132 683 5163 und
701 5132 788 5168 Bjöm
806 5132 894 5168 ansah.
922 5132 992 5162 Aber

130 5175 219 5212 Bjöm
237 5176 317 5212 folgte
334 5175 391 5205 dem
408 5174 477 5205 Blick
500 5174 544 5203 des
562 5173 677 5209 Knaben,
705 5173 802 5209 schlang
828 5173 893 5207 seine
910 5172 992 5203 Arme

126 5224 179 5247 um
198 5217 252 5252 ihn,
270 5215 364 5247 drückte
383 5215 428 5250 ihn
444 5223 481 5245 an
493 5215 558 5249 seine
567 5214 648 5250 Brust
665 5214 720 5244 und
736 5214 784 5246 rief
801 5213 906 5249 gerühtt
922 5216 989 5243 aus:

186 5258 251 5292 „Du
283 5256 365 5293 magst
397 5257 489 5286 immer
519 5256 560 5285 ein
589 5258 664 5291 gutes
690 5255 764 5291 Auge
793 5255 840 5290 auf
865 5254 989 5290 Jngeleio

126 5298 240 5333 werfen;
266 5296 335 5326 dmn
362 5297 405 5326 ein
422 5296 527 5331 besseres
545 5294 619 5326 Weib
637 5295 703 5332 giebt
720 5298 748 5325 es
766 5295 812 5330 auf
830 5296 873 5325 der
891 5302 988 5331 ganzen

124 5337 197 5368 Erde
213 5337 278 5373 nicht
295 5336 393 5373 mehr."

1103 4042 1224 4078 Jngeleio
1250 4042 1294 4078 sah
1312 4042 1400 4078 Bjöm
1427 4043 1476 4073 mit
1499 4043 1572 4079 ihren
1598 4044 1692 4078 klaren,
1710 4046 1799 4075 treuen
1816 4045 1908 4082 Augen

1048 4091 1092 4118 an,
1119 4083 1174 4113 und
1200 4082 1276 4117 dieser
1302 4083 1387 4118 wußte
1413 4083 1492 4118 wohl,
1518 4084 1568 4119 daß
1596 4084 1628 4119 sic
1654 4085 1703 4114 mit
1719 4085 1810 4120 diesem
1826 4084 1908 4116 Blicke

1047 4123 1122 4159 sagen
1148 4124 1248 4153 wollte:
1287 4124 1350 4154 Das
1375 4124 1408 4157 sei
1434 4124 1514 4160 einzig
1539 4124 1609 4158 ihres
1626 4124 1749 4155 Mannes
1767 4126 1907 4161 Verdienst.

1047 4163 1117 4194 Aber
1145 4164 1229 4194 davon
1259 4165 1346 4194 wollte
1375 4163 1465 4199 Bjöm
1495 4164 1576 4199 nichts
1606 4165 1710 4201 wissen,
1740 4166 1851 4201 sondem
1881 4174 1907 4196 er

1047 4205 1148 4235 wandte
1166 4205 1295 4240 nunniehr
1311 4205 1376 4239 seine
1392 4204 1534 4241 Thätigkeit
1554 4205 1611 4235 dem
1627 4205 1777 4241 Frühstücke
1796 4215 1836 4243 zu.

1102 4245 1204 4281 Später
1232 4246 1276 4275 las
1303 4245 1375 4276 dann
1400 4244 1490 4280 Björn
1517 4249 1569 4275 aus
1596 4246 1640 4276 der
1665 4246 1743 4278 Bibel
1771 4256 1826 4283 vor,
1856 4247 1907 4277 und

1047 4285 1141 4316 Brune
1170 4285 1259 4315 meckte
1287 4286 1365 4321 wohl,
1389 4285 1439 4320 daß
1467 4286 1563 4321 sowohl
1590 4294 1617 4316 er
1643 4287 1692 4317 wie
1708 4288 1770 4322 auch
1786 4288 1907 4324 Jngeleio

1045 4325 1094 4359 ihn
1121 4326 1159 4355 im
1188 4326 1262 4362 Auge
1292 4327 1419 4362 behielten,
1453 4327 1487 4356 ob
1516 4334 1544 4357 er
1571 4327 1633 4362 auch
1662 4327 1831 4362 aufmerksam
1860 4328 1908 4358 den

1045 4365 1155 4396 Wotten
1184 4366 1256 4403 folge.
1294 4367 1363 4402 Rach
1389 4367 1458 4397 einer
1486 4366 1593 4397 Stunde
1620 4369 1686 4397 etwa
1712 4367 1792 4404 schloß
1819 4368 1907 4404 Björn

1045 4404 1095 4435 das
1121 4406 1200 4441 Buch,
1230 4407 1293 4443 legte
1320 4410 1349 4436 es
1376 4407 1424 4436 mit
1454 4406 1617 4442 sonderlicher
1639 4407 1767 4444 Sorgfalt
1793 4409 1840 4443 auf
1867 4409 1907 4438 ein

1044 4445 1137 4481 Regal,
1162 4446 1241 4482 nahm
1270 4446 1341 4477 dann
1366 4455 1417 4477 von
1441 4447 1524 4477 einem
1546 4447 1634 4477 Brette
1658 4447 1697 4477 die
1720 4447 1906 4485 Hauspostille,

1044 4485 1126 4522 schlug
1144 4487 1187 4516 ein
1204 4486 1305 4522 Kapitel
1323 4487 1448 4522 derselben
1467 4488 1514 4523 auf
1540 4487 1595 4518 und
1621 4488 1686 4523 legte
1703 4487 1752 4519 das
1771 4489 1842 4523 Buch
1860 4497 1906 4519 vor

1044 4524 1092 4556 den
1110 4526 1219 4557 Knaben
1236 4527 1282 4562 hin
1299 4528 1349 4558 mit
1366 4527 1409 4558 der
1426 4527 1632 4564 Aufforderung,
1651 4529 1707 4558 laut
1725 4529 1781 4559 und
1799 4529 1904 4564 deutlich

1043 4567 1195 4602 vorzulesm.

1098 4607 1158 4637 Und
1176 4607 1269 4638 Bmne
1287 4609 1329 4638 las
1349 4608 1469 4643 innerlich
1487 4609 1617 4645 ergriffen,
1635 4610 1684 4640 wie
1701 4618 1727 4641 er
1747 4610 1832 4646 früher
1850 4609 1905 4640 dem

1043 4646 1124 4677 Vater
1141 4648 1284 4683 vorgelesen
1302 4649 1376 4682 hatte.

1098 4688 1164 4718 Eine
1182 4688 1303 4725 Zeitlang
1330 4689 1376 4725 saß
1393 4689 1482 4725 Bjöm
1509 4689 1542 4719 da
1570 4689 1624 4720 und
1652 4690 1721 4726 hörte
1740 4691 1849 4726 prüfend
1866 4698 1904 4727 zu.

1043 4727 1115 4759 Bald
1141 4729 1215 4758 ward
1241 4732 1270 4758 es
1289 4730 1343 4765 ihm
1364 4730 1424 4764 klar,
1452 4730 1502 4764 daß
1521 4730 1564 4760 der
1582 4730 1672 4762 Knabe
1690 4732 1740 4767 las,
1768 4732 1815 4761 wie
1832 4740 1860 4761 er
1877 4733 1904 4760 es

1043 4769 1125 4800 liebte.
1161 4769 1202 4800 Er
1227 4769 1301 4800 nickte
1318 4770 1441 4807 Jngeleio
1470 4778 1509 4806 zu,
1539 4780 1565 4801 er
1592 4772 1667 4802 nickte
1684 4772 1776 4803 Bmne
1792 4780 1822 4808 zu
1850 4771 1904 4802 und

1042 4809 1175 4846 schließlich
1194 4810 1262 4845 strich
1281 4819 1307 4841 er
1325 4811 1374 4841 mit
1391 4811 1448 4841 dem
1466 4811 1565 4842 Rücken
1591 4812 1635 4843 der
1653 4812 1732 4849 Hand
1749 4814 1807 4849 zwei
1825 4812 1902 4848 große

1042 4850 1166 4886 Thronen
1197 4859 1248 4881 von
1278 4851 1326 4881 den
1358 4852 1475 4882 braunen
1504 4852 1633 4889 Wangen.
1688 4853 1731 4888 In
1766 4853 1902 4887 demselben

1042 4891 1205 4927 Augenblicke
1222 4893 1297 4927 stand
1314 4901 1342 4923 er
1360 4893 1419 4923 aber
1436 4893 1498 4927 auch
1516 4895 1570 4929 ans,
1588 4894 1669 4930 nahm
1686 4895 1735 4925 das
1744 4894 1822 4930 Buch,
1840 4895 1902 4930 legte

1040 4931 1153 4967 dasselbe
1170 4932 1263 4963 wieder
1281 4942 1316 4963 an
1335 4934 1399 4968 seine
1408 4933 1502 4970 Stelle,
1522 4934 1639 4965 ttocknete
1657 4935 1716 4968 noch
1734 4936 1830 4965 einmal
1848 4943 1902 4964 ver¬

1040 4972 1137 5008 stohlen
1163 4973 1203 5003 die
1221 4973 1341 5010 Wangen
1369 4974 1423 5004 und
1450 4975 1579 5006 wanderte
1605 4975 1678 5005 dann
1705 4975 1734 5005 in
1752 4975 1792 5006 der
1812 4975 1901 5005 Stube

1038 5013 1088 5048 auf
1105 5013 1160 5043 und
1178 5014 1218 5043 ab.
1255 5014 1364 5049 Endlich
1381 5015 1447 5045 blieb
1465 5024 1493 5046 er
1510 5024 1558 5046 vor
1574 5016 1699 5052 Jngeleio
1715 5016 1804 5053 stehen.

1096 5053 1187 5088 „Run,
1205 5056 1262 5083 was
1281 5055 1347 5091 sagst
1365 5055 1451 5085 Du?"

1096 5093 1153 5128 „Ah
1170 5093 1222 5129 ja",
1249 5095 1324 5125 nickte
1343 5096 1376 5130 sie
1393 5095 1448 5125 und
1466 5095 1509 5132 sah
1527 5096 1574 5126 den
1592 5096 1701 5127 Knaben
1724 5096 1840 5127 liebevoll
1857 5104 1900 5125 an.

1096 5133 1186 5168 „Man
1212 5134 1280 5165 kann
1306 5136 1376 5171 wohl
1393 5135 1494 5171 Freude
1521 5145 1556 5166 an
1575 5137 1629 5172 ihm
1657 5136 1780 5170 erlebm",
1808 5137 1900 5167 meinte

1037 5171 1135 5208 Bjöm.

1094 5213 1225 5250 „Morgen
1255 5214 1338 5250 segeln
1370 5215 1408 5244 die
1437 5215 1512 5247 Leute
1548 5225 1609 5247 vom
1639 5216 1732 5247 Garbo
1763 5217 1821 5250 nach
1852 5217 1899 5246 den

1035 5253 1177 5290 Fjorden",
1196 5254 1261 5290 sagte
1281 5255 1412 5291 Jngeleio.
1451 5256 1510 5290 „Es
1528 5258 1558 5292 ist
1576 5266 1620 5288 am
1638 5258 1728 5293 besten,
1757 5266 1831 5288 wenn
1850 5258 1899 5287 wir

1034 5294 1115 5329 seiner
1132 5295 1238 5325 Mutter
1262 5296 1336 5326 einen
1354 5296 1440 5326 Boten
1458 5297 1564 5332 schicken.
1600 5298 1668 5328 Will
1685 5298 1716 5333 sie
1735 5299 1780 5333 ihn
1798 5298 1897 5334 missen,

1034 5335 1061 5371 so
1080 5335 1112 5371 ist
1129 5338 1157 5365 es
1176 5336 1245 5371 gut."

2004 4046 2070 4076 Vier
2087 4047 2157 4083 Tage
2185 4048 2278 4084 darauf
2304 4049 2360 4079 kam
2387 4050 2479 4081 bereits
2502 4052 2629 4087 Botschaft
2656 4052 2710 4083 und
2729 4052 2809 4087 Gruß

1951 4086 2037 4121 zurück
2055 4095 2116 4117 vom
2133 4087 2333 4125 Vrusoik-Hof:
2352 4090 2445 4121 Bmne
2462 4092 2542 4121 könne
2559 4092 2627 4124 wohl
2644 4093 2749 4127 bleiben,
2768 4101 2810 4122 wo

1951 4134 1977 4156 er
1994 4126 2036 4161 sei.
2071 4128 2154 4163 Zwar
2180 4130 2256 4160 wolle
2276 4129 2326 4160 das
2344 4130 2421 4161 kleine
2438 4131 2573 4168 Mädchen,
2599 4132 2679 4168 Leif's
2697 4133 2809 4169 Tochter,

1951 4166 2000 4202 daß
2017 4167 2062 4198 der
2078 4168 2168 4199 Knabe
2185 4170 2385 4206 zurückkommen
2404 4172 2473 4207 solle.

2003 4208 2067 4241 Also
2094 4218 2151 4239 war
2168 4210 2302 4247 Ragnhild
2331 4212 2387 4247 doch
2412 4214 2477 4248 nicht
2493 4214 2683 4249 umgekommen
2701 4214 2746 4248 aus
2765 4214 2809 4244 der

1950 4247 2032 4283 Haide
2042 4248 2049 4278 l
2086 4249 2162 4285 Diese
2180 4251 2309 4287 Nachricht
2337 4253 2416 4287 nahm
2434 4254 2487 4284 eine
2504 4254 2665 4290 Zentnerlast
2683 4263 2734 4284 von
2752 4254 2808 4285 dem

1951 4287 2068 4318 Knaben.

2002 4328 2064 4358 Und
2081 4329 2175 4359 Bmne
2191 4331 2308 4362 arbeitete
2325 4332 2414 4370 fleißig
2432 4333 2487 4363 und
2504 4334 2588 4368 wuchs
2605 4334 2701 4370 heran;
2718 4334 2808 4370 Björn

1950 4367 2022 4398 nickte
2040 4369 2164 4406 Jngeleio
2182 4372 2308 4409 vergnügt
2325 4381 2363 4409 zu,
2390 4374 2445 4404 und
2472 4374 2532 4409 diese
2548 4374 2611 4410 ging
2627 4374 2699 4410 jeden
2717 4375 2806 4406 Abend

1951 4408 2005 4443 leise
2023 4409 2053 4440 in
2071 4410 2116 4440 des
2134 4411 2243 4442 Knaben
2252 4412 2382 4448 Kammer,
2400 4422 2447 4444 um
2465 4415 2647 4451 nachzusuchen,
2666 4416 2698 4445 ob
2716 4424 2742 4446 er
2760 4416 2805 4451 sich

1950 4449 2009 4483 auch
2027 4452 2074 4486 gut
2092 4451 2147 4481 und
2165 4460 2249 4483 warm
2266 4454 2404 4489 eingehüllt
2422 4455 2491 4491 habe.
2512 4456 2596 4486 Dann
2614 4456 2684 4492 sttich
2701 4456 2734 4491 sie
2751 4456 2806 4491 ihm

1950 4489 2088 4526 freundlich
2114 4492 2177 4522 über
2200 4493 2249 4523 das
2267 4493 2372 4529 Gesicht,
2399 4495 2454 4525 und
2480 4496 2572 4526 immer
2598 4497 2670 4527 ward
2696 4496 2737 4532 ihr
2763 4496 2805 4526 ein

1950 4528 2089 4561 dankbarer
2105 4531 2175 4562 Blick
2201 4536 2253 4563 aus
2270 4533 2387 4564 Brune's
2414 4536 2522 4566 dunklm
2539 4535 2640 4572 Augen.
2677 4536 2723 4567 So
2741 4536 2804 4572 ging

1949 4570 1997 4599 das
2013 4570 2096 4601 Leben
2112 4573 2160 4607 auf
2176 4572 2232 4603 dem
2250 4573 2347 4609 Gehöft
2362 4574 2449 4611 dahin.

2000 4611 2146 4643 Bisweilm
2175 4614 2252 4650 folgte
2277 4615 2321 4644 der
2346 4614 2435 4646 Knabe
2461 4616 2548 4652 Bjöm
2573 4617 2620 4651 auf
2646 4617 2694 4647 das
2719 4617 2803 4647 Meer.

1949 4649 2019 4685 Doch
2048 4652 2123 4687 dieser
2147 4654 2248 4689 meinte,
2267 4655 2358 4685 Brune
2376 4655 2448 4691 dürfe
2466 4656 2511 4691 ihn
2528 4657 2591 4691 nicht
2608 4657 2634 4691 so
2653 4657 2740 4693 häufig
2757 4657 2804 4693 auf

1948 4689 2031 4725 seinm
2049 4692 2163 4728 Fahrten
2181 4694 2308 4730 begleiten,
2335 4704 2362 4726 er
2387 4696 2420 4730 sei
2446 4696 2506 4731 noch
2531 4704 2561 4732 zu
2584 4697 2684 4732 schwach
2711 4705 2742 4733 zu
2759 4697 2803 4727 der

1948 4730 2068 4765 schweren
2095 4733 2193 4764 Arbeit.
2232 4735 2355 4772 Dagegen
2381 4736 2448 4770 holte
2474 4737 2564 4767 Bmne
2590 4737 2678 4774 fleißig
2705 4738 2802 4771 Bücher

1947 4774 1998 4801 aus
2025 4772 2070 4803 der
2097 4773 2317 4811 Volksbibliolhek,
2345 4777 2399 4806 und
2427 4779 2470 4807 als
2494 4777 2537 4807 der
2563 4777 2676 4813 kernfeste
2699 4778 2802 4808 Winter

1947 4811 2010 4848 kam,
2029 4814 2073 4843 laS
2091 4822 2118 4844 er
2134 4822 2170 4844 an
2188 4815 2235 4845 dm
2254 4817 2348 4852 langen
2360 4816 2481 4847 Abenden
2497 4817 2536 4847 die
2553 4819 2622 4848 alten
2633 4818 2727 4855 Sagen
2745 4818 2800 4847 und

1947 4851 2100 4889 Geschichten
2126 4855 2183 4885 laut
2209 4864 2265 4890 vor,
2292 4857 2412 4891 während
2439 4858 2476 4888 die
2493 4858 2566 4889 Leute
2593 4867 2628 4889 an
2647 4859 2693 4889 den
2712 4859 2800 4894 Netzen

1947 4893 2000 4923 und
2017 4895 2146 4931 sonstigen
2155 4895 2463 4933 Fischereigeräthschaften
2480 4899 2566 4935 fleißig
2577 4899 2720 4930 arbeiteten.
2738 4899 2799 4929 Von

1946 4933 1992 4963 den
2010 4934 2131 4966 beliebten
2150 4936 2345 4971 Volksmärchen
2361 4937 2422 4968 aber
2439 4940 2533 4969 wollte.
2540 4939 2626 4974 Bjöm
2644 4940 2724 4975 nichts
2742 4940 2799 4974 wis¬

1945 4974 1986 5008 sen
1996 4983 2004 5010 ;
2032 4975 2228 5012 Volksmärchen
2256 4978 2365 5013 dürften,
2392 4978 2419 5013 so
2443 4980 2533 5016 pflegte
2550 4988 2577 5009 er
2592 4987 2623 5015 zu
2641 4980 2722 5016 sagen,
2750 4979 2799 5010 das

1944 5013 2099 5052 Kinderherz
2115 5017 2182 5052 nicht
2197 5018 2329 5053 berühren.

1997 5055 2056 5086 Der
2073 5056 2162 5087 Knabe
2179 5066 2235 5088 war
2253 5067 2305 5088 von
2323 5058 2412 5089 Natur
2430 5060 2470 5089 ein
2487 5060 2623 5090 Träumer.

1998 5096 2065 5132 „Ich
2091 5097 2157 5128 kann
2185 5098 2249 5133 nicht
2284 5098 2416 5135 begreifen,
2445 5103 2502 5130 was
2532 5100 2574 5130 der
2602 5100 2693 5138 Junge
2728 5101 2798 5137 hat",

1944 5136 2044 5166 wandte
2062 5137 2150 5173 Björn
2177 5139 2220 5174 sich
2247 5139 2317 5168 eines
2346 5140 2431 5176 Tages
2456 5149 2491 5170 an
2518 5140 2648 5177 Jngeleio.
2686 5143 2742 5178 „Er
2767 5143 2798 5177 ist

1943 5175 1994 5212 jetzt
2012 5177 2103 5213 länger
2119 5179 2163 5208 als
2181 5180 2221 5209 ein
2238 5179 2310 5214 Jahr
2327 5179 2386 5215 hier,
2414 5188 2441 5210 er
2468 5181 2498 5216 ist
2522 5181 2634 5217 dreizehn
2651 5182 2734 5218 Jahre
2751 5184 2798 5218 alt,

1944 5217 1997 5246 und
2024 5226 2089 5248 man
2114 5219 2185 5253 sollte
2209 5219 2310 5255 denken,
2337 5219 2385 5255 daß
2413 5229 2440 5251 er
2466 5221 2523 5255 doch
2549 5222 2641 5257 endlich
2660 5224 2737 5254 Trieb
2766 5232 2797 5260 zu

1942 5259 2124 5296 regelmäßiger
2142 5260 2230 5290 Arbeit
2258 5260 2338 5295 haben
2364 5260 2452 5297 niüsse.
2487 5262 2556 5292 Aber
2574 5266 2602 5294 es
2620 5263 2652 5300 ist
2670 5265 2734 5301 nicht
2752 5265 2795 5296 der

1942 5296 2011 5333 Fall,
2030 5299 2086 5329 und
2103 5308 2179 5330 wenn
2196 5308 2258 5329 man
2276 5300 2321 5335 ihn
2339 5300 2411 5337 sucht,
2437 5302 2516 5337 findet
2533 5311 2596 5334 man
2614 5304 2661 5341 ihn
2678 5314 2741 5342 ganz
2759 5314 2798 5343 ge¬

1942 5338 1994 5374 wiß
2021 5340 2070 5369 mit
2096 5339 2142 5370 den
2160 5340 2270 5377 Händen
2297 5341 2327 5370 in
2345 5340 2386 5372 der
2404 5343 2494 5379 Tasche
2517 5352 2553 5375 an
2579 5345 2633 5377 eine
2651 5346 2738 5378 Wand
2760 5356 2800 5384 ge¬

2856 4053 2924 4087 lehnt
2941 4052 2997 4082 und
3015 4061 3062 4082 vor
3081 4053 3124 4088 sich
3141 4054 3308 4089 hinstarrend.
3335 4055 3384 4090 Ich
3402 4056 3467 4090 weiß
3485 4055 3517 4084 da
3535 4054 3641 4089 wirklich
3660 4062 3708 4090 gar

2856 4092 2928 4127 nicht,
2946 4095 3003 4122 was
3021 4092 3109 4127 thun."

2911 4132 2998 4167 „Man
3024 4133 3090 4169 muß
3115 4133 3161 4169 ihn
3188 4133 3315 4169 behutsam
3333 4134 3474 4169 anfassm",
3501 4134 3567 4170 sagte
3584 4134 3707 4169 Jngeleio

2855 4173 2933 4207 weich.

2910 4212 2988 4248 „Das
3006 4212 3067 4247 habe
3085 4213 3118 4248 ich
3135 4213 3194 4247 auch
3211 4212 3334 4249 gedacht",
3352 4213 3433 4248 nahm
3450 4212 3537 4248 Björn
3556 4212 3649 4243 wieder
3667 4213 3705 4243 be¬

2854 4251 2923 4288 sorgt
2940 4253 2989 4282 das
3007 4252 3092 4283 Wort.
3123 4253 3189 4288 „Du
3207 4253 3281 4287 mußt
3299 4253 3362 4288 Dich
3380 4254 3477 4283 einmal
3496 4252 3548 4287 ihm
3566 4252 3708 4288 gegenüber

2853 4293 3024 4328 aussprechm,
3042 4293 3179 4329 Jngeleio;
3197 4293 3247 4323 Du
3263 4293 3352 4329 findest
3369 4294 3461 4323 immer
3478 4293 3526 4322 das
3536 4293 3610 4327 rechte
3620 4293 3707 4328 Wott,

2853 4333 2973 4368 während
2990 4334 3043 4363 mir
3060 4334 3200 4369 manchmal
3216 4336 3297 4363 etwas
3313 4333 3484 4369 heraussährt,
3503 4332 3551 4363 das
3563 4333 3597 4369 ich
3608 4333 3707 4369 hinter¬

2853 4377 2896 4414 her
2913 4377 3102 4414 zurücknehmen
3120 4378 3234 4412 möchte."

2908 4418 2965 4453 „Es
2992 4419 3061 4448 wäre
3088 4419 3140 4448 mir
3165 4418 3248 4453 lieber,
3275 4417 3324 4448 Du
3342 4418 3458 4453 sprächest
3479 4419 3557 4454 zuerst
3576 4418 3624 4448 mit
3641 4418 3707 4454 ihm.

2852 4457 2933 4489 Denn
2950 4458 3000 4488 das
3017 4458 3093 4488 Wott
3109 4459 3154 4488 des
3171 4458 3290 4488 Mannes
3316 4459 3359 4494 hat
3384 4459 3427 4488 ein
3444 4466 3507 4494 ganz
3524 4458 3632 4488 anderes
3650 4458 3704 4489 Ge¬

2851 4499 2930 4533 wicht.
2965 4498 3033 4528 Aber
3051 4498 3099 4528 Du
3125 4499 3203 4533 darfst
3230 4498 3289 4533 auch
3315 4499 3379 4531 nicht
3397 4499 3489 4534 sagen:
3525 4498 3571 4529 So
3589 4499 3636 4534 bist
3654 4499 3705 4529 Du

2851 4538 2939 4572 Einer,
2957 4538 3006 4567 das
3024 4540 3096 4574 taugt
3112 4538 3200 4573 nichts,
3228 4538 3336 4572 sondern
3353 4539 3402 4568 Du
3430 4539 3504 4574 mußt
3531 4538 3586 4575 ihin
3611 4539 3704 4575 zeigm,

2850 4579 2898 4608 wie
2915 4587 2942 4608 er
2958 4581 2988 4608 es
3004 4586 3062 4614 zum
3079 4577 3197 4614 Besserm
3214 4578 3319 4609 wenden
3335 4579 3428 4609 kann."

2905 4618 2968 4654 „Ich
2995 4618 3050 4647 will
3073 4618 3117 4654 ihn
3144 4619 3222 4654 sofort
3249 4619 3405 4655 aufsuchen",
3435 4619 3516 4654 sprach
3533 4619 3623 4655 Bjöm
3649 4620 3704 4651 und

2849 4659 2911 4695 ging
2928 4667 2986 4694 zum
3002 4659 3118 4693 Zimmer
3136 4659 3243 4693 hinaus.

2901 4699 2994 4734 Hinter
3019 4698 3074 4728 dein
3092 4699 3174 4734 Hause
3201 4699 3263 4734 fand
3287 4707 3314 4730 er
3341 4699 3427 4736 richttg
3452 4700 3545 4731 Brune
3573 4702 3602 4731 in
3629 4702 3708 4737 tiefen

2848 4738 2984 4769 Gedanken
3009 4737 3126 4774 dasitzend
3152 4738 3205 4768 und
3232 4740 3305 4769 einen
3329 4740 3416 4775 kahlen
3435 4740 3527 4776 Gipfel
3543 4742 3707 4777 bettachtend,

2847 4778 2890 4809 der
2907 4779 3009 4814 jenseits
3032 4778 3075 4808 der
3093 4779 3211 4815 schmalen
3230 4780 3339 4816 Sttaße,
3367 4782 3455 4815 welche
3483 4781 3523 4812 die
3538 4782 3618 4818 Insel
3646 4791 3707 4813 vom

2846 4818 2978 4854 Fcstlande
2996 4820 3091 4854 ttcnnt,
3117 4820 3191 4856 gleich
3217 4821 3300 4851 einem
3316 4822 3376 4853 Keil
3401 4823 3452 4853 alle
3469 4823 3582 4854 anderen
3599 4824 3707 4860 Spitzen

2847 4859 2988 4895 überragte.

2901 4899 3004 4935 „Willst
3029 4899 3079 4929 Du
3104 4900 3152 4930 den
3178 4900 3237 4931 Keil
3263 4902 3364 4939 messen,
3392 4904 3463 4934 mein
3485 4904 3617 4941 Junge?"
3646 4904 3708 4940 frag

2846 4939 2932 4975 Björn
2950 4939 3087 4976 freundlich
3113 4941 3168 4971 und
3190 4942 3241 4977 ließ
3258 4942 3304 4977 sich
3322 4952 3359 4974 an
3377 4944 3495 4975 Brune's
3514 4944 3590 4976 Seite
3606 4945 3704 4975 nieder.

2901 4980 3004 5016 „Ich?"
3023 4980 3084 5016 fuhr
3100 4981 3144 5012 der
3161 4981 3251 5013 Knabe
3271 4983 3397 5021 bettoffen
3414 4985 3470 5020 auf.

2900 5020 3002 5057 „Bleib'
3031 5029 3086 5052 nur
3114 5023 3192 5060 ruhig
3221 5024 3318 5061 sitzm",
3349 5026 3426 5060 lachte
3442 5025 3531 5061 Björn
3546 5026 3706 5063 gutmüthig.

2848 5061 2911 5097 „Ich
2927 5061 3009 5096 dachte
3026 5070 3087 5099 nur,
3114 5064 3163 5094 Du
3182 5066 3291 5101 wolltest
3308 5066 3356 5097 das
3375 5056 3509 5102 Mordes
3528 5066 3628 5104 Berges
3647 5067 3706 5103 neh¬

2845 5110 2913 5137 men,
2930 5110 2977 5132 um
2996 5103 3078 5138 später
3095 5105 3161 5141 Dich
3179 5106 3250 5142 selbst
3268 5106 3350 5138 daran
3367 5116 3398 5144 zu
3416 5107 3533 5143 messen."

2901 5143 2965 5179 „Ich
2983 5143 3064 5180 dachte
3082 5147 3141 5176 eben
3159 5155 3196 5177 an
3213 5147 3331 5185 Nichts",
3349 5149 3432 5184 sprach
3450 5149 3493 5179 der
3511 5147 3608 5180 Knabe.

2901 5185 2966 5221 »Ja,
2983 5185 3054 5221 siehst
3072 5186 3131 5223 Du,
3157 5188 3206 5218 das
3225 5197 3282 5219 war
3299 5189 3365 5220 denn
3384 5198 3437 5220 von
3455 5190 3507 5220 mir
3525 5189 3583 5226 doch
3599 5190 3666 5226 nicht
3682 5191 3710 5226 so

2846 5224 2936 5256 dumm
2954 5227 3078 5263 gedacht",
3097 5229 3157 5265 fuhr
3174 5229 3263 5266 Björn
3281 5230 3341 5265 fort.
3368 5231 3443 5267 „Der
3460 5231 3531 5268 Berg
3550 5231 3632 5267 schaut
3650 5232 3712 5267 auch

2845 5266 2927 5303 drein,
2954 5268 2998 5298 als
3025 5269 3100 5307 ttüge
3127 5279 3154 5300 er
3180 5271 3225 5306 sich
3251 5272 3299 5301 mit
3316 5273 3397 5303 einem
3415 5272 3710 5309 Allerweltsgcdanken;

2846 5308 2907 5339 aber
2924 5317 2951 5339 er
2969 5310 3041 5340 denkt
3059 5310 3115 5346 doch
3134 5312 3223 5345 nicht."

2900 5350 3021 5387 Fragend
3039 5351 3082 5388 sah
3100 5352 3143 5383 der
3160 5352 3250 5384 Knabe
3266 5353 3354 5389 Bjöm
3372 5362 3417 5385 an.
