3839 5551
220 150 316 216 <M
344 148 468 210 11»
506 145 766 211 Drittes
798 146 1202 208 Abendblatt.

1578 148 1654 220 -tt
1692 147 1850 221 MM
1884 151 2048 227 ZM«g
2082 152 2186 216 13«.
2216 148 2436 224 Mn

2864 144 3152 221 Freitag,
3182 145 3308 211 SO.
3332 146 3530 220 April
3560 149 3772 217 1»09.

236 282 1053 683 Neue
1164 277 2429 766 Zürcher
2516 283 3789 708 Leiturm

305 763 725 799 «bonneAentSpretse.
782 769 897 795 ,«»»»««
924 771 1039 795 «ME.
1062 769 1192 796 ,,«»«»««

233 804 321 835 Ulrich
340 810 402 828 u>«nn
416 806 448 827 d,c
461 805 556 832 Zittuna
568 803 658 830 ab»«I>«U
670 802 733 826 wird
758 818 764 826 .
787 802 820 831 Kr.
835 805 856 826 S.
867 804 894 826 50
963 804 992 826 lü.
1003 813 1026 820 —

266 833 299 856 d».
342 832 382 854 in»
396 832 460 863 ha»,
473 820 854 858 nebraü)t.8.
865 830 892 852 SO
961 830 991 853 13.
1002 839 1026 846 -

241 858 348 885 («weit
370 858 484 883 Best,llu„g
496 856 555 877 beim
568 855 691 880 P-stduriau
715 872 720 878 .
756 871 761 878 •
798 873 806 883 .
833 859 854 879 6.
866 857 893 878 50
962 855 1028 877 ».60

284 884 317 906 da.
369 883 409 906 mit
424 883 488 911 B'»ug
501 882 569 905 unter
581 880 732 909 Privatadresse
751 899 756 906 .
795 899 805 912 ,
832 884 853 906 8.
868 894 889 899 -

233 909 353 937 »eutscht
362 910 416 932 aild
439 908 557 937 »chrllun,
576 908 627 931 brim
640 909 737 936 Postamt
755 927 759 933 .
772 910 811 932 M.
833 911 854 932 8.
868 920 891 925 —

233 936 392 963 Oesterreich
560 935 592 959 6°.
755 953 759 960 .
771 937 805 959 «i.
820 936 853 958 U.
864 937 891 958 31

832 884 854 906 8.
868 893 890 899 -
962 882 992 904 15.
1003 890 1026 898 -
1095 881 1129 904 SO.
1139 886 1169 897 —

234 963 350 987 Italien

238 990 368 1017 Rufclftttk

771 963 791 1013 S
791 967 807 986 t.
833 962 894 984 8.10
962 960 1028 983 15.50
1094 960 1166 984 80.85

792 988 820 1012 M.
835 989 855 1010 3.
866 988 894 1010 08
974 989 986 1009 8
987 988 991 1009 .
1003 987 1028 1009 13
1096 987 1127 1008 12.
1138 986 1166 1008 34

255 1018 319 1043 evrlze
330 1017 423 1039 Staaten
438 1017 469 1039 de«
482 1016 730 1043 Weltvastverein»
754 1017 806 1043 .Fr.
822 1015 893 1036 12.50
961 1014 1026 1035 2«.-
1095 1014 1128 1035 »s.
1139 1020 1167 1028 —

430 1049 740 1085 Ntdakllon.stnrea«:
759 1045 941 1080 Goethestraße
956 1047 987 1072 10
988 1065 995 1073 .

1332 837 1472 970 ml>
1531 840 2068 1004 ftmiMes
2135 842 2660 1003 WelstlE.

3139 800 3506 838 J«sertto«»prelse:

3020 843 3061 869 Per
3069 844 3311 874 e>nsp,lti-ePe«»»eile
3318 848 3362 871 »der
3369 848 3429 870 deren
3440 847 3515 870 «aum
3529 845 3559 868 25
3572 844 3617 873 Np.,

3021 873 3057 901 sst»
3075 875 3185 904 Anzeige»
3201 877 3366 907 an»l»ndtsche«
3385 878 3515 906 Ursprung»
3530 877 3560 900 40
3573 876 3617 904 AP.,

3152 907 3264 931 «ellamen
3278 909 3310 937 Fr
3326 911 3366 933 1.-
3377 913 3412 936 per
3421 909 3492 937 geile.

3125 946 3228 973 AI»i»t»,
3245 947 3525 974 Snserat,».«»»«»»,:

2993 981 3328 1013 —Rudolf
3341 983 3470 1013 Dlosse
3489 988 3501 1002 J
3502 997 3628 1004 ———

2871 1013 3121 1044 Antl»neeN'«lpediti»n
3137 1018 3171 1045 siir
3182 1018 3215 1039 alle
3229 1017 3392 1046 schwel,er,Ichen
3405 1020 3455 1041 und
3469 1019 3620 1046 »EndischeN
3634 1018 3760 1047 geiiilnge«

3084 1050 3100 1070 5
3115 1048 3236 1080 Lsteatirstr.
3263 1046 3360 1081 Asirtch
3378 1049 3497 1076 «vethestr.
3512 1053 3540 1073 10

377 1148 440 1198 Der
464 1147 668 1199 Kttrgerkritg
697 1147 738 1191 in
764 1146 946 1199 Klelnafie».

649 1219 671 1246 i.

292 1263 350 1290 Ein
372 1262 525 1296 Schweizer
553 1261 582 1289 in
604 1261 787 1295 Mersina
807 1261 919 1296 schreibt
945 1263 1010 1290 uuS:

292 1301 363 1336 Hier
382 1301 459 1330 leben
475 1300 531 1330 wir
551 1300 647 1330 wieder
664 1302 720 1336 auf
740 1301 900 1336 Kriegsfuß,
916 1301 962 1330 die
978 1301 1089 1331 Türken

243 1341 514 1377 (Mohammedaner)
547 1341 601 1369 und
624 1341 777 1370 Arinenier
798 1340 891 1374 liegen
913 1341 961 1375 sich
985 1342 1012 1369 in
1038 1341 1089 1370 den

242 1381 368 1417 Haaren,
386 1382 442 1411 und
457 1386 533 1417 zwar
553 1381 652 1412 derart,
668 1381 729 1416 daß
747 1381 786 1410 die
800 1380 892 1410 Toten
909 1381 940 1409 in
958 1382 980 1409 A
990 1382 1004 1409 d
1015 1389 1033 1409 a
1046 1389 1064 1410 n
1074 1389 1090 1410 a

242 1422 312 1456 nicht
338 1423 404 1456 nach
428 1422 600 1457 Hunderten,
625 1422 748 1456 sondern
772 1420 831 1454 nach
857 1420 1021 1456 Tausenden
1048 1429 1090 1456 ge¬

242 1463 317 1498 zählt
347 1462 464 1491 werden.

298 1502 443 1536 Mittwoch
468 1502 508 1529 14.
542 1502 622 1536 April
649 1503 700 1537 sah
732 1503 768 1535 ich
794 1501 900 1531 abends
927 1502 960 1530 in
986 1502 1093 1531 meiner

245 1543 396 1577 Wohnung
415 1550 449 1578 zu
469 1542 598 1577 Mersina
617 1543 667 1571 mit
689 1543 762 1578 zwei
780 1542 980 1574 Landsleuten,
1000 1542 1094 1576 welche

246 1586 300 1611 aus
320 1584 382 1612 dem
403 1583 513 1618 Innern
540 1583 587 1612 des
605 1583 719 1612 Landes
742 1584 830 1613 kamen
852 1583 908 1612 und
929 1582 974 1611 die
991 1582 1094 1618 Pferde

247 1623 289 1651 bei
314 1623 372 1651 mir
395 1623 546 1658 eingestellt
568 1623 668 1658 hatten,
692 1633 732 1659 zu
755 1623 850 1659 Tische,
876 1624 920 1651 als
945 1631 979 1658 zu
999 1628 1093 1658 vorge¬

246 1663 349 1692 rückter
369 1663 479 1693 Stunde
499 1671 542 1691 an
564 1664 612 1692 das
632 1665 784 1699 Hofportal
803 1664 908 1698 gepocht
931 1663 1033 1692 wurde.
1057 1664 1094 1692 ES

247 1703 365 1737 erschien
390 1704 438 1732 der
461 1704 667 1739 amerikanische
693 1705 808 1739 Konsul,
833 1709 888 1732 von
912 1704 1014 1738 seinem
1042 1704 1094 1732 Ka¬

248 1742 349 1776 wassen
371 1743 503 1777 begleitet,
530 1744 638 1777 welcher
657 1747 719 1771 unS
742 1744 781 1772 die
800 1743 1002 1778 unerfreuliche
1025 1744 1095 1772 Mit¬

248 1782 360 1817 teilung
379 1783 484 1817 machte,
503 1782 564 1818 daß
582 1783 611 1810 in
630 1782 688 1812 dem
712 1784 748 1810 67
766 1782 917 1812 Kilometer
937 1784 1095 1818 entfernten

248 1822 351 1851 Adana
370 1823 422 1857 seit
441 1823 496 1852 dem
520 1822 641 1857 Morgen
660 1823 710 1851 ein
732 1823 955 1859 Strahenkampf
973 1823 1096 1858 zwischen

250 1862 299 1891 den
322 1862 594 1896 Mohammedanern
613 1863 667 1891 und
688 1863 745 1892 den
764 1863 931 1892 Armeniern
952 1863 1023 1892 wüte
1044 1863 1097 1892 und

251 1902 304 1936 dah
324 1903 369 1931 die
389 1903 459 1937 Zahl
476 1902 526 1932 der
548 1903 634 1932 Toten
653 1903 733 1938 schon
754 1905 781 1932 in
799 1903 842 1932 die
864 1904 1005 1937 Hunderte
1025 1904 1097 1939 gehe.

302 1942 365 1970 Der
385 1942 487 1977 Konsul
507 1943 652 1978 verlangte
672 1944 721 1972 die
743 1944 841 1980 Pferde
863 1945 971 1973 meines
989 1944 1097 1978 Freun¬

251 1982 307 2013 des,
327 1990 376 2011 um
394 1983 483 2017 seinen
501 1983 547 2011 im
565 1984 690 2018 Gebirge,
713 1985 746 2013 in
763 1985 805 2014 der
822 1984 902 2018 Nähe
918 1989 973 2013 von
988 1984 1098 2018 TarsuS

252 2022 307 2051 und
324 2023 426 2051 Adana
442 2023 593 2052 weilenden
610 2024 725 2053 Bruder
743 2029 790 2052 von
805 2024 855 2052 der
873 2023 929 2057 ihm
946 2024 1097 2058 drohenden

252 2062 363 2096 Gefahr
386 2064 462 2097 durch
484 2063 618 2092 Eilboten
641 2063 828 2097 unterrichten
855 2070 889 2097 zu
912 2063 1025 2092 können.

304 2102 349 2136 In
368 2103 498 2137 Mersina,
520 2108 565 2130 wo
581 2110 640 2131 vom
657 2103 835 2137 Augenblicke
856 2103 903 2131 des
921 2103 1100 2139 Eintreffens

252 2143 300 2171 der
322 2142 493 2177 Nachrichten
521 2151 561 2170 an
581 2143 624 2171 die
645 2144 748 2178 größte
769 2143 859 2177 Panik
881 2143 1019 2178 herrschte,
1044 2148 1101 2172 war

252 2190 289 2211 an
318 2182 364 2211 die
393 2183 568 2217 Requisition
596 2188 645 2211 von
673 2183 799 2218 Pferden
829 2183 900 2217 nicht
929 2191 965 2218 zu
991 2183 1100 2215 denken,

254 2222 309 2251 und
329 2231 379 2251 um
399 2223 475 2257 solche
493 2223 546 2257 sich
566 2223 674 2259 käuflich
696 2232 734 2258 zu
754 2223 900 2256 erwerben,
918 2224 1013 2259 mußte
1035 2232 1099 2252 man

253 2262 303 2290 den
321 2262 394 2291 drei-
413 2263 466 2291 und
481 2263 635 2298 vierfachen
652 2264 746 2297 Preis
762 2263 897 2299 bezahlen.

305 2302 445 2337 Dasselbe
460 2308 520 2331 war
541 2303 587 2331 der
603 2304 663 2338 Fall
681 2304 736 2338 für
753 2305 791 2332 die
808 2304 940 2338 Waffen;
960 2304 1100 2334 Revolver,

252 2343 295 2371 die
326 2344 412 2371 unter
440 2343 636 2377 gewöhnlichen
664 2342 877 2376 Berhältniffen
905 2344 1029 2377 zwanzig
1059 2344 1101 2371 bis

253 2382 502 2418 fünfundzwanzig
522 2382 648 2417 Franken
665 2383 765 2416 kosten,
779 2382 902 2416 brachten
919 2383 964 2411 die
979 2383 1103 2417 Händler

253 2422 305 2451 mit
327 2422 494 2457 Leichtigkeit
518 2431 556 2456 zu
576 2423 673 2457 achtzig
696 2423 757 2451 und
777 2423 896 2456 neunzig
917 2422 1047 2457 Franken
1067 2430 1103 2451 an

252 2461 304 2490 den
327 2462 434 2491 Manu.

308 2502 362 2529 Um
390 2504 421 2529 11
447 2503 498 2536 Uhr
530 2503 622 2535 nachts
646 2503 700 2530 ritt
728 2504 774 2531 der
796 2506 852 2531 aus
878 2503 1022 2537 Kawassen
1050 2503 1103 2531 und

253 2541 439 2570 Gendarmen
465 2541 622 2576 bestehende
647 2542 714 2576 Zug
745 2542 784 2573 ab,
810 2542 943 2576 während
971 2543 1023 2571 wir
1053 2543 1103 2571 mit

252 2589 332 2610 einer
360 2582 482 2616 gewissen
511 2581 627 2615 Unruhe
651 2581 696 2609 die
727 2582 824 2617 Dinge,
852 2582 895 2610 die
921 2583 957 2611 da
981 2582 1102 2612 kommen

252 2621 361 2656 sollten,
382 2622 561 2649 erwarteten.

304 2661 363 2689 Die
382 2661 464 2695 Nacht
479 2661 586 2696 verlief
603 2661 632 2689 in
650 2661 780 2695 Mersina
798 2662 891 2696 ruhig,
908 2663 1041 2696 während
1059 2670 1103 2691 am

252 2702 403 2734 folgende»
429 2702 501 2733 Tage
533 2701 744 2732 (Donnerstag)
768 2702 807 2727 die
831 2703 887 2726 von
910 2703 1010 2726 Adana
1037 2703 1103 2726 tom-

251 2739 373 2767 menden
401 2739 576 2772 Nachrichten
605 2739 665 2769 stets
697 2739 866 2770 schlimmere
894 2738 1028 2770 Färbung
1057 2746 1104 2765 an-

253 2778 387 2812 nahmen.
411 2778 465 2806 Die
486 2782 547 2805 von
569 2777 666 2804 Adana
691 2777 728 2804 in
753 2776 877 2810 Mersina
900 2776 1104 2811 eintreffendeu

253 2818 404 2852 Europäer
428 2817 554 2852 sprachen
576 2822 627 2844 von
648 2816 765 2849 wahren
787 2816 957 2850 Metzeleien.
976 2816 1033 2844 Die
1056 2816 1105 2844 Ar¬

253 2858 374 2889 menier,
400 2857 487 2890 welche
517 2856 563 2884 die
586 2856 667 2889 ihnen
695 2855 830 2888 drohende
858 2856 967 2891 Gefahr
988 2858 1106 2884 vorauS-

254 2898 368 2931 geahnt,
389 2897 481 2931 hatten
503 2896 556 2930 sich
578 2896 628 2924 mit
649 2896 777 2931 Waffen,
797 2895 951 2924 Munition
972 2896 1027 2924 und
1052 2895 1106 2930 Dy-

254 2936 466 2965 uamitbomben
485 2935 628 2970 versehen.
648 2936 707 2965 Sie
734 2941 821 2964 waren
846 2935 1026 2970 entschlossen,
1051 2935 1106 2969 ihre

254 2978 335 3011 Haut
352 2978 433 3005 teuer
447 2984 478 3011 zu
495 2976 654 3010 verkaufen.
673 2975 737 3004 Ein
755 2976 780 3004 in
797 2975 925 3009 Mersina
945 2975 1106 3009 wohnender

254 3017 415 3051 Deutscher,
431 3016 474 3045 der
488 3023 541 3044 am
559 3015 698 3048 Mittwoch
718 3023 826 3049 morgen
845 3018 899 3043 aus
915 3016 976 3043 dem
990 3015 1107 3049 Innern

256 3057 402 3086 kommend
426 3058 452 3083 in
472 3055 576 3084 Adana
597 3056 717 3090 eintraf,
741 3055 830 3083 wurde
853 3055 936 3088 gleich
958 3059 1008 3083 von
1031 3055 1108 3083 einer

256 3097 352 3131 Horde
379 3096 487 3125 Türken
521 3095 655 3129 umringt,
687 3095 748 3123 und
776 3102 828 3123 nur
860 3095 910 3130 auf
940 3094 1013 3128 seine
1041 3094 1109 3123 Ver¬

258 3137 434 3172 sicherungen
452 3135 505 3164 und
528 3135 668 3169 Ausweise
686 3134 750 3169 hin,
768 3134 817 3170 daß
836 3142 868 3163 er
885 3134 932 3163 ein
950 3134 1110 3163 Ausländer

259 3177 306 3212 sei,
330 3177 446 3211 schenkte
466 3183 538 3204 man
561 3175 616 3208 ihm
637 3177 690 3203 das
717 3175 801 3204 Leben
826 3175 884 3203 und
905 3174 1043 3208 begnügte
1066 3174 1109 3209 sich

260 3217 313 3245 mit
339 3217 431 3251 seiner
452 3215 540 3250 Habe.

314 3256 378 3285 Wie
404 3256 467 3284 oben
491 3255 600 3283 bereits
626 3255 733 3289 gesagt,
758 3260 849 3283 waren
878 3254 919 3283 die
947 3255 1109 3288 streitenden

260 3298 400 3331 Parteien
427 3296 495 3330 schon
527 3295 608 3328 lange
632 3295 683 3328 auf
712 3294 763 3323 den
786 3294 931 3328 Ausbruch
957 3294 1001 3322 des
1028 3295 1109 3329 glim¬

261 3337 380 3365 menden
403 3336 508 3370 Feuers
533 3335 707 3363 vorbereitet.
730 3334 792 3363 Seit
813 3334 864 3362 der
885 3334 1043 3368 Erklärung
1064 3335 1109 3363 der

261 3377 441 3412 Verfassung,
484 3375 533 3404 die
563 3374 722 3408 sämtlichen
752 3374 895 3408 türkischen
927 3375 1109 3404 Untertanen»

263 3417 379 3450 welchen
398 3415 551 3445 Glaubens
568 3415 603 3448 sie
621 3414 678 3448 sein
700 3415 804 3449 mögen,
824 3414 923 3448 gleiche
941 3414 1036 3448 Rechte
1055 3414 1109 3442 und

262 3456 404 3491 Pflichten
425 3454 578 3486 einräumt,
599 3455 705 3488 suchten
730 3455 770 3483 die
789 3453 1109 3489 Nichtmohammedaner

264 3497 320 3525 und
340 3496 379 3524 im
395 3496 548 3530 besondern
565 3495 605 3523 die
621 3495 773 3523 Armenier
789 3494 869 3529 ihren
886 3494 1039 3529 Freiheits-
1056 3494 1109 3522 und

264 3535 647 3571 Selbständigkeitsgcfiihlen
673 3537 767 3563 etwas
789 3542 822 3569 zu
851 3534 955 3568 starken
978 3533 1053 3569 Lauf
1076 3542 1110 3568 zu

265 3577 361 3611 lassen,
385 3575 513 3610 während
542 3575 693 3608 anderseits
722 3575 763 3602 die
785 3573 1036 3608 Mohammedaner
1061 3574 1111 3603 mit

265 3617 408 3651 schwerem
429 3617 535 3651 Herzen
558 3615 605 3649 auf
626 3614 685 3648 ihre
709 3614 867 3648 bisherigen
888 3614 1033 3647 Vorrechte
1054 3620 1110 3643 ver¬

264 3657 405 3692 zichteten.
430 3655 511 3690 Diese
539 3654 751 3689 Zwistigkeiten,
773 3655 814 3683 die
840 3654 887 3689 sich
911 3655 984 3688 schon
1009 3655 1042 3682 in
1065 3655 1112 3683 der

264 3697 402 3726 Kamnier
426 3696 544 3730 zeigten,
568 3694 688 3728 machten
717 3694 762 3729 sich
784 3701 832 3723 um
859 3694 886 3728 so
909 3695 986 3729 mehr
1010 3695 1043 3722 in
1067 3695 1114 3723 der

265 3736 457 3769 Bevölkerung
483 3735 606 3769 geltend,
634 3735 691 3762 und
725 3735 768 3762 ein
795 3734 899 3769 Anlaß,
931 3735 1040 3769 welcher
1067 3740 1115 3764 vor

265 3776 378 3809 Gericht
409 3775 476 3810 seine
509 3774 683 3808 Erledigung
718 3773 789 3805 hätte
819 3773 917 3808 finden
951 3775 1042 3808 sollen,
1071 3782 1114 3808 ge¬

265 3816 362 3850 nügte,
384 3823 433 3844 um
452 3815 536 3844 einen
558 3813 739 3849 entsetzlichen
760 3813 946 3848 Bürgerkrieg
966 3813 1114 3850 heraufzu¬

266 3856 442 3890 beschwören.

320 3895 377 3924 Ein
398 3894 493 3930 junger
516 3894 662 3923 Armenier
684 3894 780 3924 wurde
797 3899 853 3924 von
874 3895 983 3929 einigen
1002 3894 1114 3924 Türken

264 3944 299 3971 zu
321 3934 550 3970 unnatürlichen,
569 3935 745 3970 unsittlichen
764 3934 953 3970 Handlungen
973 3936 1115 3971 aufgefor¬

266 3976 337 4004 dert.
361 3976 421 4010 Auf
442 3976 514 4009 seine
541 3975 710 4008 Weigerung
736 3975 854 4009 schlugen
878 3975 912 4008 sie
937 3975 985 4003 den
1009 3976 1114 4009 jungen

266 4016 371 4046 Mann,
392 4015 440 4043 der
458 4014 619 4050 seinerseits
638 4013 743 4048 kurzen
763 4014 870 4048 Prozeß
890 4014 998 4048 machte,
1021 4015 1114 4043 indem

266 4063 296 4084 er
313 4055 382 4090 zwei
400 4055 509 4084 Türken
530 4053 596 4082 über
612 4053 660 4082 den
679 4054 793 4089 Haufen
810 4053 886 4088 schoß
902 4054 960 4082 und
976 4054 1028 4082 den
1047 4054 1114 4082 drit¬

266 4101 312 4125 ten
344 4096 438 4131 schwer
464 4094 640 4124 verwundete
669 4094 732 4122 und
759 4094 870 4130 hierauf
897 4094 1011 4130 entfloh.
1059 4094 1114 4123 Die

265 4135 379 4164 Türken
402 4135 545 4170 forderten
564 4142 621 4163 nun
640 4140 695 4163 von
720 4134 768 4163 den
786 4134 959 4164 Armeniern
977 4134 1020 4163 die
1043 4134 1114 4163 Aus¬

266 4175 411 4211 lieferung
429 4176 499 4209 ihres
521 4175 809 4210 Glaubensgenossen;
829 4175 900 4209 diese
918 4175 1115 4210 verweigerten

267 4216 301 4251 sie
324 4216 378 4243 mit
399 4215 445 4243 der
463 4214 663 4247 Begründung,
687 4214 746 4248 daß
765 4214 808 4243 der
830 4214 916 4249 junge
940 4216 1032 4245 Mann
1053 4222 1115 4250 zum

265 4254 377 4290 Schutze
404 4255 488 4290 seines
518 4253 624 4282 Lebens
647 4254 709 4282 und
738 4254 822 4288 seiner
851 4255 923 4289 Ehre
950 4261 1116 4291 gezwungen

265 4296 389 4329 gewesen
413 4295 491 4327 wäre,
518 4299 571 4322 von
591 4294 636 4323 der
658 4294 758 4329 Waffe
777 4293 921 4328 Gebrauch
943 4303 975 4329 zu
996 4296 1116 4330 machen.

265 4336 335 4363 Nun
358 4336 426 4369 ging
447 4335 486 4363 die
516 4334 636 4368 Metzelei
660 4335 719 4363 los.
742 4334 792 4364 Die
814 4338 870 4362 von
894 4334 1021 4369 Mersina
1046 4336 1115 4364 kom¬

266 4375 386 4404 menden
419 4373 642 4408 Eisenbahnzüge
674 4375 789 4404 wurden
820 4380 872 4402 vor
901 4374 1000 4403 Adana
1034 4383 1116 4410 ange¬

264 4415 372 4450 halten,
397 4415 441 4443 die
462 4413 758 4449 Telegraphendrähte
780 4415 999 4450 durchschnitten,
1028 4415 1117 4444 damit

265 4455 309 4484 die
332 4454 513 4490 Schlächterei
557 4453 694 4488 ungestört
740 4455 813 4487 ihren
837 4455 960 4490 Verlauf
1000 4455 1116 4489 nehmen

266 4495 374 4524 könnte.
395 4495 479 4523 Wenn
501 4494 550 4522 die
568 4493 674 4522 Türken
698 4494 747 4521 als
764 4494 920 4529 Fatalisten
942 4495 991 4525 mit
1010 4495 1115 4525 Todes¬

265 4535 432 4569 verachtung
447 4534 580 4569 drauflos
597 4535 711 4568 gingen,
732 4533 756 4569 so
772 4534 881 4563 blieben
900 4536 983 4570 ihnen
1001 4536 1047 4565 die
1063 4536 1116 4564 Ar-

265 4575 376 4604 menier
391 4575 473 4609 nichts
490 4573 618 4610 schuldig,
634 4574 678 4602 die
697 4581 747 4602 um
763 4573 802 4609 ihr
819 4574 898 4606 alles,
916 4584 965 4605 um
981 4577 1044 4605 Gut
1060 4576 1116 4605 und

264 4615 339 4644 Blut
360 4614 512 4650 kämpften;
538 4614 590 4642 und
612 4614 639 4642 in
660 4614 714 4642 der
734 4613 785 4643 Tat
803 4613 879 4649 zeigt
897 4615 944 4644 die
964 4617 1116 4652 ungefähre

264 4654 418 4689 Schätzung
442 4655 533 4689 heute,
559 4654 612 4689 daß
635 4654 664 4683 in
694 4653 756 4683 dem
779 4654 955 4689 viertägigen
980 4657 1116 4692 Gemetzel

264 4695 344 4730 mehr
359 4694 465 4723 Türken
480 4695 535 4723 als
550 4694 700 4723 Armenier
717 4695 832 4730 gefallen
850 4695 915 4730 sind.

318 4736 363 4770 In
385 4735 510 4770 Mersina
534 4738 591 4761 war
612 4734 737 4769 indessen
756 4735 822 4764 alles
845 4735 936 4770 ruhig,
958 4736 1050 4765 indem
1070 4738 1117 4772 sich

264 4775 432 4810 jedermann
457 4775 545 4810 sagte,
573 4773 624 4808 daß
652 4774 745 4807 nichts
770 4782 802 4809 zu
833 4776 982 4812 gefährden
1012 4776 1060 4812 sei,
1087 4778 1119 4812 so

264 4817 349 4850 lange
369 4816 415 4850 sich
433 4816 479 4844 das
499 4814 627 4849 zwischen
646 4813 752 4842 Adana
769 4814 823 4842 und
845 4815 972 4850 Mersina
991 4817 1116 4852 liegende

262 4856 376 4891 Tarsus
396 4855 472 4889 ruhig
491 4854 626 4889 verhalte.
644 4854 701 4883 Um
723 4854 749 4889 so
765 4853 865 4889 größer
884 4859 945 4883 war
962 4856 1004 4884 die
1025 4857 1116 4892 Panik

262 4903 310 4925 am
329 4896 445 4930 Freitag
461 4901 579 4928 morgen
597 4895 626 4923 in
644 4894 781 4930 Mersina,
797 4894 847 4923 als
866 4894 911 4922 der
931 4894 1039 4930 Bericht
1057 4899 1115 4927 ein»

261 4937 339 4971 ging,
358 4936 413 4971 daß
432 4936 474 4965 der
493 4939 551 4964 von
571 4934 699 4969 Mersina
720 4935 779 4969 nach
796 4934 897 4963 Adana
916 4935 1035 4969 gehende
1055 4938 1116 4973 Zug

261 4982 311 5006 vor
332 4977 442 5011 TarsuS
460 4975 598 5010 anhalten
619 4976 731 5011 mußte,
749 4975 779 5004 da
800 4975 840 5004 im
861 4974 1004 5011 Bahnhofe
1027 4977 1116 5013 dieser

262 5017 375 5052 letzter,!
397 5016 481 5046 Stadt
507 5015 612 5044 bereits
634 5015 765 5051 türkische
786 5015 843 5045 und
867 5015 1032 5051 armenische
1053 5018 1115 5047 Lei¬

260 5059 322 5090 chen
341 5062 404 5086 vom
421 5056 564 5089 Ausbruch
580 5055 626 5084 der
641 5055 772 5091 dortigen
788 5054 970 5090 Schlächterei
986 5059 1115 5092 zeugten.

315 5097 379 5126 Wie
397 5097 447 5125 mit
462 5097 557 5126 einem
575 5096 693 5131 Schlage
713 5096 840 5132 herrschte
860 5095 887 5123 in
907 5095 1035 5130 Mersina
1053 5101 1115 5127 eine

261 5137 499 5171 unbeschreibliche
523 5136 708 5171 Bestürzung.
730 5137 785 5166 Wie
804 5137 836 5164 in
857 5136 935 5164 einer
953 5136 1051 5169 Stadt,
1069 5138 1113 5168 die

259 5178 315 5213 sich,
345 5177 426 5211 durch
450 5177 502 5205 den
537 5176 622 5211 Feind
649 5177 814 5212 überrascht,
845 5175 960 5210 plötzlich
987 5176 1114 5212 belagert

258 5218 336 5252 steht,
358 5219 386 5253 so
406 5217 487 5253 suchte
513 5224 572 5245 nun
593 5217 666 5252 jeder
690 5218 723 5245 in
744 5217 786 5246 der
807 5215 866 5249 ihm
886 5216 1051 5253 geeignetest
1069 5226 1112 5248 er¬

258 5257 437 5292 scheinenden
459 5257 553 5292 Weise
576 5257 632 5292 sein
656 5257 737 5292 Heil.
758 5257 810 5286 Die
836 5260 897 5284 vom
924 5255 1041 5290 Innern
1064 5258 1113 5287 de»

254 5296 372 5326 Lande»
392 5298 658 5333 hereinströmenden
679 5297 844 5325 «uSländer
871 5296 992 5330 begaben
1011 5298 1060 5334 sich
1076 5307 1115 5335 zu

1136 1127 1215 1162 ihren
1237 1127 1377 1163 Konsuln,
1399 1127 1497 1161 welche,
1518 1135 1574 1156 uni
1594 1128 1639 1157 der
1662 1128 1707 1163 sich
1729 1130 1796 1164 stet»
1815 1131 1988 1165 steigernden

1135 1168 1229 1199 Panik
1253 1169 1343 1197 etwas
1369 1177 1405 1203 zu
1427 1168 1544 1203 steuern,
1574 1168 1615 1197 die
1639 1168 1815 1205 Flüchtlinge
1838 1171 1989 1205 ersuchten,

1136 1213 1189 1237 von
1208 1208 1297 1243 ihrem
1315 1208 1474 1243 Vorhaben,
1492 1208 1537 1242 sich
1560 1208 1645 1243 sofort
1663 1211 1714 1245 auf
1733 1210 1778 1239 die
1795 1216 1840 1239 vor
1859 1211 1991 1245 Mersina

1136 1248 1294 1278 ankernden
1311 1249 1419 1284 Schiffe
1434 1256 1470 1283 zu
1485 1248 1613 1283 begeben,
1629 1250 1802 1285 vorderhand
1818 1251 1991 1285 abzustehen.

1136 1288 1193 1318 Die
1224 1297 1271 1318 am
1303 1289 1387 1318 Meer
1415 1289 1566 1323 gelegenen
1597 1289 1743 1324 deutschen,
1793 1290 1992 1326 italienischen,

1139 1329 1284 1364 russischen
1308 1329 1366 1358 und
1390 1329 1542 1364 spanischen
1570 1329 1720 1364 Konsulate
1745 1330 1838 1366 hatten
1861 1339 1915 1366 zur
1937 1331 1992 1359 Be¬

1139 1369 1281 1403 ruhigung
1311 1369 1389 1403 ihrer
1416 1368 1674 1405 Schutzbefohlenen
1702 1371 1793 1400 Boote
1820 1371 1848 1399 in
1878 1371 1993 1400 Bereit¬

1139 1409 1221 1444 schaft
1239 1417 1292 1443 zur
1311 1409 1483 1438 eventuellen
1501 1410 1745 1445 augenblicklichen
1766 1411 1925 1446 Aufnahme
1945 1410 1995 1439 der

1140 1449 1312 1485 Flüchtigen.
1340 1449 1398 1479 Die
1423 1449 1655 1485 VerkaufSläden,
1685 1451 1837 1486 Magazine
1864 1451 1934 1485 usw.
1964 1450 1995 1478 in

1140 1490 1188 1519 der
1211 1490 1303 1519 Stadt
1326 1490 1442 1519 wurden
1465 1489 1536 1518 beim
1565 1491 1726 1527 Eintreffen
1751 1491 1799 1521 der
1820 1491 1996 1525 Schreckens¬

1142 1530 1274 1564 nachricht
1295 1530 1384 1566 sofort
1403 1530 1558 1565 geschlossen
1579 1532 1627 1560 mit
1648 1532 1813 1567 Ausnahme
1833 1532 1881 1560 der
1901 1530 1997 1558 Bäcke¬

1143 1571 1230 1602 reien,
1255 1570 1307 1602 die,
1332 1576 1387 1599 von
1411 1570 1600 1605 Einwohnern
1623 1573 1756 1607 umringt
1782 1571 1835 1600 und
1859 1570 1998 1604 belagert,

1143 1611 1306 1646 verkauften
1328 1611 1387 1640 und
1409 1611 1597 1647 fortwährend
1616 1612 1751 1648 drauflo»
1773 1611 1873 1640 bucken.
1897 1609 1999 1644 Jeder¬

1144 1659 1233 1680 mann
1259 1651 1351 1680 wollte
1379 1652 1421 1686 sich
1447 1653 1716 1686 verproviantieren,
1764 1658 1811 1680 um
1853 1648 1928 1683 nicht
1955 1656 1999 1684 ge¬

1145 1696 1280 1725 zwungen
1309 1700 1343 1726 zu
1375 1692 1439 1727 sein,
1485 1692 1615 1726 während
1645 1694 1694 1722 des
1745 1689 1998 1725 voraussichtlichen

1145 1731 1403 1768 Straßenkampfes
1420 1733 1478 1767 sein
1497 1733 1584 1767 Haus
1602 1741 1634 1768 zu
1655 1732 1804 1767 verlassen.

1199 1772 1272 1800 Man
1295 1772 1420 1807 brauchte
1442 1773 1509 1806 nicht
1531 1774 1664 1808 nervöser
1686 1773 1786 1801 Natur
1806 1778 1838 1804 zu
1860 1771 1929 1804 sein,
1951 1777 1999 1799 um

1147 1812 1220 1841 beim
1241 1812 1349 1842 Anblick
1369 1814 1416 1842 der
1435 1814 1504 1848 sonst
1523 1814 1556 1847 so
1578 1813 1696 1847 ruhigen
1715 1810 1817 1841 Stadt,
1836 1811 1867 1839 in
1887 1811 1937 1839 der
1957 1810 2000 1839 bei

1147 1852 1347 1887 gewöhnlichen
1374 1854 1470 1888 Zeiten
1493 1853 1607 1887 Handel
1631 1852 1690 1881 und
1716 1850 1835 1881 Wandel
1858 1851 1887 1885 so
1913 1851 2000 1885 regel¬

1149 1893 1244 1928 mäßig
1263 1893 1320 1922 und
1340 1893 1465 1927 eintönig
1484 1898 1532 1922 vor
1556 1893 1602 1926 sich
1619 1892 1692 1926 geht,
1711 1892 1855 1927 aufgeregt
1875 1899 1912 1925 zu
1931 1896 2000 1920 wer¬

1148 1932 1207 1962 den.
1232 1933 1376 1963 Bekannte
1401 1933 1455 1962 und
1480 1932 1651 1961 Verwandte
1676 1932 1801 1967 huschten
1824 1932 2000 1960 aneinander

1149 1973 1276 2006 vorüber,
1297 1974 1368 2009 ohne
1390 1973 1442 2008 daß
1463 1973 1507 2007 sich
1529 1972 1583 2001 der
1602 1973 1663 2001 eine
1684 1981 1734 2001 um
1756 1972 1805 2001 den
1826 1972 1934 2001 andern
1956 1972 1999 2000 be¬

1149 2013 1310 2046 kümmerte,
1335 2021 1395 2043 nur
1418 2013 1520 2047 darauf
1548 2013 1695 2045 trachtend,
1722 2011 1832 2045 welches
1856 2012 1906 2041 der
1932 2012 2000 2044 beste

1150 2054 1216 2087 Weg
1242 2054 1289 2088 sei,
1314 2062 1365 2082 um
1392 2053 1447 2088 sein
1474 2052 1564 2081 liebes
1591 2053 1669 2088 „Ich"
1695 2058 1747 2082 vor
1773 2052 1817 2081 der
1841 2052 1999 2086 drohenden

1150 2093 1259 2128 Gefahr
1275 2101 1310 2127 zu
1325 2094 1437 2128 schützen
1454 2093 1508 2121 und
1522 2101 1563 2127 zu
1579 2093 1682 2128 sichern.

1204 2133 1258 2162 Um
1285 2134 1318 2161 10
1344 2133 1402 2167 Uhr
1426 2133 1524 2167 nachts,
1555 2134 1601 2161 als
1623 2134 1670 2162 die
1694 2133 1842 2168 Geschichte
1869 2140 1906 2167 zu
1930 2133 2002 2161 bunt

1152 2173 1255 2205 wurde,
1276 2174 1323 2202 als
1345 2182 1410 2202 man
1431 2174 1528 2208 wußte,
1554 2174 1607 2208 daß
1626 2174 1679 2202 das
1700 2181 1761 2202 nur
1780 2173 1904 2207 zwanzig
1924 2173 2002 2201 Kilo¬

1151 2216 1238 2242 meter
1257 2215 1400 2248 entfernte
1417 2213 1523 2248 Tarsus
1546 2214 1684 2248 ebenfalls
1704 2215 1736 2242 in
1758 2213 1906 2248 Flammen
1926 2213 2004 2246 stehe,

1151 2254 1184 2282 da
1203 2254 1265 2289 fing
1285 2255 1321 2288 ich
1341 2254 1405 2288 auch
1422 2262 1468 2284 an.
1486 2254 1610 2287 ernstlich
1628 2262 1668 2282 an
1686 2254 1732 2282 die
1751 2253 1876 2286 Rettung
1896 2252 2005 2280 meiner

1151 2294 1228 2328 Haut
1253 2302 1288 2329 zu
1314 2294 1415 2323 denken
1441 2294 1495 2322 und
1521 2293 1610 2327 begab
1635 2293 1704 2327 mich
1732 2293 1786 2326 auf
1809 2292 1859 2320 da»
1885 2291 2006 2325 deutsche

1152 2334 1299 2368 Konsulat,
1326 2336 1410 2362 unter
1435 2334 1520 2367 dessen
1551 2334 1644 2367 Schutz
1673 2333 1708 2366 ich
1738 2331 1804 2364 mich
1827 2331 1871 2360 bei
1898 2332 2007 2359 meiner

1152 2373 1278 2409 Ankunft
1308 2374 1339 2401 in
1370 2373 1493 2407 Mersina
1521 2373 1574 2401 als
1600 2372 1857 2407 Deutschschweizer
1905 2371 2007 2405 gestellt

1153 2413 1238 2448 hatte.
1279 2413 1337 2441 Die
1361 2412 1471 2442 Räume
1492 2413 1542 2440 des
1571 2412 1725 2447 Konsulats
1753 2417 1843 2441 waren
1869 2411 2006 2446 überfüllt

1155 2453 1211 2482 und
1231 2453 1275 2482 die
1294 2453 1630 2487 Schreckensnachrichten,
1652 2453 1751 2486 welche
1771 2452 1812 2480 die
1830 2455 1886 2480 aus
1907 2452 2006 2480 Adana

1155 2493 1211 2522 und
1233 2494 1345 2528 Tarsus
1368 2492 1561 2529 Geflüchteten
1583 2493 1716 2526 brachten,
1741 2492 1883 2527 steigerten
1906 2491 2005 2520 natür¬

1156 2534 1203 2566 lich
1225 2533 1269 2562 die
1291 2534 1404 2568 nervöse
1424 2533 1599 2567 Spannung,
1618 2533 1663 2561 die
1685 2533 1732 2567 sich
1755 2531 1821 2561 aller
1841 2532 2005 2565 bemächtigt

1153 2572 1238 2607 hatte.

1206 2613 1297 2642 Wenn
1313 2615 1380 2647 auch
1395 2614 1472 2647 durch
1486 2614 1528 2641 die
1547 2619 1600 2641 von
1615 2614 1668 2641 den
1683 2613 1812 2648 Konsuln
1827 2613 2004 2647 getroffenen

1154 2654 1367 2688 Anordnungen
1390 2654 1435 2689 für
1457 2654 1541 2688 unser
1566 2653 1653 2682 Leben
1676 2654 1755 2682 keine
1776 2653 1874 2680 direkte
1896 2652 2005 2687 Gefahr

1154 2694 1258 2724 drohte,
1277 2695 1305 2725 so
1324 2699 1419 2719 waren
1438 2696 1470 2720 eS
1487 2693 1535 2718 der
1559 2693 1690 2723 Jammer
1708 2698 1767 2719 von
1786 2692 1932 2718 Männern
1951 2691 2007 2717 und

1157 2729 1281 2762 Frauen,
1303 2730 1347 2757 die
1371 2729 1442 2762 schon
1466 2728 1514 2760 seit
1537 2729 1599 2755 drei
1619 2729 1718 2761 Tagen
1744 2728 1811 2760 ohne
1832 2728 2007 2761 Nachrichten

1154 2772 1206 2795 von
1231 2767 1310 2800 ihren
1334 2767 1366 2794 in
1389 2767 1485 2795 Adana
1507 2766 1570 2794 und
1590 2766 1700 2800 TarsuS
1723 2766 1893 2799 wohnenden
1916 2766 2006 2800 Ange¬

1155 2806 1270 2841 hörigen
1298 2812 1403 2837 waren,
1429 2805 1473 2835 die
1498 2806 1614 2838 Unruhe
1641 2806 1690 2834 der
1717 2806 1822 2840 großen
1848 2805 2006 2840 Geschäfts¬

1158 2847 1240 2878 leute,
1266 2847 1309 2875 die
1336 2847 1382 2881 sich
1406 2848 1436 2874 in
1462 2845 1615 2879 gänzlicher
1641 2845 1835 2879 Ungewißheit
1860 2845 1932 2873 über
1957 2846 2008 2873 den

1157 2886 1253 2915 Stand
1282 2887 1359 2920 ihres
1389 2887 1562 2921 Eigentums
1589 2885 1736 2920 befanden,
1767 2884 1878 2915 Kinder,
1907 2885 1951 2913 die
1982 2885 2009 2912 in

1157 2927 1241 2955 voller
1264 2927 1349 2961 Angst
1376 2926 1419 2961 sich
1444 2933 1481 2953 an
1505 2924 1571 2959 ihre
1593 2924 1693 2953 Eltern
1718 2924 1871 2958 drängten;
1898 2925 1936 2953 all
1961 2925 2010 2953 das

1156 2966 1222 2995 übte
1244 2965 1500 3001 selbstverständlich
1522 2965 1607 2993 einen
1629 2965 1765 2999 schweren
1787 2964 1871 2993 Druck
1895 2965 1947 2999 auf
1969 2965 2011 2993 die

1156 3006 1329 3040 Stimmung
1373 3006 1418 3034 der
1460 3005 1811 3040 zusammengewürfelten
1834 3004 2011 3041 Gesellschaft

1159 3049 1222 3074 aus.

1210 3086 1268 3115 Die
1288 3087 1349 3115 vier
1370 3087 1568 3120 obgenannten
1586 3085 1744 3119 Konsulate
1763 3085 1894 3120 befinden
1914 3085 1962 3119 sich
1983 3085 2012 3112 in

1162 3127 1382 3155 unmittelbarer
1405 3126 1481 3160 Nähe
1503 3125 1566 3154 und
1589 3126 1628 3154 die
1654 3125 1832 3160 zahlreichen,
1857 3125 1946 3160 scharf
1970 3125 2012 3153 be¬

1160 3168 1314 3202 waffneten
1332 3167 1484 3201 Kawassen,
1499 3166 1547 3194 die
1567 3166 1769 3200 einberufenen
1786 3165 2012 3198 patrouillieren¬

1160 3207 1210 3236 den
1232 3207 1373 3242 Reserven
1393 3207 1471 3235 boten
1490 3206 1653 3240 genügende
1675 3204 1837 3240 Sicherheit,
1860 3213 1912 3233 um
1933 3205 2012 3239 einst¬

1161 3247 1260 3276 weilen
1281 3247 1353 3281 nicht
1375 3254 1419 3275 um
1440 3245 1496 3281 sein
1516 3245 1609 3274 Leben
1628 3245 1741 3279 besorgt
1764 3244 1819 3279 sein
1838 3252 1875 3279 zu
1896 3245 2012 3279 müssen.

1212 3286 1346 3321 Indessen
1379 3287 1470 3321 trafen
1500 3286 1604 3314 immer
1634 3285 1805 3319 schlimmere
1834 3284 2011 3318 Nachrichten

1159 3327 1204 3355 ein
1232 3326 1288 3355 und
1315 3326 1363 3354 als
1390 3326 1433 3361 sich
1460 3325 1508 3353 das
1537 3325 1658 3358 Gerücht
1685 3325 1857 3355 verbreitete,
1886 3324 1939 3353 das
1966 3325 2011 3359 sich

1160 3367 1250 3401 später
1275 3366 1352 3395 dann
1378 3366 1440 3400 auch
1465 3365 1615 3400 bestätigte,
1641 3366 1696 3401 daß
1722 3366 1768 3395 die
1790 3364 2010 3398 Bergbewohner

1160 3406 1216 3435 und
1233 3406 1279 3435 die
1295 3407 1326 3435 in
1345 3406 1395 3435 der
1410 3406 1578 3440 Umgebung
1595 3406 1743 3439 MersinaS
1762 3405 1930 3439 wohnenden
1948 3404 2011 3440 Fel-

1160 3447 1224 3481 lahS
1252 3446 1406 3482 bewaffnet
1435 3447 1465 3475 in
1492 3446 1537 3474 die
1570 3446 1657 3475 Stadt
1686 3445 1834 3480 eingerückt
1864 3445 1949 3480 seien,
1979 3445 2011 3473 da

1160 3487 1225 3521 stieg
1248 3486 1293 3515 die
1313 3487 1521 3520 Beklemmung,
1568 3486 1608 3514 die
1629 3486 1743 3520 Furcht,
1784 3485 1817 3519 ich
1839 3485 1941 3519 möchte
1962 3485 2013 3521 fast

1161 3527 1244 3561 sagen
1267 3527 1310 3556 die
1334 3526 1545 3561 Verzweiflung
1571 3527 1617 3561 auf
1642 3526 1724 3560 ihren
1749 3525 1918 3560 Höhepunkt.
1941 3525 2012 3554 Man

1160 3567 1274 3601 glaubte
1293 3567 1345 3595 den
1364 3567 1523 3599 Untergang
1545 3565 1594 3594 der
1610 3566 1701 3594 Stadt
1722 3565 1861 3600 nunmehr
1879 3565 2014 3600 besiegelt.

1214 3608 1256 3642 In
1286 3607 1389 3642 diesem
1415 3605 1559 3639 kritischen
1587 3605 1767 3640 Augenblicke
1795 3606 1941 3640 verlangte
1970 3605 2014 3634 ein

1161 3647 1337 3682 Prachtskerl
1367 3652 1417 3675 von
1446 3646 1537 3674 einem
1569 3645 1678 3674 Türken
1708 3645 1814 3680 unfern
1841 3646 1954 3681 Konsul
1983 3653 2014 3681 zu

1163 3688 1294 3722 sprechen.
1318 3687 1390 3716 WaS
1411 3687 1454 3715 die
1477 3685 1577 3714 beiden
1599 3685 1727 3714 Männer
1753 3685 1960 3719 verhandelten,
1987 3686 2016 3721 ist

1165 3729 1221 3757 mir
1242 3728 1414 3762 unbekannt;
1434 3726 1478 3756 die
1494 3725 1667 3761 Hauptsache
1686 3730 1759 3756 war.
1778 3725 1830 3759 daß
1849 3726 1915 3754 eine
1934 3726 2015 3755 Vier¬

1164 3768 1299 3801 telstunde
1316 3768 1415 3802 später,
1431 3767 1477 3796 als
1491 3766 1541 3795 der
1561 3766 1637 3800 Riese
1655 3765 1706 3794 das
1724 3765 1863 3799 Konsulat
1879 3766 2015 3802 verlassen

1163 3808 1248 3841 hatte,
1271 3811 1328 3836 unS
1350 3808 1397 3836 der
1417 3807 1522 3841 Konsul
1550 3806 1600 3835 mit
1619 3805 1817 3839 erleichtertem
1838 3805 1951 3839 Herzen
1973 3806 2015 3834 die

1165 3848 1336 3882 Mitteilung
1357 3848 1464 3883 machte,
1481 3847 1536 3882 daß
1558 3847 1599 3875 die
1614 3846 1735 3875 Bauern
1754 3845 1802 3881 auf
1819 3844 1920 3880 Befehl
1940 3845 2014 3880 ihres

1164 3887 1326 3923 Anführers
1353 3888 1396 3917 die
1419 3887 1506 3917 Stadt
1534 3887 1620 3923 sofort
1647 3886 1783 3921 verlassen
1806 3885 1931 3919 werden;
1958 3886 2013 3915 und

1164 3929 1192 3964 so
1216 3927 1322 3964 geschah
1347 3931 1378 3957 es
1480 3970 1700 3976 _

1406 3996 1779 4065 Kantone.

1495 4082 1698 4127 Thurgau.

1230 4137 1285 4180 (4-
1300 4137 1407 4180 Korr.)
1431 4136 1493 4171 Der
1510 4136 1546 4171 G
1562 4146 1605 4171 ro
1619 4136 1640 4178 ß
1653 4147 1668 4171 e
1683 4138 1714 4172 R
1728 4147 1748 4172 a
1761 4138 1774 4172 t
1789 4135 1821 4178 ist
1836 4135 1889 4179 seit
1906 4133 2013 4179 einiger

1162 4180 1231 4223 Zeit
1254 4180 1358 4225 fleißig
1383 4191 1420 4215 an
1445 4180 1493 4215 der
1517 4180 1636 4215 Arbeit.
1663 4181 1707 4217 Er
1732 4181 1786 4224 hat
1807 4181 1858 4222 seit
1882 4179 2014 4222 Neujahr

1163 4226 1195 4261 in
1219 4225 1311 4267 jedem
1337 4226 1453 4260 Monat
1475 4224 1539 4259 eine
1566 4225 1692 4270 Sitzung
1727 4225 1914 4269 abgehalten,
1950 4227 2014 4258 was

1164 4270 1267 4314 früher
1291 4270 1339 4305 nie
1363 4268 1590 4314 vorgekommen
1627 4269 1673 4311 ist.
1722 4269 1876 4311 Vielleicht
1914 4268 2015 4312 bringt

1163 4326 1238 4351 man
1272 4319 1305 4350 eS
1341 4314 1395 4358 auf
1427 4312 1497 4357 diese
1520 4314 1586 4348 Art
1606 4313 1708 4359 fertig,
1738 4314 1796 4357 daß
1819 4314 2013 4356 Staatsrech¬

1164 4370 1250 4404 nung
1285 4359 1349 4395 und
1386 4357 1717 4402 Rechenschaftsbericht
1760 4358 1816 4394 mit
1848 4357 2016 4402 derjenigen

1164 4404 1318 4448 Raschheit
1355 4403 1476 4448 erledigt
1508 4402 1628 4437 werden
1666 4402 1792 4443 können,
1827 4402 1874 4438 die
1910 4403 2015 4438 ander¬

1164 4451 1263 4484 wärts
1287 4448 1386 4493 üblich
1407 4448 1452 4492 ist.
1495 4447 1591 4482 Denn
1624 4450 1659 4482 eS
1691 4447 1728 4491 ist
1754 4447 1818 4490 doch
1840 4447 1922 4490 nicht
1944 4457 2016 4491 ganz

1164 4493 1195 4528 in
1232 4493 1283 4528 der
1305 4493 1471 4537 Ordnung,
1503 4497 1596 4527 wenn
1629 4490 1681 4526 der
1718 4491 2017 4537 regierungSrätliche

1164 4537 1428 4582 Geschäftsbericht
1462 4537 1511 4581 für
1551 4537 1605 4571 daS
1641 4535 1732 4580 Jahr
1757 4534 1837 4571 1907
1876 4537 1940 4572 und
1976 4536 2017 4571 die

1163 4582 1430 4627 Staatsrechnung
1455 4582 1503 4625 für
1527 4580 1588 4616 daS
1608 4580 1698 4623 Jahr
1724 4581 1810 4616 1906
1833 4581 1872 4625 (!)
1898 4581 1953 4624 erst
1977 4581 2016 4616 im

1163 4627 1256 4671 April
1273 4628 1361 4661 1909
1385 4634 1454 4662 vom
1470 4625 1598 4668 Großen
1613 4625 1679 4660 Rat
1702 4624 1865 4670 behandelt
1891 4625 2015 4662 werden.

1163 4672 1235 4706 DaS
1258 4677 1366 4706 waren
1387 4670 1513 4715 nämlich
1550 4669 1594 4705 die
1614 4669 1905 4714 Haupttraktanden
1929 4670 2017 4714 dieser

1193 4722 1212 4759 ^
1230 4760 1290 4796 Die
1312 4717 1474 4805 Beratung
1507 4759 1566 4795 deS
1598 4758 1925 4805 regierungSrätliche»
1960 4759 2017 4795 Ge«

1164 4804 1415 4849 fchäftSberichteS
1456 4796 1488 4848 ist
1522 4803 1590 4847 sehr
1621 4803 1782 4849 gründlich
1817 4805 2015 4850 ausgefallen.

1163 4850 1208 4884 ES
1232 4850 1286 4894 hat
1309 4860 1352 4885 an
1377 4848 1566 4893 Postulaten,
1599 4849 1806 4895 Anregungen
1828 4850 1894 4885 und
1919 4850 2016 4885 Wün-

1163 4894 1240 4937 scheu
1265 4894 1344 4938 nicht
1369 4893 1482 4940 gefehlt,
1517 4892 1585 4928 und
1611 4892 1695 4936 jede»
1721 4895 1940 4938 Departement
1963 4894 2016 4937 fast

1162 4939 1197 4982 ist
1221 4938 1394 4983 eingeladen
1416 4937 1552 4976 worden,
1589 4948 1645 4983 „zu
1676 4939 1788 4984 prüfen
1810 4938 1872 4973 und
1897 4938 2016 4981 Bericht

1162 4993 1199 5027 zu
1222 4984 1395 5028 erstatten".
1440 4983 1489 5018 So
1523 4981 1584 5026 soll
1614 4982 1788 5028 untersucht
1813 4982 1943 5022 werden,
1980 4981 2015 5017 ob

1162 5028 1240 5072 nicht
1263 5029 1314 5063 der
1331 5026 1571 5072 Staatsbeitrag
1590 5027 1641 5072 für
1657 5028 1703 5063 die
1719 5026 2016 5072 Hagelversicherung

1162 5073 1214 5108 der
1249 5072 1353 5108 Reben
1390 5078 1449 5107 von
1487 5073 1532 5106 25
1575 5073 1626 5116 auf
1662 5074 1705 5106 40
1743 5072 1873 5117 Prozent
1913 5071 2015 5116 erhöht

1161 5117 1280 5153 werden
1302 5116 1383 5160 solle.
1428 5116 1510 5153 Man
1551 5116 1602 5160 hat
1637 5117 1739 5161 ferner
1773 5115 1929 5160 zuhanden
1965 5116 2015 5152 de»

1162 5162 1380 5198 BundeSrateS
1412 5160 1468 5196 den
1489 5161 1620 5206 Wunsch
1657 5159 1857 5205 auSgedrückt,
1896 5160 1956 5205 daß
1985 5161 2015 5197 in

1159 5207 1297 5252 Zukunft
1332 5216 1375 5241 an
1406 5205 1462 5241 den
1494 5204 1763 5242 internationalen
1789 5204 2015 5249 Verhältnissen

1160 5261 1213 5287 am
1236 5250 1389 5294 Bodensee
1409 5249 1504 5295 nichts
1532 5250 1616 5295 mehr
1640 5249 1785 5294 geändert
1806 5249 1914 5291 werde,
1941 5251 2015 5295 ohne

1160 5296 1221 5340 daß
1243 5296 1308 5331 eine
1326 5294 1493 5340 Konferenz
1517 5295 1575 5331 der
1587 5294 1924 5340 Booenseeuferstaaten
1945 5300 2014 5331 vor¬

2031 1132 2084 1175 her
2134 1144 2172 1177 zn
2209 1133 2263 1168 den
2311 1132 2536 1176 beabsichtigten
2584 1130 2802 1175 Aenderungen
2856 1139 2892 1165 an

2032 1180 2317 1222 Staatsverträgen
2340 1177 2415 1219 habe
2437 1177 2592 1222 Stellung
2614 1176 2751 1221 nehmen
2767 1174 2892 1210 können.

2033 1222 2096 1259 Die
2119 1221 2319 1268 Abschaffung
2340 1222 2392 1258 der
2413 1222 2571 1266 zollfreien
2593 1220 2744 1262 Straßen
2762 1219 2788 1255 in
2807 1219 2894 1254 Kon-

2035 1268 2129 1311 stanz,
2166 1266 2211 1301 die
2242 1267 2322 1310 ohne
2355 1266 2548 1310 Begrüßung
2585 1266 2633 1302 der
2669 1264 2894 1310 Jntereffenten

2035 1319 2099 1347 von
2139 1310 2191 1345 der
2234 1310 2475 1355 eidgenössischen
2519 1310 2785 1354 Zollverwaltung
2842 1309 2895 1345 mit

2037 1356 2150 1392 Baden
2175 1355 2343 1400 abgemacht
2360 1356 2483 1391 worden
2506 1356 2551 1400 ist,
2577 1355 2628 1399 hat
2651 1366 2696 1392 an
2719 1355 2764 1390 der
2774 1354 2894 1399 Grenze

2037 1400 2100 1436 viel
2123 1399 2209 1444 böses
2231 1400 2318 1435 Blut
2349 1400 2490 1444 gemacht.
2536 1400 2611 1435 Eine
2643 1401 2827 1444 Anregung,
2863 1403 2893 1434 es

2038 1445 2152 1488 möchte
2177 1443 2262 1488 durch
2288 1445 2349 1480 eine
2366 1444 2507 1486 Revision
2530 1444 2586 1480 deS
2608 1444 2891 1489 GemeindegesetzeS

2039 1490 2087 1524 die
2123 1489 2362 1533 Einbürgerung
2395 1488 2557 1532 erleichtert
2590 1490 2725 1529 werden.
2756 1489 2785 1533 Ist
2824 1495 2894 1524 vom

2040 1534 2393 1578 RegierungSratstische
2407 1536 2467 1568 auS
2484 1533 2640 1576 abgelehnt
2652 1533 2781 1569 worden.
2808 1534 2894 1569 Man

2040 1579 2097 1622 hat
2122 1578 2221 1613 weiter
2244 1578 2328 1614 einer
2357 1577 2500 1621 baldigen
2522 1577 2663 1620 Revision
2702 1578 2755 1613 des
2780 1578 2894 1621 Straf¬

2041 1623 2160 1668 gesetzes
2185 1624 2238 1658 daS
2266 1623 2359 1659 Wort
2386 1621 2567 1667 gesprochen,
2601 1622 2663 1656 eine
2688 1622 2896 1666 Erweiterung

2042 1669 2095 1704 der
2142 1666 2529 1710 Männer-Irrenanstalt
2576 1666 2723 1712 verlangt
2756 1667 2814 1701 und
2856 1666 2897 1702 die

2042 1712 2257 1757 Herabsetzung
2300 1713 2348 1748 der
2388 1711 2616 1754 Krankentaxen
2654 1710 2705 1745 im
2746 1711 2898 1746 Kantons¬

2041 1757 2138 1802 spital
2160 1758 2211 1802 für
2232 1757 2282 1793 die
2306 1755 2486 1802 Mitglieder
2512 1756 2567 1791 der
2589 1754 2825 1798 Krankenkassen
2850 1766 2900 1790 an-

2042 1805 2156 1848 geregt.
2179 1803 2227 1844 Zu
2250 1802 2340 1838 reden
2365 1800 2422 1845 gab
2438 1800 2510 1844 auch
2527 1801 2588 1835 daS
2602 1810 2676 1836 neue
2694 1799 2903 1843 WirtschastS-

2043 1848 2138 1893 gesetz,
2170 1847 2214 1883 bei
2235 1847 2332 1890 dessen
2357 1847 2603 1890 Durchführung
2649 1856 2733 1881 man
2757 1846 2830 1887 nach
2855 1845 2903 1881 der

2043 1892 2168 1936 Ansicht
2193 1892 2284 1928 vieler
2309 1893 2398 1928 Leute
2420 1891 2504 1934 allzu
2530 1891 2654 1935 rigoros
2679 1901 2723 1935 zu
2739 1890 2841 1926 Merle
2855 1901 2901 1935 ge¬

2043 1948 2165 1982 gangen
2180 1937 2220 1980 ist.
2251 1939 2300 1973 ES
2324 1938 2390 1980 sind
2414 1937 2445 1972 in
2473 1937 2524 1971 der
2538 1935 2636 1979 letzten
2651 1935 2744 1979 Zeit,
2761 1934 2901 1978 meistens

2043 1974 2117 2018 aus'
2139 1981 2433 2025 sittenpolizeilichen
2460 1981 2624 2023 Gründen,
2679 1981 2731 2015 im
2753 1980 2899 2024 Thurgau

2043 2028 2111 2063 eine
2158 2036 2246 2071 ganze
2273 2025 2395 2070 Anzahl
2438 2031 2501 2060 von
2527 2025 2749 2068 Wirtschaften
2787 2024 2830 2060 in
2855 2024 2901 2059 be¬

2043 2071 2254 2116 schleunigtem
2284 2070 2455 2114 Verfahren
2482 2068 2652 2113 geschlossen
2678 2069 2749 2104 und
2767 2068 2900 2111 dadurch

2043 2117 2244 2159 unbeteiligte
2268 2116 2401 2159 Besitzer
2446 2114 2520 2149 oder
2544 2113 2904 2157 HypothekarMubiaer

2045 2161 2155 2204 schwer
2179 2160 2342 2204 geschädigt
2367 2158 2500 2195 worden.
2556 2158 2636 2193 Man
2662 2158 2727 2201 hat
2749 2168 2812 2192 nun
2843 2168 2904 2192 eine

2047 2208 2149 2240 etwas
2174 2204 2304 2248 sanftere
2326 2203 2443 2246 Praxis
2469 2203 2617 2247 zugesagt.
2672 2202 2753 2244 Daß
2769 2202 2821 2237 die
2848 2202 2905 2238 Be¬

2047 2249 2211 2292 handlung
2255 2249 2309 2284 der
2332 2247 2608 2292 Staatsrechnung
2654 2247 2715 2290 für
2741 2247 2786 2282 dar
2817 2246 2906 2290 Jahr

2051 2293 2139 2326 1906
2187 2292 2244 2328 kein
2296 2293 2405 2336 große»
2429 2291 2585 2336 Interesse
2629 2292 2724 2335 mehr
2754 2291 2901 2335 gefunden

2050 2338 2116 2381 hat,
2146 2336 2181 2379 ist
2204 2337 2382 2381 begreiflich.

2121 2382 2201 2424 Auch
2214 2382 2278 2417 eine
2291 2380 2541 2424 Interpellation
2568 2380 2601 2423 ist
2623 2379 2657 2416 in
2682 2379 2769 2424 dieser
2792 2380 2905 2425 April¬

2049 2427 2166 2472 sitzung
2210 2426 2335 2470 erledigt
2361 2426 2494 2462 worden.
2546 2425 2606 2461 Sie
2649 2425 2734 2468 steht
2769 2424 2818 2461 im
2844 2426 2908 2468 Zu¬

2049 2471 2274 2515 sammenhang
2290 2471 2346 2506 mit
2371 2472 2419 2506 der
2433 2468 2647 2514 Erweiterung
2661 2470 2724 2505 des
2737 2469 2908 2505 Artillerie¬

2049 2515 2251 2559 schießplatzes
2278 2515 2472 2557 Frauenfeld.
2526 2515 2628 2556 Durch
2661 2513 2745 2556 diese
2762 2514 2909 2549 Erweite¬

2048 2570 2133 2603 rung
2181 2559 2254 2594 wird
2283 2560 2410 2602 nämlich
2447 2559 2496 2593 die
2520 2559 2750 2599 Staatsstraße
2767 2560 2909 2599 Frauen¬

2047 2604 2340 2647 feld-Stammheim
2402 2603 2434 2637 in
2498 2602 2562 2637 daS
2618 2602 2908 2647 Waffenplatzareal

2048 2648 2223 2691 einbezogen
2274 2650 2335 2683 und
2361 2647 2406 2682 die
2429 2646 2555 2687 Straße
2579 2646 2652 2681 wird
2679 2647 2828 2689 während
2857 2648 2907 2682 der

2051 2692 2314 2733 Schießübungen
2348 2691 2403 2730 auf
2426 2690 2555 2732 größere
2577 2691 2749 2733 Distanzen
2765 2697 2835 2724 von
2855 2692 2912 2724 den

2049 2735 2217 2768 Batterien
2240 2732 2438 2775 tiberschossen
2467 2733 2595 2771 werden,
2647 2734 2679 2774 so
2710 2732 2764 2773 daß
2784 2733 2834 2775 sie
2854 2734 2907 2767 ab¬

2049 2776 2185 2821 gesperrt
2207 2777 2324 2811 werden
2349 2775 2433 2817 muß.
2466 2775 2551 2810 Man
2566 2775 2617 2816 hat
2633 2786 2707 2811 nun
2735 2777 2899 2819 angefragt,

2050 2821 2111 2856 wie
2135 2825 2169 2855 eS
2193 2820 2243 2863 sich
2294 2820 2352 2855 mit
2376 2820 2438 2855 dem
2466 2818 2600 2862 Verkehr
2633 2820 2719 2855 über
2742 2820 2811 2862 diese
2838 2821 2910 2856 viel-

2051 2864 2214 2907 befahrene
2224 2865 2346 2906 Straße
2372 2863 2533 2907 zukünftig
2559 2863 2712 2906 verhalte.
2742 2866 2800 2899 Der
2832 2865 2912 2900 Vor¬

2053 2909 2148 2952 steher
2193 2910 2241 2944 des
2268 2908 2629 2950 Militärdepartements
2678 2909 2740 2951 hat
2757 2907 2800 2944 die
2832 2909 2915 2944 Aus¬

2055 2954 2145 2996 kunft
2191 2953 2302 2993 erteilt,
2353 2952 2411 2995 daß
2460 2952 2508 2987 die
2534 2953 2709 2995 Geschichte
2752 2952 2837 2996 nicht
2880 2954 2914 2997 so

2054 2998 2191 3041 schlimm
2214 2998 2252 3040 sei
2301 2997 2363 3033 und
2409 2995 2472 3038 daß
2517 2996 2575 3038 für
2596 2997 2641 3031 die
2668 2997 2804 3041 wenigen
2835 2998 2915 3033 Vor¬

2055 3043 2197 3085 mittage,
2245 3053 2289 3077 an
2323 3042 2413 3077 denen
2439 3040 2489 3075 die
2512 3041 2632 3084 Straße
2657 3042 2838 3086 abgesperrt
2861 3042 2909 3085 sei,

2055 3088 2111 3122 der
2133 3086 2265 3125 Verkehr
2312 3086 2365 3129 auf
2409 3084 2475 3120 eine
2521 3095 2597 3120 neue
2619 3085 2781 3128 Notstraße
2810 3086 2916 3129 hinter

2056 3132 2115 3167 den
2141 3130 2401 3174 Feuerstellungen
2446 3129 2557 3170 herum
2603 3130 2763 3172 verwiesen
2794 3131 2904 3166 werde.

2056 3175 2121 3212 Die
2145 3175 2251 3217 Kosten
2281 3176 2330 3217 für
2354 3177 2406 3210 den
2431 3173 2506 3209 Bau
2531 3172 2623 3215 dieser
2647 3175 2769 3216 Straße
2792 3177 2906 3219 tragen

2056 3221 2112 3256 der
2136 3221 2234 3255 Staat
2285 3220 2346 3254 und
2393 3217 2436 3254 die
2462 3217 2626 3254 Gemeinde
2650 3219 2841 3263 Frauenfeld
2864 3230 2913 3264 ge¬

2056 3263 2214 3307 meinsam.
2380 3308 2599 3313 _

2054 3339 2115 3389 Die
2125 3340 2324 3392 Katastrophe
2334 3340 2421 3383 eines
2429 3338 2635 3392 italienische»
2647 3339 2917 3390 Untttseeboites.

2536 3407 2581 3435 St.
2610 3405 2636 3435 R
2647 3414 2662 3435 o
2675 3414 2726 3440 m,
2743 3408 2776 3435 28.
2789 3406 2881 3442 April.

2115 3450 2222 3483 Italien
2242 3450 2277 3484 ist
2299 3449 2432 3480 abermals
2468 3457 2521 3480 von
2555 3450 2623 3480 einer
2642 3450 2822 3485 Katastrophe
2842 3451 2922 3486 heim»

2056 3490 2157 3527 gesncht
2177 3490 2293 3525 worben,
2326 3490 2367 3519 die
2399 3495 2471 3524 zwar
2491 3490 2562 3524 nicht
2591 3490 2640 3520 mit
2660 3492 2727 3521 dem
2744 3490 2854 3521 Grauen
2871 3492 2920 3521 deS

2056 3530 2210 3561 Erdbeben»
2229 3538 2268 3560 an
2301 3529 2343 3559 der
2363 3530 2503 3565 Meerenge
2543 3538 2595 3559 von
2615 3530 2740 3563 Messina
2769 3532 2919 3566 verglichen

2057 3571 2162 3602 werden
2182 3571 2257 3606 kann,
2283 3570 2344 3600 aber
2363 3569 2419 3603 doch
2439 3570 2502 3604 auch
2523 3577 2578 3599 von
2595 3569 2640 3600 der
2660 3570 2721 3600 Art
2738 3570 2768 3605 ist,
2801 3571 2847 3601 die
2864 3580 2918 3602 von

2058 3613 2104 3642 der
2123 3611 2305 3646 Bevölkerung
2324 3610 2370 3640 al»
2389 3608 2429 3639 ein
2450 3609 2608 3640 nationale»
2618 3610 2742 3645 Unglück
2755 3611 2918 3645 empfunden

2059 3651 2138 3683 wird.
2182 3650 2315 3685 Während
2334 3650 2376 3679 die
2396 3648 2597 3679 Notabilltäten
2616 3649 2742 3685 Neapels
2765 3651 2829 3680 und
2860 3651 2917 3685 ihre

2059 3692 2169 3723 Damen
2188 3691 2228 3726 sich
2249 3690 2406 3725 anschickte»,
2448 3689 2487 3718 im
2524 3690 2649 3724 schönsten
2670 3689 2917 3726 Frühlingsabend

2060 3733 2113 3767 auf
2130 3732 2187 3762 dem
2213 3739 2300 3762 neuen
2318 3729 2481 3766 Kriegsschiff
2500 3729 2635 3765 „Napoli"
2658 3730 2705 3760 die
2726 3730 2920 3766 Fahnenweihe

2060 3773 2139 3808 durch
2161 3772 2231 3803 einen
2252 3771 2321 3801 Ball
2340 3779 2372 3807 zu
2392 3769 2496 3805 krönen,
2538 3769 2684 3805 explodiert
2731 3770 2839 3806 plötzlich
2866 3771 2920 3802 daS

2060 3814 2111 3847 erst
2132 3821 2179 3842 vor
2199 3812 2316 3847 wenigen
2335 3811 2469 3841 Monaten
2490 3817 2542 3840 von
2559 3809 2661 3845 Stapel
2684 3810 2813 3846 gelassene
2830 3811 2923 3842 Unter¬

2060 3852 2163 3890 seeboot
2184 3852 2300 3889 „Fora".
2338 3850 2404 3885 Nach
2441 3849 2487 3879 der
2526 3849 2602 3880 «Inen
2621 3851 2730 3881 LeSart
2759 3851 2816 3886 soll
2847 3853 2922 3889 durch

2058 3893 2200 3928 elektrische
2217 3891 2349 3927 Einflüsse
2368 3890 2416 3922 da»
2446 3893 2500 3920 au»
2521 3890 2606 3921 einem
2624 3890 2672 3921 der
2696 3890 2778 3922 beiden
2803 3891 2924 3928 Benzin-

2058 3933 2146 3964 becke»
2179 3932 2378 3966 auSströmende
2397 3930 2459 3961 GaS
2497 3938 2545 3966 zur
2584 3931 2766 3968 Entzündung
2812 3933 2923 3969 gelangt

2058 3973 2129 4009 sein;
2169 3974 2227 4007 nach
2248 3973 2320 4003 einer
2351 3970 2449 4002 andern
2473 3970 2543 4000 wäre
2564 3970 2602 4000 die
2622 3971 2768 4007 Explosion
2789 3972 2845 4008 auf
2879 3973 2923 4002 die

2058 4013 2249 4048 unvorsichtige
2270 4011 2461 4048 Handhabung
2499 4010 2573 4041 einer
2590 4011 2714 4047 Zigarre
2749 4011 2809 4042 oder
2849 4013 2922 4042 eine»

2058 4052 2283 4088 Zündhölzchens
2313 4051 2540 4088 zurückzuführen,
2583 4051 2693 4086 obwohl
2732 4051 2771 4082 da»
2795 4053 2923 4088 Rauchen

2059 4092 2111 4125 auf
2129 4092 2187 4122 dem
2206 4092 2375 4127 Unterseebot
2404 4092 2566 4127 strengstens
2595 4092 2728 4122 verboten
2745 4091 2776 4126 ist.
2830 4093 2924 4123 Etwa»

2058 4131 2228 4165 Bestimmtes
2250 4132 2317 4162 wird
2338 4139 2401 4162 man
2421 4131 2488 4161 über
2507 4131 2550 4162 die
2564 4132 2666 4167 Ursache
2688 4132 2737 4162 der
2746 4132 2924 4169 Katastrophe

2059 4172 2134 4206 wohl
2154 4172 2195 4202 nie
2213 4172 2348 4208 erfahren,
2390 4171 2422 4202 da
2444 4172 2486 4202 die
2508 4172 2616 4208 Zeugen
2648 4172 2697 4207 ihr
2720 4171 2760 4206 fast
2776 4173 2840 4202 alle
2859 4182 2924 4209 zum

2060 4211 2149 4248 Opfer
2168 4212 2286 4249 gefallen
2307 4212 2373 4248 sind.
2412 4211 2470 4241 Bis
2491 4212 2547 4248 jetzt
2584 4212 2655 4248 zählt
2699 4219 2757 4243 man
2792 4212 2922 4249 dreizehn

2059 4252 2128 4283 Tote
2148 4252 2202 4282 und
2221 4251 2309 4288 einige
2328 4251 2613 4288 Schwerverwundete.
2649 4252 2792 4288 Unverletzt
2820 4253 2924 4284 blieben

2060 4300 2115 4324 nur
2134 4292 2196 4328 fünf
2213 4291 2309 4322 Mann
2326 4292 2372 4322 der
2391 4291 2545 4327 Besatzung,
2568 4292 2703 4322 darunter
2726 4292 2760 4322 dir
2769 4293 2925 4324 Komman¬

2059 4334 2128 4364 dant
2165 4332 2303 4362 Leutnant
2332 4340 2355 4368 z.
2378 4330 2414 4362 S.
2442 4332 2614 4362 Giovanntnk
2654 4332 2720 4364 und
2750 4332 2792 4363 der
2830 4334 2926 4365 Genie«

2062 4374 2230 4408 hanptmann
2252 4372 2397 4407 Bernardi,
2420 4371 2462 4401 die
2483 4371 2612 4407 sämtliche
2631 4381 2683 4409 zur
2697 4372 2754 4410 Zeit
2764 4374 2817 4404 der
2830 4375 2927 4410 Explo¬

2062 4415 2120 4450 sion
2143 4412 2278 4448 abwesend
2298 4418 2397 4443 waren.
2437 4411 2496 4442 Der
2516 4412 2730 4444 Kommandant
2752 4420 2822 4450 war.
2852 4415 2926 4450 „ach-

2063 4456 2121 4484 dem
2143 4462 2169 4483 er
2189 4453 2226 4482 die
2246 4452 2376 4489 Füllung
2396 4451 2440 4482 der
2463 4452 2557 4483 beiden
2576 4453 2772 4491 Benzinbecke»,
2812 4455 2852 4485 die
2878 4455 2925 4485 bi»

2062 4494 2128 4532 sechs
2150 4493 2202 4528 Uhr
2221 4493 2326 4523 abend»
2347 4494 2466 4528 dauerte,
2502 4493 2651 4530 überwacht
2673 4495 2754 4531 hatte,
2786 4503 2831 4524 an
2848 4495 2922 4524 Land

2062 4541 2206 4573 gegangen,
2229 4540 2279 4563 um
2300 4532 2375 4564 einen
2393 4532 2576 4570 Kanieraden,
2608 4535 2699 4571 Sohn
2722 4535 2758 4565 de»
2775 4534 2923 4565 Admirals

2063 4575 2174 4610 Grenet,
2208 4573 2257 4608 auf
2274 4574 2349 4604 einen
2370 4573 2575 4611 Torpedojäger
2593 4584 2622 4612 zu
2654 4576 2790 4613 begleiten.
2836 4576 2922 4605 Kaum

2061 4615 2124 4647 dort
2145 4614 2306 4650 angelangt,
2327 4614 2393 4649 sieht
2413 4622 2452 4651 er,
2488 4616 2569 4651 gleich
2587 4616 2671 4653 allen,
2714 4616 2747 4645 die
2761 4614 2813 4650 sich
2833 4614 2922 4651 gerade

2062 4654 2114 4690 aus
2132 4655 2184 4685 den
2202 4654 2302 4685 Molen
2320 4655 2377 4684 und
2403 4654 2454 4685 den
2476 4655 2593 4690 nächsten
2611 4655 2813 4692 Kriegsschiffen
2833 4654 2921 4689 befan¬

2062 4697 2122 4732 den,
2145 4695 2194 4725 wie
2210 4694 2265 4730 sein
2282 4695 2470 4731 Unterseeboot
2480 4696 2530 4726 mit
2552 4697 2651 4727 lautem
2663 4696 2746 4730 Krach
2761 4693 2919 4731 explodiert,

2063 4736 2140 4768 einen
2160 4735 2318 4771 Augenblick
2337 4740 2392 4767 au»
2418 4736 2479 4766 dem
2498 4736 2600 4772 Waffer
2635 4735 2805 4773 geschleudert
2844 4734 2920 4772 wird,

2062 4777 2115 4808 da»
2134 4775 2164 4806 in
2183 4775 2268 4811 hohen
2282 4775 2384 4813 Wogen
2402 4784 2439 4807 an
2460 4776 2506 4807 die
2518 4777 2633 4807 Dämme
2653 4775 2742 4811 prallt
2756 4774 2816 4804 und
2836 4774 2919 4810 dann,

2063 4817 2110 4848 ein
2131 4815 2231 4852 müdes,
2263 4817 2420 4851 rauchende»
2441 4816 2541 4853 Wrack,
2564 4817 2591 4848 in
2609 4817 2661 4853 sein
2684 4816 2802 4846 Element
2827 4815 2924 4851 zurück¬

2062 4857 2139 4895 sinkt.
2173 4855 2284 4893 Wenig«
2304 4858 2436 4889 Minuten
2460 4858 2548 4893 später
2567 4858 2596 4892 ist
2614 4855 2783 4887 Giovannini
2811 4856 2924 4892 zugleich

2063 4898 2114 4929 mit
2132 4897 2182 4927 den
2200 4897 2285 4933 ersten
2298 4897 2407 4929 Rettern
2429 4905 2493 4928 vom
2503 4897 2581 4928 Quai
2601 4897 2644 4932 her
2665 4905 2711 4926 an
2731 4896 2763 4926 der
2774 4896 2925 4933 UnglückS-

2061 4937 2133 4974 stelle
2154 4937 2314 4974 angelangt.
2355 4939 2392 4969 Er
2411 4938 2518 4969 erkennt
2539 4937 2626 4972 sofort,
2664 4935 2726 4971 daß
2750 4935 2801 4966 da»
2827 4937 2922 4975 zweite,

2061 4977 2174 5015 größere
2191 4978 2384 5016 Benzinbecken
2402 4980 2465 5013 noch
2485 4977 2554 5012 nicht
2572 4975 2723 5012 explodiert
2740 4975 2771 5012 Ist,
2798 4978 2856 5008 und
2874 4987 2927 5009 vor

2061 5018 2151 5056 seinen
2171 5018 2268 5055 Augen
2290 5021 2330 5050 tut
2356 5019 2399 5056 sich
2430 5018 2472 5048 die
2490 5016 2584 5053 Vision
2603 5016 2678 5047 einer
2717 5017 2927 5055 möglicherweise

2062 5060 2125 5095 noch
2146 5059 2276 5096 größeren
2297 5058 2422 5097 Unglück»
2442 5057 2501 5094 auf,
2536 5062 2613 5087 wenn
2645 5057 2705 5087 da»
2728 5057 2813 5094 zweite
2835 5059 2925 5089 Becken

2063 5099 2226 5137 explodieren
2248 5100 2333 5137 sollte,
2358 5097 2483 5135 während
2501 5096 2632 5132 Dutzende
2653 5105 2717 5128 von
2735 5098 2927 5134 Hilfsbereiten

2062 5141 2115 5172 das
2137 5140 2223 5173 Wrack
2243 5140 2397 5177 umschiffen,
2419 5145 2468 5168 um
2487 5137 2528 5168 die
2550 5137 2747 5170 Verwundeten
2762 5140 2826 5170 und
2839 5139 2926 5171 Toten

2063 5181 2246 5219 aufzufischen.
2290 5181 2388 5215 Sofort
2425 5177 2531 5215 springt
2571 5177 2748 5210 Giovannini
2782 5180 2839 5216 auf
2871 5180 2926 5210 da»

2062 5222 2205 5258 rauchende
2221 5220 2320 5255 Wrack,
2364 5219 2444 5255 öffnet
2465 5218 2519 5249 alle
2540 5218 2648 5251 Ventile
2670 5220 2732 5251 und
2747 5219 2843 5256 bringt
2870 5220 2925 5250 da»

2061 5263 2138 5299 beste,
2179 5261 2271 5298 größte
2292 5260 2344 5290 und
2365 5259 2509 5293 modernste
2550 5260 2715 5297 italienische
2734 5260 2921 5297 Unterseeboot,

2060 5302 2115 5333 da»
2134 5301 2222 5337 soeben
2244 5300 2304 5332 eine
2329 5299 2496 5337 erfolgreiche
2513 5300 2603 5337 Fahrt
2641 5309 2703 5332 von
2723 5300 2824 5337 Spezia
2857 5300 2921 5335 nach

2942 1130 3043 1167 Neapel
3062 1132 3178 1168 gemacht
3194 1132 3273 1166 hatte
3300 1132 3349 1163 und
3368 1132 3474 1163 andern
3493 1131 3573 1168 Tag»
3592 1130 3656 1161 über
3676 1130 3803 1162 Tarant»

2943 1172 3007 1207 nach
3026 1171 3149 1208 Venedig
3176 1172 3358 1208 welterfahren
3391 1173 3483 1208 sollt«,
3521 1179 3584 1208 zum
3601 1171 3723 1202 Sinken.
3762 1171 3803 1201 E»

2943 1211 3000 1246 sind
3021 1212 3137 1249 Zweifel
3167 1213 3342 1249 aiifgetaucht,
3381 1212 3412 1242 ob
3449 1212 3494 1247 sich
3532 1212 3598 1247 nicht
3635 1214 3707 1242 etwa
3748 1212 3806 1246 noch

2944 1252 3059 1283 Lebende
3077 1252 3111 1283 in
3145 1252 3194 1283 dem
3211 1252 3309 1283 Wrack
3339 1251 3463 1287 befinden
3500 1251 3622 1287 könnten,
3666 1252 3732 1281 aber
3768 1252 3807 1282 dl«

2945 1295 3044 1329 gestern
3090 1301 3197 1329 niorge»
3250 1293 3421 1329 angestellten
3466 1292 3671 1328 Lauchversuch«
3725 1291 3806 1325 habe»

2946 1333 3063 1365 keinerlei
3084 1334 3219 1369 Anzeichen
3242 1334 3330 1368 dafür
3349 1334 3469 1369 ergeben.

3000 1373 3044 1406 So
3064 1374 3162 1410 schnell
3188 1374 3229 1410 sich
3255 1374 3320 1409 auch
3339 1373 3375 1403 die
3392 1374 3530 1409 Nachricht
3570 1381 3619 1403 von
3659 1372 3705 1403 der
3727 1373 3809 1403 Kata¬

2944 1415 3046 1452 strophe
3064 1414 3096 1445 in
3119 1414 3214 1450 Neapel
3262 1413 3418 1450 verbreitete,
3467 1414 3491 1448 so
3522 1413 3623 1449 geschah
3658 1412 3720 1442 die»
3752 1413 3809 1448 doch

2943 1457 3013 1492 nicht
3031 1456 3056 1491 so
3076 1456 3156 1491 bald,
3186 1455 3236 1489 daß
3278 1454 3344 1490 nicht
3362 1454 3421 1488 noch
3445 1452 3587 1489 zahlreiche
3603 1452 3736 1489 Offiziere
3756 1452 3808 1483 und

2942 1498 3055 1528 Beamte
3093 1496 3128 1526 in
3161 1495 3299 1532 Uniform,
3338 1494 3497 1531 angesehene
3515 1494 3624 1530 Bürger
3660 1493 3701 1523 im
3721 1493 3808 1528 Frack,

2944 1538 2999 1568 alle
3020 1538 3055 1568 im
3075 1537 3198 1573 Schmuck
3214 1536 3296 1572 ihrer
3314 1535 3410 1571 Orden,
3452 1534 3528 1570 sowie
3563 1533 3813 1569 blumenbekränzt«

2944 1579 3052 1609 Damen
3081 1577 3115 1608 in
3150 1577 3227 1611 Hellen
3276 1575 3548 1613 Frühllng»kleidern
3585 1583 3627 1605 am
3670 1574 3732 1604 Tor
3768 1574 3812 1604 de»

2945 1619 3075 1654 Arsenals
3118 1618 3268 1654 erschienen,
3310 1625 3352 1648 um
3383 1617 3434 1651 erst
3475 1616 3545 1652 dort,
3585 1615 3621 1645 im
3642 1613 3754 1645 Anblick
3771 1613 3814 1645 der

2945 1659 3035 1690 Toten
3055 1660 3114 1688 und
3138 1658 3334 1688 Verwundeten
3352 1664 3382 1692 zu
3402 1656 3543 1691 erfahren,
3578 1655 3629 1689 daß
3652 1658 3682 1685 e»
3703 1654 3754 1684 mit
3770 1654 3814 1685 der

2946 1700 3025 1735 Feier
3043 1699 3140 1730 vorbei
3159 1698 3193 1735 sei.
3233 1697 3300 1728 Ein
3327 1697 3469 1733 seltsamer,
3502 1694 3637 1731 tragischer
3659 1693 3814 1730 Gegensatz!

2947 1740 3029 1770 lieber
3036 1740 3076 1769 all
3097 1739 3201 1774 herrscht
3218 1737 3357 1773 natürlich
3376 1736 3416 1766 die
3460 1735 3554 1772 größte
3573 1734 3735 1769 Teilnahme
3769 1735 3815 1770 für

2948 1780 2989 1809 die
3010 1779 3094 1814 Opfer
3125 1781 3169 1810 der
3185 1777 3369 1814 Katastrophe.
3409 1776 3568 1811 Besonder»
3586 1774 3765 1810 erschütternd
3786 1775 3815 1809 ist

2950 1820 3004 1849 da»
3024 1819 3153 1854 Schicksal
3171 1822 3208 1849 de»
3229 1818 3469 1849 Unterleutnants
3488 1825 3508 1852 z.
3524 1816 3565 1846 G.
3585 1815 3750 1850 Bertolotti,
3771 1815 3815 1845 der

2952 1868 2983 1896 zu
3007 1860 3054 1890 den
3086 1860 3234 1895 tüchtigsten
3283 1858 3427 1894 trchnischen
3450 1856 3597 1892 Offizieren
3635 1856 3682 1886 der
3703 1855 3814 1885 Marine

2952 1901 3059 1937 gehörte
3079 1900 3141 1929 und
3171 1900 3235 1929 einer
3262 1898 3423 1936 glänzenden
3446 1896 3590 1931 Laufbahn
3609 1895 3699 1932 gewiß
3721 1895 3807 1930 schien.

2950 1941 3071 1975 Obwohl
3092 1940 3152 1976 ihm
3164 1939 3225 1970 beide
3238 1939 3329 1970 Beine
3347 1938 3397 1969 und
3412 1938 3463 1968 der
3481 1937 3562 1972 rechte
3574 1936 3637 1967 Arm
3660 1936 3812 1972 zerquetscht

2951 1982 3069 2016 wurden,
3094 1980 3174 2016 besaß
3183 1979 3334 2010 Bertolotti
3352 1979 3409 2014 noch
3431 1978 3476 2008 die
3485 1977 3613 2013 Faffung,
3636 1977 3686 2013 sich
3708 1976 3758 2006 mit
3771 1976 3816 2006 der

2951 2022 3039 2052 linken
3057 2021 3144 2056 Hand
3171 2028 3201 2050 an
3234 2020 3324 2050 einem
3342 2018 3553 2052 Trümmerstück
3583 2016 3813 2054 anzuklammern.

2951 2062 3015 2096 In»
3026 2061 3255 2097 Marinelazarett
3279 2058 3412 2094 verbracht,
3440 2057 3562 2094 empfing
3581 2066 3605 2088 er
3615 2057 3669 2088 mit
3689 2056 3815 2092 stoischem

2952 2102 3107 2138 Gleichmut
3149 2101 3189 2131 dm
3207 2099 3453 2131 Kommandanten
3474 2097 3657 2134 Giovannini,
3701 2096 3759 2126 dem
3791 2104 3817 2127 er

2952 2142 3029 2178 selbst
3046 2142 3172 2178 erzählte,
3206 2142 3270 2175 dah
3307 2148 3367 2171 man
3393 2139 3457 2174 ihm
3475 2138 3618 2174 jekenfall»
3637 2136 3714 2167 beide
3735 2137 3817 2167 Beine

2954 2184 3010 2213 und
3029 2183 3077 2214 den
3098 2183 3193 2215 rechten
3210 2181 3289 2212 Arm
3308 2180 3386 2211 werde
3419 2178 3591 2215 amputieren
3610 2176 3729 2213 mttffen.
3757 2176 3818 2207 Da»

2954 2223 3057 2260 geschah
3076 2222 3152 2253 denn
3181 2222 3259 2257 auch;
3302 2221 3341 2252 die
3358 2219 3512 2255 Operation
3554 2218 3647 2255 glückte
3687 2225 3726 2247 an
3763 2216 3815 2252 sich,

2954 2264 3040 2295 allein
3060 2263 3091 2294 in
3113 2263 3159 2293 der
3175 2262 3259 2297 Nacht
3284 2262 3359 2297 stellt«
3377 2259 3423 2296 sich
3440 2259 3537 2295 Fieber
3559 2259 3608 2294 ei»,
3629 2258 3677 2289 der
3699 2256 3820 2292 unglück¬

2954 2305 3017 2339 liche
3036 2303 3153 2340 Offizier
3170 2303 3241 2338 brach
3265 2302 3296 2333 in
3311 2300 3489 2338 Phantasien
3509 2302 3576 2335 au»,
3608 2298 3693 2335 suchte
3714 2290 3758 2333 sich
3781 2297 3821 2327 die

2953 2345 3096 2376 Verbände
3118 2343 3293 2380 abziistretfen
3311 2341 3362 2373 und
3381 2341 3466 2376 starb,
3488 2340 3569 2371 bevor
3586 2338 3628 2370 der
3644 2337 3765 2373 Morgen
3787 2344 3818 2373 za

2953 2394 3057 2424 graue»
3077 2385 3192 2422 begann.

3213 2479 3573 2546 Fokales.

3014 2580 3044 2590 -
3063 2567 3083 2595 I.
3108 2565 3161 2598 Im
3174 2560 3371 2600 „Zürichhorn"
3384 2560 3461 2596 hielt
3471 2558 3606 2593 Mittwoch
3619 2557 3671 2588 de»
3683 2558 3728 2585 28.
3743 2554 3822 2591 April

2954 2606 3001 2637 der
3020 2605 3167 2635 Verein
3183 2603 3382 2634 derWtrte
3400 2600 3670 2630 deSKanton»
3690 2596 3824 2632 Zürich

2955 2649 3038 2677 unter
3067 2646 3132 2675 dem
3152 2644 3261 2679 Vorsitze
3293 2643 3371 2678 seine»
3390 2638 3575 2675 Präsidenten
3592 2638 3637 2669 W.
3662 2637 3773 2667 Am»!«
3792 2636 3821 2666 in

2957 2685 3109 2719 Erlendach
3131 2686 3192 2720 seine
3204 2682 3365 2716 ordentlich«
3372 2678 3759 2716 Delegiertrnversammlung
3778 2677 3821 2712 ab,

2956 2726 2991 2759 zu
3012 2726 3055 2753 bet
3076 2725 3127 2757 fid)
3147 2727 3193 2752 auf
3211 2724 3297 2751 alle,,
3316 2722 3351 2754 elf
3367 2720 3495 2754 SBefMtit
3513 2719 3652 2748 Vertreter
3681 2716 3825 2752 eingefun¬

2954 2764 3008 2793 den
3027 2763 3134 2798 hatten.
3170 2761 3223 2791 Der
3248 2758 3462 2795 Jahrerbericht,
3493 2758 3643 2792 umfaffend
3676 2756 3722 2786 die
3740 2756 3828 2790 Jahre

2959 2806 3029 2831 1807
3049 2802 3108 2832 und
3124 2804 3197 2836 1908,
3220 2808 3289 2831 war
3306 2801 3352 2831 den
3361 2799 3547 2835 Mitgliedern
3558 2798 3672 2833 gedruckt
3693 2796 3826 2832 zugestellt

2958 2844 3077 2874 worden.
3121 2843 3176 2872 Der
3192 2840 3301 2870 Verein
3332 2839 3413 2876 zählte
3437 2838 3509 2868 Ende
3533 2841 3598 2866 isos
3618 2838 3657 2873 elf
3678 2836 3828 2868 Sektionen

2960 2885 3015 2914 mit
3033 2886 3084 2911 844
3108 2882 3298 2918 Mitgliedern.
3336 2880 3376 2914 In
3394 2879 3444 2909 der
3476 2878 3672 2915 abgelaufenen
3693 2876 3827 2912 Berichts¬

2962 2923 3066 2958 periode
3078 2922 3240 2958 beschäftigte
3254 2921 3302 2956 sich
3314 2921 3355 2950 der
3364 2919 3500 2953 Vorstand
3512 2920 3570 2949 und
3588 2919 3633 2948 der
3644 2917 3748 2948 Verein
3759 2926 3828 2954 ganz

2962 2964 3104 3000 besonder»
3127 2963 3173 2993 mit
3188 2963 3230 2993 der
3254 2959 3511 2997 Flaschenbiersrage
3551 2959 3602 2989 und
3634 2959 3682 2989 der
3703 2957 3829 2993 Revision

2962 3005 3012 3035 de»
3022 3002 3308 3039 Wirtschaftsgesetze»,
3323 3000 3441 3031 daneben
3455 2999 3514 3035 auch
3525 2999 3577 3030 mit
3587 2999 3671 3029 einem
3685 2998 3829 3032 Distrikt»,

2962 3048 3070 3081 vertrag
3091 3044 3146 3074 mit
3164 3044 3206 3073 den
3237 3040 3412 3075 Brauereien,
3461 3040 3508 3070 mit
3542 3040 3597 3069 dem
3624 3039 3827 3073 PlaclerungS-

2962 3087 3054 3121 wesen,
3098 3082 3384 3119 Versicherungswesen
3419 3081 3487 3115 usw.
3528 3079 3587 3109 Der
3622 3079 3831 3114 Jahresbericht

2961 3125 3052 3155 wurde
3072 3131 3282 3160 angenommen.
3319 3121 3367 3152 Dt«
3385 3120 3629 3155 Jahresrechnung
3659 3119 3734 3151 weist
3753 3119 3828 3149 eine»

2960 3165 3119 3200 Rückschlag
3147 3169 3193 3194 von
3212 3165 3292 3191 1480
3310 3162 3356 3198 Fr.
3376 3161 3438 3197 auf,
3473 3160 3516 3190 der
3551 3161 3623 3194 durch
3658 3158 3830 3193 verschieden«

2960 3204 3202 3240 außerordentliche
3220 3203 3374 3238 «uSgaben
3393 3201 3506 3236 bedingt
3527 3200 3630 3236 wurde;
3665 3207 3734 3230 man
3754 3199 3828 3234 hofft,

2959 3246 3017 3281 daß
3034 3249 3086 3276 das
3109 3244 3228 3279 laufend«
3255 3243 3331 3278 Jahr
3366 3241 3453 3276 diese»
3471 3241 3575 3277 Defizit
3610 3239 3709 3270 wieder
3747 3239 3830 3269 decken

2963 3287 3056 3317 werde.
3079 3285 3143 3316 Der
3161 3284 3368 3319 Jahresbeitrag
3387 3281 3484 3312 wurde
3503 3281 3548 3311 bei
3567 3281 3625 3316 zwei
3640 3280 3766 3316 Franken
3786 3279 3829 3309 be-

2963 3327 3057 3361 lassen.
3079 3326 3137 3359 Im
3156 3325 3238 3360 letzten
3256 3324 3344 3358 Jahre
3363 3322 3457 3352 wurde
3476 3322 3520 3352 der
3542 3321 3589 3351 mit
3601 3321 3653 3350 den
3665 3319 3831 3350 Brauereien

2965 3366 3168 3403 abgeschlossene
3183 3365 3311 3400 Vertrag
3330 3364 3356 3393 in
3375 3363 3436 3392 dem
3459 3362 3553 3392 Sinn«
3572 3360 3745 3397 abgeändert,
3778 3360 3832 3393 daß

2966 3412 2999 3437 e»
3030 3408 3077 3437 den
3099 3406 3270 3436 Brauereien
3307 3404 3423 3440 gestattet
3466 3401 3542 3437 wird,
3579 3400 3765 3436 Flaschenbier
3796 3408 3833 3429 an

2966 3448 3080 3482 Private
3103 3447 3169 3480 ohne
3184 3445 3221 3475 die
3246 3443 3439 3478 Bermittlnng
3470 3442 3544 3472 eine»
3564 3440 3667 3471 Wirte»
3701 3440 3781 3470 direkt
3801 3448 3833 3475 z»

2967 3488 3072 3522 liefern.
3117 3487 3171 3517 Der
3188 3485 3276 3521 Preis
3299 3491 3340 3519 per
3358 3482 3468 3519 Flasche
3495 3481 3550 3517 soll
3584 3481 3624 3511 bei
3666 3480 3834 3515 kistenweiscr

2965 3528 3114 3563 Lieferung
3148 3526 3267 3562 achtzehn
3287 3524 3395 3560 Rappen
3437 3523 3575 3558 betragen.
3612 3521 3669 3551 Die
3690 3521 3835 3553 DistriktS-

2965 3566 3253 3603 vertragsbrauereien
3278 3564 3412 3599 entrichten
3437 3571 3475 3593 an
3501 3563 3545 3593 die
3565 3562 3638 3596 Kaffe
3668 3561 3717 3591 de»
3737 3560 3835 3591 Wirte¬

2964 3608 3070 3638 verein»
3092 3607 3144 3637 de»
3161 3606 3292 3636 Kantons
3311 3604 3399 3640 Zürich
3435 3603 3489 3632 und
3519 3603 3570 3632 den
3588 3602 3768 3632 Wlrteverein
3787 3601 3834 3630 de»

2963 3648 3096 3678 Kanton»
3133 3646 3326 3681 Schaffhausin
3362 3643 3419 3673 eine
3461 3642 3584 3677 jährliche
3615 3641 3835 3677 Entschädigung

2964 3696 3021 3718 von
3041 3690 3147 3724 iS,000
3163 3687 3205 3722 Fr.
3254 3686 3314 3715 Der
3331 3684 3382 3715 alte
3402 3683 3523 3719 Vertrag
3546 3682 3633 3712 wurde
3667 3689 3722 3711 von
3750 3682 3835 3711 vielen

2966 3728 3141 3759 Brauereien
3159 3727 3218 3762 nicht
3244 3726 3366 3762 gehalten
3404 3724 3465 3754 und
3501 3727 3533 3752 e»
3554 3723 3643 3757 mußte
3665 3722 3696 3752 in
3718 3722 3836 3758 vierzehn

2965 3769 3072 3806 Fällen
3095 3775 3175 3804 gegen
3201 3766 3276 3802 fünf
3294 3764 3459 3796 Brauereien
3483 3761 3724 3799 schiedsgerichtlich
3743 3770 3832 3797 vorge-

2968 3818 3076 3847 gangen
3115 3809 3219 3842 werden,
3273 3806 3320 3836 mit
3355 3804 3443 3840 sieben
3462 3804 3624 3834 Brauereien
3667 3802 3761 3832 konnte
3792 3803 3835 3832 die

2969 3850 3056 3885 Sache
3091 3848 3184 3885 gütlich
3215 3845 3368 3883 abgemacht
3387 3844 3504 3875 werden.
3547 3844 3597 3874 Die
3616 3842 3837 3873 Konventional-

2969 3890 3079 3926 strafen,
3105 3889 3147 3919 die
3165 3888 3272 3924 bezahlt
3293 3886 3387 3917 werden
3409 3885 3535 3919 mußten,
3561 3883 3698 3916 erreichten
3719 3883 3767 3912 den
3781 3883 3837 3912 Be¬

2968 3935 3032 3968 trag
3052 3930 3109 3960 von
3132 3930 3193 3956 2800
3210 3928 3269 3963 Fr.
3310 3925 3373 3960 Auch
3405 3924 3458 3960 seit
3476 3925 3533 3954 dem
3554 3923 3756 3957 Inkrafttreten
3788 3923 3836 3952 de»

2968 3978 3054 4002 neue»
3075 3969 3219 4003 Vertrage»
3247 3967 3305 4001 sind
3330 3965 3397 4000 schon
3435 3964 3530 3994 wieder
3551 3964 3755 4000 Verzeigungen
3775 3971 3837 3993 vor¬

2967 4013 3132 4048 gekommen.
3170 4008 3218 4037 Die
3246 4005 3434 4042 Plakatmiete,
3475 4005 3515 4034 bi«
3557 4012 3591 4034 an
3609 4004 3652 4034 die
3672 4003 3831 4039 allgemeine

2970 4049 3224 4088 Plakatgesellschaft
3250 4047 3371 4083 vergeben
3398 4045 3502 4081 wurde,
3548 4045 3648 4080 brachte
3690 4045 3746 4073 elne
3765 4044 3831 4073 Ein¬

2971 4094 3067 4128 nahme
3089 4099 3146 4121 von
3163 4091 3222 4119 etwa
3251 4090 3320 4115 1000
3338 4087 3382 4122 Fr.
3427 4086 3496 4120 Auch
3530 4086 3584 4120 hier
3604 4086 3665 4122 gibt
3689 4088 3719 4114 e»
3739 4084 3832 4115 immer

2971 4134 3033 4168 noch
3052 4131 3190 4161 Renitente
3207 4128 3273 4159 und
3293 4131 3318 4156 e»
3338 4125 3428 4157 wurde
3450 4125 3604 4160 beschloffen,
3640 4132 3725 4161 gegen
3754 4124 3834 4158 solche

2972 4173 3099 4210 energisch
3122 4169 3293 4207 vorzngehen.

3027 4214 3093 4244 Da»
3116 4207 3391 4247 PlaclerungSbureau
3413 4205 3450 4241 ist
3469 4206 3604 4241 nunmehr
3631 4213 3704 4242 ganz
3733 4213 3767 4234 an
3786 4205 3837 4235 den

2972 4253 3138 4285 kantonalen
3157 4248 3330 4280 Wirteverein
3352 4247 3571 4283 übergegangen.
3604 4246 3647 4276 ES
3670 4247 3719 4280 hat
3740 4246 3767 4275 in
3786 4245 3837 4275 den

2971 4293 3183 4329 Berichtsjahre»
3200 4290 3290 4324 bezw.
3306 4287 3347 4323 seit
3368 4287 3470 4321 seinem
3483 4288 3641 4323 Uebergang
3662 4285 3721 4315 dem
3741 4285 3838 4316 Verein

2972 4334 3108 4370 ebenfalls
3131 4329 3319 4364 ökonomischen
3340 4326 3453 4359 Borteil
3472 4328 3598 4364 gebracht.
3630 4325 3771 4363 Bezüglich
3791 4326 3838 4357 der

2971 4375 3058 4410 Frage
3099 4372 3146 4401 der
3161 4369 3290 4405 Revision
3317 4369 3361 4399 de»
3379 4368 3659 4404 WirtschaftSgesetze«
3701 4368 3760 4402 geht
3797 4366 3839 4397 die

2971 4415 3055 4449 Sache
3075 4414 3162 4442 etwa»
3179 4411 3319 4447 langsam.
3358 4410 3396 4439 ES
3420 4409 3522 4445 scheint,
3555 4408 3604 4442 daß
3635 4414 3704 4437 man
3726 4406 3838 4440 höhere«

2970 4454 3053 4484 OrteS
3075 4452 3148 4487 nicht
3164 4459 3242 4487 gerne
3270 4458 3306 4481 an
3326 4451 3377 4481 eine
3396 4449 3477 4486 solche
3491 4445 3723 4483 Partialrevision
3744 4446 3839 4480 heran-

2969 4494 3037 4524 tritt.
3058 4491 3214 4528 Immerhin
3226 4491 3303 4527 hofft
3313 4498 3370 4521 man
3391 4490 3424 4519 in
3437 4488 3628 4524 Wirtekrelsen,
3654 4486 3696 4516 die
3712 4486 3838 4521 Revision

2969 4534 3051 4564 werde
3071 4532 3137 4568 doch
3155 4532 3180 4562 in
3198 4531 3359 4568 absehbarer
3376 4530 3443 4565 Zeit
3464 4529 3588 4559 komme».

3022 4573 3075 4605 Die
3112 4572 3323 4609 Versammlung
3352 4569 3468 4605 beschloß
3497 4570 3542 4599 die
3562 4568 3729 4604 Abhaltung
3763 4567 3837 4598 eine»

2968 4613 3139 4645 kantonalen
3174 4613 3352 4648 Wlrtetage»;
3389 4610 3436 4640 die
3467 4610 3684 4645 Durchführung
3714 4607 3745 4642 ist
3781 4607 3838 4638 de«

2967 4654 3069 4686 Verein
3090 4654 3141 4685 der
3157 4653 3242 4684 Wirte
3265 4653 3310 4682 be»
3328 4650 3452 4686 Bezirke»
3465 4643 3566 4685 Zürich
3583 4649 3750 4683 übertrage»
3769 4652 3838 4677 wor¬

2968 4695 3030 4726 den.
3069 4694 3130 4725 Die
3159 4695 3200 4729 erst
3221 4701 3278 4723 vor
3296 4691 3388 4727 einiger
3409 4689 3476 4726 Zeit
3512 4690 3562 4720 in»
3580 4689 3667 4720 Leben
3709 4689 3839 4723 getreten«

2969 4730 3418 4771 Wirtegenossenschaft
3460 4730 3506 4766 hat
3548 4730 3620 4760 einen
3652 4728 3839 4762 überraschend

2970 4776 3074 4813 großen
3097 4775 3188 4810 Erfolg
3206 4781 3243 4809 zu
3268 4771 3436 4807 verzeichnen.
3477 4770 3533 4800 Sie
3565 4770 3636 4807 zählt
3669 4768 3768 4798 bereit»
3789 4768 3839 4796 170

2971 4816 3146 4854 Mitglieder,
3180 4814 3218 4843 die
3268 4821 3303 4842 an
3323 4811 3534 4848 Anteilscheinen
3566 4811 3628 4840 über
3651 4809 3770 4844 I2«,ooo
3788 4809 3839 4843 Fr.

2972 4857 3118 4894 gezeichnet
3138 4855 3223 4891 haben,
3274 4861 3325 4883 von
3356 4852 3444 4883 denen
3476 4851 3543 4881 über
3562 4853 3663 4886 40,000
3682 4848 3732 4883 Fr.
3754 4848 3838 4878 unbe¬

2973 4898 3045 4935 zahlt
3065 4896 3138 4933 sind.
3172 4894 3246 4924 Man
3270 4893 3340 4929 hofft,
3377 4891 3435 4924 daß
3474 4891 3537 4926 noch
3575 4891 3610 4920 i>»
3630 4888 3718 4922 Laufe
3755 4886 3838 4921 diese»

2973 4938 3079 4973 Jahre»
3103 4936 3147 4966 ein
3164 4934 3282 4970 Kapital
3302 4941 3349 4964 von
3360 4934 3482 4966 250.000
3492 4932 3543 4966 Fr.
3565 4926 3838 4965 zusammengebracht

2973 4979 3078 5009 werden
3100 4976 3174 5006 wird.
3194 4975 3258 5006 Die
3278 4972 3483 5009 Bersainnilung
3502 4969 3615 5005 beschloß
3636 4967 3689 4998 mit
3710 4966 3838 5003 Einmut,

2973 5019 3024 5049 den
3054 5016 3233 5052 Präsidenten
3259 5013 3301 5042 W.
3323 5011 3442 5045 AmSler,
3475 5010 3512 5040 im
3536 5007 3656 5045 „Kreuz"
3677 5006 3838 5045 Erlendach,

2973 5060 3019 5089 der
3030 5065 3089 5089 nun
3112 5056 3178 5092 schon
3196 5054 3248 5091 seit
3272 5053 3350 5083 vielen
3361 5051 3471 5085 Jahren
3489 5050 3541 5079 den
3562 5048 3729 5079 kantonalen
3740 5047 3839 5080 Verein

2974 5099 3058 5129 leitete
3080 5097 3140 5127 und
3158 5095 3194 5132 sich
3227 5101 3281 5123 uni
3311 5091 3348 5121 die
3366 5089 3457 5124 Sache
3485 5089 3536 5119 de»
3556 5087 3751 5124 Wlrtestande»
3783 5096 3839 5120 ver¬

2973 5139 3045 5169 dient
3064 5135 3177 5173 gemacht
3193 5134 3257 5168 hat,
3292 5138 3347 5167 zum
3367 5129 3585 5166 Ehrenmitglied
3618 5137 3653 5167 zu
3690 5137 3838 5161 ernennen.

2972 5179 3044 5214 Zum
3065 5174 3181 5210 Schluffe
3217 5172 3331 5203 wurden
3368 5170 3433 5205 noch
3454 5170 3492 5200 die
3524 5179 3576 5202 von
3593 5171 3641 5202 der
3662 5169 3753 5201 Stadt
3773 5171 3838 5206 auf»

2971 5216 3121 5250 modernste
3132 5213 3324 5250 eingerichteten
3334 5210 3644 5248 Kellerräumlichkeiten
3655 5211 3695 5243 im
3708 5210 3838 5247 „Kasino"

2970 5256 3142 5293 Zürichhorn
3174 5255 3259 5284 unter
3279 5251 3411 5289 Führung
3453 5252 3499 5284 de»
3536 5251 3720 5289 freundlichen
3740 5250 3838 5281 Wirte»

2971 5299 3008 5329 A.
3027 5295 3149 5332 Künzler
3164 5293 3307 5330 besichtigt.
