3118 4606
67 125 708 390 Neue
803 106 2963 440 Zürcher-Zeituug.

401 433 586 457 »bonnement.

589 461 694 490 JLHrliid.
716 461 730 485 S
737 461 806 485 Mon.
827 459 917 483 8Mon.

70 486 164 513 Züri»
179 492 253 516 (wenn
260 490 291 513 die
300 489 395 517 Zeitung
409 488 507 517 nbgehelt
517 488 689 515 wlrd)Fr.l8.—
711 489 804 515 Fr.S.—
824 487 918 513 Fr.«-50

72 513 121 538 B<d
128 511 189 538 weil
206 517 248 542 (bei
262 515 321 539 allen
334 517 495 543 Postbureiux)
598 533 609 542 ,
629 519 690 538 21.—
721 518 804 544 .10.50
834 531 844 541 ,
869 516 917 536 5.50

70 539 183 566 Italien
193 543 330 571 (Bestellung
338 544 370 566 bei
381 547 416 566 der
425 542 564 569 Ervedition)
598 559 610 569 .
630 546 691 565 Sl.—
722 545 805 570 .15.50
834 558 844 568 ,
869 543 918 563 8.50

71 567 231 595 Frankreich
247 571 385 600 (Bestellung
393 571 413 593 d.
419 573 437 593 d.
443 567 582 597 Erpedirion)
600 586 611 596 .
631 573 692 593 88.—
724 587 734 597 „
746 573 805 593 19.—
836 585 845 595 .
857 570 884 589 10
884 579 918 589 .—

205 607 567 635 Deutsch-österreichischer
598 607 785 634 Dostverdand

86 642 115 665 zu
130 638 251 663 abonniren
265 640 299 662 bei
311 643 350 663 den
366 639 463 667 dortigen
477 638 627 664 Postbureaur
636 645 663 668 zu
672 639 789 668 folgenden
799 637 890 663 Preisen
901 643 907 657 :

73 663 171 689 Zabrlich
201 666 213 690 7
224 666 288 690 Tblr.
299 669 323 688 10
331 666 391 695 Sgr.
406 669 430 688 Id
438 666 460 692 fl.
468 668 493 687 25
500 666 531 688 kr.
541 665 597 693 südd.
605 665 643 690 W.
658 666 683 690 18
691 666 713 690 fl.
721 664 918 693 28kr.ostr.Whrz.

74 693 88 712 6
96 691 192 716 Monate
200 696 253 721 3,
296 695 364 720 SO,
420 695 455 719 7,
471 695 495 714 18
510 710 520 719 ,
559 710 568 720 ,
615 694 624 720 ,
672 695 816 720 0.1«.,
876 709 885 719 .

73 718 194 744 (Monate
202 724 213 742 l
243 738 253 748 .
296 723 322 742 25
355 738 365 746 .
421 722 434 741 3
445 737 454 746 „
471 722 495 741 «6
509 737 520 746 .
560 737 569 747 .
615 737 625 747 .
673 721 775 747 «.57.
807 736 817 746 .

345 758 402 784 gut
427 761 521 781 andere
547 758 646 782 LLnder

130 787 172 814 find
187 788 342 818 Bestellungen
354 795 383 811 an
397 789 427 812 die
443 789 572 816 Expedition
587 789 611 811 in
625 789 700 816 Zürich
716 790 863 819 einzusenden.

1161 539 1584 600 Einundfünfzigster
1619 537 1865 597 Jahrgang.

2483 429 2606 456 Inserat«

2121 460 2165 489 find
2186 467 2213 484 an
2235 460 2416 488 Haasenstein
2446 462 2498 482 und
2518 460 2627 488 Vogler
2653 461 2676 484 in
2699 461 2785 487 Zürich,
2808 461 2883 488 Basel,
2905 461 2976 490 9«*f,

2170 488 2299 517 Stuttgart,
2315 487 2445 514 Frankfurt,
2459 487 2547 514 Berlin,
2561 486 2682 516 Hamburg
2698 494 2725 511 »c.
2739 494 2768 511 re.
2781 484 2927 517 rinzusenden.

2121 514 2374 543 Znsertiontvreil
2395 514 2434 541 für
2453 515 2484 537 die
2499 514 2596 545 Schweiz
2609 518 2636 538 SO
2653 516 2740 541 Rp.die
2758 515 2899 545 »ierspaltige
2909 515 2976 545 Zelltz

2234 542 2274 570 für
2287 543 2328 565 da»
2341 537 2445 564 Autland
2461 543 2486 562 25
2503 542 2558 569 Et«.,
2572 545 2586 564 7
2599 543 2697 573 Lreuzer
2710 545 2762 566 oder
2777 545 2791 565 2
2804 542 2863 572 Sgr.

2304 616 2402 640 Bureau
2415 618 2455 640 der
2469 616 2602 640 Redaktion:
2616 616 2760 646 Marktgaffe,
2774 617 2794 639 8.

1242 697 1532 768 Zweites
1569 695 1793 758 Blatt.

2122 690 2169 718 Für
2183 692 2220 715 den
2233 691 2336 720 Montag
2350 689 2405 714 wird
2420 690 2453 713 die
2471 690 2567 720 Zeitung
2583 690 2672 716 einmal,
2689 691 2728 718 für
2743 688 2787 714 alle
2806 689 2900 719 übrig«
2913 689 2976 719 Leg»

2415 717 2519 747 zweimal
2532 718 2676 747 auigegeben.

2333 789 2438 819 Einzelne
2454 788 2584 813 Stummem
2598 790 2667 816 kosten
2680 792 2706 811 10
2719 790 2764 815 Rv.

140 872 405 931 Zürich,

1101 862 1420 931 Donnerstag,
1454 863 1538 918 19.
1568 860 1788 919 Oktober
1820 863 1976 920 1871.

2646 858 2769 928 M
2798 864 2937 927 538

293 1051 772 1112 Tagesbericht

388 1130 452 1152 vom
474 1123 519 1153 18.
540 1121 669 1156 Oktober.

134 1170 194 1205 Die
223 1182 281 1206 von
311 1172 357 1206 der
392 1172 629 1215 „Jndependance
659 1174 758 1217 belge"
792 1173 882 1214 letzter
914 1171 995 1214 Tage

64 1214 275 1260 veröffentlichte
317 1218 375 1251 und
418 1227 474 1250 von
514 1222 574 1252 uns
617 1219 720 1253 bereits
755 1218 819 1260 kurz
854 1218 995 1258 erwähnte

62 1258 385 1305 Korrespondenz
395 1263 519 1305 zwischen
533 1264 592 1296 dem
604 1264 727 1297 Kabinet
741 1262 912 1302 Napoleons
934 1262 991 1296 III.

60 1305 123 1338 und
135 1306 194 1341 dem
206 1309 397 1351 Intriganten
408 1307 507 1341 Oskar
518 1307 711 1349 Lessines,
725 1308 773 1341 der
785 1308 938 1349 Napoleon
950 1308 992 1341 die

63 1348 268 1395 Königskrone
302 1363 357 1387 von
381 1353 503 1394 Belgien
532 1356 702 1395 angetragen
737 1354 793 1395 hat,
830 1353 916 1395 macht
949 1353 992 1386 die

66 1392 175 1431 Runde
199 1399 232 1432 in
254 1400 302 1432 der
324 1397 512 1438 europäischen
537 1396 636 1438 Presse
663 1398 720 1431 und
743 1398 816 1431 wird
838 1407 895 1431 von
919 1399 992 1431 allen

64 1437 216 1485 Blättern,
243 1444 315 1484 ohne
336 1441 504 1482 Unterschied
526 1441 599 1483 ihrer
623 1443 776 1485 politischen
798 1443 900 1486 Farbe,
926 1443 992 1485 nach

66 1483 227 1520 Verdienen
247 1486 468 1529 gebrandmarkt.
494 1486 551 1520 Die
568 1488 795 1530 veröffentlichten
812 1488 992 1522 Dokumente

63 1527 153 1570 dieses
177 1531 332 1565 Skandals
355 1531 475 1574 scheinen
490 1532 605 1574 wirklich
630 1533 792 1576 authentisch
817 1542 850 1575 zu
872 1533 938 1575 sein,
955 1534 992 1566 da

64 1571 126 1614 ihre
150 1574 307 1618 Unechtheit
327 1576 375 1610 bis
409 1586 460 1619 zur
482 1576 600 1610 Stunde
622 1579 686 1620 noch
717 1587 774 1612 von
797 1579 885 1611 keiner
909 1578 993 1611 Seite

67 1618 187 1662 ernstlich
211 1621 358 1664 bestritten,
382 1621 537 1664 geschweige
561 1623 633 1656 denn
654 1623 851 1665 nachgewiesen
874 1623 993 1656 worden

63 1661 108 1703 ist.
134 1664 215 1708 Nicht
239 1667 294 1708 daß
317 1667 360 1700 ein
383 1667 482 1709 junger
505 1666 701 1708 überspannter
725 1667 917 1709 Taugenichts
941 1667 993 1698 den

61 1706 244 1752 lächerlichen
267 1711 379 1753 Einfall
403 1712 485 1754 hatte,
518 1712 563 1745 die
585 1712 744 1754 Herrschaft
767 1712 836 1744 über
860 1712 879 1742 5
906 1710 991 1743 Mill.

60 1750 146 1792 freier
169 1755 284 1798 Bürger
306 1757 393 1790 einem
416 1756 537 1797 fremden
560 1756 735 1798 Monarchen
760 1755 936 1797 anzubieten,
961 1754 994 1796 ist

64 1800 107 1838 es,
143 1803 206 1833 was
243 1802 284 1834 die
306 1800 532 1842 Korrespondenz
561 1800 636 1833 einer
672 1800 777 1840 ernsten
801 1801 992 1843 Erwähnung

65 1844 156 1886 werth
178 1847 274 1888 macht,
299 1846 416 1888 sondern
439 1845 481 1878 die
514 1843 567 1886 fast
599 1845 796 1888 unglaubliche
833 1845 990 1887 Thatsache,

65 1887 122 1927 daß
147 1889 298 1931 Napoleon
321 1890 377 1923 III.
414 1889 464 1931 auf
499 1890 539 1922 die
575 1890 749 1932 erbärmliche
782 1890 923 1932 Jntrigue
947 1889 990 1921 be¬

63 1931 153 1976 gierig
176 1935 289 1978 einging
313 1937 370 1968 und
395 1935 431 1976 sie
453 1935 517 1977 zwei
539 1935 636 1976 Jahre
659 1937 726 1977 lang
750 1934 906 1975 sortspann,
944 1934 990 1967 bis

61 1975 108 2018 ihr
130 1979 177 2013 der
199 1979 490 2023 deutsch-französische
512 1980 596 2021 Krieg
628 1980 671 2012 ein
707 1979 882 2020 gründliches
909 1978 991 2012 Ende

58 2023 173 2064 machte.
216 2025 283 2057 Mit
306 2025 389 2065 Recht
413 2024 471 2065 sind
495 2024 534 2056 die
559 2023 765 2066 angesehensten
798 2023 991 2065 französischen

59 2065 211 2107 Journale
243 2069 311 2101 über
346 2068 413 2109 diese
446 2077 512 2101 neue
535 2067 717 2112 Enthüllung
752 2070 798 2102 der
822 2069 991 2110 kaiserlichen

59 2110 173 2150 Politik
195 2114 304 2155 empört
326 2114 383 2146 und
408 2112 507 2154 führen
539 2113 576 2152 sie
599 2114 647 2146 der
670 2114 780 2156 eigenen
803 2113 918 2146 Nation
943 2114 991 2146 als

58 2163 150 2188 neuen
173 2158 375 2200 beschämenden
399 2157 517 2190 Beweis
543 2157 628 2196 dafür
652 2167 703 2191 vor
727 2158 840 2199 Angen,
875 2157 933 2199 daß
958 2159 991 2198 sie

59 2200 105 2231 20
130 2200 224 2245 Jahre
248 2203 317 2244 lang
341 2203 400 2240 ihre
425 2200 555 2242 Geschicke
587 2201 616 2233 in
641 2203 682 2234 die
704 2202 807 2245 Hände
843 2202 912 2243 nicht
936 2212 991 2235 nur

60 2244 139 2278 eines
163 2247 306 2291 gemeinen
333 2245 573 2288 „Intriganten,"
598 2246 716 2288 sondern
739 2247 815 2280 eines
844 2247 991 2289 „Dumm¬

59 2289 178 2333 kopfes"
203 2293 294 2335 gelegt
317 2292 401 2334 hatte.

129 2346 229 2380 Oskar
254 2346 374 2387 Lessines
399 2345 509 2378 erwarb
531 2345 581 2386 sich
597 2346 648 2379 den
664 2346 776 2389 Zutritt
790 2356 854 2389 zum
869 2347 992 2380 Kabinet

58 2389 111 2423 des
134 2391 252 2434 Kaisers
275 2391 372 2432 damit,
389 2390 447 2431 daß
461 2400 490 2423 er
505 2391 554 2422 den
572 2390 682 2434 Antrag
699 2392 808 2433 machte,
827 2393 856 2424 in
873 2392 991 2432 Brüssel

58 2439 143 2469 unter
167 2438 226 2470 dem
253 2437 365 2469 Namen
392 2435 520 2477 „Caira"
545 2435 590 2467 ein
612 2435 699 2469 Blatt
722 2446 755 2478 zu
780 2437 916 2479 gründen,
937 2439 991 2470 das

59 2479 242 2523 Rochcfort's
270 2480 444 2523 „Lanterne"
469 2489 503 2521 zu
525 2479 682 2522 bekämpfen
705 2482 790 2522 hätte.
839 2481 915 2514 Dies
929 2491 992 2514 war

59 2533 110 2558 am
123 2527 176 2560 27.
193 2527 275 2570 Juni
293 2526 388 2558 1868.
414 2524 559 2565 Während
576 2525 619 2557 die
636 2525 795 2565 Gesandten
807 2526 991 2569 Frankreichs

58 2569 92 2602 in
115 2571 246 2615 Belgien,
270 2570 356 2613 zuerst
378 2570 455 2613 Herr
479 2568 607 2611 Guitart,
637 2570 727 2612 später
750 2571 987 2613 Lagueronnicre,

63 2614 116 2656 auf
139 2617 303 2659 Verlangen
327 2617 375 2648 des
390 2614 508 2655 Kaisers
525 2613 766 2658 Erkundigungen
782 2617 852 2648 über
866 2615 989 2657 Lessines

60 2659 204 2704 einzogen,
238 2662 341 2705 gelang
365 2663 396 2693 es
434 2659 591 2701 inzwischen
612 2661 674 2694 dem
698 2661 825 2701 Letztern,
852 2661 900 2693 der
924 2663 989 2702 auch

60 2703 138 2737 einen
163 2707 266 2741 Orden
301 2712 357 2739 von
391 2705 440 2737 der
464 2704 620 2747 Exkönigin
649 2705 780 2747 Jsabella
813 2715 848 2747 zu
873 2706 990 2739 erobern

58 2750 173 2793 gewußt
196 2754 280 2795 hatte,
297 2751 378 2792 durch
402 2749 524 2790 fremden
540 2750 665 2792 Einfluß
687 2752 725 2783 im
743 2750 883 2783 Sommer
905 2752 989 2783 1869

56 2793 116 2827 eine
140 2797 267 2839 Audienz
291 2796 362 2829 beim
385 2795 485 2837 Kaiser
509 2794 662 2835 Napoleon
684 2805 717 2836 zu
741 2796 885 2837 erlangen.
935 2796 989 2829 Bei

55 2837 143 2880 dieser
168 2841 386 2885 Angelegenheit
409 2850 471 2873 war
494 2843 534 2880 es,
558 2840 614 2882 daß
639 2840 760 2881 Lessines
778 2840 930 2881 Napoleon
949 2841 990 2874 die

55 2882 155 2917 Krone
178 2896 235 2919 von
260 2886 382 2928 Belgien
406 2889 510 2927 antrug
533 2886 592 2918 und
614 2886 673 2918 eine
700 2884 751 2926 auf
775 2885 816 2918 die
841 2885 990 2920 Annexion

55 2926 200 2971 Belgiens
222 2930 379 2972 abzielende
403 2929 560 2972 Broschüre
596 2930 814 2971 auszuarbeiten
838 2929 987 2973 versprach.

55 2971 115 3005 Am
139 2975 193 3008 26.
209 2975 283 3017 Juli
305 2975 367 3007 kam
389 2974 467 3006 dann
490 2975 539 3006 der
552 2973 652 3011 Kaiser
674 2975 704 3008 in
726 2976 780 3008 den
802 2975 891 3017 Besitz
908 2976 990 3016 dieser

52 3016 220 3062 Broschüre,
246 3020 291 3053 die
315 3020 365 3052 mit
384 3019 471 3051 einem
484 3018 640 3060 Schreiben
664 3029 720 3053 von
745 3020 871 3061 Lessines
896 3020 987 3054 einbe-

54 3062 149 3104 gleitet
180 3075 252 3106 war,
289 3064 378 3105 dessen
401 3063 536 3105 Eingang
569 3063 712 3107 folgender
737 3065 855 3108 Maßen
878 3066 986 3100 lautet:

59 3107 177 3147 „Sire!
223 3110 280 3151 Ich
315 3109 383 3151 habe
418 3109 460 3141 die
495 3108 579 3150 Ehre,
617 3111 675 3143 eine
698 3110 797 3143 Arbeit
832 3120 871 3143 an
895 3110 987 3144 Euere

56 3151 198 3196 Majestät
221 3153 404 3197 abzusenden,
441 3154 521 3186 deren
555 3153 685 3195 schönster
719 3155 798 3196 Lohn
832 3158 864 3188 es
899 3156 986 3197 wäre,

54 3205 139 3230 wenn
163 3200 200 3241 ich
225 3201 262 3242 sie
291 3199 358 3232 Ew.
383 3197 523 3240 Majestät
548 3208 599 3241 zur
621 3200 827 3243 Befriedigung
852 3202 987 3243 gereichen

53 3240 136 3283 sehen
159 3247 269 3278 würde.
295 3244 358 3277 Der
382 3244 480 3285 Ruhm
506 3243 570 3277 Ew.
591 3244 730 3287 Majestät
753 3246 853 3278 würde
876 3247 987 3288 gekrönt

53 3287 137 3330 durch
172 3290 214 3323 die
237 3289 388 3331 Annahme
423 3289 481 3321 und
506 3289 698 3333 Ausführung
728 3291 834 3324 meines
861 3291 984 3332 Planes.

1057 973 1154 1016 Möge
1178 972 1254 1006 Eure
1276 973 1417 1015 Majestät
1450 972 1501 1014 ihn
1523 970 1607 1013 daher
1641 971 1714 1004 einer
1741 972 1898 1015 emstlichen
1924 973 1983 1007 Er¬

1056 1019 1183 1062 wägung
1217 1018 1372 1061 würdigen.
1422 1017 1502 1050 Was
1535 1016 1602 1059 mich
1623 1016 1738 1058 betrifft,
1773 1017 1802 1058 so
1826 1018 1923 1052 würde
1946 1019 1983 1062 ich

1057 1065 1133 1098 mein
1157 1064 1242 1098 Leben
1267 1063 1312 1103 für
1337 1063 1415 1097 Eure
1438 1060 1580 1103 Majestät
1610 1062 1668 1095 und
1692 1061 1738 1102 für
1760 1062 1816 1096 das
1839 1062 1984 1107 Gelingen

1056 1110 1105 1143 der
1138 1110 1228 1151 Ideen
1262 1108 1407 1150 hingeben,
1443 1107 1488 1139 die
1508 1105 1601 1148 Ihrer
1622 1106 1763 1149 Dynastie
1795 1108 1855 1140 und
1876 1108 1984 1150 Ihrem

1056 1154 1180 1196 Ansehen
1204 1154 1246 1187 bei
1270 1154 1318 1186 der
1342 1151 1486 1194 Nachwelt
1508 1150 1537 1193 so
1559 1151 1736 1193 bsfirderlich
1759 1152 1816 1193 sein
1838 1154 1980 1186 werden."

1054 1199 1180 1242 Lessines
1204 1198 1347 1240 verspricht
1368 1198 1409 1230 im
1427 1196 1578 1238 Weiteren,
1592 1197 1645 1229 alle
1668 1195 1713 1238 für
1729 1196 1774 1229 die
1789 1196 1984 1241 Aussühmng

1053 1246 1104 1278 des
1130 1245 1244 1287 Planes
1277 1241 1483 1284 erforderlichen
1507 1241 1638 1275 Arbeiten
1674 1241 1731 1274 und
1756 1241 1858 1284 Reisen
1880 1241 1981 1283 seiner¬

1052 1289 1119 1331 seits
1143 1290 1200 1323 und
1224 1286 1275 1329 auf
1297 1287 1387 1330 eigene
1411 1286 1514 1329 Kosten
1544 1296 1577 1329 zu
1601 1286 1720 1328 machen,
1758 1287 1817 1320 und
1852 1287 1984 1330 verlangt

1052 1334 1102 1375 für
1125 1335 1194 1376 seine
1217 1332 1333 1375 Dienste
1356 1332 1430 1366 keine
1445 1332 1546 1365 andere
1561 1330 1736 1374 Belohnung
1753 1331 1801 1365 als
1820 1332 1875 1366 das
1890 1332 1983 1376 Kreuz

1052 1380 1103 1413 der
1126 1378 1326 1422 Ehrenlegion.

1123 1434 1196 1474 Daß
1213 1433 1366 1474 Napoleon
1380 1432 1500 1473 wirklich
1523 1431 1572 1473 auf
1588 1432 1638 1465 den
1658 1431 1885 1473 verrätherischen
1901 1431 1985 1473 Plan

1053 1479 1104 1513 des
1120 1479 1292 1521 27jährigen
1308 1478 1495 1510 Abenteurers
1518 1477 1680 1518 einzugehen
1701 1477 1771 1518 nicht
1794 1476 1983 1519 verschmähte,

1054 1524 1184 1563 beweisen
1224 1524 1266 1555 die
1305 1521 1536 1562 veröffentlichten
1573 1521 1672 1561 Briefe
1708 1522 1756 1554 der
1792 1521 1985 1564 französischen

1054 1567 1273 1609 Gesandtschaft,
1297 1568 1419 1599 woraus
1441 1566 1612 1607 hcrvorgeht,
1642 1564 1700 1606 daß
1729 1566 1777 1598 der
1800 1566 1897 1607 Kaiser
1920 1567 1986 1609 noch

1053 1614 1121 1653 nach
1145 1613 1204 1645 dem
1229 1609 1386 1652 Empfange
1409 1611 1457 1643 der
1480 1608 1684 1652 Lessines'schen
1706 1609 1848 1650 Brochure
1871 1610 1914 1644 bei
1939 1611 1986 1645 der

1055 1654 1263 1697 Gesandtschaft
1297 1657 1352 1688 das
1382 1655 1528 1697 Begehren
1558 1663 1608 1688 um
1638 1654 1808 1697 Aufschlüsse
1842 1656 1911 1689 über
1945 1657 1987 1690 die

1056 1700 1270 1744 Persönlichkeit
1302 1701 1359 1733 und
1388 1699 1490 1741 soziale
1514 1699 1651 1742 Stellung
1675 1699 1794 1741 Lessincs
1824 1701 1986 1744 wiederholt

1055 1750 1203 1779 erneuerte.
1252 1745 1309 1779 Ein
1334 1745 1507 1787 kläglicheres
1530 1743 1664 1787 Zeugniß
1696 1746 1767 1778 kann
1802 1748 1834 1778 es
1864 1745 1913 1787 für
1943 1746 1986 1780 die

1056 1791 1168 1829 Politik
1188 1792 1238 1824 des
1261 1789 1445 1832 Kaiserreichs
1475 1789 1546 1831 nicht
1572 1789 1656 1833 geben
1687 1790 1734 1824 als
1758 1790 1827 1833 diese
1849 1790 1984 1834 Lessines-

1055 1836 1174 1878 Affaire.

1123 1890 1254 1923 Admiral
1279 1888 1430 1931 Gueydon,
1456 1888 1710 1930 Civilgouverneur
1731 1890 1789 1922 von
1813 1890 1983 1932 Algier,

1052 1933 1097 1974 ist,
1129 1936 1181 1968 wie
1211 1934 1397 1976 telegraphisch
1431 1933 1508 1975 schon
1539 1935 1677 1975 gemeldet,
1708 1934 1810 1967 wieder
1832 1943 1888 1968 von
1912 1935 1984 1968 Ver¬

1053 1979 1150 2020 sailles
1173 1979 1222 2020 auf
1244 1979 1333 2021 seinen
1358 1978 1463 2020 Posten
1485 1978 1572 2020 dahin
1595 1979 1743 2021 abgereist.
1791 1979 1851 2013 Die
1873 1979 1985 2021 schönen

1053 2024 1241 2067 Hoffnungen
1272 2024 1348 2062 aber,
1380 2024 1422 2056 die
1453 2032 1521 2056 man
1553 2032 1590 2056 an
1622 2023 1709 2063 seinen
1732 2024 1847 2057 Namen
1877 2024 1987 2066 knüpfte

1052 2071 1111 2103 und
1135 2070 1177 2103 die
1192 2069 1274 2103 darin
1292 2068 1446 2111 bestanden,
1471 2069 1515 2101 die
1532 2068 1663 2102 Militär
1670 2069 1816 2102 Autorität
1839 2070 1869 2103 in
1886 2070 1986 2113 Algier

1053 2116 1193 2156 nunmehr
1223 2115 1303 2154 durch
1336 2114 1377 2147 die
1398 2113 1645 2156 Zivil-Autorität
1675 2114 1817 2154 entthront
1841 2124 1875 2156 zu
1898 2115 1982 2157 sehen,

1054 2158 1171 2200 scheinen
1194 2159 1223 2192 in
1248 2160 1335 2202 Folge
1358 2160 1403 2192 der
1428 2158 1657 2202 diesbezüglichen
1682 2159 1712 2192 in
1728 2159 1884 2199 Versailles
1907 2160 1983 2202 statt-

1054 2204 1188 2245 gehabtcn
1204 2203 1402 2246 Berathungen
1427 2204 1495 2237 über
1518 2204 1560 2237 die
1582 2204 1824 2246 Reorganisation
1848 2205 1895 2238 der
1912 2205 1984 2239 Ver¬

1055 2251 1185 2291 waltung
1206 2250 1308 2282 wieder
1330 2259 1364 2291 zu
1386 2249 1548 2290 schwinden.
1587 2248 1653 2282 Wie
1669 2255 1715 2282 der
1733 2250 1870 2291 „Siecle"
1889 2250 1986 2293 wissen

1055 2294 1126 2335 will,
1153 2294 1258 2327 bleiben
1280 2294 1322 2327 die
1336 2297 1499 2327 erwarteten
1516 2293 1667 2335 Reformen
1684 2294 1849 2336 einstweilen
1864 2299 1983 2338 vertagt,

1054 2339 1121 2372 weil
1152 2339 1193 2372 die
1216 2339 1389 2382 Negierung,
1422 2341 1474 2372 den
1498 2338 1730 2381 Einwendungen
1754 2339 1830 2373 Mac
1846 2340 1983 2382 Mahons

1054 2382 1154 2424 Gehör
1188 2384 1302 2426 gebend,
1347 2385 1426 2424 durch
1470 2384 1513 2416 die
1546 2383 1682 2426 -sofortige
1705 2383 1903 2427 -Einführung
1913 2397 1918 2402 '
1937 2386 1987 2419 der

1054 2426 1296 2461 Cioil-Autorität
1319 2428 1347 2461 in
1372 2429 1420 2461 den
1446 2427 1638 2471 afrikanischen
1653 2429 1794 2462 Kolonien
1818 2430 1862 2463 die
1886 2431 1986 2464 Armee

1053 2481 1087 2514 zu
1112 2473 1296 2515 mißstimmen
1319 2473 1473 2515 befürchtet.

1124 2527 1341 2570 Englische
1370 2527 1482 2561 Blätter
1511 2529 1667 2569 erwähnten
1697 2528 1791 2570 jüngst
1820 2529 1897 2562 eines
1929 2530 1986 2563 viel

1052 2572 1227 2605 verbreiteten
1244 2572 1395 2612 Gerüchtes
1417 2582 1475 2606 von
1490 2572 1564 2605 einer
1579 2573 1985 2617 konservativ-demokratischen

1054 2616 1169 2659 Allianz
1191 2617 1241 2656 auf
1264 2617 1513 2659 sozialpolitischem
1531 2617 1631 2652 Gebiet
1653 2618 1778 2660 zwischen
1794 2619 1984 2661 Mitgliedern

1054 2660 1101 2694 der
1125 2662 1297 2704 Torypartei
1328 2664 1385 2696 und
1414 2662 1545 2705 Führern
1575 2664 1624 2696 der
1655 2664 1791 2697 Arbeiter.
1838 2664 1984 2706 Während

1055 2705 1103 2739 der
1141 2707 1319 2749 „Observer"
1364 2717 1417 2740 nur
1462 2717 1519 2740 von
1557 2708 1750 2751 diesbezüglich
1786 2708 1984 2751 stattgehabten

1054 2752 1322 2795 Unterhandlungen
1346 2752 1442 2794 wissen
1466 2753 1567 2794 wollte,
1592 2753 1659 2786 aber
1681 2755 1731 2786 den
1747 2753 1886 2796 Abschluß
1911 2756 1984 2789 einer

1054 2796 1170 2840 Allianz
1194 2797 1373 2840 bezweifelte,
1402 2797 1486 2840 suchte
1512 2798 1627 2840 „Daily
1651 2798 1761 2832 News"
1788 2809 1821 2841 zu
1844 2799 1983 2842 beweisen,

1053 2841 1109 2882 daß
1151 2844 1199 2875 der
1233 2842 1326 2884 Sache
1368 2843 1440 2885 jeder
1474 2843 1606 2885 politische
1642 2843 1836 2886 Hintergrund
1871 2845 1983 2888 abgehe.

1054 2885 1164 2928 Ebenso
1196 2887 1301 2920 betonte
1336 2888 1383 2921 der
1415 2888 1532 2930 „Daily
1568 2889 1764 2931 Telegraph",
1809 2889 1866 2931 daß
1900 2890 1985 2933 dieses

1054 2930 1195 2972 Bündniß
1218 2933 1269 2965 mit
1293 2934 1341 2965 der
1358 2933 1556 2973 Parteipolilik
1577 2934 1664 2974 nichts
1687 2944 1721 2976 zu
1743 2935 1813 2976 thun
1837 2935 1905 2977 habe
1925 2937 1985 2969 und

1052 2976 1100 3019 sich
1125 2978 1246 3020 lediglich
1270 2978 1375 3020 darauf
1396 2978 1567 3021 beschränke,
1596 2980 1642 3012 die
1664 2979 1854 3021 Siaatshülfe
1884 2981 1915 3014 in
1936 2984 1986 3014 der

1052 3020 1170 3064 sozialen
1203 3023 1294 3066 Frage
1328 3033 1362 3065 zu
1392 3025 1543 3057 erweitern.
1591 3024 1652 3058 Ein
1681 3025 1804 3067 heutiges
1836 3025 1985 3060 Londoner

1052 3065 1228 3109 Telegramm
1262 3068 1361 3102 ineldet
1391 3079 1470 3110 nun,
1505 3069 1561 3110 daß
1591 3070 1713 3112 mehrere
1735 3070 1904 3113 Mitglieder
1935 3072 1985 3105 der

1052 3111 1220 3155 Torypartei
1245 3114 1286 3146 die
1311 3113 1453 3155 Nachricht
1477 3115 1660 3155 dementiren,
1696 3115 1752 3156 daß
1784 3115 1818 3157 sie
1850 3116 1901 3149 mit
1932 3117 1984 3150 den

1053 3156 1211 3191 Vertretern
1247 3160 1294 3191 der
1319 3158 1550 3200 Arbeiterklassen
1582 3160 1625 3193 ein
1651 3160 1791 3200 Bündniß
1823 3160 1984 3203 geschlossen

1051 3202 1149 3243 haben.
1199 3203 1299 3242 Dieses
1324 3204 1457 3237 Dementi
1488 3205 1594 3246 schließt
1624 3205 1707 3244 indeß
1730 3205 1799 3247 nicht
1821 3209 1894 3247 aus,
1927 3208 1984 3248 daß

1051 3247 1319 3291 Unterhandlungen
1337 3248 1548 3291 stattgefunden,
1574 3250 1622 3290 die,
1642 3251 1693 3283 wie
1710 3251 1842 3292 gemeldet
1857 3252 1982 3293 worden,

1049 3292 1103 3326 das
1128 3294 1268 3336 praklische
1293 3293 1437 3337 Ergebniß
1473 3295 1581 3337 hatten,
1616 3295 1673 3337 daß
1705 3305 1771 3329 man
1802 3296 1850 3338 sich
1881 3297 1983 3331 bereits

2047 974 2118 1008 über
2147 982 2238 1017 genau
2269 972 2400 1016 redigirte
2430 971 2599 1016 Vorschläge
2628 982 2664 1016 zu
2694 972 2827 1015 Gunsten
2856 972 2903 1006 der
2931 971 2988 1006 Ar¬

2047 1019 2133 1053 beiter
2153 1017 2349 1062 verständigte,
2373 1017 2417 1051 die
2439 1018 2502 1052 dem
2519 1017 2691 1060 Parlament
2713 1018 2857 1061 vorgelegt
2878 1017 2990 1051 werden

2047 1064 2143 1108 sollen.

2114 1118 2163 1161 In
2197 1117 2404 1160 München
2436 1115 2473 1159 ist
2502 1126 2551 1151 am
2581 1117 2716 1161 Montag
2749 1118 2800 1151 der
2831 1114 2987 1159 bayerische

2046 1162 2177 1206 Landtag
2209 1172 2305 1206 wegen
2341 1163 2388 1197 der
2413 1161 2581 1205 Eröffnung
2613 1163 2664 1196 des
2694 1162 2833 1205 deutschen
2868 1160 2988 1203 Reichs¬

2050 1209 2224 1248 parlaments
2247 1211 2359 1251 vertagt
2381 1208 2508 1242 worden.
2547 1207 2638 1242 Wäre
2662 1207 2721 1241 dies
2744 1208 2815 1250 nicht
2837 1206 2988 1250 geschehen,

2048 1252 2078 1293 so
2101 1253 2208 1294 würde,
2241 1254 2296 1287 wie
2319 1262 2387 1287 man
2411 1253 2460 1286 der
2494 1253 2595 1296 „Allg.
2618 1252 2711 1296 Ztg."
2749 1256 2807 1287 aus
2841 1251 2991 1293 München

2050 1296 2170 1339 schreibt,
2200 1297 2241 1330 die
2264 1297 2433 1340 patriotische
2459 1297 2578 1340 Partei,
2616 1297 2669 1340 auf
2691 1297 2733 1331 die
2756 1297 2990 1340 Beantwortung

2049 1342 2099 1375 der
2123 1342 2281 1384 Herrschen
2304 1342 2532 1385 Interpellation
2564 1351 2623 1377 von
2660 1343 2744 1377 Seite
2778 1343 2828 1377 des
2863 1342 2991 1377 Staats¬

2048 1386 2256 1429 ministeriums
2281 1387 2310 1420 in
2346 1388 2394 1420 der
2416 1388 2552 1422 Kammer
2574 1389 2630 1422 den
2655 1388 2770 1431 Antrag
2793 1387 2844 1430 auf
2866 1387 2909 1421 die
2933 1385 2990 1421 Er¬

2048 1431 2165 1475 lassung
2200 1432 2275 1465 einer
2310 1431 2424 1474 Adresse
2458 1441 2497 1465 an
2531 1434 2583 1467 den
2615 1433 2714 1476 König
2748 1433 2855 1476 gestellt
2888 1431 2990 1474 haben.

2051 1477 2209 1519 Darüber,
2239 1479 2307 1511 was
2332 1486 2393 1510 nun
2415 1477 2481 1519 nach
2503 1478 2562 1511 dem
2586 1477 2924 1521 Wiederzusammentritt
2944 1477 2993 1512 der

2050 1522 2187 1556 Kamrner
2221 1521 2270 1563 für
2305 1521 2433 1563 Schritte
2464 1522 2494 1555 in
2528 1522 2610 1565 dieser
2643 1523 2861 1566 Angelegenheit
2891 1522 2992 1565 gethan

2051 1567 2164 1600 werden
2186 1566 2289 1608 sollen,
2326 1566 2363 1610 sei
2397 1575 2467 1600 man
2500 1568 2678 1610 vorderhand
2711 1569 2779 1611 noch
2810 1568 2882 1611 nicht
2904 1567 2992 1611 einig.

2054 1610 2162 1654 Gewiß
2185 1612 2250 1645 aber
2274 1611 2318 1654 ist,
2345 1611 2400 1654 daß
2424 1611 2468 1645 die
2490 1612 2673 1653 ministerielle
2696 1613 2832 1648 Antwort
2850 1614 2902 1648 dm
2925 1611 2991 1655 Pa¬

2049 1658 2154 1690 trioten
2176 1656 2275 1699 schwer
2298 1655 2351 1699 auf
2373 1657 2435 1690 dem
2460 1656 2575 1700 Magen
2599 1657 2667 1700 liegt
2700 1659 2759 1692 und
2793 1659 2851 1699 daß
2881 1658 2917 1701 sie
2939 1657 2991 1702 sich

2049 1701 2136 1744 dieses
2160 1702 2287 1735 Druckes
2310 1701 2337 1744 je
2361 1702 2424 1745 eher
2445 1701 2474 1744 je
2496 1702 2581 1736 lieber
2605 1703 2778 1745 entledigten.
2815 1704 2876 1738 Die
2897 1702 2992 1737 ultra¬

2048 1750 2186 1780 montane
2211 1747 2422 1790 „Donauztg."
2448 1746 2561 1789 erklärt,
2589 1748 2639 1781 der
2662 1747 2757 1790 Bruch
2781 1749 2907 1792 zwischen
2928 1748 2992 1783 dem

2049 1791 2247 1830 Ministerium
2280 1792 2340 1826 und
2363 1791 2448 1835 dieser
2473 1791 2575 1835 Partei
2607 1792 2643 1835 sei
2677 1794 2815 1836 nunmehr
2848 1794 2893 1828 ein
2914 1794 2989 1828 voll¬

2047 1836 2198 1880 ständiger.

2115 1891 2164 1933 In
2198 1892 2243 1924 der
2277 1891 2293 1925 ö
2307 1890 2329 1932 st
2342 1901 2356 1924 e
2366 1901 2381 1923 r
2393 1901 2408 1924 r
2420 1901 2432 1924 e
2444 1891 2454 1924 i
2467 1891 2493 1934 ch
2506 1892 2516 1925 i
2528 1891 2540 1934 s
2553 1892 2578 1934 ch
2590 1901 2605 1926 e
2618 1901 2638 1926 n
2661 1892 2921 1936 Verfassungskrise
2955 1893 2990 1938 ist

2051 1936 2259 1978 augenblicklich
2285 1936 2345 1969 eine
2368 1935 2465 1978 Pause
2488 1937 2662 1979 eingetreten,
2699 1937 2794 1971 indem
2818 1938 2859 1971 die
2882 1938 2991 1973 Beant¬

2050 1984 2186 2023 wortung
2209 1982 2253 2014 der
2278 1980 2433 2023 czechischen
2449 1981 2564 2024 Adresse
2578 1983 2708 2025 dadurch,
2733 1983 2791 2026 daß
2814 1983 2858 2017 die
2880 1982 2991 2026 böhmi¬

2049 2024 2121 2068 schen
2146 2025 2474 2068 Ausgleichsvorschläge
2503 2035 2591 2069 zuvor
2623 2028 2688 2070 noch
2711 2028 2786 2061 einer
2809 2028 2991 2071 einläßlichm

2048 2071 2107 2104 und
2131 2070 2322 2113 umfassenden
2347 2070 2489 2113 Prüfung
2518 2072 2577 2105 und
2601 2071 2788 2116 Würdigung
2810 2073 2992 2109 unterbreitet

2048 2116 2159 2149 werden
2181 2116 2278 2159 sollen,
2304 2116 2446 2158 verzögert
2470 2117 2575 2150 wurde.
2601 2117 2680 2160 Nach
2703 2118 2748 2151 der
2763 2118 2826 2160 „N.
2838 2118 2891 2162 Fr.
2909 2118 2990 2160 Pr."

2048 2161 2126 2194 wäre
2150 2161 2189 2194 im
2206 2160 2407 2203 Ministerium
2430 2160 2490 2194 eine
2506 2162 2720 2206 Schwankung,
2745 2163 2812 2197 aber
2834 2164 2901 2206 noch
2916 2164 2992 2199 keine

2049 2205 2204 2248 Wendung
2229 2207 2402 2248 eingetreten.
2449 2205 2530 2240 Vom
2555 2207 2691 2241 Rücktritt
2721 2208 2928 2251 Hohemvart's
2950 2208 2988 2251 sei

2048 2251 2122 2284 keine
2147 2251 2234 2292 Rede,
2256 2250 2337 2293 wohl
2361 2250 2427 2284 aber
2448 2259 2506 2285 von
2523 2252 2764 2296 einermöglichen
2780 2253 2988 2296 Modifikation

2048 2295 2140 2339 seines
2164 2295 2394 2339 Ministeriums.

2286 2394 2746 2449 Eidgenossenschaft

2111 2490 2150 2522 —
2171 2490 2552 2529 Bundesrevision.
2586 2492 2671 2524 Ueber
2685 2492 2725 2524 die
2747 2493 2811 2526 vom
2833 2493 2993 2527 Grütli-

2049 2531 2175 2562 verein
2206 2531 2235 2562 in
2254 2530 2384 2570 Zürich
2413 2533 2599 2570 veranstaltete
2630 2533 2841 2574 Versammlung
2870 2534 2992 2575 berichtet

2049 2571 2095 2602 der
2119 2571 2302 2609 „Landbote",
2325 2572 2379 2612 daß
2399 2572 2510 2610 dieselbe
2531 2573 2570 2604 im
2591 2572 2781 2613 Allgemeinen
2802 2575 2852 2606 den
2868 2574 2991 2615 Charak¬

2049 2615 2089 2643 ter
2117 2613 2162 2643 der
2191 2612 2351 2653 gleichzeitig
2381 2612 2410 2644 in
2432 2612 2537 2645 andern
2560 2613 2683 2645 Städten
2707 2615 2899 2655 abgehaltenen
2921 2616 2989 2649 Ver¬

2049 2652 2236 2692 sammlungen
2249 2652 2334 2691 dieses
2350 2652 2468 2684 Vereins
2486 2653 2568 2694 hatte.
2597 2654 2654 2692 Im
2668 2654 2864 2695 Wesentlichen
2877 2657 2987 2690 wurdm

2048 2685 2090 2724 die
2122 2693 2293 2734 vorgelegten
2325 2693 2465 2731 Postulate
2498 2704 2706 2735 angenommen.
2754 2695 2825 2727 Das
2858 2696 2987 2737 Postulat

2048 2733 2191 2772 betreffend
2224 2734 2262 2765 die
2295 2733 2419 2773 Zivilehe
2449 2734 2542 2766 wurde
2571 2736 2634 2767 aber
2665 2735 2750 2773 dahin
2783 2738 2900 2777 ergänzt,
2931 2737 2986 2778 daß

2048 2774 2226 2812 ausdrücklich
2260 2774 2304 2806 die
2335 2775 2571 2816 Unabhängigkeit
2601 2776 2650 2807 des
2683 2777 2797 2817 Rechtes
2832 2786 2881 2817 zur
2912 2776 2985 2817 Ehe¬

2047 2814 2197 2855 schließung
2222 2825 2272 2846 von
2295 2814 2346 2846 den
2369 2815 2734 2857 Vermögensoerhältniffen
2762 2818 2819 2848 und
2847 2817 2888 2849 die
2915 2818 2987 2851 obli¬

2047 2855 2191 2895 gatorische
2213 2855 2337 2895 Zivilehe
2364 2856 2499 2896 gefordert
2523 2857 2602 2888 wird.
2646 2857 2827 2897 Rückstchtlich
2859 2858 2904 2890 der
2932 2848 2987 2893 daS

2048 2888 2309 2936 Erziehungswesen
2337 2896 2516 2935 betreffenden
2544 2897 2634 2938 Frage
2661 2898 2741 2935 stellte
2770 2899 2817 2937 sich
2845 2898 2889 2930 die
2919 2899 2989 2933 Ver¬

2048 2936 2200 2976 sammlung
2229 2937 2273 2975 auf
2295 2937 2346 2968 den
2369 2937 2555 2978 gemäßigtem
2578 2938 2756 2978 Standpunkt
2781 2939 2829 2970 der
2854 2939 2985 2980 schweize¬

2046 2977 2145 3016 rischen
2164 2976 2475 3019 Lehreroersammlung,
2505 2978 2557 3009 mit
2576 2978 2727 3019 Betonung
2754 2979 2805 3010 deS
2833 2982 2985 3021 unentgelt¬

2047 3017 2128 3057 lichen
2148 3017 2204 3049 und
2227 3018 2451 3059 obligatorischen
2473 3017 2846 3059 Primarschulunterrichtes,
2877 3022 2933 3053 und
2953 3022 2986 3055 in

2047 3058 2139 3098 Bezug
2168 3058 2217 3097 auf
2244 3059 2285 3090 die
2315 3058 2643 3100 Auswanderungsfrage
2675 3060 2768 3091 wurde
2799 3061 2842 3092 die
2871 3050 2983 3100 Formü

2049 3097 2269 3138 „Organisation
2291 3099 2338 3130 der
2354 3099 2587 3140 Auswanderung
2601 3099 2682 3139 durch
2706 3101 2755 3131 den
2769 3100 2875 3133 Bund"
2898 3102 2983 3142 dahin

2047 3139 2217 3179 abgeändert,
2245 3140 2299 3178 daß
2328 3139 2388 3171 dem
2408 3139 2492 3170 Bund
2521 3148 2578 3170 nur
2604 3140 2648 3171 die
2672 3141 2907 3184 „Überwachung
2933 3143 2983 3176 des

2049 3180 2400 3218 Auswanderungswesens
2421 3179 2475 3210 und
2498 3180 2539 3212 die
2555 3181 2761 3222 Unterstützung
2783 3183 2880 3222 solider
2900 3183 2988 3217 Kolo¬

2048 3220 2320 3261 nisationsprojekte"
2343 3219 2444 3260 zufiele.

2107 3287 2147 3293 —
2170 3271 2246 3302 Aus
2266 3269 2338 3302 dem
2362 3269 2479 3302 Bund
2493 3272 2656 3312 eSrath,
2677 3272 2800 3313 Sitzung
2814 3282 2841 3304 v.
2858 3274 2907 3305 18.
2921 3272 2990 3308 Okt.

2047 3310 2110 3343 Ter
2131 3311 2272 3351 schweizer.
2303 3309 2465 3349 Konsul
2497 3311 2528 3343 in
2560 3311 2696 3351 Havre
2728 3316 2818 3344 warnt
2847 3313 2989 3355 schweizer.

365 3446 536 3498 /emlirtou
566 3449 681 3488 1871.

327 3621 465 3656 Pariser
483 3620 711 3658 Herbstbrirfe.

108 3672 243 3701 Moden
263 3667 335 3696 und
355 3667 520 3702 Verkehr.
540 3667 830 3702 Verschwindende
849 3670 986 3704 Spuren

53 3712 113 3740 der
132 3707 430 3746 SchreckenSzeit.
468 3708 546 3735 Das
565 3707 665 3742 Geld.
703 3709 806 3744 (Koir.)
837 3719 896 3737 -cc-
933 3711 986 3738 Der

53 3752 151 3781 Monat
169 3751 278 3781 Oktober
306 3748 333 3779 ist
362 3747 498 3782 vorzüglich
526 3747 565 3775 der
585 3748 684 3777 Monat
700 3749 743 3777 des
764 3750 984 3786 ModegeschäfleS,

51 3794 103 3821 und
124 3802 195 3822 wenn
214 3792 245 3827 ich
265 3790 293 3817 in
312 3789 366 3816 dem
380 3788 469 3815 Artikel
487 3788 650 3817 bewanderter
670 3790 741 3823 wäre,
762 3790 849 3818 könnte
869 3792 901 3826 ich
919 3791 985 3825 Ihre

52 3831 194 3866 Leserinnen
214 3830 372 3864 unterhalten
391 3829 438 3855 mit
455 3828 497 3856 der
516 3828 676 3866 Auszählung
702 3831 767 3858 einer
795 3831 910 3866 hübschen
931 3833 985 3860 An¬

49 3874 106 3908 zahl
124 3883 199 3903 neuer
217 3871 306 3902 Roben
326 3869 378 3897 und
396 3868 608 3903 Kleiderformen,
631 3871 714 3906 welche
732 3872 803 3906 heute
820 3872 846 3899 in
868 3871 907 3899 der
924 3872 983 3900 viel¬

48 3915 180 3948 geprüften
197 3910 347 3950 Hauptstadt
367 3909 408 3937 der
427 3909 532 3941 Moden,
553 3913 610 3944 kotz
629 3911 669 3939 der
689 3912 852 3948 ungünstigen
872 3912 983 3947 Zeitoer-

16 3959 21 3994 |
48 3953 180 3989 hältnisse,
208 3956 256 3982 daS
277 3951 339 3986 Licht
364 3951 404 3976 der
422 3949 487 3977 Welt
515 3950 603 3977 erblickt
623 3952 700 3985 haben
720 3967 753 3971 —
773 3960 855 3987 genau
883 3953 928 3980 wie
955 3953 982 3980 in

51 3994 156 4024 anderen
174 3993 338 4032 glücklicheren
356 3990 463 4025 Jahren.
500 3991 552 4021 Auf
577 3991 625 4019 den
642 3993 834 4026 Promenaden,
863 3993 890 4021 in
916 3994 982 4021 allen

54 4030 182 4071 Auslagen
210 4037 250 4063 der
278 4031 398 4069 zahllosen
426 4030 642 4066 Etablissements,
678 4033 853 4069 Nachmittags
882 4034 908 4061 in
936 4036 982 4062 den

51 4072 137 4102 «»der
154 4076 214 4109 stark
231 4074 383 4103 bevölkerten
402 4070 516 4104 ChampS
536 4071 647 4106 ElyfeeS,
677 4072 704 4100 in
721 4073 768 4101 den
788 4074 909 4109 Theatern
927 4075 982 4102 und

51 4109 81 4137 in
98 4112 142 4141 den
159 4114 357 4151 Prioatzirkeln:
384 4111 550 4145 allenthalben
576 4112 638 4146 stößt
665 4120 725 4141 man
752 4114 797 4145 auf
825 4114 983 4150 Erzeugnisse

8 4140 11 4180 !
50 4150 94 4178 der
113 4157 218 4191 neuesten
245 4155 300 4184 und
328 4151 497 4183 allerneuesten
516 4151 605 4180 Mode.
641 4154 712 4181 Man
739 4154 804 4182 kann
832 4156 890 4183 aber
917 4155 981 4190 nicht

48 4193 138 4228 gerade
163 4202 212 4225 aus
239 4197 315 4229 dieser
342 4193 506 4228 Erscheinung
531 4192 600 4221 «inen
629 4195 725 4229 Schluß
753 4195 834 4230 ziehen
862 4196 907 4227 aus
934 4196 981 4224 den

47 4231 304 4273 wiederenoachenden
317 4234 447 4270 Leichtsinn
466 4233 507 4261 der
520 4233 628 4269 Pariser,
646 4236 711 4263 denn
724 4237 792 4271 mehr
811 4238 852 4264 als
872 4236 900 4264 in
918 4237 982 4269 jeder

46 4273 156 4301 anderen
169 4276 247 4307 Stadt
266 4279 309 4307 der
321 4276 388 4304 Welt
406 4274 433 4308 ist
452 4273 479 4301 in
492 4274 569 4308 Paris
589 4274 628 4304 die
640 4276 720 4304 Mode
733 4291 768 4296 —
781 4276 904 4312 Geschäft.
921 4277 981 4305 Rur

46 4313 88 4342 ein
118 4313 297 4355 Eingeweihter
325 4318 412 4345 könnte
439 4318 492 4343 uns
518 4323 540 4350 z.
559 4316 592 4343 B.
611 4318 750 4351 andeuten,
780 4318 901 4352 welche
926 4318 981 4346 und

44 4353 111 4384 wie
130 4355 222 4385 viele
238 4367 290 4387 von
310 4359 357 4386 den
376 4358 500 4392 eleganten
520 4356 739 4394 Spaziergängern
757 4358 811 4386 und
823 4359 935 4394 Fahrern
953 4359 980 4386 in

42 4396 93 4424 den
122 4394 237 4430 Chamo»
270 4399 373 4434 Elysr-S
399 4405 450 4425 nur
476 4396 668 4432 umh-rflanirrn
696 4398 748 4426 und
779 4398 909 4433 kulschiren
937 4399 981 4427 im

39 4437 234 4472 Interesse
250 4438 314 4467 des
334 4437 565 4473 Geschäftes,
586 4439 641 4466 und
658 4447 732 4467 wenn
750 4440 838 4475 Ihnen
856 4444 921 4468 etwa
939 4440 979 4468 ein

40 4477 166 4513 eleganter
183 4478 247 4514 Herr
264 4479 292 4507 in
320 4480 398 4508 einem
416 4478 574 4512 sunkelneuen
593 4478 815 4516 Herdstübeizieher
832 4480 885 4508 eine
902 4481 980 4510 Karte

39 4518 70 4547 in
88 4517 127 4547 di«
143 4518 221 4555 Hand
239 4519 336 4554 drückt,
363 4520 410 4555 auf
435 4520 533 4555 welcher
559 4523 622 4549 etwa
639 4521 677 4550 die
695 4521 844 4558 beifolgend«
862 4521 980 4551 Reklame

1053 3391 1082 3418 zu
1096 3384 1157 3415 lesen
1177 3385 1219 3416 ist:
1240 3386 1264 3412 A
1283 3386 1293 3412 1
1303 3385 1310 3412 ’
1322 3386 1455 3413 Union
1475 3386 1542 3413 des
1562 3386 1790 3415 Nations23
1804 3388 1885 3415 Boul.
1904 3389 1987 3416 Pois-

1054 3425 1186 3452 sonni&re
1205 3425 1257 3460 23,
1284 3426 1484 3453 Manuf<ictare
1503 3425 1730 3454 d'Habilements
1757 3436 1831 3463 pour
1853 3429 1985 3456 llommes

1053 3467 1082 3491 et
1109 3466 1238 3494 Femtnes
1251 3486 1259 3500 ,
1286 3468 1365 3494 Beule
1396 3468 1506 3494 maison
1535 3468 1662 3495 vendant
1678 3467 1696 3494 ä
1713 3468 1811 3494 moitiC
1833 3469 1898 3504 prix
1911 3489 1918 3496 .
1933 3488 1985 3497 ...

1052 3505 1120 3532 dann
1141 3507 1259 3541 brauchen
1274 3507 1323 3534 Sie
1342 3507 1384 3541 sich
1404 3515 1448 3542 gar
1469 3508 1530 3541 nicht
1550 3515 1579 3542 zu
1591 3510 1729 3542 wundern;
1747 3508 1811 3535 denn
1824 3508 1865 3536 der
1878 3510 1985 3544 elegante

1050 3545 1126 3582 junge
1145 3547 1209 3582 Herr
1225 3547 1251 3576 ist
1271 3549 1390 3575 entweder
1408 3549 1448 3575 der
1469 3548 1645 3583 Eigenlhümer
1664 3548 1721 3576 oder
1739 3549 1779 3576 der
1798 3549 1852 3581 erste
1864 3550 1983 3578 Kommis

1052 3586 1077 3613 in
1095 3590 1150 3615 dem
1170 3588 1293 3622 Geschäfte
1324 3597 1369 3624 „zu
1389 3589 1431 3616 den
1452 3589 1604 3625 vereinigten
1624 3589 1779 3618 Nationen".
1816 3590 1869 3618 Wie
1888 3599 1928 3624 er,
1958 3592 1983 3625 so

1050 3627 1133 3663 wissen
1161 3630 1218 3664 noch
1237 3630 1363 3665 Hunderte
1391 3638 1440 3658 von
1461 3630 1507 3658 den
1536 3630 1632 3665 schönen
1654 3631 1900 3667 Toilette-Trägern
1929 3633 1982 3660 und

1051 3668 1223 3705 Trägerinnen
1241 3672 1288 3697 das
1309 3671 1465 3706 Angenehme
1483 3671 1528 3698 mit
1547 3671 1601 3700 dem
1621 3672 1758 3707 Nützlichen
1779 3680 1809 3707 zu
1828 3673 1980 3708 verbinden;

1050 3717 1097 3737 nur
1117 3711 1214 3745 machen
1234 3711 1265 3745 sie
1284 3714 1312 3739 eS
1331 3711 1393 3746 nicht
1413 3712 1462 3739 alle
1480 3712 1506 3739 in
1526 3712 1550 3745 so
1569 3712 1733 3747 auffallender
1744 3713 1796 3741 und
1808 3713 1981 3748 zudringlicher

1049 3750 1134 3783 Weise.

1101 3791 1143 3819 ES
1161 3791 1189 3820 ist
1209 3791 1279 3827 sogar
1296 3800 1327 3827 zu
1346 3792 1468 3824 erkennen,
1490 3793 1537 3827 daß
1556 3792 1597 3821 der
1614 3793 1715 3828 Pariser
1734 3793 1980 3822 Mode-Commerce

1048 3830 1075 3859 in
1092 3831 1182 3866 diesem
1201 3833 1279 3867 Jahre
1297 3832 1399 3868 größere
1416 3833 1619 3869 Anstrengungen
1650 3834 1743 3869 macht,
1771 3835 1813 3861 alS
1837 3834 1866 3861 in
1892 3834 1979 3870 irgend

1047 3871 1124 3900 einem
1144 3880 1399 3908 vorangegangenen;
1429 3873 1496 3901 denn
1514 3877 1541 3901 eS
1560 3874 1587 3908 ist
1600 3874 1652 3908 ihm
1666 3874 1753 3901 darum
1771 3881 1801 3908 zu
1821 3874 1901 3908 thun,
1930 3874 1978 3908 sein

1047 3911 1133 3945 schwer
1152 3914 1276 3947 bedrohtes
1296 3913 1406 3949 Prestige
1423 3913 1451 3941 in
1471 3914 1575 3949 Europa
1594 3914 1680 3941 wieder
1705 3921 1738 3948 zu
1755 3914 1893 3949 gewinnen.
1928 3915 1979 3949 Im

1046 3953 1144 3988 Herbste
1172 3954 1250 3985 stellen
1281 3954 1323 3987 sich
1353 3954 1377 3981 in
1400 3955 1479 3988 Paris
1504 3955 1541 3982 die
1560 3957 1672 3990 Agenten
1689 3954 1742 3982 und
1761 3954 1917 3989 Agentinnen
1936 3955 1978 3983 der

1046 3993 1154 4026 fremden
1174 3994 1385 4030 Modengeschäfte
1403 3996 1457 4027 ein,
1479 3999 1529 4023 aus
1550 3995 1683 4031 England,
1704 3998 1755 4022 auS
1773 3994 1900 4029 Amerika,
1926 4000 1977 4025 aus

1044 4034 1157 4069 Holland
1185 4036 1236 4063 und
1265 4036 1369 4072 Belgien
1390 4037 1440 4064 und
1459 4038 1519 4071 auch
1539 4037 1625 4065 wieder
1644 4039 1693 4064 auS
1713 4036 1896 4070 Deutschland,
1926 4041 1977 4066 auS

1047 4081 1086 4102 der
1104 4076 1216 4111 Schweiz
1233 4077 1285 4104 und
1303 4080 1354 4104 aus
1367 4078 1464 4112 Italien
1485 4077 1537 4105 und
1556 4080 1605 4105 auS
1618 4077 1741 4109 Rußland
1754 4077 1806 4105 und
1820 4077 1977 4108 Rumänien.

1045 4115 1098 4144 Alle
1117 4117 1178 4150 diese
1196 4116 1266 4145 Leute
1285 4118 1374 4145 wollen
1392 4118 1449 4153 reich
1463 4118 1564 4146 beladen
1584 4118 1628 4145 mit
1648 4118 1692 4145 den
1711 4117 1822 4151 neuesten
1834 4118 1977 4153 Produkten

1044 4157 1089 4185 deS
1108 4158 1209 4192 Pariser
1227 4158 1392 4193 GeschmackeS
1410 4159 1436 4187 in
1455 4159 1508 4195 ihre
1519 4158 1620 4193 Heimat
1640 4158 1758 4192 entlassen
1775 4159 1881 4187 werden.
1917 4160 1977 4188 Von

1045 4196 1135 4233 solchen
1154 4198 1269 4226 Kennern
1289 4198 1345 4233 hört
1363 4207 1422 4226 man
1440 4199 1588 4234 versichern,
1618 4199 1668 4231 daß
1694 4199 1744 4227 da»
1763 4199 1888 4228 Material
1904 4201 1977 4236 heuer

1044 4239 1180 4275 allerdings
1201 4239 1262 4275 nicht
1280 4240 1305 4273 so
1324 4240 1426 4275 reichlich
1444 4240 1590 4275 vorhanden
1607 4240 1638 4275 sei
1657 4240 1702 4268 wie
1721 4240 1748 4268 in
1760 4241 1865 4269 anderen
1877 4242 1976 4277 Zeiten;

1043 4279 1101 4307 aber
1119 4283 1177 4307 wa»
1206 4280 1241 4308 die
1261 4281 1367 4316 Formen
1393 4280 1443 4309 und
1463 4281 1575 4309 Modelle
1594 4282 1747 4317 anbelang«,
1773 4282 1912 4318 überhaupt
1938 4282 1976 4310 die

1045 4328 1142 4354 „neuen
1160 4321 1267 4355 Ideen",
1295 4322 1320 4354 so
1349 4322 1411 4354 leiste
1436 4324 1524 4358 gerade
1552 4322 1579 4351 in
1604 4323 1683 4356 diesen
1707 4323 1824 4356 Punkten
1842 4323 1921 4356 Paris
1947 4323 1975 4351 in

1043 4360 1129 4392 diesem
1148 4362 1244 4397 Herbste
1263 4362 1446 4398 Vorzügliches,
1466 4363 1493 4396 ja
1511 4366 1536 4391 ei
1559 4364 1617 4397 habe
1636 4364 1680 4399 sich
1697 4364 1804 4394 dießmal
1823 4363 1888 4395 selbst
1905 4363 1974 4392 über¬

1043 4401 1143 4435 troffen.
1163 4403 1234 4430 Allen
1253 4403 1354 4435 Respekt
1372 4412 1419 4432 vor
1435 4403 1483 4431 den
1503 4404 1601 4438 Pariser
1616 4404 1751 4435 Künstlern
1761 4404 1770 4431 I
1787 4404 1853 4431 Aber
1870 4406 1900 4431 eS
1910 4404 1975 4433 wird

1042 4442 1114 4470 leider
1133 4443 1223 4470 immer
1240 4443 1310 4471 Leute
1328 4444 1421 4479 geben,
1445 4444 1532 4479 welche
1549 4444 1615 4480 ihren
1634 4444 1789 4476 wundersam
1809 4444 1974 4480 komplizirten

1042 4483 1339 4519 Geschmacksrichtungen
1358 4484 1422 4520 nicht
1438 4492 1471 4519 zu
1491 4484 1572 4520 folgen
1591 4485 1626 4513 im
1646 4484 1749 4513 Stande
1766 4484 1837 4518 find,
1866 4485 1919 4513 und
1937 4485 1976 4514 die

1040 4531 1064 4560 ].
1081 4523 1115 4553 B.
1136 4525 1188 4553 eine
1208 4533 1269 4553 neue
1287 4525 1516 4562 Damenhufform,
1546 4525 1629 4563 welche
1657 4526 1701 4562 sich
1718 4525 1766 4555 wie
1791 4525 1844 4555 eine
1861 4526 1977 4564 englische

2050 3389 2164 3424 Pastete,
2184 3389 2241 3417 aber
2258 3389 2306 3417 mit
2323 3388 2382 3424 zwei
2401 3389 2501 3425 Etagen
2520 3390 2573 3418 und
2591 3390 2639 3418 mit
2657 3390 2735 3418 einem
2753 3390 2848 3419 kleinen
2865 3392 2990 3422 Blumen¬

2049 3433 2144 3466 garten,
2163 3431 2275 3465 aufbaut,
2295 3430 2338 3463 für
2356 3429 2410 3458 eine
2428 3430 2550 3466 harmlose
2571 3431 2746 3465 Monstrosität
2763 3432 2911 3468 anschauen.
2945 3435 2990 3471 Zu

2048 3471 2094 3499 den
2112 3471 2196 3507 Hütm
2223 3470 2328 3505 scheinen
2355 3478 2419 3499 neue
2439 3471 2658 3507 Seibenchignons
2677 3471 2723 3506 „in
2741 3472 2853 3506 Locken",
2871 3474 2918 3503 mit
2936 3476 2990 3510 gol¬

2048 3511 2124 3539 denen
2143 3511 2254 3539 Sternen
2271 3510 2378 3545 bespickt,
2397 3519 2429 3547 zu
2448 3512 2566 3547 gehören,
2586 3511 2669 3546 welche
2687 3514 2814 3549 angethan
2833 3514 2904 3548 find,
2923 3514 2990 3547 jede»

2048 3552 2232 3587 Damengesicht
2259 3551 2306 3579 mit
2336 3551 2415 3580 einem
2444 3552 2592 3587 fabelhaften
2619 3552 2720 3589 Glanze
2747 3554 2807 3582 oder
2834 3555 2881 3583 mit
2909 3555 2990 3585 einem

2046 3592 2191 3628 neuartigen
2208 3592 2401 3628 Heiligenschein
2420 3600 2450 3628 zu
2468 3592 2600 3628 umgeben.
2619 3594 2687 3629 Auch
2702 3593 2739 3622 die
2751 3594 2862 3626 neuesten
2874 3595 2991 3625 Damen¬

2046 3633 2138 3666 roben,
2163 3633 2389 3669 zusammengesetzt
2417 3636 2466 3661 aus
2494 3633 2544 3661 drei
2573 3633 2626 3662 und
2656 3635 2709 3663 vier
2735 3635 2913 3670 verschiedenm
2934 3637 2989 3667 und

2045 3674 2139 3701 bunten
2158 3674 2279 3707 Stoffen,
2310 3674 2357 3702 mit
2376 3674 2493 3709 zahllosen
2513 3674 2627 3702 Volants
2648 3675 2701 3703 und
2720 3676 2831 3711 gehoben
2849 3676 2922 3712 durch
2941 3677 2990 3708 den

2044 3714 2118 3745 alten,
2138 3714 2337 3750 aufgewärmten
2362 3714 2410 3741 cul
2429 3714 2464 3740 de
2482 3714 2586 3749 Paris,
2612 3715 2716 3747 dürften
2744 3716 2823 3745 einem
2842 3717 2988 3753 schlichterm

2045 3754 2196 3790 Geschmacke
2213 3756 2256 3783 als
2273 3755 2329 3784 dem
2356 3754 2398 3782 der
2423 3753 2595 3789 französischen
2613 3755 2697 3784 Mode
2707 3767 2718 3780 -
2729 3756 2826 3785 Denker
2854 3757 2927 3794 kaum
2945 3765 2989 3794 Zu¬

2043 3795 2125 3831 sagen.
2140 3796 2195 3832 Für
2206 3797 2255 3825 das
2268 3794 2519 3830 Sonnenschirmchen
2528 3795 2577 3824 mit
2589 3796 2690 3832 langem
2703 3797 2785 3831 Stock,
2796 3797 2842 3826 dm
2854 3798 2990 3829 modemm

2043 3837 2322 3872 Damen-Spazierstock
2348 3835 2433 3871 scheint
2461 3843 2524 3864 man
2552 3837 2633 3872 Ersatz
2664 3837 2787 3873 gesundm
2812 3846 2844 3874 zu
2862 3838 2943 3874 habm
2959 3838 2988 3869 in

2043 3877 2252 3913 außerordentlich
2270 3877 2363 3904 bunten
2381 3875 2603 3911 Herbstparasols,
2634 3877 2673 3906 die
2696 3885 2747 3906 nur
2774 3878 2811 3907 im
2838 3877 2989 3916 Verhältniß

2043 3918 2120 3954 stehen
2139 3926 2170 3953 zu
2197 3918 2251 3946 dem
2268 3917 2331 3945 oben
2355 3915 2521 3951 bezrichneten
2546 3917 2690 3953 Kopfputze.
2728 3918 2785 3953 Fast
2813 3918 2858 3954 hat
2883 3921 2913 3947 r»
2939 3918 2988 3948 dm

2043 3959 2178 3995 Anschein,
2206 3959 2247 3986 als
2273 3965 2346 3985 wenn
2365 3956 2465 3991 Pari»,
2495 3959 2600 3994 welcher
2618 3959 2660 3993 seit
2680 3959 2758 3987 einem
2776 3959 2846 3995 Jahr
2864 3958 2985 3997 belläufig

2041 4008 2092 4028 nur
2110 4000 2168 4035 noch
2188 3999 2228 4026 der
2248 3997 2413 4030 Trauerfarbe
2431 3998 2562 4035 gehuldigt
2583 3999 2641 4034 hat,
2672 3999 2715 4034 sich
2744 3999 2850 4035 plötzlich
2877 3999 2925 4029 mit
2949 4007 2986 4030 er»

2041 4041 2147 4077 hobener
2173 4039 2226 4071 Lust
2254 4038 2299 4066 den
2328 4038 2425 4066 bunten
2444 4039 2545 4074 Farben
2570 4040 2659 4068 wieder
2686 4040 2821 4076 zuwenden
2838 4040 2912 4069 wolle
2930 4042 2984 4071 und

2041 4089 2107 4117 zwar
2129 4080 2174 4108 den
2202 4079 2366 4114 grellbunten.
2406 4079 2472 4108 Aber
2500 4080 2537 4108 im
2563 4080 2671 4110 Grunde
2695 4081 2755 4116 auch
2782 4081 2852 4116 mehr
2877 4081 2920 4114 für
2947 4080 2987 4112 die

2041 4121 2148 4153 Moden,
2167 4119 2207 4153 für
2226 4121 2274 4147 daS
2292 4119 2417 4154 Geschäft,
2438 4120 2504 4149 denn
2524 4121 2600 4157 große
2610 4120 2694 4155 Kreise
2711 4128 2764 4150 von
2777 4121 2896 4157 Bürgem
2904 4121 2985 4158 habm

2039 4162 2078 4191 die
2096 4160 2304 4196 Trauerkleidung
2324 4161 2384 4197 noch
2404 4161 2467 4197 nicht
2485 4162 2613 4198 abgelegt,
2640 4161 2694 4191 und
2722 4161 2795 4191 dabei
2823 4162 2929 4198 scheinm
2947 4162 2986 4194 die

2040 4203 2140 4238 Frauen
2159 4200 2198 4228 die
2214 4200 2421 4237 Hartnäckigeren
2439 4209 2469 4237 zu
2489 4201 2547 4236 sein.

2094 4241 2154 4270 Seit
2173 4241 2219 4269 den
2239 4241 2364 4277 unseligen
2378 4242 2467 4278 Tagen
2486 4241 2529 4271 der
2540 4242 2684 4271 Kommune
2700 4242 2746 4279 hat
2762 4242 2805 4272 der
2823 4242 2985 4281 verkehr

2038 4283 2066 4312 in
2084 4283 2126 4312 der
2143 4283 2294 4318 Hauptstadt
2313 4283 2373 4319 noch
2393 4283 2457 4319 nicht
2475 4283 2522 4312 den
2540 4284 2707 4320 Aufschwung
2726 4292 2875 4320 gmommm
2892 4284 2939 4313 wie
2956 4284 2984 4315 in

2038 4324 2116 4358 diesen
2129 4324 2324 4360 Oktodertagen.
2356 4324 2505 4360 Anfänglich
2527 4325 2595 4358 trüb,
2613 4324 2671 4361 kühl
2689 4325 2743 4353 und
2760 4325 2892 4361 regnerisch
2904 4325 2984 4361 habm

2038 4365 2071 4400 sie
2088 4365 2131 4400 sich
2157 4365 2209 4400 jetzt
2234 4365 2369 4401 erfreulich,
2400 4365 2470 4400 schön
2494 4366 2549 4394 und
2574 4365 2664 4401 sonnig
2687 4365 2804 4401 gesiaitet,
2832 4367 2897 4395 und,
2910 4373 2984 4396 wenn

2037 4413 2098 4434 man
2126 4406 2199 4440 heute
2222 4406 2268 4435 aus
2291 4406 2332 4434 di«
2358 4405 2436 4440 Place
2461 4406 2489 4433 de
2514 4406 2541 4434 la
2559 4405 2688 4434 Concorde
2713 4406 2889 4443 hinübrrgeht,
2917 4406 2982 4436 km»

2037 4454 2101 4475 man
2120 4447 2163 4482 sich
2183 4447 2274 4483 endlich
2290 4447 2381 4475 wieder
2399 4446 2493 4476 einmal
2504 4447 2683 4483 zurückversetzt
2701 4446 2787 4482 sühlm
2805 4447 2834 4475 in
2852 4447 2891 4475 di«
2902 4447 2982 4476 leben¬

2037 4487 2131 4523 digsten
2151 4487 2221 4524 Tage
2237 4495 2289 4516 von
2305 4487 2390 4522 Pari»
2411 4507 2485 4516 ....
2522 4488 2572 4517 Dir
2591 4487 2748 4521 Aristokratie
2764 4488 2809 4516 de«
2826 4488 2906 4516 Adel»
2928 4487 2981 4518 und

2038 4528 2092 4558 de»,
2104 4529 2211 4558 Beutel»
2229 4529 2272 4566 hat
2288 4528 2334 4566 sich
2349 4528 2439 4558 wieder
2456 4528 2589 4566 eingestellt
2607 4529 2660 4559 und
2678 4529 2717 4558 die
2728 4529 2796 4567 Zahl
2807 4528 2849 4559 der
2861 4529 2981 4566 Fremde»
