3794 5551
142 106 205 147 M
229 105 323 146 405
352 107 495 153 Erstes
524 105 830 152 MorgwbUM.

1546 100 1603 147 Arr
1620 102 1745 148 Mitzer
1771 102 1901 147 Zrmwg
1924 102 1992 141 140
1992 132 2005 144 .
2020 103 2192 149 Sahrgaug.

392 580 749 613 AbonaementSPrefte:

228 633 315 661 ISrich
325 633 362 656 brl
371 632 610 657 derMnutuistra«»»
619 632 675 653 od»
682 631 774 658 «btaze
784 633 891 659 -bq-ho»
908 633 948 659 Fr.
956 634 1002 655 L50
1055 634 1102 654 OM
1155 633 1213 654 UM
1266 631 1325 652 ES.—

327 664 391 690 durch
402 665 439 686 die
447 664 581 689 DudtrSger
594 663 635 685 t»S
644 663 712 689 HanL
726 664 829 689 gebracht
840 678 937 691 _.
956 666 1002 688 a—
1055 664 1101 685 a—
1155 663 1213 684 15.—
1266 662 1326 682 £9.—

229 699 338 726 Schweiz
352 700 479 725 Dcitellung
495 699 554 720 beim
568 698 711 723 Postbnrcau
742 713 938 726 -„
957 701 1003 722 a—
1056 701 1101 722 a—
1154 698 1214 719 15.—
1266 697 1325 718 23.—

327 730 368 752 alt
382 732 462 756 Bezug
475 730 543 751 uuter
556 728 726 754 Privatadrrlie
740 729 897 754 (Streifband)
927 745 938 756 ,
957 731 1004 752 a?v
1044 732 1069 751 10
1070 731 1103 751 Ä>
1155 730 1182 750 20
1181 738 1214 749 .—
1267 728 1326 747 SD.—

229 766 360 791 Kurland,
372 765 414 786 mit
427 765 507 790 Bezug
522 764 589 785 uuter
602 762 771 787 Pridatabrcile
780 764 897 789 (StreisbZ
927 779 938 790 ,
958 766 1004 787 LTV
1043 766 1102 785 Id.—
1155 763 1214 784 St.—
1267 762 1326 782 BL—

1422 573 1514 647 EM
1548 572 1910 656 »GEMrs
1942 572 2254 654 SsMElßM

1621 665 1774 708 Täglich
1798 667 1825 698 3
1850 664 2059 707 Ausgabe»

1690 719 1822 745 Telephon
1829 719 1837 743 -
1851 718 1986 744 tzottiuge»

1423 743 1564 764 «rbaktton
1571 744 1623 765 71«»
1629 745 1705 770 .7102,
1714 745 1803 770 «nachts
1813 745 1881 768 7103).
1889 745 2015 766 Snackcrei
2023 745 2082 769 «R,
2091 745 2174 770 -falten
2177 744 2211 769 fir.
2221 746 2253 767 II.

1423 769 1639 793 Adulturrrraiton
1647 772 1706 796 oooo,
1718 771 1870 797 Expedition
1876 772 1898 790 «1»
1903 772 1935 795 33,
1947 772 2187 798 Annoncen-Bbtr«!.
2194 772 2254 793 VSSt.

2895 96 3118 141 Mittwoch,
3147 95 3216 137 1V.
3247 95 3370 145 März
3400 93 3529 136 1019.

2408 570 2510 589 _I
2523 565 2685 591 PostLmtcru
2699 566 2757 586 kann
2771 564 2894 586 «bonuiert
2908 564 3010 584 werde»-,
3034 562 3059 582 i»
3074 562 3229 587 Deutichland,
3248 562 3376 589 Frankreich

2342 598 2444 624 Italien,
2463 596 2600 622 Oesterreich,
2620 598 2724 622 Ungarn,
2745 595 2852 621 tzolland,
2872 593 3008 618 Dänemark,
3029 592 3159 617 Schweden,
3182 593 3310 620 «orwegen
3330 596 3380 619 »iw.

2342 629 2388 651 Die
2408 628 2573 657 pastamtlichen
2592 625 2838 652 AbounrmentSpretle
2859 625 2948 647 werden
2968 628 3014 645 von
3035 624 3079 645 den
3100 624 3323 650 Postverwaitungcn
3343 627 3382 647 der

2341 661 2516 687 vorgenannten
2530 660 2618 681 Länder
2637 658 2755 686 festgesetzt.
2782 657 2828 680 Die
2848 655 2934 683 Preise,
2955 654 2992 676 die
3012 655 3053 680 auf
3071 655 3115 677 den
3135 655 3380 681 Amrechnnngstnrsen

2562 691 2668 717 bafieren,
2681 691 2729 716 sind
2744 691 2780 713 bei
2794 691 2838 713 den
2852 690 2995 716 Postämtern
3009 695 3038 715 zu
3052 688 3162 713 erfragen.

2656 726 2843 753 Dieetnipaltige
2851 725 2992 751 «rundzeile
3002 723 3164 749 50Rp.,lokale
3172 721 3547 749 Selchäft-empfehlnngen,0Rp„

2342 742 2640 779 Inserttonsprerfe.
2654 758 2773 784 Anzeige-
2783 756 2957 782 ausländischen
2964 754 3097 780 Urfprnnge
3106 754 3132 775 75
3138 754 3190 778 BP.
3199 753 3234 774 Be
3237 752 3254 773 kl
3256 757 3320 773 amen
3330 755 3369 776 per
3379 752 3440 777 Jette
3449 754 3548 778 Fr.LS«.

136 882 198 930 Arr
207 884 354 936 Anschluß
368 896 427 926 von
441 883 710 934 Arvlschöstrrrrich
723 884 764 932 rlu
773 884 977 934 Aratschlaud.

198 963 234 992 8.
256 964 293 993 8.
334 960 402 993 Sri.
425 961 460 992 11
483 960 538 990 des
560 957 686 997 Pariser
709 960 890 998 Entwurfes
913 962 976 991 ent-

136 998 204 1031 halt
235 1000 291 1031 den
319 1007 418 1031 neuen
466 997 741 1036 völkerrechtlichen
770 999 976 1037 Standpunkt,

138 1037 199 1074 daß
227 1039 310 1077 jeder
338 1039 431 1077 Krieg
479 1038 551 1069 oder
597 1037 662 1075 jede
711 1038 976 1077 Kriegsdrohung,

138 1078 246 1115 welche
267 1078 423 1110 mittelbar
445 1078 518 1108 oder
537 1076 740 1108 unmittelbar
760 1078 810 1108 ein
829 1077 976 1117 Mitglied

139 1116 302 1156 bedrohen,
328 1117 363 1149 in
386 1117 520 1155 Zukunft
546 1116 596 1146 als
641 1116 878 1155 Angelegenheit
923 1117 977 1148 des

137 1154 271 1188 Bundes
302 1156 462 1194 betrachtet
494 1155 556 1186 und
588 1155 763 1193 demgemäß
816 1156 978 1194 behandelt

138 1196 263 1227 werden
281 1196 381 1235 sollen.
401 1194 647 1234 Logischerweise
666 1194 723 1232 gilt
743 1194 835 1234 dieser
854 1195 977 1227 Grund¬

138 1233 193 1272 satz
218 1235 288 1272 auch
313 1236 362 1272 für
388 1236 443 1266 alle
467 1234 754 1271 Angelegenheiten,
779 1235 883 1272 welche
908 1238 977 1265 vor¬

138 1274 326 1312 aussichtlich
346 1282 384 1313 zu
403 1274 600 1312 Differenzen
620 1273 728 1311 führen
748 1274 878 1305 werden.
898 1274 978 1305 Dar¬

140 1317 201 1343 aus
219 1314 298 1352 folgt
315 1315 374 1345 das
390 1313 479 1350 Recht
499 1313 549 1351 für
566 1312 678 1348 Dritte,
696 1320 732 1351 zu
750 1313 871 1352 Fragen
889 1313 978 1343 ande¬

139 1358 190 1382 rer
208 1353 328 1385 Länder
348 1353 398 1390 sich
418 1360 455 1391 zu
474 1352 601 1389 äußern.
642 1352 687 1383 ES
707 1352 814 1390 besieht
833 1359 896 1383 nun
917 1351 979 1383 kein

140 1391 283 1431 Zweifel,
305 1392 364 1430 das;
387 1392 434 1424 die
456 1392 513 1423 Art
535 1391 585 1422 der
608 1391 728 1429 Lösung
751 1392 803 1422 des
825 1390 979 1429 Anschlus¬

141 1429 190 1468 ses
220 1432 419 1470 Oesterreichs
450 1430 504 1466 auf
535 1429 582 1461 die
611 1430 980 1468 Friedcnsbcdingungen

141 1471 204 1501 und
223 1471 381 1503 mittelbar
399 1471 455 1509 auf
474 1470 521 1501 die
540 1469 733 1507 zukünftigen
752 1470 979 1507 Friedensaus¬

140 1508 245 1546 sichten
262 1514 325 1541 von
340 1510 452 1548 großer
469 1509 654 1546 Bedeutung
672 1509 705 1546 ist
720 1510 783 1540 und
801 1510 912 1540 darum
928 1508 980 1539 als

141 1548 300 1588 wichtiges
325 1549 466 1581 aktuelles
490 1547 628 1586 Geschäft
651 1547 698 1579 die
721 1548 897 1586 allgemeine
919 1547 979 1578 Be-

143 1588 271 1627 achtung
293 1588 440 1621 verdient.

200 1632 389 1672 Theoretisch
417 1631 496 1663 wird
524 1631 630 1668 gemäß
657 1631 721 1661 dem
746 1629 981 1668 proklamierten

142 1670 310 1710 Grundsatz
333 1672 383 1703 der
406 1669 705 1707 Selbstbestimmung
728 1669 784 1701 mit
805 1669 895 1706 Recht
917 1668 981 1699 nie¬

142 1712 235 1742 mand
254 1709 533 1749 Deutschösterreich
554 1710 611 1740 das
630 1709 718 1747 Recht
736 1708 892 1747 bestreiten
912 1707 981 1739 dür¬

143 1748 204 1786 fen,
229 1750 378 1789 Anschluß
404 1757 442 1781 an
467 1748 666 1787 Deutschland
691 1755 727 1785 zu
752 1748 871 1787 suchen;
899 1747 981 1784 frag¬

144 1788 200 1823 lich
223 1789 255 1828 ist
278 1789 406 1827 deshalb
429 1795 498 1825 nur,
521 1788 557 1819 ob
581 1788 631 1818 der
654 1787 802 1826 Anschluß
825 1787 874 1825 für
896 1786 981 1817 beide

143 1827 231 1860 Teile
252 1828 434 1867 vorteilhaft
455 1828 496 1865 ist.
538 1827 584 1859 ES
604 1827 657 1865 hat
677 1827 765 1866 Prof.
787 1827 904 1864 Förster
927 1828 982 1856 vor

144 1866 263 1906 einiger
287 1868 357 1906 Zeit
382 1868 414 1899 in
440 1866 548 1905 diesem
572 1866 678 1898 Blatte
703 1865 897 1904 ausgeführt,
923 1864 982 1902 daß

145 1907 234 1944 durch
262 1907 351 1939 einen
379 1906 492 1946 solchen
520 1905 668 1944 Anschluß
696 1904 874 1943 Oesterreich
903 1903 982 1942 seine

143 1943 274 1985 Mission
298 1947 349 1977 als
373 1946 596 1978 verbindendes
623 1944 714 1976 Glied
740 1944 881 1982 zwischen
907 1943 982 1981 Zen¬

144 1986 221 2016 tral-
241 1986 302 2017 und
321 1986 538 2022 West-Europa
556 1984 618 2015 und
639 1984 704 2014 dem
723 1983 811 2020 Osten
832 1982 984 2019 einbützen

145 2025 250 2062 inüßte
272 2025 334 2056 und
358 2028 418 2056 aus
442 2024 540 2062 diesen
564 2023 782 2060 Erwägungen
806 2022 853 2053 die
876 2022 983 2053 Bewe¬

146 2071 229 2103 gung
257 2065 404 2103 bekämpft
434 2064 485 2095 als
512 2062 689 2101 unglücklich
717 2062 766 2100 für
796 2060 984 2098 Oesterreich.

144 2103 205 2135 Die
228 2104 389 2143 folgenden
413 2103 660 2141 Ausführungen
701 2100 892 2139 beschränken
933 2095 983 2137 sich

146 2143 277 2181 deshalb
305 2143 360 2182 auf
388 2143 436 2174 die
464 2141 717 2178 Rückwirkungen
745 2140 799 2177 auf
845 2139 984 2178 Deutsch¬

146 2183 231 2214 land.

202 2221 262 2254 Die
302 2221 516 2259 Vereinigung
560 2220 631 2250 aller
676 2218 984 2256 deutschspreüicnden

146 2259 289 2293 Stämme
315 2261 390 2293 kann
417 2259 518 2299 gewiß
546 2259 597 2290 als
625 2258 674 2289 ein
701 2257 798 2295 Ideal
826 2256 985 2295 aufgefaßt

147 2301 286 2338 werden;
311 2300 349 2331 ob
375 2301 411 2339 sie
435 2306 487 2338 zur
512 2297 661 2336 möglichst
684 2298 782 2336 hohen
806 2297 985 2328 Kulturent-

147 2339 290 2377 lvicklung
318 2340 368 2370 der
398 2338 554 2376 einzelnen
581 2336 667 2369 Teile
695 2337 757 2367 und
787 2336 840 2367 des
870 2342 985 2373 ganzen

147 2378 406 2417 Sprachstammes
433 2378 499 2409 eine
525 2375 770 2413 Notwendigkeit
795 2375 837 2412 ist,
887 2374 986 2406 bleibe

148 2418 361 2457 dahingestellt.
407 2417 537 2450 Werden
564 2415 610 2447 die
637 2415 819 2452 Grundsätze
849 2414 898 2444 der
926 2414 985 2445 Un¬

147 2457 365 2495 verletzlichkeit
386 2458 436 2488 der
458 2454 669 2487 territorialen
689 2454 828 2491 Grenzen
848 2453 910 2484 und
932 2453 985 2483 des

148 2495 288 2535 Schutzes
310 2497 361 2528 der
381 2494 611 2533 Minderheiten
633 2493 675 2524 im
697 2491 889 2530 zukünftigen
910 2491 986 2523 Böl-

147 2536 293 2567 kerüunde
314 2535 420 2574 Gesetz,
439 2535 469 2573 so
492 2533 571 2564 wird
591 2540 661 2564 man
681 2530 934 2569 möglicherweise
954 2529 987 2562 in

146 2574 226 2612 nicht
249 2575 327 2612 allzu
348 2574 448 2614 ferner
470 2572 604 2612 Zukunft
628 2572 704 2609 diese
727 2572 850 2609 Fragen
873 2570 987 2601 anders

148 2614 328 2645 beurteilen.
376 2614 456 2645 Aber
485 2612 568 2650 selbst
595 2615 683 2642 wenn
710 2610 770 2641 wir
799 2609 847 2641 die
894 2608 987 2647 zwin¬

148 2653 242 2690 gende
272 2651 518 2689 Notwendigkeit
549 2650 636 2681 eines
666 2647 988 2687 Zusammenschlusses

147 2691 287 2729 einsehen
315 2692 451 2726 konnten,
478 2690 509 2727 so
537 2689 658 2719 blieben
685 2687 842 2719 Bedenken
869 2686 989 2725 schwer¬

149 2729 322 2767 wiegender
352 2730 409 2760 Art
438 2734 533 2766 gegen
562 2727 656 2764 dessen
686 2726 903 2764 Ausführung.

207 2771 333 2803 Einmal
350 2771 421 2813 darf
436 2770 515 2808 nicht
531 2770 693 2808 geleugnet
708 2769 840 2804 werden,
860 2768 920 2805 daß
937 2768 989 2800 als

150 2810 252 2843 Motiv
273 2809 370 2849 diese»
389 2809 575 2848 Anschlusses
598 2809 651 2847 auf
671 2808 818 2847 deutscher
838 2807 928 2840 Seite
947 2808 990 2839 im

149 2850 373 2888 Vordergrund
402 2850 472 2887 steht
502 2848 548 2880 die
577 2848 798 2886 Ueberlegung,
830 2848 888 2885 daß
918 2847 988 2886 nach

148 2889 270 2928 Verlust
299 2892 360 2921 von
388 2887 687 2926 Elsaß-Lothringen
715 2888 777 2919 und
807 2887 860 2918 des
888 2886 989 2924 polni¬

150 2928 229 2965 schen
254 2927 400 2960 Gebietes
426 2926 627 2965 Deutschland
672 2926 729 2958 mit
774 2926 988 2965 Deutschöstcr-

149 2967 226 3005 reich
255 2967 417 3006 immerhin
446 2966 558 2999 wieder
587 2966 653 2998 eine
701 2959 887 3003 Großmacht
933 2964 989 2997 mit

150 3006 234 3039 einer
257 3006 458 3046 respektablen
481 3006 600 3044 Anzahl
623 3009 683 3036 von
706 3005 872 3037 Millionen
916 3004 989 3037 Ein¬

151 3047 276 3084 wohner
301 3045 361 3084 sein
386 3046 486 3078 werde
510 3046 571 3077 und
596 3044 692 3077 damit
716 3045 766 3076 als
789 3043 988 3082 Machtfaktor

150 3086 283 3124 bestehen
303 3085 409 3117 bleibe.
429 3086 499 3123 Daß
521 3084 597 3123 diese
618 3084 797 3123 Erwägung
817 3087 877 3114 aus
898 3083 990 3115 altem

151 3125 248 3164 Geiste
276 3126 393 3163 stammt
418 3125 481 3156 und
511 3125 576 3156 dem
603 3131 701 3155 neuen
729 3117 990 3161 Rechtsgedanken

152 3165 253 3203 wenig
278 3163 439 3202 Rechnung
465 3164 557 3202 trägt,
583 3164 641 3194 das
669 3163 702 3202 ist
725 3163 797 3200 klar,
841 3163 893 3200 hat
919 3162 990 3194 aber

153 3203 253 3242 wenig
284 3203 466 3242 Bedeutung
498 3203 668 3241 gegenüber
722 3203 777 3233 den
828 3201 991 3241 Gefühlen,

153 3243 258 3281 welche
290 3242 365 3281 diese
396 3242 647 3281 Uebcrlegungcn
679 3242 825 3279 auslösen
856 3241 903 3272 bei
936 3241 991 3273 den

153 3283 297 3321 Gegnern
317 3283 378 3314 und
400 3285 455 3313 vor
477 3282 566 3313 allem
587 3281 634 3313 bei
657 3282 713 3313 den
734 3281 908 3319 Franzosen
929 3282 990 3313 und

154 3322 323 3360 gegenüber
353 3322 409 3353 den
437 3321 760 3359 Abwehrmaßregeln,
809 3320 914 3357 welche
945 3320 991 3352 die

153 3359 405 3399 unvermeidliche
425 3361 621 3399 Konsequenz
640 3360 703 3398 sein
723 3360 855 3392 werden.
894 3360 992 3392 Wenn

155 3408 227 3432 inan
249 3400 377 3436 bedenkt,
403 3399 462 3436 daß
486 3399 544 3431 das
568 3399 683 3438 Gefühl
709 3400 759 3431 der
784 3398 991 3437 zahlenmäßi¬

154 3447 211 3477 gen
234 3438 424 3478 Minderheit
451 3439 500 3469 der
525 3439 753 3477 stagnierenden
779 3438 991 3476 französischen

154 3479 365 3517 Bevölkerung
399 3478 568 3516 gegenüber
601 3479 651 3509 der
684 3478 876 3517 wachsenden
910 3479 991 3510 deut¬

155 3519 235 3553 schen
265 3517 383 3550 Nation
414 3518 464 3549 der
495 3517 760 3556 Ausgangspunkt
791 3518 841 3549 der
874 3517 992 3554 äußern

155 3557 271 3593 Politik
292 3558 405 3593 wurde,
430 3556 535 3594 wclcl)e
558 3556 662 3595 Schutz
686 3557 734 3588 bei
758 3557 906 3595 Rußland
931 3558 992 3589 und

156 3597 253 3634 später
276 3596 323 3628 bet
348 3596 490 3635 England
515 3595 608 3634 suchte
632 3597 694 3627 und
718 3597 792 3636 fand
816 3596 878 3628 und
904 3599 993 3628 wenn

157 3643 226 3667 man
251 3637 338 3674 heute
365 3639 425 3667 aus
452 3634 550 3666 vielen
577 3635 743 3673 offiziellen
770 3636 993 3674 Aeußerungen

158 3674 382 3714 unzweideutig
412 3673 555 3714 schließen
585 3674 668 3712 muß,
698 3675 757 3713 daß
808 3675 891 3715 selbst
943 3677 992 3707 der

157 3714 432 3753 uiedergeworfene
460 3713 590 3752 deutsche
615 3713 704 3752 Riese
730 3715 795 3746 dem
820 3714 993 3754 siegreichen

160 3753 332 3790 Frankreich
360 3753 430 3789 noch
459 3752 553 3791 große
581 3752 691 3790 Furcht
719 3753 861 3792 einflößt,
890 3755 920 3793 so
950 3762 993 3786 er¬

159 3794 265 3831 scheint
287 3794 349 3831 jede
373 3793 494 3830 Absicht,
518 3791 594 3830 diese
616 3791 727 3830 Furcht
748 3800 784 3830 zu
807 3794 940 3831 fördern,
962 3793 994 3833 ja

158 3834 241 3870 schon
262 3834 326 3872 jede
346 3832 566 3870 Kundgebung,
589 3830 635 3862 die
655 3831 877 3871 Berechtigung
900 3832 993 3872 dieser

158 3872 269 3910 Furcht
292 3879 328 3911 zu
350 3873 459 3911 stützen,
483 3871 525 3902 im
548 3870 679 3908 höchsten
700 3871 795 3908 Maße
819 3873 939 3910 unklug,
962 3873 994 3912 ja

159 3912 307 3950 geradezu
331 3910 592 3950 verhängnisvoll.
637 3910 705 3940 Aus
732 3910 825 3949 dieser
850 3912 994 3945 Erkennt¬

159 3951 213 3983 nis
234 3952 351 3990 heraus
374 3951 433 3991 sind
458 3949 526 3988 auch
550 3949 605 3980 alle
629 3948 677 3980 die
700 3949 913 3990 französischen
935 3952 994 3984 Be-

1013 853 1191 892 strebungen
1212 850 1296 885 wohl
1316 848 1500 887 begreiflich,
1521 848 1567 879 die
1590 850 1640 880 als
1661 848 1852 887 Gegenmatz¬

1013 894 1118 931 regeln
1136 891 1249 928 darauf
1268 889 1492 928 hinansgehen,
1510 888 1732 927 Deutschlands
1750 883 1853 925 Groß¬

1014 932 1110 969 macht
1130 930 1188 962 mit
1209 930 1288 960 allen
1309 928 1438 960 Mitteln
1479 934 1516 965 zu
1558 928 1761 960 vermindern.
1803 927 1853 958 Da

1014 969 1192 1009 Frankreich
1216 968 1279 1007 sein
1302 967 1496 1006 gewichtiges
1519 967 1608 999 Wort
1630 968 1677 998 bei
1701 968 1752 999 der
1775 966 1853 1005 Fest¬

1016 1013 1128 1050 setzung
1155 1011 1206 1040 der
1234 1007 1604 1046 Friedcnsbedingungen
1630 1007 1664 1037 in
1690 1007 1736 1038 die
1761 1007 1853 1043 Wag¬

1016 1050 1107 1092 schale
1132 1049 1202 1087 legt,
1224 1048 1255 1085 so
1280 1047 1314 1085 ist
1333 1050 1369 1077 es
1391 1046 1469 1084 nicht
1492 1046 1741 1084 verwunderlich,
1764 1050 1854 1077 wenn

1015 1098 1048 1120 rn
1067 1090 1122 1121 den
1141 1088 1243 1126 letzten
1261 1087 1367 1123 Tagen
1383 1085 1523 1123 Projekte
1542 1085 1729 1124 auftauchen,
1748 1084 1854 1121 welche

1015 1127 1217 1166 Deutschland
1242 1126 1286 1157 im
1308 1124 1397 1163 Osten
1422 1124 1569 1162 (Danzig)
1593 1126 1655 1156 und
1677 1125 1721 1156 im
1741 1124 1855 1160 Westen

1018 1165 1228 1206 (selbständige
1250 1163 1496 1203 Rheinprovinz)
1522 1163 1711 1200 beschneiden
1735 1163 1854 1194 wollen.

1016 1207 1087 1244 Daß
1107 1205 1154 1236 bei
1175 1205 1274 1241 diesen
1292 1204 1415 1241 Plänen
1433 1204 1495 1234 und
1515 1202 1763 1241 Ucberlegungen
1784 1201 1855 1239 auch

1018 1248 1069 1277 der
1093 1246 1153 1276 alte
1176 1244 1257 1281 Geist
1279 1244 1329 1275 der
1350 1242 1454 1280 Macht
1476 1241 1562 1273 wirkt
1585 1244 1646 1274 und
1672 1241 1855 1281 entscheidet,

1017 1286 1051 1324 ist
1076 1282 1262 1322 Nebensache
1290 1283 1352 1314 und
1379 1281 1459 1313 wird
1486 1280 1688 1319 Deutschland
1716 1285 1771 1312 vor
1800 1281 1856 1311 den

1018 1325 1127 1363 harten
1155 1322 1382 1360 Bedingungen
1411 1320 1490 1358 nicht
1520 1319 1654 1359 schützen.
1704 1321 1776 1352 Wer
1809 1319 1856 1350 die

1018 1361 1275 1402 wahrscheinliche
1295 1359 1465 1399 zukünftige
1485 1360 1578 1391 Karte
1598 1360 1742 1397 Europas
1762 1358 1857 1397 ledig¬

1019 1403 1073 1441 lich
1092 1406 1162 1434 vom
1179 1400 1357 1432 kulturellen
1374 1398 1571 1435 Standpunkt
1589 1401 1677 1430 unter
1696 1400 1747 1430 der
1766 1398 1857 1436 Herr¬

1019 1442 1107 1480 schaft
1128 1440 1216 1472 eines
1240 1438 1410 1476 wirklichen
1435 1436 1627 1476 zukünftigen
1668 1438 1857 1469 Dülkerbun-

1020 1483 1074 1513 bes
1096 1480 1266 1516 bewachtet,
1288 1479 1339 1510 der
1361 1477 1440 1510 wird
1459 1477 1577 1509 einmal
1599 1477 1640 1508 im
1661 1478 1857 1515 Zusammen¬

1019 1520 1118 1558 schluß
1144 1523 1202 1550 von
1229 1517 1430 1555 Deutschland
1477 1516 1533 1547 mit
1577 1515 1858 1555 Deutschösterreich

1018 1560 1098 1591 keine
1124 1558 1346 1596 entscheidende
1375 1557 1436 1588 Tat
1464 1555 1601 1587 erblicken
1632 1556 1746 1586 können
1794 1555 1856 1585 und

1020 1597 1191 1636 anderseits
1223 1597 1293 1634 auch
1323 1596 1407 1627 einer
1439 1594 1678 1632 unabhängigen
1709 1593 1858 1631 Republik

1020 1639 1074 1670 des
1100 1637 1315 1676 Rheinlandes
1342 1635 1389 1667 die
1416 1634 1592 1665 kulturellen
1619 1633 1858 1671 Entwicklungs-

1018 1676 1242 1715 Möglichkeiten
1259 1675 1337 1712 nicht
1353 1673 1544 1712 absprechen;
1563 1673 1634 1704 aber
1652 1677 1722 1704 vom
1740 1673 1858 1704 Stand¬

1019 1717 1109 1755 punkt
1136 1716 1190 1747 des
1216 1713 1462 1751 Daucrfriedens
1489 1716 1548 1743 aus
1595 1712 1737 1750 erscbeint
1782 1711 1859 1748 diese

1021 1762 1114 1794 ganze
1132 1753 1337 1791 Entwicklung
1355 1753 1387 1784 in
1405 1760 1481 1791 ganz
1500 1752 1641 1783 anderem
1657 1751 1763 1788 Lichte.
1800 1750 1859 1782 Die

1019 1794 1221 1833 Wilsonschcn
1240 1792 1441 1831 Grundsätze:
1460 1789 1861 1828 Selbstbestimmungsrecht

1022 1836 1071 1866 der
1091 1834 1211 1868 Völker,
1230 1832 1352 1869 welcher
1373 1832 1431 1863 das
1451 1830 1645 1868 Fundament
1666 1831 1720 1861 des
1741 1829 1859 1867 zukünf¬

1022 1874 1107 1912 tigen
1133 1872 1366 1904 Völkerbundes
1395 1870 1457 1909 sein
1485 1869 1547 1908 soll,
1596 1870 1665 1907 darf
1712 1868 1759 1899 bei
1809 1868 1860 1899 der

1021 1913 1197 1950 Gründung
1222 1910 1301 1948 nicht
1324 1910 1443 1947 verletzt
1468 1909 1598 1944 werden,
1626 1908 1700 1947 sonst
1725 1908 1787 1946 sind
1814 1906 1860 1938 die

1021 1951 1308 1988 Vorbedingungen
1333 1949 1383 1987 für
1410 1950 1469 1980 das
1494 1948 1636 1986 Bestehen
1663 1948 1725 1979 und
1752 1946 1861 1978 Gedei¬

1022 1993 1079 2029 hen
1107 1990 1261 2029 derselben
1288 1988 1366 2025 nicht
1394 1987 1533 2026 gegeben.
1582 1987 1659 2019 Eine
1687 1985 1861 2024 ungerechte

1022 2032 1143 2069 Lösung
1172 2030 1223 2060 der
1252 2028 1388 2066 östlichen
1419 2027 1629 2065 Grenzfragen
1677 2026 1757 2057 wird
1785 2025 1862 2057 Der-

1022 2071 1183 2109 stimmung
1211 2069 1273 2099 und
1300 2066 1460 2099 Bitterkeit
1488 2065 1692 2104 hinterlasien,
1718 2065 1786 2096 ein«
1815 2071 1863 2102 ge-

1022 2109 1181 2149 loaltsame
1203 2106 1424 2146 Zerstückelung
1446 2105 1668 2150 Deutschlands
1692 2104 1780 2140 durch
1803 2103 1863 2135 Ab-

1022 2152 1176 2186 trennung
1199 2148 1250 2178 der
1273 2145 1468 2184 Rheinlande
1490 2144 1594 2181 müßte
1636 2142 1864 2182 notwendiger¬

1022 2187 1111 2225 weise
1130 2188 1185 2219 den
1203 2185 1291 2218 Keim
1308 2184 1496 2223 zukünftiger
1514 2183 1623 2222 Kriege
1640 2184 1736 2221 legen.

1082 2226 1131 2265 Ist
1178 2227 1229 2257 der
1277 2222 1562 2263 Zusammenschluß
1611 2223 1661 2254 der
1710 2222 1864 2260 deutschen

1023 2267 1166 2299 Stännne
1192 2264 1289 2303 dieses
1316 2263 1412 2302 Opfer
1438 2262 1536 2293 wert?
1581 2261 1624 2300 Je
1648 2262 1788 2299 nachdem
1815 2260 1863 2292 die

1024 2305 1176 2338 leitenden
1201 2303 1304 2342 Kreise
1330 2303 1362 2334 in
1386 2302 1500 2334 Berlin
1541 2302 1605 2333 und
1650 2301 1738 2334 Wien
1785 2300 1863 2339 diese

1023 2345 1230 2383 Lebensfrage
1261 2343 1483 2377 beantworten,
1513 2340 1635 2372 werden
1664 2341 1699 2378 sic
1729 2340 1864 2378 handeln

1023 2384 1144 2421 müssen.
1191 2383 1333 2414 Könnten
1357 2380 1507 2413 eventuell
1533 2379 1580 2411 die
1605 2378 1864 2418 Friedensbedin¬

1025 2430 1146 2461 gungen
1171 2422 1258 2456 durch
1282 2421 1370 2452 einen
1394 2418 1532 2458 Verzicht
1556 2419 1585 2456 so
1608 2418 1765 2457 verbessert
1788 2422 1864 2449 wer¬

1027 2464 1091 2499 den,
1119 2462 1177 2499 daß
1204 2461 1253 2500 für
1281 2460 1328 2492 die
1354 2459 1470 2499 spätere
1496 2458 1699 2497 Versöhnung
1726 2458 1787 2489 und
1815 2457 1864 2496 für

1022 2501 1074 2533 ein
1101 2499 1341 2537 eintrüchtliches
1367 2497 1693 2537 Zusammenarbeiten
1720 2497 1763 2529 im
1788 2496 1865 2528 Völ¬

1026 2540 1173 2571 kerbunde
1190 2539 1258 2571 eine
1279 2539 1379 2577 sichere
1401 2538 1583 2574 Grundlage
1605 2537 1769 2575 geschaffen
1789 2540 1866 2567 wer¬

1028 2580 1083 2610 den
1104 2579 1188 2615 kann,
1210 2579 1292 2609 dann
1312 2578 1419 2616 sollten
1439 2577 1489 2615 sich
1511 2576 1557 2608 die
1579 2575 1866 2613 verantwortlichen

1026 2618 1145 2656 Führer
1164 2617 1240 2655 nicht
1261 2617 1348 2653 durch
1368 2618 1545 2648 momentan
1564 2616 1646 2654 wohl
1667 2614 1866 2653 begreifliche,

1029 2658 1100 2689 aber
1119 2657 1161 2688 im
1179 2657 1307 2688 Grunde
1327 2656 1395 2693 doch
1414 2655 1490 2693 recht
1506 2655 1630 2687 unklare
1649 2655 1779 2694 Gefühle
1797 2657 1867 2686 vor-

1030 2696 1121 2735 zeitig
1143 2696 1290 2734 festlegen.

1079 2777 1362 2828 Schweizerifche
1388 2777 1823 2828 Kohkengenosserijchast.

1090 2838 1184 2876 Bern,
1201 2840 1245 2870 18.
1259 2839 1359 2877 März,
1373 2846 1412 2873 ag
1428 2837 1548 2876 (Mitg.)
1565 2838 1659 2870 Unter
1674 2838 1740 2869 dem
1754 2837 1866 2876 Vorsitz

1032 2884 1093 2910 von
1112 2879 1293 2911 Bundesrat
1312 2878 1341 2910 S
1354 2878 1381 2914 ch
1394 2885 1415 2909 u
1427 2878 1438 2909 l
1450 2880 1460 2908 t
1473 2877 1490 2915 h
1503 2885 1517 2908 e
1531 2878 1548 2914 ß
1569 2878 1621 2914 hat
1641 2885 1691 2910 am
1712 2879 1757 2909 17.
1776 2877 1868 2916 März

1032 2919 1066 2950 in
1089 2918 1175 2951 Bern
1197 2917 1245 2950 die
1268 2918 1413 2957 zahlreich
1447 2917 1578 2956 besuchte
1611 2917 1870 2956 konstituie¬

1030 2959 1159 2989 rende
1222 2957 1752 2997 Generalversammlung
1816 2958 1866 2988 der

1029 2997 1296 3036 Schweizerischen
1318 2997 1670 3036 Kohlengcnossenschaft
1692 2997 1866 3035 stattgefun-

1033 3038 1098 3069 den.
1130 3037 1188 3069 Die
1210 3042 1281 3068 vom
1302 3036 1552 3076 schweizerischen
1573 3036 1869 3076 Bolkswirtschasts-

1031 3078 1235 3116 dcpartement
1261 3077 1457 3115 vorgelegten
1483 3076 1635 3109 Statuten
1660 3077 1787 3109 wurden
1812 3076 1867 3108 mit

1033 3116 1269 3155 geringfügigen
1289 3117 1537 3155 Abänderungen
1557 3123 1788 3156 angenommen.
1808 3117 1868 3148 Der

1032 3157 1448 3195 Verwaltungsrat,
1474 3157 1526 3187 der
1551 3160 1611 3188 aus
1637 3156 1770 3195 siebzehn
1794 3156 1868 3188 Mit¬

1034 3196 1171 3235 gliedern
1194 3196 1311 3235 besteht,
1354 3196 1458 3228 wurde
1483 3196 1542 3227 wie
1565 3196 1645 3235 folgt
1687 3197 1868 3236 zusammen¬

1034 3237 1144 3275 gesetzt:
1198 3235 1279 3274 Zum
1309 3236 1518 3274 Präsidenten,
1549 3236 1600 3268 der
1632 3236 1866 3275 statutengemäß

1032 3280 1103 3307 vom
1126 3276 1310 3308 Bundcsrat
1335 3283 1372 3313 zu
1396 3275 1571 3314 bezeichnen
1596 3276 1638 3314 ist,
1663 3277 1767 3307 wurde
1792 3276 1866 3314 Herr

1034 3315 1303 3348 Generaldirektor
1323 3316 1455 3353 Leopold
1477 3316 1505 3348 D
1517 3323 1538 3346 u
1550 3315 1567 3346 b
1581 3322 1598 3347 o
1611 3316 1622 3346 i
1636 3319 1663 3352 S,
1684 3316 1869 3354 Delegierter

1035 3357 1088 3387 des
1135 3355 1449 3394 Verwaltungsrates
1505 3355 1559 3386 des
1604 3355 1869 3395 Sck)weizerischen

1032 3395 1245 3428 Bankvereins
1267 3395 1301 3426 in
1324 3395 1425 3434 Basel,
1449 3397 1590 3427 ernannt.
1613 3396 1773 3434 Nach.den
1794 3396 1866 3427 Sta¬

1033 3437 1119 3467 tuten
1146 3436 1228 3474 hatte
1256 3435 1307 3466 der
1333 3436 1515 3467 BundeSrat
1541 3435 1662 3467 weitere
1690 3436 1768 3475 sechs
1794 3436 1867 3467 Ver-

1034 3474 1442 3513 waltungsratSmitgliedcr
1463 3482 1499 3512 zu
1519 3475 1702 3513 bezeichnen.
1743 3476 1787 3508 Es
1808 3475 1866 3513 sind

1033 3514 1100 3546 dies
1125 3514 1172 3546 die
1194 3515 1327 3553 Herren:
1361 3515 1703 3553 Staatsratsprüstdent
1725 3515 1866 3554 Gignoux

1038 3555 1158 3593 (Genf),
1209 3554 1414 3587 Nationalrat
1465 3554 1620 3594 Maillefer
1675 3555 1869 3595 (Lausanne),

1036 3594 1285 3632 Stadtpräsident
1326 3594 1449 3633 Roussh,
1490 3594 1630 3627 Direktor
1671 3595 1722 3626 der
1764 3595 1869 3632 Ncsllü-

1035 3635 1223 3674 Gcsellschast
1258 3634 1293 3665 in
1328 3634 1441 3672 Veveh,
1477 3635 1726 3673 Stadtpräsidcnt
1750 3634 1867 3672 Schlot¬

1036 3677 1081 3706 ter
1150 3674 1411 3713 (Schasfhausen),
1488 3673 1627 3707 Direktor
1694 3675 1868 3712 Bachmann

1039 3714 1201 3753 (Glarus),
1266 3714 1462 3753 Fürsprecher
1540 3714 1649 3751 Stucki,
1727 3714 1870 3747 General¬

1038 3755 1162 3792 sekretär
1198 3755 1252 3785 des
1291 3753 1541 3794 schweizerischen
1577 3754 1871 3794 VolkSwirtschaftS-

1038 3795 1262 3832 dcpartements
1309 3794 1432 3832 (Bern).
1477 3811 1511 3816 —
1554 3793 1614 3826 Die
1636 3795 1870 3833 Versammlung

1034 3834 1117 3871 hatte
1141 3833 1300 3872 ihrerseits
1344 3834 1418 3872 zehn
1463 3833 1585 3866 weitere
1609 3834 1790 3873 Mitglieder
1834 3841 1869 3871 zu

1035 3874 1166 3912 wählen.
1211 3873 1270 3905 Die
1295 3874 1425 3911 Wahlen
1450 3873 1544 3913 fielen
1589 3875 1643 3914 auf
1669 3874 1716 3906 die
1742 3875 1866 3913 Herren:

1037 3913 1242 3945 Nativnalrat
1305 3913 1430 3952 Speiser
1498 3913 1628 3953 (Basel),
1702 3914 1872 3953 Zurlinden

1037 3953 1182 3991 (Aarau),
1227 3953 1348 3986 Dubied
1377 3954 1535 3992 (Couvet),
1571 3954 1726 3987 Traboult
1753 3955 1870 3993 (Genf),

1892 848 2094 881 Nationalrat
2114 849 2217 887 Hirter
2241 848 2366 888 (Bern),
2388 845 2487 885 Jörin
2511 845 2641 883 (Basel),
2663 846 2725 876 Na¬

1893 888 2043 920 tionalrat
2081 890 2231 921 Gaudard
2275 888 2419 926 (Vevey),
2461 886 2600 918 Direktor
2643 885 2725 923 Roth

1895 926 2039 966 (Zürich),
2067 928 2333 960 Generaldirektor
2362 926 2465 964 Zingg
2496 925 2619 962 (Bern),
2646 924 2725 956 Bar-

1893 967 1957 1003 bey,
1976 968 2134 1005 Präsident
2155 969 2207 999 der
2227 965 2478 1007 schweizerischen
2500 964 2725 1003 Nebenbahnen

1896 1006 2108 1045 (Ste.-Crotx).
2136 1025 2171 1028 —
2198 1006 2407 1039 Unmittelbar
2433 1004 2504 1042 nach
2532 1003 2647 1041 Schluß
2675 1005 2725 1034 der

1894 1046 2251 1086 Generalversammlung
2275 1044 2478 1084 konstituierte
2502 1044 2552 1082 sich
2576 1045 2628 1074 der
2651 1043 2727 1075 Ver-

1895 1086 2112 1125 waltungsrat.
2158 1088 2201 1119 Er
2229 1086 2411 1125 bezeichnete
2438 1083 2539 1123 seinen
2567 1082 2726 1122 geschäfts¬

1895 1125 2041 1157 leitenden
2062 1125 2277 1165 Ausschuß
2297 1129 2358 1156 aus
2379 1126 2437 1155 den
2457 1123 2573 1161 Herren
2592 1122 2727 1159 Dubois,

1895 1164 2002 1202 Jörin,
2039 1166 2200 1202 Traboult,
2239 1165 2375 1204 Speiser,
2413 1163 2506 1201 Roth,
2545 1162 2727 1200 Zurlindcn,

1895 1204 2078 1242 Vachmann.
2097 1206 2156 1237 Die
2175 1204 2418 1245 Genossenschaft
2437 1203 2515 1234 wird
2537 1202 2601 1241 ihre
2621 1202 2728 1240 Tätig¬

1896 1243 1951 1274 keit
1975 1245 2123 1283 möglichst
2168 1246 2247 1284 rasch
2275 1245 2469 1283 aufnehmen.
2515 1244 2577 1274 Der
2604 1242 2668 1280 Sitz
2694 1243 2728 1280 ist

1895 1283 1996 1322 Basel.
2203 1323 2415 1330 _

2036 1367 2577 1438 Eidgenossenschaft.

1955 1456 2062 1486 Abbau
2100 1457 2152 1487 der
2190 1456 2456 1494 Einschränkungs
2478 1468 2487 1478 -
2507 1453 2729 1491 Maßnahmen.

1898 1495 2029 1531 Bern,
2081 1498 2124 1528 18.
2154 1496 2254 1535 März,
2305 1504 2343 1531 ag
2391 1496 2462 1526 Das
2504 1492 2731 1532 schweizerische

1897 1535 2385 1574 Volkswirtschaftsdcpartement
2405 1533 2537 1572 verfügt,
2569 1533 2629 1570 daß
2660 1536 2731 1563 vom

1902 1575 1945 1606 16.
1959 1575 2047 1612 März
2066 1576 2139 1606 1919
2155 1575 2277 1614 hinweg
2293 1576 2345 1606 der
2362 1575 2389 1612 H
2402 1582 2421 1604 a
2433 1581 2454 1604 n
2466 1574 2483 1603 d
2496 1581 2510 1604 e
2523 1573 2534 1602 l
2550 1572 2607 1603 mit
2623 1572 2645 1603 L
2656 1579 2676 1602 u
2687 1579 2731 1602 m-

1897 1618 1992 1651 pen,
2027 1615 2258 1653 Stoffabfällcn,
2284 1617 2375 1646 unter
2402 1612 2596 1650 vorläufiger
2622 1611 2732 1643 Beibe¬

1899 1653 2025 1692 haltung
2049 1655 2099 1685 der
2124 1653 2428 1694 Konzessionspslicht
2473 1653 2524 1691 für
2548 1651 2731 1683 Sorticran-

1899 1694 2002 1730 stalten
2033 1694 2094 1725 und
2116 1693 2409 1733 Zwischenhändler,
2442 1691 2732 1730 frcigegebcn

1901 1733 1987 1764 ivird.
2015 1733 2128 1771 Ferner
2166 1735 2287 1773 verfügt
2326 1734 2385 1765 das
2405 1733 2632 1770 Departement,
2672 1730 2732 1767 daß

1899 1772 1977 1810 seine
1997 1773 2216 1812 Verfügungen
2258 1778 2329 1804 vom
2349 1774 2377 1804 3.
2398 1772 2528 1810 Januar
2552 1772 2628 1802 1918
2668 1770 2730 1801 und

1900 1815 1970 1843 vom
1992 1813 2035 1844 15.
2054 1812 2128 1851 Juli
2152 1814 2226 1846 1918
2266 1814 2341 1844 über
2383 1811 2431 1843 die
2474 1810 2732 1848 Einschrän¬

1901 1852 2062 1889 kungen
2100 1852 2154 1883 des
2175 1850 2640 1890 Papierverbrauches
2682 1850 2733 1881 der

1900 1890 2155 1929 Zeitungen,
2178 1892 2388 1931 Zeitschriften
2409 1892 2472 1922 und
2496 1891 2612 1921 andern
2634 1889 2733 1928 perio¬

1902 1930 2013 1969 dischen
2054 1931 2291 1969 Publikationen
2336 1930 2617 1969 aufgehoben
2661 1930 2734 1967 sind.

1901 1970 1966 2007 Für
1985 1971 2031 2001 die
2051 1971 2163 2009 gespitzt
2183 1973 2237 2010 auf
2257 1972 2323 2003 Art.
2347 1973 2383 2003 10
2405 1972 2458 2002 des
2480 1970 2734 2002 BundesraWlie-

1904 2010 2034 2048 schlusses
2061 2015 2130 2041 vom
2156 2012 2200 2042 10.
2226 2012 2398 2043 November
2426 2012 2500 2042 1917
2546 2009 2735 2047 bewilligten

1902 2050 2136 2085 Publikationen
2178 2050 2299 2082 bleiben
2323 2050 2371 2082 die
2395 2049 2517 2089 jeweils
2542 2050 2734 2088 festgesetzten

1906 2089 2106 2128 Kontingente
2125 2090 2158 2121 in
2178 2090 2277 2130 Kraft.

2116 2192 2507 2259 Kantone.

2245 2278 2385 2313 ZUrich.

1954 2320 2243 2356 Frauenstimmrecht.
2278 2322 2335 2351 Die
2369 2321 2608 2356 kaulousrätlichc
2646 2320 2735 2350 Stom»

1903 2361 2016 2396 Mission
2035 2361 2190 2396 betreffend
2211 2365 2267 2390 das
2288 2362 2575 2397 Frauenstimmrecht
2597 2361 2645 2395 hat
2667 2361 2734 2391 nach

1905 2401 1969 2429 dem
1990 2400 2189 2435 „Landbolen"
2228 2402 2283 2431 mit
2306 2402 2363 2436 acht
2385 2408 2474 2436 gegen
2497 2401 2561 2435 fünf
2585 2401 2736 2430 Stimmen

1907 2440 2073 2476 beschlosicn,
2111 2442 2175 2470 dem
2197 2440 2383 2470 Kantonsrat
2423 2441 2469 2469 die
2491 2440 2737 2475 Ablehnung

1906 2480 1955 2509 der
1983 2480 2458 2516 sozialdemokratischen
2496 2480 2739 2514 Initiative

1907 2526 1942 2554 zu
1965 2519 2146 2555 beantragen.
2177 2520 2417 2556 Einstimmigkeit
2459 2520 2573 2555 bestand
2615 2520 2647 2549 in
2688 2521 2738 2549 der

1910 2559 2094 2594 Kommission
2119 2560 2214 2594 darin,
2256 2561 2313 2595 daß
2340 2560 2382 2589 im
2406 2559 2552 2595 Interesse
2575 2561 2654 2589 einer
2678 2560 2739 2589 ein¬

1907 2599 1999 2633 fachen
2021 2600 2079 2628 und
2102 2600 2195 2628 klaren
2216 2600 2423 2636 Abstimmung
2462 2600 2536 2634 nicht
2558 2600 2639 2629 beide
2663 2600 2738 2629 Vor¬

1907 2639 1990 2672 lagen
2006 2639 2124 2674 zugleich
2141 2641 2204 2667 dem
2222 2640 2309 2669 Volle
2325 2641 2378 2669 deö
2398 2640 2535 2668 Kantons
2553 2639 2655 2674 Zürich
2672 2643 2737 2668 vor-

1910 2678 1998 2712 gelegt
2018 2680 2130 2707 werden
2149 2679 2245 2714 sollen,
2272 2680 2397 2714 sondern
2417 2679 2474 2713 daß
2495 2680 2560 2709 dem
2579 2678 2740 2713 Jnitiativ-

1907 2718 2046 2752 begehren
2069 2719 2135 2753 nach
2159 2718 2249 2754 dieser
2275 2719 2419 2754 Mchtung
2445 2719 2496 2753 hin
2521 2720 2568 2748 die
2592 2719 2740 2753 Priorität

1908 2757 2055 2792 zukomme.
2087 2757 2149 2792 Für
2179 2758 2227 2788 die
2248 2759 2555 2794 sozialdemokratische
2576 2758 2743 2793 Initiative

1908 2799 2002 2825 traten
2025 2797 2164 2832 sämtliche
2188 2797 2479 2833 Sozialdemokraten
2503 2799 2560 2831 ein,
2602 2798 2741 2833 während

1909 2836 1958 2871 für
1971 2837 2015 2865 die
2028 2836 2202 2872 Ablehnung
2216 2838 2364 2873 derselben
2379 2838 2433 2867 alle
2447 2838 2595 2867 Vertreter
2609 2839 2658 2868 der
2673 2838 2741 2868 bür¬

1909 2876 2043 2910 gerlichen
2064 2876 2238 2910 Fraktionen
2261 2878 2413 2912 stimmten,
2452 2878 2653 2913 einschließlich
2692 2880 2741 2908 der

1910 2916 2187 2952 Ehriftlichsozialeti,
2209 2918 2278 2946 aber
2298 2918 2352 2947 mit
2373 2917 2547 2953 Ausnahme
2567 2919 2649 2947 eines
2672 2919 2742 2954 städ-

1909 2955 2006 2990 lischen
2029 2956 2226 2991 Deniokratcn,
2248 2958 2299 2987 der
2323 2958 2513 2992 ausdrücklich
2535 2958 2662 2991 erklärte,
2685 2959 2741 2992 daß

1909 2996 1990 3028 durch
2007 2996 2052 3024 die
2068 2996 2262 3031 Einreichung
2280 2998 2328 3026 der
2347 2997 2560 3032 sozialistischen
2578 2997 2742 3032 Initiative

1908 3035 1986 3069 selbst
2003 3034 2048 3068 für
2065 3035 2112 3064 die
2129 3035 2266 3070 Freunde
2282 3038 2336 3066 des
2355 3037 2659 3073 Frauenstimmrechts
2678 3039 2741 3067 eine

1907 3075 2105 3109 Zwangslage
2124 3075 2277 3112 geschaffen
2298 3077 2419 3107 worden
2437 3078 2485 3112 sei,
2504 3079 2564 3106 und
2583 3078 2640 3112 daß
2660 3085 2691 3107 er
2708 3081 2741 3107 es

1908 3117 2083 3149 vorgezogen
2101 3115 2186 3149 hätte,
2205 3118 2291 3145 wenn
2301 3117 2348 3145 die
2367 3118 2657 3152 regierungsrälliche
2669 3118 2743 3148 Vor¬

1907 3155 1970 3188 lage
2006 3155 2058 3188 auf
2080 3154 2273 3191 Einführung
2296 3157 2348 3186 des
2371 3158 2566 3193 stusenweisen
2588 3158 2662 3192 Auf-
2683 3159 2742 3187 und

1907 3193 2067 3223 Ausbaues
2105 3195 2157 3223 des
2178 3194 2500 3231 Frauenstimmrechtes
2538 3198 2603 3226 dem
2622 3198 2744 3232 Zürcher

1909 3233 1979 3262 Volk
1997 3233 2074 3267 hätte
2092 3240 2144 3269 zur
2162 3234 2368 3272 Abstimmung
2404 3237 2592 3266 unterbreitet
2629 3240 2744 3267 werden

1909 3272 2026 3302 können.

1960 3312 2156 3348 Richterswil,
2176 3315 2218 3344 17.
2240 3315 2335 3351 März,
2356 3318 2387 3346 nt,
2405 3316 2462 3346 Die
2482 3318 2747 3352 Budgctgcmeinde

1909 3351 2097 3387 Richterswil
2121 3354 2301 3391 genehmigte
2328 3363 2375 3385 am
2399 3357 2538 3391 Sonntag
2563 3357 2609 3387 die
2634 3359 2749 3388 Voran¬

1906 3392 2013 3427 schläge
2036 3394 2087 3424 der
2113 3395 2326 3430 verschiedenen
2351 3397 2603 3433 Gcmcindcgüier,
2628 3399 2676 3428 die
2701 3406 2748 3434 zu¬

1909 3425 2037 3468 sammen
2075 3433 2141 3463 «ine
2179 3438 2247 3472 nach
2275 3437 2340 3466 dom
2371 3439 2450 3466 alten
2479 3438 2672 3474 Stcuergesetz
2703 3439 2749 3468 be¬

1909 3473 2032 3508 rechnete
2053 3473 2261 3510 Gcsamtftcucr
2282 3480 2338 3508 von
2363 3478 2395 3505 16
2417 3477 2465 3512 Fr.
2486 3481 2537 3512 pro
2561 3478 2664 3513 Faktor
2685 3483 2749 3508 vor¬

1910 3513 2000 3548 sehen.
2015 3515 2079 3544 Den
2091 3514 2384 3548 Gemeindebcaniten
2397 3519 2516 3549 wurden
2534 3520 2622 3554 außer
2639 3520 2692 3550 den
2708 3520 2749 3549 im

1909 3553 2026 3588 Budget
2050 3557 2259 3590 vorgemcrktcil
2284 3557 2659 3594 Besoldnngserhöhnngcn
2685 3560 2750 3594 noch

1909 3593 2210 3630 Teuerungszulagen
2232 3597 2273 3627 im
2291 3598 2416 3633 Betrage
2437 3602 2493 3627 von
2513 3599 2582 3628 2800
2601 3599 2649 3634 Fr.
2669 3607 2750 3635 znge-

1913 3634 2050 3669 sprochcn.
2073 3636 2140 3665 Das
2163 3636 2359 3674 Krankenasyl
2381 3638 2448 3674 siebt
2468 3638 2553 3668 einen
2577 3639 2751 3675 Fehlbetrag

1911 3676 1969 3703 von
1988 3675 2084 3707 18,000
2102 3675 2152 3710 Fr.
2171 3679 2232 3713 vor,
2249 3680 2300 3708 der
2320 3685 2369 3713 zur
2389 3679 2486 3713 Hälfte
2507 3682 2563 3710 von
2583 3680 2633 3709 der
2653 3680 2751 3714 politi¬

1910 3713 1986 3748 schen
2011 3714 2170 3745 Goineinde
2194 3723 2227 3753 zu
2250 3718 2344 3748 decken
2364 3718 2406 3754 ist.
2447 3720 2520 3749 Dem
2545 3719 2751 3750 Gemeinderat

1912 3755 2012 3784 wurde
2038 3756 2086 3785 der
2114 3758 2272 3791 geforderte
2300 3758 2401 3789 Kredit
2426 3762 2483 3790 von
2509 3760 2603 3793 22,800
2629 3760 2678 3795 Fr.
2705 3761 2750 3795 für

1911 3794 1967 3823 den
1988 3798 2047 3824 von
2067 3797 2117 3827 der
2141 3797 2299 3828 Gemeinde
2322 3805 2356 3834 zu
2379 3799 2629 3834 übernehmenden
2651 3801 2752 3831 Anteil

1911 3835 1961 3864 der
1983 3835 2085 3870 Kosten
2105 3838 2159 3867 des
2180 3837 2503 3874 VermcssungSwerkes,
2522 3840 2610 3875 sowie
2627 3841 2675 3870 eüi
2697 3841 2753 3870 Be-

1913 3874 2110 3912 triebSdesizit
2135 3880 2191 3908 von
2217 3880 2312 3912 75,000
2337 3879 2386 3914 Fr.
2412 3880 2458 3915 für
2482 3881 2635 3916 denselben
2661 3881 2754 3915 Zweck

1913 3914 2063 3951 bewilligt.
2086 3917 2142 3947 Die
2161 3917 2401 3954 Schulgcnieinde
2423 3920 2621 3954 sanktionierte
2641 3922 2688 3951 die
2709 3922 2754 3951 be¬

1913 3957 2049 3991 antragte
2071 3956 2184 3992 Zulage
2210 3967 2248 3989 an
2273 3959 2318 3989 die
2343 3959 2512 3996 Lehrkräfte.
2555 3961 2598 3991 ES
2622 3961 2753 3997 erhalten

2764 844 2930 880 inskünftig
2951 844 3000 873 die
3023 843 3239 877 Primarlohrcr
3263 841 3326 870 eine
3351 842 3516 878 Desoldung
3538 848 3594 872 von

2766 886 2834 914 4100
2854 884 2904 919 Fr.
2921 885 2974 913 bis
2993 885 3063 912 7500
3083 883 3140 918 Fr.,
3161 884 3206 911 die
3224 881 3528 915 Arbcitslchrerinne»
3548 884 3596 912 bis

2764 925 2833 954 3900
2862 925 2911 959 Fr.
2947 925 3007 953 und
3043 923 3093 953 die
3121 921 3440 956 Kindergärmerinnen
3477 922 3525 950 bis
3563 931 3596 958 zu

2764 965 2833 994 2900
2851 964 2900 999 Fr.

2819 1009 2917 1045 StSfa,
2948 1009 2989 1037 17.
3012 1007 3106 1041 März,
3136 1009 3166 1037 pt
3197 1005 3253 1035 Die
3272 1005 3597 1040 Eriieuerungswahlen

2765 1049 2814 1078 der
2839 1049 2961 1084 hiesigen
2985 1046 3290 1080 Gemeindebehörden
3314 1044 3459 1079 vollzogen
3484 1045 3530 1079 sich
3555 1053 3600 1074 am

2772 1089 2911 1123 Sonntag
2930 1088 3072 1122 kampflos
3095 1087 3161 1121 nach
3179 1087 3229 1115 der
3249 1089 3307 1113 von
3328 1084 3405 1113 einer
3426 1084 3603 1119 öffentlichen

2771 1128 3076 1163 Wahlversammlung
3099 1125 3290 1161 ausgestellten
3315 1124 3394 1158 Lifte.
3435 1124 3510 1154 Dem
3535 1124 3605 1153 Ver¬

2770 1170 2874 1203 langen
2895 1170 2946 1198 der
2966 1167 3173 1202 organisicrten
3193 1163 3411 1198 Arbeiterschaft
3430 1170 3482 1193 um
3503 1164 3605 1193 Ueber-

2770 1208 2882 1243 lassnng
2904 1212 2962 1237 von
2987 1207 3013 1241 je
3039 1209 3107 1241 zwei
3135 1206 3233 1240 Sitzen
3258 1205 3290 1234 in
3314 1203 3520 1233 Gemeinderat
3546 1206 3604 1232 und

2771 1248 2954 1283 Schulpflegc
2986 1248 3073 1282 sowie
3105 1246 3188 1275 eines
3219 1244 3326 1279 solchen
3348 1242 3381 1271 in
3404 1244 3453 1274 der
3478 1243 3607 1278 Gesnnd-

2769 1287 3026 1323 heitskommisston
3047 1287 3149 1315 wurde
3168 1284 3357 1319 entsprochen.

3083 1336 3295 1370 Baselstadt.

2820 1378 2916 1413 Basel,
2946 1379 2988 1407 18.
3011 1377 3105 1411 März,
3136 1376 3173 1411 ö
3205 1377 3263 1405 Der
3286 1374 3396 1408 Basler
3420 1374 3583 1408 Hausbc

2766 1413 3039 1448 sitzcrverein,
3060 1413 3108 1443 der
3128 1411 3234 1447 zurzeit
3255 1410 3325 1438 über
3345 1410 3413 1438 2000
3434 1409 3604 1444 Mitglieder

2770 1449 2855 1483 zäblt,
2878 1449 2967 1487 nahm
2990 1449 3022 1477 in
3045 1449 3136 1483 seiner
3160 1446 3297 1482 gestrigen
3323 1445 3606 1479 Generalversamm¬

2771 1486 2842 1519 lung
2860 1484 2999 1518 Stellung
3017 1490 3104 1518 gegen
3120 1484 3178 1512 das
3196 1481 3305 1511 Basler
3322 1481 3473 1509 kantonale
3493 1481 3575 1509 Mie
3584 1482 3608 1508 1-

2770 1527 2787 1548 a
2798 1526 2826 1548 m
2837 1523 2856 1554 1,
2872 1525 2938 1549 dem
2954 1519 3155 1553 vorgcworfcn
3172 1517 3281 1550 wurde,
3296 1515 3354 1548 daß
3371 1517 3404 1543 cs
3421 1515 3468 1545 die
3487 1516 3608 1545 Mieter-

2769 1555 3038 1589 schutzveroronung
3067 1554 3122 1582 des
3152 1553 3358 1583 Bundesrates
3397 1551 3531 1585 einseitig
3560 1558 3608 1586 zu¬

2771 1591 2886 1624 gunsten
2912 1592 2959 1619 der
2986 1590 3095 1618 Mieter
3121 1588 3239 1623 auslege
3264 1588 3324 1615 und
3348 1587 3396 1616 die
3421 1586 3605 1621 berechtigten

2770 1625 2934 1660 Interessen
2958 1626 3010 1654 der
3034 1623 3227 1658 Hausbesitzer
3252 1622 3350 1657 schwer
3374 1621 3508 1656 schädige.
3552 1622 3607 1651 Die

2771 1661 2996 1695 Versammlung
3039 1659 3217 1693 genehmigte
3259 1657 3434 1691 einstimmig
3476 1657 3607 1691 folgende

2771 1695 2958 1730 Resolution:
2984 1694 3055 1728 „Die
3079 1693 3305 1728 Versammlung
3327 1693 3379 1721 des
3403 1692 3606 1726 Hausbesitzer-

2770 1731 2888 1760 Vereins
2913 1730 3000 1766 Basel
3024 1729 3182 1764 protestiert
3206 1735 3293 1763 gegen
3314 1728 3362 1756 die
3387 1727 3534 1762 Eingriffe
3557 1729 3607 1756 des

2773 1766 2900 1795 Staates
2926 1767 2957 1794 in
2982 1766 3028 1796 die
3055 1765 3154 1799 Rechte
3178 1765 3228 1793 der
3254 1762 3457 1798 Hausbesitzer,
3500 1764 3610 1797 speziell

2774 1808 2860 1835 gegen
2895 1802 2941 1831 die
2975 1800 3189 1836 fortwährende
3216 1798 3424 1833 Verschärfung
3457 1799 3507 1829 der
3536 1798 3610 1827 Vor¬

2772 1836 2909 1870 schriften.
2948 1836 3004 1866 Ste
3042 1835 3201 1870 protestiert
3239 1841 3326 1868 gegen
3354 1833 3403 1862 die
3431 1833 3610 1863 willkürliche

2771 1872 2948 1907 Auslegung
2961 1871 3052 1906 dieser
3069 1870 3261 1905 Vorschriften
3278 1872 3336 1899 und
3351 1869 3404 1898 des
3422 1868 3597 1902 Wohnnngs

2775 1907 2945 1942 Nachweises
2976 1906 3061 1940 durch
3082 1907 3139 1934 das
3164 1905 3275 1935 Basler
3300 1903 3440 1933 Mietamt
3472 1908 3532 1934 und
3565 1905 3612 1933 be¬

2773 1941 2897 1977 schließt:
2922 1943 2947 1972 1.
2971 1942 3028 1971 Die
3053 1941 3244 1974 Entsendung
3266 1939 3346 1970 einer
3371 1939 3547 1973 Delegation
3573 1947 3610 1968 an

2774 1980 2828 2007 den
2847 1979 3019 2008 Bundesrat
3039 1983 3088 2011 zur
3109 1976 3289 2011 Feststellung
3305 1976 3358 2003 des
3376 1975 3611 2010 ursprünglichen

2774 2013 2892 2043 Sinnes
2923 2016 2983 2043 und
3016 2012 3143 2047 Zweckes
3182 2012 3232 2040 der
3265 2010 3613 2044 Mietschutzverordnung

2775 2049 2934 2082 gegenüber
2955 2049 3006 2077 der
3026 2047 3137 2081 Praxis
3157 2047 3210 2075 des
3232 2046 3343 2076 BaSler
3366 2045 3549 2076 Mielamtes.
3586 2047 3611 2073 2.

2776 2084 2850 2113 Eine
2871 2084 3005 2117 Eingabe
3024 2090 3063 2111 an
3081 2082 3129 2111 di«
3149 2082 3249 2116 hiesige
3269 2080 3438 2115 Regierung
3459 2088 3546 2115 gegen
3565 2081 3613 2109 die

2772 2122 2939 2153 genannten
2967 2117 3409 2152 Kompetenzübersihreitungen
3436 2120 3496 2147 und
3525 2124 3610 2151 gegen

2774 2154 2820 2182 die
2844 2154 3052 2189 Verschärfung
3072 2155 3122 2183 der
3146 2147 3532 2187 Mietfchutzbesttnnmmgen
3556 2152 3612 2180 wie

2774 2190 2809 2224 sie
2842 2190 2877 2218 in
2901 2191 2952 2219 der
2980 2189 3177 2222 Verordnung
3210 2191 3277 2218 vom
3314 2187 3354 2217 18.
3383 2186 3517 2220 Februar
3545 2188 3612 2216 1919

2775 2225 2930 2261 publiziert
2950 2224 3094 2253 wurden."
3116 2223 3172 2253 Di«
3192 2222 3417 2257 Versammlung
3437 2223 3545 2256 tvählte
3565 2223 3612 2251 als

2776 2261 2937 2295 Delegierte
2967 2259 3014 2289 die
3044 2259 3153 2294 Herren
3182 2259 3344 2287 Amtmann
3368 2257 3397 2288 L.
3419 2257 3611 2292 Pfeuninger.

2774 2297 2828 2325 Dr.
2847 2296 2935 2330 Peter
2952 2296 3014 2324 und
3032 2294 3170 2327 Architekt
3186 2293 3326 2328 Doppler.
3344 2292 3401 2327 Fm
3420 2294 3539 2322 weitern
3561 2294 3612 2328 soll

2775 2331 2842 2366 noch
2859 2331 2922 2361 eine
2939 2330 3177 2364 Massenvetition
3195 2329 3227 2357 in
3242 2328 3291 2359 die
3308 2328 3393 2363 Wege
3411 2329 3523 2362 geleitet
3539 2332 3611 2357 wer¬

2773 2367 2829 2396 den
2849 2368 2909 2396 und
2930 2366 2979 2396 die
2997 2366 3213 2400 Unterstützung
3231 2365 3282 2393 der
3304 2363 3612 2399 H-msbcsitzervereine

2777 2402 2897 2438 unseres
2920 2402 3058 2431 KantonS
3079 2401 3126 2435 für
3147 2400 3195 2429 die
3213 2399 3317 2429 Aktion
3339 2406 3378 2428 an
3398 2399 3453 2429 den
3475 2400 3615 2429 BnndeS-

2779 2439 2825 2467 rat
2844 2443 3055 2472 angenommen
3074 2436 3197 2465 werden.

3079 2476 3310 2512 Neuenbürg.

2837 2520 3032 2558 Ncucnbrtrg,
3068 2521 3112 2551 18.
3135 2519 3235 2557 März,
3268 2526 3306 2553 ag
3336 2518 3399 2549 Der
3423 2517 3527 2554 Große
3550 2517 3614 2549 Rat

2778 2561 2874 2593 beriet
2895 2561 2983 2592 einen
3003 2558 3237 2598 Gesetzentwurf
3257 2558 3331 2589 über
3353 2557 3401 2589 die
3423 2558 3613 2595 administra¬

2779 2600 2841 2632 tive
2856 2601 3053 2639 Versorgung
3069 2603 3130 2630 von
3145 2599 3171 2630 T
3184 2606 3199 2629 r
3209 2598 3221 2628 i
3233 2605 3254 2629 n
3265 2597 3278 2628 k
3287 2604 3303 2628 e
3316 2605 3330 2628 r
3341 2604 3371 2628 n.
3387 2597 3451 2629 Mt
3466 2599 3503 2629 75
3520 2605 3613 2635 gegen

2779 2641 2798 2672 2
2822 2640 2979 2672 Stimmen
3003 2639 3107 2670 wurde
3131 2637 3314 2683 beschlossen,
3348 2636 3392 2668 im
3416 2636 3535 2675 Schoße
3560 2639 3615 2669 des

2779 2680 2907 2719 Großen
2925 2679 3024 2710 RaieS
3044 2671 3212 2716 alljährlich
3230 2677 3413 2715 mindestens
3433 2677 3547 2709 einmal
3567 2677 3614 2708 die

2781 2718 3158 2758 eidgenössischen
3201 2716 3617 2758 Angelegenheiten

2784 2763 2821 2790 -U
2836 2758 3016 2798 besprechen.
3092 2797 3304 2805 __

3002 2840 3180 2910 Stadl
3216 2838 3432 2908 Zürich.

2837 2929 2892 2959 Die
2924 2928 3064 2964 „Zürcher
3090 2927 3315 2962 Bolkszeitung"
3348 2926 3461 2961 begann
3496 2934 3544 2956 am
3576 2928 3618 2956 15.

2786 2968 2871 3004 März
2895 2968 2941 3003 ihr
2963 2968 3072 3003 Dasein
3114 2968 3173 2996 und
3196 2968 3228 3001 ist
3251 2974 3312 2995 mm
3336 2966 3443 2995 bereits
3485 2967 3517 2996 in
3556 2967 3617 2996 drei

2784 3008 2947 3038 Runimern
2967 3007 3133 3043 erschienen.
3171 3007 3228 3037 Die
3257 3006 3395 3041 städtische
3415 3006 3616 3042 Abstimmung

2784 3048 2834 3078 bot
2852 3051 2918 3083 gnte
2934 3047 3120 3083 Gelegenheit
3137 3053 3187 3082 zur
3204 3046 3372 3081 Eröffnung
3389 3046 3437 3074 der
3455 3046 3616 3082 politischen

2786 3088 2935 3123 Tätigkeit,
2952 3088 3026 3122 dazu
3044 3087 3147 3122 gerade
3164 3087 3195 3116 in
3214 3087 3278 3115 dem
3297 3086 3545 3122 Wirkungskreise,
3563 3088 3617 3116 den

2784 3129 2841 3158 das
2866 3135 2937 3157 neue
2962 3127 3046 3157 Blatt
3089 3127 3138 3156 als
3162 3127 3258 3162 seinen
3284 3126 3479 3160 vornchmsien
3504 3127 3617 3155 erkoren

2786 3170 2842 3197 I)at.
2870 3168 2949 3197 Aber
2969 3167 3035 3201 auch
3055 3167 3128 3202 sonst
3146 3166 3243 3195 bieten
3262 3167 3309 3195 die
3327 3166 3518 3201 erschienenen
3538 3167 3618 3195 Aus¬

2786 3209 2878 3241 gaben
2903 3207 3150 3241 mannigfaltigen
3175 3206 3312 3242 Lesestoff.
3362 3205 3419 3234 Die
3444 3206 3525 3241 Ziele
3566 3207 3618 3235 des

2788 3254 2880 3276 neuen
2895 3247 3128 3281 Unternehmens
3143 3246 3326 3281 entsprechen,
3342 3246 3370 3280 so
3387 3245 3442 3275 wie
3458 3247 3491 3281 sie
3508 3246 3538 3275 in
3554 3248 3619 3275 dem

2787 3287 2998 3322 einführenden
3034 3286 3142 3315 Artikel
3179 3286 3269 3320 „Was
3305 3285 3359 3314 wir
3396 3286 3517 3314 wollen"
3554 3287 3621 3315 dar¬

2789 3326 2879 3362 gelegt
2898 3327 3023 3360 werden,
3050 3327 3141 3356 denen
3168 3327 3247 3355 einer
3275 3328 3324 3360 gut
3353 3325 3546 3361 freisinnigen,
3565 3327 3620 3355 den

2786 3367 2992 3403 Bedürfnissen
3012 3367 3091 3396 einer
3113 3374 3205 3395 neuen
3225 3365 3290 3400 Zeit
3311 3365 3490 3400 augepaßten
3510 3366 3621 3399 Politik

2787 3407 2847 3436 und
2869 3408 2919 3436 der
2942 3407 3055 3440 Partei,
3076 3406 3123 3435 die
3144 3407 3179 3441 ste
3200 3405 3321 3440 verficht.
3371 3404 3447 3438 „Der
3471 3407 3565 3435 Name
3588 3407 3620 3440 ist

2787 3446 2959 3481 gleichzeitig
2980 3447 3028 3475 ein
3051 3445 3237 3480 Programm.
3285 3445 3351 3473 Das
3374 3444 3458 3474 Blatt
3498 3445 3549 3480 soll
3571 3446 3620 3475 ein

2787 3486 2891 3521 Organ
2930 3486 2977 3521 für
2998 3486 3043 3515 die
3064 3485 3323 3520 nationalgesinnte
3345 3484 3545 3520 Bevölkerung
3567 3493 3621 3515 un¬

2787 3526 2861 3560 serer
2888 3526 2978 3556 Stadt
3004 3527 3063 3555 und
3090 3526 3169 3561 ihres
3195 3525 3351 3559 Umkreises
3377 3525 3446 3560 sein,
3488 3526 3536 3555 die
3561 3526 3621 3560 In¬

2788 3566 2883 3601 teresse
2900 3566 2948 3601 für
2963 3566 3027 3595 eine
3045 3565 3265 3601 ausgesprochen
3283 3564 3622 3600 bürgerlich-fortschritt-

2789 3604 2854 3640 lichc
2873 3605 2983 3640 Politik
3001 3606 3095 3641 besitzt.
3124 3605 3178 3635 Sie
3197 3605 3271 3633 wird
3291 3604 3362 3639 nicht
3381 3604 3450 3640 bloß
3471 3605 3622 3641 politische,

2789 3645 2911 3680 sonvem
2933 3647 2986 3675 mit
3010 3646 3146 3675 Vorliebe
3167 3645 3231 3679 auch
3253 3643 3476 3680 wirtschaftliche
3498 3647 3558 3675 und
3580 3647 3623 3680 so¬

2789 3685 2861 3719 ziale
2881 3685 2996 3721 Fragen
3035 3686 3064 3714 in
3085 3686 3137 3713 den
3158 3684 3271 3718 Bereich
3293 3684 3369 3719 ihrer
3390 3684 3622 3721 Betrachtungen

2789 3724 2913 3760 ziehen."
2952 3725 3008 3759 Im
3037 3725 3193 3759 besoirdern
3215 3724 3290 3753 wird
3313 3724 3393 3752 dann
3416 3724 3461 3754 die
3485 3726 3623 3760 Stellung

2791 3765 2843 3794 des
2863 3765 2981 3794 Blattes
3000 3772 3034 3799 zu
3054 3764 3179 3799 Kapital,
3199 3763 3393 3799 Wirtschasts-
3410 3766 3471 3794 und
3490 3765 3625 3795 Arbeits-

2791 3805 3003 3840 Verhältnissen,
3045 3804 3255 3839 Enlähruugs-
3296 3805 3356 3833 und
3382 3804 3626 3841 Wohnungsauf-

2792 3846 2893 3878 gaben,
2915 3845 3127 3879 Sozialroform
3146 3844 3207 3873 und
3228 3843 3458 3879 Fremdenftage
3477 3848 3626 3881 dargetan.

2792 3883 2855 3917 Für
2876 3885 2923 3914 die
2945 3884 3101 3914 Redaktion
3124 3884 3356 3917 veranNvortlich
3398 3885 3430 3919 ist
3454 3886 3517 3915 eine
3540 3887 3627 3915 Kom¬

2794 3925 2917 3959 mission,
2934 3924 2964 3952 in
2982 3924 3065 3953 deren
3083 3924 3196 3953 Namen
3214 3924 3260 3952 die
3279 3923 3390 3958 Herren
3407 3924 3460 3955 Dr.
3479 3926 3513 3960 H.
3532 3926 3627 3956 Wcis-

2794 3963 2862 3999 slog,
2878 3964 2929 3993 Dr.
2945 3963 2982 3999 P.
2997 3963 3113 3999 Rütsche
3128 3964 3189 3992 und
3204 3964 3259 3993 Ad.
3276 3964 3439 3993 Baumann
3456 3966 3592 4001 zeichnen.

409 4046 748 4116 Aemlleton.

341 4188 413 4220 Da»
432 4187 618 4221 italienische
637 4185 812 4215 Volkslied.

362 4246 432 4277 Von
458 4246 587 4277 LouiS
613 4243 791 4278 Gauchat.

207 4316 300 4347 Wenn
314 4316 362 4346 die
377 4316 472 4352 leichte
489 4316 581 4351 Fonn
597 4316 648 4345 des
664 4313 873 4350 einstrophigcn
890 4313 995 4345 Liedes

157 4356 250 4392 dieser
272 4363 382 4392 ganzen
406 4357 573 4392 Volkskunst
603 4357 665 4385 eine
688 4355 772 4391 große
796 4354 994 4388 Originalität

161 4396 290 4431 verleiht,
311 4396 357 4432 ihr
378 4399 472 4426 etwas
494 4396 716 4432 Beschwingtes,
747 4393 902 4429 Graziöses
924 4394 994 4429 gibt,

162 4437 190 4472 so
208 4436 270 4466 will
287 4436 325 4471 ich
344 4437 415 4472 nicht
435 4437 599 4470 verkennen,
617 4436 673 4470 daß
693 4436 726 4471 sie
745 4434 808 4469 auch
828 4433 889 4468 ihre
908 4434 995 4469 Nach-

162 4476 229 4506 teile
250 4476 310 4505 und
333 4476 395 4512 ihre
416 4476 564 4511 Gefahren
587 4477 617 4505 in
640 4476 685 4512 sich
707 4475 792 4509 birgt.
831 4473 886 4503 Die
907 4473 995 4509 macht

161 4516 209 4545 ein
222 4516 358 4551 längeres
373 4516 536 4552 Festhalten
547 4516 628 4545 einer
643 4516 826 4550 Stimmung,
840 4514 901 4543 eine
915 4520 994 4543 ener¬

162 4556 247 4591 gische
271 4556 414 4591 Ausgabe
449 4560 506 4585 von
532 4556 681 4592 poetischer
709 4555 792 4590 Kraft
826 4552 995 4589 unmöglich.

165 4595 220 4625 Sic
240 4595 370 4631 verführt
392 4596 470 4631 leicht
490 4602 543 4631 zur
564 4594 838 4631 Formelhaftigkeit,
859 4593 917 4629 also
947 4599 997 4628 zur

162 4635 255 4669 Leere,
273 4636 435 4672 anderseits
454 4643 505 4672 zur
523 4636 705 4673 Preziosität,
722 4637 759 4665 da
777 4643 845 4665 nian
862 4634 994 4668 nlaucheit

162 4675 274 4711 Einsall
293 4676 387 4710 reimt,
407 4677 458 4706 der
477 4677 521 4705 bei
542 4677 637 4706 einem
658 4677 780 4711 längeru
802 4675 914 4709 Gedicht
936 4677 996 4704 ver-

162 4716 274 4750 ivorfen
291 4715 399 4745 würde.
434 4717 478 4746 ES
497 4716 611 4751 braucht
628 4716 708 4746 einer
725 4724 782 4746 nur
800 4715 993 4750 anzufangcn:

161 4754 204 4783 Tu
223 4756 263 4783 Bei
282 4756 355 4784 bella
374 4764 453 4784 como
473 4757 556 4784 stolla
574 4757 668 4791 diana,
687 4757 717 4792 so
738 4756 828 4791 stellen
848 4755 893 4792 sich
913 4753 996 4789 gleich

162 4795 298 4825 bekannte
314 4796 417 4826 Reime
431 4796 479 4825 ein
495 4797 555 4826 und
570 4797 627 4826 das
644 4797 759 4831 Gedicht
775 4797 862 4831 macht
880 4795 925 4831 sich
941 4795 996 4826 wie

163 4837 220 4864 von
241 4835 329 4871 selbst.
369 4837 468 4872 Stoffe
490 4837 546 4866 wie
567 4837 670 4872 dieser:
694 4837 759 4866 Und
781 4840 865 4866 wenn
888 4836 926 4865 du
948 4836 998 4869 ans

162 4874 210 4904 der
232 4875 313 4905 Gant
334 4876 496 4912 versteigert
517 4876 647 4912 würdest,
669 4877 708 4912 ich
728 4877 827 4906 würde
847 4875 906 4909 dich
926 4875 997 4911 nicht

163 4914 271 4951 kaufen,
293 4917 330 4945 da
355 4916 393 4951 ich
416 4916 474 4950 dich
498 4916 569 4951 nicht
594 4916 674 4952 mehr
698 4917 780 4953 liebe,
805 4917 872 4946 oder
895 4916 996 4951 dieser:

163 4954 210 4985 ein
226 4955 444 4991 unfrnchtbarcr
460 4956 631 4986 Birnbaum
647 4957 678 4992 ist
694 4956 856 4992 nmgeholzt
873 4956 998 4990 worden,

164 4997 222 5023 und
244 5002 312 5025 man
334 4995 383 5031 hat
403 4997 450 5025 ein
473 4996 605 5032 Knizifix
626 4997 739 5026 daraus
778 4997 901 5031 geformt
939 4997 998 5026 und

164 5033 224 5068 sagt
244 5041 280 5069 zu
302 5035 375 5070 ihm:
417 5036 532 5066 Birnen
555 5037 613 5072 hast
633 5037 672 5066 du
694 5037 766 5070 nicht
789 5037 919 5072 gemacht,
940 5037 998 5066 und

164 5071 293 5105 Wunder
317 5076 400 5112 willst
423 5077 462 5105 dir
485 5083 549 5105 nun
573 5076 748 5112 verrichten?
774 5076 876 5111 Solche
901 5077 1000 5113 Stoffe

164 5112 223 5145 sind
241 5114 508 5152 Gedankensplitter
526 5117 586 5145 und
605 5116 697 5150 haben
716 5117 768 5146 »>it
787 5116 886 5152 Poesie
904 5118 1000 5152 wenig

165 5152 243 5187 mehr
264 5160 298 5189 zu
321 5156 383 5185 tun.
423 5155 479 5185 Die
502 5156 580 5190 kurze
604 5156 713 5192 Gestalt
736 5158 787 5185 des
811 5156 915 5186 Liedes
938 5160 1000 5186 war

165 5191 232 5222 aber
255 5194 319 5223 eine
342 5196 428 5231 große
452 5195 531 5231 Hilfe
572 5195 619 5231 für
642 5197 698 5226 das
723 5196 898 5231 Gedächtnis
941 5198 1000 5226 n»d

163 5231 256 5266 sorgte
272 5233 322 5268 für
337 5236 425 5270 rasche
444 5235 642 5271 Verbreitung
660 5236 690 5266 in
709 5243 781 5271 ganz
797 5236 925 5271 Italien.
943 5237 999 5267 Die

164 5269 340 5308 beliebtesten
367 5276 481 5304 Motive
505 5275 565 5309 sind
589 5275 700 5306 überall
723 5283 755 5311 zn
779 5277 892 5312 treffen.
932 5277 999 5306 Daö

165 5309 313 5342 Volkslied
334 5315 382 5349 hat
402 5315 476 5345 viele
496 5315 644 5349 Hunderte
663 5319 719 5345 von
740 5315 857 5352 Jahren
878 5320 930 5346 vor
950 5317 999 5347 der

1040 4045 1204 4081 politischen
1221 4045 1340 4080 Einheit
1356 4045 1495 4080 Italiens
1511 4046 1587 4081 seine
1603 4046 1789 4083 künstlerische
1805 4046 1875 4076 Ein¬

1040 4085 1099 4120 heit
1121 4086 1254 4120 zustarrde
1277 4085 1413 4120 gebracht,
1452 4086 1516 4115 eine
1541 4086 1729 4122 Verheißung
1761 4087 1875 4122 besserer

1040 4125 1128 4160 Tage.
1160 4125 1238 4154 Aber
1254 4125 1327 4160 diese
1342 4125 1463 4159 Encheit
1479 4126 1510 4161 ist
1524 4126 1646 4161 zugleich
1662 4127 1725 4156 eine
1741 4127 1874 4161 Vielheit,

1040 4166 1101 4193 und
1118 4167 1150 4194 es
1168 4165 1200 4200 ist
1217 4165 1342 4199 reizvoll,
1358 4165 1520 4200 demselben
1538 4165 1649 4200 Thema
1669 4167 1698 4196 in
1716 4167 1790 4195 allen
1801 4167 1874 4201 Pro¬

1038 4205 1142 4239 vinzen
1165 4205 1373 4240 nachzuspttrcn
1395 4206 1455 4234 und
1477 4212 1512 4240 zu
1532 4205 1709 4241 beobachten,
1731 4207 1785 4236 wie
1815 4206 1874 4241 jede

1040 4244 1207 4280 Landschaft
1227 4245 1287 4280 ihm
1307 4245 1388 4280 ihren
1408 4245 1485 4281 Geist
1503 4245 1633 4281 verleiht,
1653 4247 1784 4282 Venedig
1802 4247 1875 4282 seine

1040 4283 1153 4319 heitere,
1173 4285 1349 4320 schaukelnde
1366 4285 1486 4320 Ironie,
1506 4285 1552 4315 die
1571 4286 1711 4317 Toscana
1731 4286 1793 4322 ihre
1812 4285 1875 4315 Bil¬

1039 4323 1127 4359 dung,
1148 4324 1209 4360 ihre
1227 4325 1378 4360 kunstvolle
1396 4325 1512 4361 Grazie,
1531 4325 1610 4356 Roin
1627 4327 1703 4362 seine
1721 4326 1874 4360 vornehme

1040 4362 1156 4398 Würde,
1177 4365 1287 4400 Neapel
1309 4365 1383 4401 seine
1405 4365 1582 4401 sybaritische
1603 4366 1775 4402 Ueppigkeit,
1796 4365 1875 4401 Sizi¬

1038 4402 1106 4436 lien,
1126 4406 1171 4433 wo
1191 4404 1240 4434 der
1258 4405 1354 4434 Aetna
1373 4405 1468 4439 grollt,
1486 4405 1563 4442 seine
1582 4405 1781 4443 Leidenschaft,
1801 4405 1873 4442 seine

1040 4441 1153 4477 Bilder,
1170 4444 1247 4479 seine
1265 4445 1348 4474 Glut.

1093 4482 1169 4512 Man
1187 4484 1254 4519 darf
1272 4484 1435 4520 überhaupt
1452 4485 1527 4521 diese
1545 4485 1758 4522 einstrophigen
1776 4485 1874 4516 Lieder

1039 4520 1111 4554 nicht
1128 4522 1240 4557 einzeln
1259 4527 1377 4558 werte»,
1395 4532 1463 4554 man
1481 4525 1550 4560 muß
1570 4526 1604 4562 ste
1623 4526 1653 4555 in
1672 4526 1748 4562 ihrer
1766 4532 1873 4561 ganzen

1037 4560 1242 4597 erstaunlichen
1258 4563 1342 4597 Fülle
1359 4564 1489 4599 nehmen.
1507 4565 1580 4595 WaS
1597 4566 1628 4601 ist
1644 4566 1707 4595 eine
1723 4566 1874 4600 Orangen¬

1038 4598 1125 4636 blüte,
1149 4601 1212 4630 eine
1235 4603 1386 4634 Kamelie?
1429 4605 1488 4635 Ein
1514 4604 1590 4639 Park
1613 4606 1672 4635 voll
1694 4606 1873 4641 leuchtenden

1039 4638 1127 4673 Rots»
1145 4640 1210 4670 eine
1230 4641 1307 4678 Lust,
1327 4647 1373 4673 wo
1394 4650 1463 4674 nian
1484 4645 1537 4674 mit
1557 4644 1650 4679 jedem
1669 4646 1809 4681 Alemzllg
1830 4645 1874 4673 be¬

1039 4679 1227 4714 rauschenden
1245 4682 1368 4718 Balsam
1384 4684 1517 4720 einzicht,
1534 4685 1589 4714 das
1608 4686 1640 4721 ist
1656 4686 1783 4720 Italien.
1810 4686 1873 4715 Lio-

1038 4719 1131 4747 nardo
1155 4718 1232 4754 Vigo
1254 4721 1303 4755 hat
1327 4723 1357 4751 in
1380 4724 1472 4759 seiner
1493 4725 1631 4754 Raccolta
1652 4726 1825 4761 amplissima
1846 4725 1873 4753 di

1037 4758 1113 4785 canti
1135 4760 1265 4794 popolari
1286 4762 1407 4791 siciliani
1430 4770 1518 4799 gegen
1540 4766 1608 4795 6000
1630 4765 1731 4796 Lieder
1756 4765 1873 4800 herans-

1038 4797 1169 4832 gegebcn.
1208 4800 1273 4829 Und
1295 4804 1380 4831 wenn
1401 4803 1449 4832 der
1471 4804 1634 4841 unkritische
1654 4806 1805 4836 Sancmler
1825 4806 1874 4834 da¬

1039 4838 1082 4867 bei
1098 4837 1161 4867 eine
1173 4838 1280 4874 Menge
1296 4843 1352 4870 von
1368 4843 1512 4878 unechtem
1526 4844 1617 4880 Zeug,
1632 4845 1662 4880 ja
1678 4847 1760 4882 sogar
1772 4845 1874 4875 Ueber-

1039 4878 1183 4912 setznngcn
1208 4880 1265 4908 von
1292 4879 1444 4917 Gedichten
1487 4885 1539 4913 des
1566 4885 1681 4920 Königs
1707 4885 1829 4920 Ludwig
1854 4884 1874 4913 I.

1039 4922 1095 4946 von
1116 4918 1235 4952 Bayern
1257 4920 1482 4955 ausgenommen
1502 4924 1560 4958 hat,
1579 4925 1608 4961 so
1629 4925 1734 4960 glaube
1754 4925 1791 4960 ich
1810 4924 1874 4959 doch

1039 4957 1118 4992 nicht,
1142 4958 1198 4992 daß
1224 4958 1270 4992 steh
1304 4961 1417 4995 manche
1444 4963 1793 5001 Volksliedersammlung
1825 4965 1874 4993 der

1041 4997 1114 5028 Welt
1130 4997 1184 5026 mit
1200 4997 1305 5033 diesem
1322 5000 1410 5035 Schttz
1428 5001 1625 5040 stzilianischer
1642 5005 1740 5041 Poesie
1758 5012 1794 5034 a»
1807 5004 1874 5034 Um¬

1042 5038 1109 5073 fang
1131 5037 1232 5073 messen
1256 5038 1336 5067 tarnt.

1093 5077 1158 5106 Das
1174 5076 1246 5106 Volk
1259 5077 1308 5112 hat
1323 5079 1389 5114 auch
1404 5080 1450 5110 die
1466 5081 1692 5119 Kurzatntigkeit
1707 5085 1800 5121 seines
1814 5084 1874 5113 ein¬

1041 5117 1199 5153 strophigen
1224 5116 1327 5146 Liedes
1353 5119 1475 5155 dadurch
1508 5128 1543 5156 zu
1568 5124 1727 5160 verbessenc
1762 5124 1874 5160 gesucht,

1041 5158 1095 5192 daß
1116 5161 1148 5186 cs
1169 5156 1285 5192 nachher
1307 5157 1408 5188 Lieder
1430 5160 1579 5197 ähnlichen
1599 5164 1745 5200 Inhaltes
1767 5165 1876 5200 zusam¬

1041 5197 1237 5232 menkoppelte.
1277 5196 1324 5226 Ta
1348 5197 1428 5232 jedes
1452 5200 1641 5233 Strambotto
1665 5204 1748 5240 gleich
1771 5205 1874 5239 gebaut

1041 5238 1072 5274 ist
1091 5241 1151 5267 und
1170 5237 1216 5266 die
1235 5236 1365 5266 Melodie
1384 5238 1438 5267 des
1458 5240 1542 5271 einen
1563 5242 1622 5279 also
1643 5244 1804 5280 theoretisch
1824 5244 1875 5279 auf

1040 5278 1119 5312 jedes
1138 5280 1242 5306 andere
1261 5278 1440 5308 anwendbar
1461 5279 1501 5316 ist,
1522 5281 1587 5317 steht
1608 5284 1699 5318 nichts
1721 5285 1760 5313 im
1781 5284 1873 5318 Wege.

1040 5318 1084 5348 Es
1105 5318 1268 5353 entstanden
1288 5317 1318 5353 so
1339 5317 1451 5354 Kränze
1474 5323 1531 5349 von
1553 5322 1684 5353 Lieder».
1724 5324 1782 5354 Ein
1804 5324 1874 5358 hüb¬

1913 4049 1988 4083 sches
2009 4050 2139 4085 Beispiel
2161 4051 2253 4087 dieses
2277 4052 2643 4088 Koppclungsversahrens
2665 4054 2751 4083 bietet

1914 4090 1972 4118 da-
1988 4089 2058 4119 Lied
2075 4091 2138 4119 dkoo
2153 4091 2190 4118 mi
2205 4092 2345 4120 chiamate
2360 4093 2407 4127 piü
2423 4093 2558 4121 biondina
2574 4095 2655 4121 holla.
2671 4094 2751 4129 Nicht

1916 4136 1973 4158 nur
1994 4133 2057 4159 war
2078 4131 2123 4160 die
2145 4132 2245 4164 ztveite
2266 4132 2377 4167 Strope
2398 4133 2595 4168 ursprünglich
2615 4134 2663 4162 ein
2684 4134 2753 4163 Lied

1917 4168 1966 4203 für
1985 4169 2041 4205 sich,
2061 4171 2121 4199 und
2143 4171 2218 4201 ivird
2239 4172 2305 4206 noch
2327 4173 2436 4207 isoliert
2457 4174 2609 4207 gesungen,
2629 4175 2753 4208 sondern

1916 4209 1983 4243 auch
2004 4210 2051 4239 die
2072 4211 2139 4246 erste
2160 4211 2192 4246 ist
2213 4214 2270 4241 aus
2292 4213 2440 4246 mehreren
2462 4213 2675 4248 Bestandteilen
2706 4221 2753 4248 zn-

1914 4248 2148 4285 sammcngesctzi.
2187 4250 2243 4281 Die
2265 4251 2367 4282 Reincc
2387 4253 2469 4287 holla,
2489 4253 2686 4288 -isventurata,
2706 4254 2753 4283 die

1915 4289 2034 4324 nachher
2057 4290 2130 4325 nicht
2153 4291 2369 4327 wiederkehren,
2393 4293 2499 4328 zeigen,
2523 4293 2578 4328 daß
2604 4294 2652 4323 der
2677 4293 2752 4329 Kops

1916 4329 1968 4358 des
1993 4330 2144 4365 Gedichtes
2168 4331 2263 4361 einem
2296 4333 2424 4368 fremden
2450 4332 2535 4362 Liede
2567 4336 2751 4363 entnommen

1916 4368 1957 4404 ist,
1981 4372 2026 4399 wo
2051 4370 2086 4405 sie
2110 4370 2172 4405 ihre
2195 4370 2408 4407 Eictsprechung
2441 4372 2547 4407 hatten.
2588 4373 2648 4408 Aus
2680 4373 2752 4401 hoila

1916 4409 2018 4438 reimte
2050 4410 2099 4439 der
2133 4410 2227 4441 Raine
2258 4411 2400 4448 Jsabella,
2433 4413 2492 4442 und
2524 4419 2594 4442 man
2628 4413 2676 4448 hat
2709 4421 2753 4448 ge¬

1916 4448 2024 4484 forscht,
2066 4457 2117 4479 um
2159 4450 2257 4486 ivelche
2300 4452 2483 4486 uiiglückliche
2525 4453 2620 4482 Taute
2661 4454 2751 4488 dieses

1917 4488 2051 4518 Namens
2075 4492 2109 4519 es
2133 4490 2179 4525 sich
2204 4491 2282 4526 wohl
2306 4492 2433 4526 handeln
2457 4492 2565 4522 könnte.
2607 4493 2681 4523 Eine
2706 4500 2751 4528 zn-

1917 4527 2015 4564 sällig«
2032 4530 2118 4565 Notiz
2136 4531 2188 4559 des
2206 4531 2447 4568 zeitgenössischen
2463 4532 2636 4568 Novellisten
2655 4533 2752 4562 Saba-

1915 4568 1986 4597 dino
2006 4570 2083 4605 degli
2103 4569 2219 4601 Arienti
2242 4571 2290 4606 hat
2311 4573 2370 4601 uns
2391 4575 2533 4606 verraten,
2553 4573 2609 4607 daß
2629 4576 2662 4602 cs
2682 4572 2751 4607 Jsa¬

1914 4608 1997 4642 bella,
2016 4609 2063 4639 die
2084 4609 2244 4645 Gemahlin
2264 4612 2366 4641 Remis
2387 4615 2445 4641 von
2463 4612 2565 4646 Attjmc
2585 4613 2625 4648 ist,
2645 4614 2690 4642 die
2711 4613 2750 4641 im

1914 4649 1955 4676 14.
1977 4647 2183 4684 Jahrhundert
2225 4652 2266 4680 in»
2290 4651 2412 4686 Kantpsc
2433 4659 2521 4687 gegett
2544 4652 2653 4687 Alfons
2693 4656 2747 4681 von

1913 4687 2035 4723 Aragon
2055 4689 2184 4724 Apulien
2205 4692 2264 4720 und
2283 4691 2330 4721 die
2350 4692 2510 4734 Basilicata
2530 4693 2634 4726 verlor,
2653 4692 2698 4721 die
2718 4692 2747 4720 in

1913 4727 1979 4756 dem
1999 4729 2196 4764 betressenden
2218 4730 2303 4760 Liede
2322 4731 2456 4766 erwähnt
2478 4733 2601 4761 iverden.
2640 4732 2695 4765 Hai
2718 4731 2747 4760 in

1913 4767 2019 4803 diesem
2041 4768 2123 4802 Falle
2143 4769 2189 4799 die
2212 4770 2418 4806 Mosaikarbeit
2440 4778 2476 4806 z»
2497 4772 2590 4801 einem
2611 4772 2746 4806 geradezu

1915 4807 2031 4842 schöne»
2047 4809 2116 4844 Text
2132 4809 2290 4845 verholsen,
2303 4811 2333 4846 so
2348 4811 2446 4846 bringt
2463 4812 2509 4840 die
2523 4811 2691 4846 Koppelung
2708 4810 2747 4844 oft

1915 4854 2009 4883 genug
2030 4847 2244 4884 Jnkongruität
2265 4851 2325 4880 und
2347 4851 2512 4887 Unklarheit
2535 4852 2644 4886 hervor.
2682 4850 2748 4878 Das

1915 4887 1985 4916 Lied
2005 4889 2125 4921 tzuattro
2145 4890 2227 4918 cava!
2246 4891 2298 4918 cho
2317 4893 2454 4925 trottano,
2473 4892 2528 4920 das
2550 4891 2613 4924 nach
2633 4890 2748 4925 unserer

1915 4927 2095 4963 Entdeckung
2133 4929 2185 4958 des
2225 4930 2340 4966 TessinS
2378 4930 2516 4965 währeitd
2555 4932 2603 4959 der
2641 4929 2748 4964 Grenz-

1915 4967 2059 5003 besetzung
2075 4968 2140 4998 eine
2158 4969 2246 5006 rasche
2265 4970 2461 5006 Verbreitung
2479 4971 2548 5000 über
2566 4969 2648 5005 unser
2666 4969 2747 4999 Land

1915 5006 2023 5042 erfuhr,
2044 5008 2122 5043 führt
2144 5009 2190 5045 sich
2212 5012 2263 5039 »nt
2285 5011 2345 5040 vier
2366 5010 2502 5045 Rößlein,
2522 5009 2619 5043 welche
2638 5009 2747 5044 traben,

1915 5046 1972 5081 ein,
1989 5049 2046 5077 von
2063 5049 2154 5077 denen
2170 5050 2288 5086 nachher
2304 5051 2376 5085 nicht
2393 5051 2471 5084 mehr
2487 5052 2531 5080 die
2548 5049 2625 5079 Rede
2642 5048 2673 5084 ist
2688 5050 2747 5078 und

1913 5086 1961 5116 die
1979 5087 2051 5122 nicht
2071 5088 2111 5118 im
2130 5089 2289 5125 geringsten
2307 5097 2358 5125 zur
2376 5090 2491 5120 Gondel
2509 5090 2559 5118 des
2579 5088 2747 5121 Kehrreims

1915 5127 2010 5162 Passen
2032 5128 2145 5162 ivollen,
2168 5129 2197 5157 in
2219 5131 2268 5159 der
2290 5130 2341 5159 mit
2364 5131 2413 5160 der
2435 5130 2538 5165 Liscita
2560 5128 2643 5163 gekost
2664 5128 2747 5159 wird.

1915 5166 1972 5195 Die
1990 5167 2052 5197 vier
2071 5167 2199 5203 Rößlein
2219 5170 2290 5204 habe
2309 5170 2346 5203 ich
2367 5170 2406 5199 im
2425 5170 2566 5199 Treittino
2584 5168 2671 5197 allein
2689 5171 2749 5199 tra¬

1916 5206 1989 5235 bend
2014 5208 2275 5244 iviedergefunde»,
2299 5213 2345 5238 wo
2369 5213 2401 5239 es
2425 5210 2513 5245 heißt:
2538 5210 2643 5241 (juatro
2666 5210 2749 5238 eavai

1914 5245 1966 5274 oho
1983 5249 2060 5275 trota
2076 5263 2111 5268 —
2127 5249 2197 5276 Soto
2214 5250 2241 5277 la
2258 5249 2413 5277 timonella:
2430 5265 2464 5270 —
2480 5250 2505 5277 A
2523 5248 2667 5284 rivcderoi,
2685 5249 2747 5277 bola

1912 5300 1947 5306 —
1969 5286 2088 5320 Quanilo
2109 5288 2160 5316 cho
2181 5288 2196 5315 ’J
2219 5288 2272 5317 viel
2291 5289 2385 5317 vorrü.
2424 5289 2524 5318 Dannt
2547 5288 2578 5322 ist
2599 5288 2654 5317 das
2678 5288 2747 5318 Lied

1914 5329 1982 5360 aits,
1999 5328 2055 5355 das
2073 5327 2139 5362 attch
2157 5327 2222 5363 nach
2239 5328 2319 5357 einer
2336 5335 2410 5363 ganz
2428 5332 2535 5358 widern
2555 5328 2687 5358 Melodie
2703 5336 2748 5364 ge¬

2793 4055 2901 4091 sungen
2918 4055 3000 4084 wird.
3018 4054 3077 4084 Der
3092 4055 3163 4090 Text
3179 4056 3213 4091 ist
3228 4056 3399 4090 verdorben,
3417 4058 3473 4087 wie
3487 4060 3520 4087 es
3537 4058 3625 4088 leider

2793 4095 2837 4124 bei
2859 4096 2911 4124 den
2933 4096 3194 4129 ausgcwanderte«
3218 4095 3341 4125 Liedern
3363 4097 3404 4132 oft
3427 4097 3477 4127 der
3497 4098 3565 4133 Fall
3588 4099 3627 4133 ist,

2794 4134 2860 4165 aber
2883 4135 2927 4164 die
2952 4135 3042 4169 Musik
3065 4135 3098 4170 ist
3119 4136 3148 4170 so
3172 4135 3298 4170 packend,
3323 4137 3351 4171 so
3375 4136 3627 4172 einschmeichelnd,

2793 4175 2848 4209 daß
2868 4181 2935 4203 man
2954 4174 3078 4203 darüber
3098 4174 3290 4211 Hinwegsmgt
3309 4178 3369 4205 und
3389 4177 3439 4206 der
3459 4178 3627 4213 Schtvächett

2794 4214 2844 4243 des
2863 4215 2965 4249 Textes
2984 4214 3056 4248 nicht
3076 4214 3143 4244 inne
3163 4215 3248 4245 wird.

2843 4255 2918 4283 2lber
2943 4254 3005 4283 eine
3031 4254 3190 4290 natürliche
3213 4256 3267 4285 Art
3294 4256 3345 4285 der
3372 4256 3544 4293 Koppelung
3570 4261 3626 4287 von

2794 4294 2980 4330 Strainbottt,
3008 4294 3135 4330 Rispetti
3164 4296 3232 4325 oder
3262 4296 3362 4326 Vilote
3390 4297 3421 4332 ist
3450 4298 3480 4327 itt
3508 4297 3626 4333 Italien

2793 4334 2913 4369 gegeben
2940 4333 3022 4368 durch
3049 4334 3105 4364 das
3134 4334 3317 4371 Wettstttgen.
3362 4336 3492 4372 Abetids,
3521 4339 3550 4367 in
3578 4339 3627 4367 der

2793 4374 2979 4409 Spinnstnbe,
2998 4374 3105 4409 pflegte
3123 4375 3226 4410 irgend
3244 4376 3326 4405 einer
3343 4376 3390 4406 ein
3412 4377 3480 4407 Lied
3501 4379 3557 4407 wie
3577 4386 3628 4414 ztir

2791 4413 3068 4449 Hcrattösordcntng
3093 4415 3301 4450 hinzuwcrfen,
3327 4417 3442 4452 worauf
3468 4418 3555 4453 sofort
3579 4419 3625 4447 ein

2792 4453 2875 4482 Bube
2896 4454 2964 4482 oder
2984 4454 3033 4483 ein
3055 4454 3197 4490 Mädchen
3219 4456 3265 4485 die
3286 4456 3382 4491 Fehde
3403 4458 3545 4492 ausnahm
3566 4462 3627 4487 unv

2791 4493 2843 4522 nrit
2860 4493 2954 4522 einem
2973 4493 3042 4523 Lied
3062 4498 3243 4531 antwortete,
3262 4497 3316 4524 das
3336 4496 3419 4531 durch
3436 4498 3492 4526 das
3510 4498 3575 4533 erste
3595 4499 3626 4527 in

2791 4533 2981 4569 Erinnening
3002 4535 3122 4570 gerufen
3143 4536 3251 4565 wurde.
3275 4536 3339 4565 Und
3360 4538 3409 4566 der
3431 4537 3628 4573 Sängerstreit

2791 4573 2864 4607 fttzte
2890 4573 2936 4609 sich
2963 4573 3029 4608 fort,
3054 4575 3105 4604 bis
3132 4579 3268 4605 meniand
3293 4576 3374 4610 mehr
3400 4579 3492 4607 etwas
3518 4577 3628 4613 einsiel.

2790 4612 2904 4647 Gbeitso
2931 4614 3040 4649 smtgen
3066 4615 3114 4644 die
3141 4616 3267 4651 Schisser
3293 4616 3434 4646 einander
3461 4622 3519 4647 von
3547 4619 3627 4648 einer

2790 4651 2881 4681 Barle
2904 4659 2955 4688 zur
2979 4655 3091 4684 andern
3113 4662 3157 4689 zu.
3182 4655 3274 4685 Wenn
3297 4656 3345 4685 ein
3368 4656 3451 4690 Hirte
3474 4661 3540 4687 oder
3563 4658 3626 4687 eine

2789 4690 2890 4724 Hirtin
2910 4694 2961 4728 auf
2979 4694 3057 4729 ihrer
3074 4695 3132 4730 Alp
3152 4695 3214 4725 laut
3233 4702 3267 4730 zu
3286 4696 3382 4731 singen
3401 4698 3509 4733 anhnb,
3527 4701 3626 4727 N»aren

2789 4730 2843 4761 alle
2866 4732 2953 4768 sicher,
2976 4736 3034 4763 von
3055 4730 3105 4764 der
3127 4733 3334 4769 »hnachbarlcn
3358 4736 3456 4767 Weide
3480 4739 3546 4767 oder
3569 4741 3626 4767 von

2788 4770 2909 4808 jenseits
2924 4775 2982 4803 des
3002 4774 3094 4804 Tales
3115 4775 3161 4805 die
3180 4775 3317 4805 Aittwort
3338 4783 3372 4811 zn
3393 4776 3531 4811 erhalten.
3551 4779 3626 4812 Audi

2788 4810 2852 4842 eine
2882 4812 2951 4848 Rtst
2979 4813 3023 4843 bei
3053 4814 3104 4844 der
3131 4814 3300 4850 Feldarbeit
3327 4817 3427 4845 würbe
3456 4818 3509 4847 mit
3539 4818 3627 4848 Wctt-

2790 4850 2887 4886 singett
2905 4854 3073 4889 ausgefülli.
3092 4854 3236 4890 Zwischen
3254 4856 3299 4885 die
3317 4856 3417 4886 Lieder
3436 4858 3540 4893 pflegte
3558 4865 3626 4887 man

2788 4891 2845 4920 das
2864 4893 3038 4928 sogenannte
3056 4895 3202 4925 Ritornell
3219 4902 3253 4931 zu
3271 4896 3360 4930 legen,
3377 4898 3475 4931 tvclchc
3493 4898 3626 4933 Ausgabe

2789 4931 2854 4961 dent
2874 4932 2954 4967 Chor
2975 4934 3070 4968 zufiel,
3091 4938 3176 4964 wenn
3196 4936 3275 4965 einer
3295 4937 3331 4964 da
3353 4940 3423 4966 tvar.
3443 4938 3543 4972 Dieser
3564 4942 3625 4967 tvar

2789 4972 2958 5008 ncusikalisch
2982 4974 3078 5009 sckytell
3102 4975 3219 5010 bewegt,
3242 4975 3380 5009 während
3405 4976 3451 5007 die
3476 4978 3623 5007 Aielodicn

2789 5011 2838 5041 der
2863 5013 2965 5042 Lieder
2990 5014 3164 5050 getvöhnlich
3189 5016 3308 5050 gedehnt
3334 5017 3393 5045 und
3418 5017 3623 5053 melancholisch

2792 5050 2859 5086 siicd.
2902 5053 2989 5083 Beim
3023 5055 3197 5091 Wettsingen
3229 5058 3308 5085 taten
3341 5056 3388 5091 sich
3422 5056 3539 5091 Sänger
3571 5057 3623 5085 nrit

2789 5095 2886 5124 Oniem
2912 5093 3087 5129 Gedächtnis
3114 5095 3225 5130 hervor.
3268 5096 3314 5125 So
3339 5096 3507 5132 behauptete
3530 5097 3621 5125 einer:

2842 5141 2898 5171 Die
2918 5142 3079 5173 Slitornellc
3100 5144 3165 5179 Hab'
3185 5145 3223 5179 ich
3243 5145 3327 5179 gleich
3348 5145 3377 5174 in
3399 5145 3514 5175 Säcken:

2843 5176 2913 5205 Litt»'
2935 5177 2971 5211 ich
2992 5178 3026 5211 ste
3046 5179 3105 5213 auf,
3125 5179 3163 5208 ick
3182 5179 3281 5209 könnte
3302 5180 3334 5215 sie
3355 5180 3424 5214 nicht
3444 5183 3550 5213 tragen.

2842 5211 2899 5241 Die
2916 5212 3021 5242 deinen
3040 5215 3112 5242 kann
3131 5210 3168 5248 ich
3188 5214 3219 5243 in
3237 5214 3284 5243 ein
3304 5214 3432 5248 Sacktuch
3451 5214 3549 5248 stecken.

2843 5254 2911 5284 Wer
2931 5256 2997 5290 noch
3019 5256 3169 5292 geschickter
3191 5261 3262 5289 war,
3303 5256 3504 5291 improvisierte
3535 5256 3619 5290 gleich

2790 5292 2849 5328 sein
2870 5294 2947 5324 Lied.
2986 5296 3071 5332 Diese
3091 5297 3181 5332 Kunst
3200 5300 3262 5325 war
3282 5297 3312 5324 in
3332 5295 3447 5330 JtaUen
3468 5296 3529 5330 sehr
3549 5301 3619 5325 »us-

2792 5334 2925 5368 gebildet,
2947 5336 3008 5364 und
3030 5336 3078 5364 die
3100 5336 3215 5366 Nanren
3237 5336 3325 5365 vieler
3347 5334 3445 5368 solcher
3467 5336 3623 5368 Jntprovi»
