4090 5551
319 202 527 250 Mittwoch

191 265 267 309 17.
298 266 527 310 November
558 266 681 310 1926

338 329 461 374 Blatt
490 330 514 373 7

3073 231 3406 280 Abendausgabe.

3137 317 3192 356 A3
3223 316 3343 358 1865

119 490 213 539 Die
232 490 470 549 badischen
488 494 954 553 Gemeindewahlen.

244 568 312 597 Von
334 569 448 604 unserm
468 569 613 604 badischen
634 571 828 600 Mitarbeiter.

177 629 315 667 Wahlen,
333 632 380 662 die
399 632 432 662 in
449 631 496 663 die
515 631 583 670 Zeit
601 633 739 671 zwischen
760 635 815 664 den
837 634 952 672 großen

119 668 330 709 Wahlgängen
355 672 403 709 für
427 672 483 703 den
505 671 669 710 Reichstag
693 673 794 710 fallen,
819 674 881 711 sind
904 674 953 705 ein

119 708 297 742 Barometer
323 711 372 748 für
398 712 445 743 die
468 711 619 750 politische
644 712 880 751 Luftströmung,
906 714 952 744 die

117 749 167 786 sich
187 752 276 781 unter
297 751 475 789 Umständen
497 759 573 789 ganz
594 752 760 790 wesentlich
782 753 951 784 verändern

115 788 201 820 kann.
236 790 285 822 So
313 792 472 829 begegnete
496 791 611 828 neulich
636 792 682 823 die
706 792 950 831 Landtagswahl

117 829 150 859 in
177 829 310 868 Sachsen
337 832 435 862 einem
460 831 569 869 starken
597 831 748 870 Interesse
778 833 850 864 weit
877 833 952 864 über

118 869 212 907 dessen
236 871 374 909 Grenzen
397 871 522 909 hinaus.
557 870 630 902 Nun
653 872 751 909 haben
775 873 886 910 gestern
910 873 951 903 im

116 909 218 941 Lande
240 911 348 943 Baden
370 910 416 943 die
440 910 847 949 Gemeindewahlen
870 913 951 950 statt-

117 949 276 987 gesunden.
309 951 367 983 Sie
388 952 491 990 zeigen
514 951 555 982 im
577 952 781 990 wesentlichen
804 952 951 990 dieselben

117 988 298 1028 Symptome
323 991 381 1022 wie
409 990 455 1022 die
480 991 723 1030 Landtagswahl
751 992 782 1023 in
810 992 951 1030 Sachsen.

116 1028 195 1067 Auch
222 1030 286 1068 hier
313 1034 367 1062 vor
397 1031 484 1062 allem
511 1031 575 1062 eine
604 1032 674 1067 noch
702 1031 823 1070 weitere
852 1031 950 1070 Zer¬

116 1068 397 1109 splitterung
417 1072 470 1103 des
488 1069 517 1101 B
529 1070 549 1101 ü
560 1077 573 1100 r
587 1078 604 1108 g
615 1078 630 1102 e
643 1079 657 1101 r
670 1073 681 1101 t
692 1079 713 1102 u
724 1079 753 1102 m
766 1076 793 1102 s.
827 1071 874 1109 Zu
895 1073 950 1103 den

115 1109 289 1148 politischen
312 1111 468 1148 Parteien,
490 1111 537 1142 die
558 1111 708 1149 natürlich
730 1112 786 1142 olle
810 1112 863 1148 auf
886 1113 950 1143 dem

116 1148 200 1186 Plan
232 1151 398 1188 erschienen
434 1151 506 1189 sind,
540 1150 573 1188 ist
606 1151 671 1182 eine
707 1158 799 1189 ganze
832 1152 949 1190 Anzahl

121 1189 498 1229 wirtschaftlicher
540 1190 948 1230 Jntcresscngrnp-

114 1232 189 1266 pen
220 1230 456 1269 hinzugetreten.
497 1230 555 1262 Die
585 1229 779 1269 Mustcrkarte
811 1232 845 1269 ist
873 1232 948 1263 bunt

116 1276 224 1308 genug.
254 1270 304 1302 So
329 1275 431 1302 waren
452 1276 488 1301 es
512 1278 535 1308 z.
558 1271 596 1302 B.
622 1271 654 1302 in
678 1271 848 1308 Karlsruhe
873 1272 947 1306 nicht

116 1310 249 1348 weniger
274 1311 324 1341 als
348 1311 388 1349 elf
409 1309 515 1348 Listen.
550 1310 615 1341 Wie
638 1311 671 1341 in
697 1310 837 1348 Sachsen,
860 1312 891 1349 so
916 1312 947 1349 ist

115 1350 185 1387 auch
212 1350 258 1382 bei
285 1352 341 1382 den
365 1350 518 1387 badischen
540 1349 668 1388 Wahlen
693 1351 739 1382 die
762 1351 947 1383 Dominante

116 1389 173 1420 das
195 1391 280 1427 starke
302 1390 482 1428 Anwachsen
504 1391 553 1421 der
574 1390 790 1428 unpolitischen
814 1392 947 1430 Organi¬

115 1429 267 1466 sationen:
287 1430 500 1469 Hausbesitzer,
518 1428 837 1469 Mittelstandspartei,
855 1431 946 1463 Wirt-

113 1462 333 1508 schaftspartei,
380 1470 712 1509 Auswertungspartei,
756 1471 849 1503 Bund
897 1474 947 1503 der

115 1509 332 1548 wirtschaftlich
376 1510 590 1548 Geschädigten
636 1511 698 1542 und
742 1511 946 1549 Entrechteten

116 1549 190 1586 usw.
233 1549 319 1588 Diese
351 1549 659 1588 Interessengruppen
690 1550 786 1588 haben
817 1558 851 1582 cs
883 1554 945 1590 gut.

116 1589 173 1622 Sic
192 1591 253 1628 sind
271 1591 349 1628 nicht
367 1590 488 1624 belastet
507 1590 562 1621 mit
585 1591 649 1621 dem
669 1590 783 1622 Odium
802 1592 851 1622 der
869 1592 945 1629 poli¬

114 1629 221 1668 tischen
243 1630 398 1668 Parteien,
421 1629 466 1662 die
488 1629 592 1668 bisher
616 1631 648 1661 in
670 1630 758 1667 Reich
780 1633 840 1662 und
862 1632 945 1663 Land

115 1671 176 1701 und
214 1672 382 1702 Kommune
420 1670 465 1702 die
504 1670 767 1708 Verantwortung
803 1673 945 1709 getragen

115 1709 212 1744 haben
234 1712 294 1742 und
317 1711 364 1742 die
385 1710 435 1748 für
456 1710 542 1746 alles,
564 1713 632 1741 was
655 1710 867 1748 insbesondere
890 1713 944 1743 den

115 1749 304 1788 Mittelstand
332 1750 418 1787 heute
447 1750 547 1785 drückt,
575 1753 635 1781 von
660 1750 721 1787 ihm
746 1753 944 1782 verantwort¬

116 1789 170 1827 lich
190 1791 320 1829 gemacht
338 1792 467 1822 werden.
499 1790 580 1822 Oder
601 1791 636 1828 sie
657 1791 759 1828 hatten
779 1792 861 1828 schon
882 1792 944 1823 bis¬

115 1829 167 1866 her
185 1830 241 1862 mit
258 1830 371 1866 Anteil,
390 1830 447 1861 wie
465 1837 489 1867 z.
508 1829 546 1862 B.
565 1830 611 1861 die
629 1830 660 1868 ja
678 1832 747 1867 auch
766 1832 807 1862 im
824 1831 943 1869 Reichs¬

115 1869 167 1907 tag
198 1870 312 1902 bereits
342 1870 506 1902 vertretene
537 1869 777 1907 Wirtschaftliche
806 1870 944 1903 Bereini¬

115 1915 197 1948 gung
221 1912 291 1941 oder
315 1911 366 1941 der
387 1909 565 1946 Landbund,
586 1910 631 1940 die
654 1910 694 1941 im
715 1909 874 1949 Reichstag
897 1911 943 1941 die

114 1949 145 1986 so
168 1950 375 1988 angcfeindete
396 1949 615 1988 Steuerpolitik
635 1951 722 1981 unter
745 1951 794 1981 der
817 1952 943 1981 damali-

136 1996 171 2020 en
207 1990 501 2027 deutschnationalen
537 1989 684 2028 Führung
720 1990 761 2021 im
800 1991 943 2022 Kabinett

139 2029 224 2066 uther
246 2029 434 2069 mitgcmacht
459 2029 563 2064 haben,
586 2030 657 2060 aber
680 2030 797 2067 daheim
819 2030 942 2068 fröhlich

115 2070 247 2108 dagegen
267 2070 378 2102 Sturm
399 2070 511 2107 laufe».
539 2069 597 2101 Sic
618 2071 722 2107 tragen
743 2070 818 2107 nicht
839 2071 943 2108 schwer

115 2110 222 2141 daran.
256 2109 326 2141 Das
352 2109 534 2145 Gedächtnis
562 2111 615 2140 des
643 2109 786 2147 Wählers
811 2110 843 2147 ist
867 2111 944 2147 kurz.

115 2148 224 2183 Woher
254 2150 333 2188 weiß
361 2158 401 2185 er,
431 2149 489 2186 daß
519 2157 543 2186 z.
572 2149 609 2180 B.
639 2150 685 2180 die
714 2150 857 2187 verhaßte
887 2150 944 2180 Ge-

115 2190 412 2228 bäudesonderstcuer
446 2189 542 2224 nichts
577 2190 706 2220 anderes
745 2190 777 2226 ist
812 2190 862 2220 als
898 2189 944 2220 die

115 2230 317 2269 Allsführung
350 2231 435 2262 eines
469 2229 711 2267 Reichsgesctzcs,
747 2230 802 2260 das
837 2230 944 2267 gerade

114 2271 202 2301 unter
236 2272 287 2302 der
320 2269 519 2307 Mitwirkung
556 2270 605 2300 der
643 2269 769 2304 Rechten
808 2269 944 2307 zustande

115 2311 282 2347 gekommen
305 2310 359 2347 ist?
389 2310 450 2341 Der
470 2309 593 2346 Wähler
614 2309 683 2346 hört
704 2313 763 2340 von
785 2310 835 2339 der
857 2308 944 2340 Seite

113 2349 206 2387 dieser
254 2350 588 2388 Wirtschaftsgruppen,
635 2349 681 2379 die
730 2348 832 2383 bisher
880 2348 944 2379 eine

111 2390 217 2427 eigene
256 2389 406 2428 politische
447 2388 583 2427 Leistung
624 2388 702 2425 nicht
743 2388 944 2426 aufzuweisen

115 2430 221 2466 haben,
241 2431 287 2463 die
308 2430 415 2468 scharfe
437 2429 540 2464 Kritik,
563 2429 608 2459 die
632 2435 662 2460 er
685 2428 779 2464 hören
800 2427 872 2458 will.
902 2427 943 2459 Er

112 2469 204 2507 schickt
230 2476 323 2509 gegen
353 2469 399 2501 die
427 2468 638 2507 Aufwertung,
666 2467 722 2499 wie
751 2467 787 2503 sie
815 2469 944 2505 gemacht

114 2511 237 2541 worden
268 2510 309 2547 ist,
341 2509 406 2540 eine
436 2508 537 2547 eigene
568 2507 675 2545 Partei
707 2507 760 2543 auf
792 2507 837 2537 die
868 2506 944 2538 Rat¬

112 2549 228 2587 häuser,
247 2549 367 2586 obwohl
388 2549 453 2580 eine
471 2547 653 2585 Aenderung
673 2548 722 2577 der
741 2547 945 2583 betreffenden

113 2588 226 2627 Gesetze
248 2587 524 2627 selbstverständlich
549 2591 608 2618 von
632 2587 698 2618 dort
720 2591 779 2617 aus
801 2586 877 2623 nicht
899 2594 945 2624 ge¬

112 2630 207 2665 macht
231 2630 351 2661 werden
375 2629 450 2659 kann
475 2628 536 2659 und
563 2626 731 2664 überhaupt
758 2626 798 2657 im
823 2626 945 2664 wesent¬

114 2669 204 2706 lichen
229 2670 313 2700 karml
338 2666 465 2706 möglich
489 2666 531 2705 ist.
567 2665 663 2697 Wenn
689 2666 764 2703 diese
792 2665 946 2703 Gruppen,

115 2709 161 2739 die
180 2708 240 2746 jetzt
258 2711 425 2746 gewoirnen
442 2706 548 2743 haben,
566 2706 619 2741 erst
639 2705 670 2737 in
689 2706 744 2737 den
761 2705 945 2737 Gemeinden

114 2747 197 2784 selbst
217 2748 263 2778 die
281 2747 546 2784 Verantwortung
566 2746 661 2783 haben
684 2747 745 2777 und
766 2745 831 2776 eine
851 2744 945 2777 Weile

114 2787 259 2825 regieren,
284 2787 364 2818 wird
388 2785 469 2823 wohl
494 2785 560 2817 eine
585 2785 812 2823 Ernüchterung
838 2786 947 2817 eintre-

116 2828 173 2857 ten.
208 2826 269 2858 Der
291 2826 414 2864 Wähler
435 2825 515 2857 wird
536 2825 687 2862 erkennen,
711 2825 769 2862 daß
792 2825 828 2863 sie
849 2829 883 2856 es
906 2825 947 2856 im

114 2866 318 2904 wesentlichen
352 2867 421 2904 auch
450 2865 528 2902 nicht
558 2865 647 2903 besser
676 2866 793 2900 machen
823 2865 946 2896 können.

114 2907 208 2943 Heute
232 2908 303 2937 aber
331 2907 363 2944 ist
389 2903 644 2941 Hochkonjunktur
669 2905 718 2942 für
744 2904 790 2936 die
814 2905 944 2942 Parole:

114 2947 217 2986 Gegen
246 2946 292 2977 die
318 2945 490 2984 politischen
518 2944 673 2982 Parteien,
702 2944 750 2981 für
780 2945 825 2976 die
853 2944 946 2976 Wirt¬

113 2986 368 3026 schaftsgruppen,
411 2984 457 3017 die
499 2985 555 3016 den
593 2983 782 3022 Mittelstand
822 2984 945 3022 schützen

114 3027 231 3058 wollen.

172 3068 276 3098 Neben
310 3067 363 3099 den
398 3064 653 3104 wirtschaftlichen
683 3064 944 3103 Jntcressengrup-

113 3110 170 3145 Pen
195 3107 226 3145 ist
250 3106 398 3145 ebenfalls
422 3105 478 3137 wie
502 3105 534 3136 in
557 3105 687 3142 Sachsen
712 3104 944 3140 beachtenswert

118 3147 168 3179 rin
199 3147 379 3185 wenigstens
412 3144 572 3182 teilweiser
603 3144 712 3182 Erfolg
745 3144 795 3176 der
827 3144 944 3175 Kom¬

114 3187 325 3225 munisten.
360 3186 418 3218 Sie
445 3185 541 3221 haben
568 3184 601 3216 in
629 3184 784 3222 einzelnen
811 3183 945 3215 Städten

113 3229 176 3259 und
204 3227 235 3259 in
263 3224 556 3265 Industriegebieten
583 3231 659 3262 ganz
687 3224 829 3260 erheblich
860 3230 945 3262 zuge-

113 3273 265 3300 nommen.
297 3267 354 3300 Am
377 3265 495 3305 meisten
520 3265 602 3301 wohl
625 3264 657 3296 in
679 3264 874 3301 Lörrach,
897 3267 945 3294 wo

114 3307 152 3345 sie
173 3308 235 3346 ihre
257 3305 480 3343 Stimmcnzahl
501 3305 675 3343 verdoppelt
696 3304 791 3341 haben
811 3305 873 3335 und
895 3304 945 3334 als

115 3348 222 3386 größte
246 3347 353 3385 Partei
376 3346 428 3384 auf
451 3346 508 3376 das
533 3344 677 3382 Rathaus
701 3344 841 3375 kommen.
874 3343 946 3375 Von

115 3388 170 3419 den
193 3387 322 3426 übrigen
346 3385 493 3425 Parteien
516 3384 621 3422 scheint
645 3384 701 3422 das
725 3384 946 3422 Zentrum,

117 3428 174 3459 das
205 3427 284 3465 seine
312 3427 401 3459 Suite
431 3425 476 3457 bei
506 3426 571 3457 den,
603 3424 743 3461 Ansturm
776 3424 825 3455 der
854 3423 947 3455 Wirt-

115 3467 361 3507 schaftSgruppcn
392 3467 496 3498 immer
526 3464 595 3499 noch
627 3471 676 3495 am
706 3464 801 3502 besten
833 3463 865 3494 in
896 3464 946 3495 der

117 3508 207 3545 Hand
238 3508 300 3544 hat,
331 3507 381 3545 sich
415 3506 455 3538 im
484 3504 687 3543 wesentlichen
719 3503 878 3541 behauptet
910 3510 947 3541 zu

115 3548 222 3584 haben,
244 3547 411 3586 allerdings
434 3546 502 3582 auch
523 3545 600 3582 nicht
625 3544 699 3581 ohne
719 3543 889 3581 Schlappen
910 3545 946 3575 da

115 3589 178 3619 und
209 3589 286 3619 dort.
325 3586 402 3624 Auch
430 3585 475 3619 die
502 3584 946 3620 Sozialdemokraten

115 3627 213 3663 haben
250 3627 416 3666 insgesamt
453 3625 529 3662 nicht
568 3624 680 3663 schlecht
719 3622 948 3663 abgcschnttten.

116 3668 174 3699 Die
201 3667 338 3704 Riemen,
364 3667 468 3701 welche
495 3665 539 3697 die
567 3663 820 3701 wirtschaftlichen
848 3663 948 3701 Grup¬

115 3711 172 3746 pen
195 3708 241 3739 bei
266 3708 363 3746 diesen
384 3706 512 3742 Wahlen
534 3704 710 3743 geschnitten
735 3704 841 3741 haben,
864 3704 947 3741 stam¬

116 3755 184 3779 men
206 3748 263 3780 wie
286 3748 317 3779 in
339 3747 469 3785 Sachsen
491 3750 549 3777 aus
575 3745 624 3776 der
647 3744 729 3782 Haut
753 3745 802 3775 der
824 3744 948 3780 bürger¬

117 3788 210 3826 lichen
232 3788 388 3826 Parteien,
409 3786 466 3819 wie
486 3789 521 3818 es
544 3785 647 3824 scheint
669 3784 739 3815 aber
761 3791 810 3816 am
830 3783 948 3822 meisten

118 3833 177 3860 aus
204 3829 254 3860 der
278 3827 329 3860 der
352 3826 644 3859 Demokraten.
676 3824 763 3862 Diese
790 3824 886 3859 haben
912 3825 948 3855 da

116 3870 179 3900 und
208 3870 277 3901 dort
305 3868 353 3906 für
384 3868 430 3900 die
458 3866 599 3904 heutigen
629 3864 831 3902 Verhältnisse
862 3864 948 3895 über¬

118 3909 255 3947 raschend
294 3910 347 3944 gut
384 3906 611 3947 abgeschnitten,
646 3905 717 3936 aber
755 3904 948 3936 anderwärts

118 3949 182 3986 sehr
212 3948 417 3987 empfindliche
446 3946 581 3983 Verluste
609 3945 742 3978 erlitten.
780 3943 848 3975 Das
878 3944 949 3976 Bei¬

118 3989 192 4027 spiel
220 3989 307 4028 zeigt,
334 3988 392 4020 wie
420 3987 519 4026 wenig
547 3986 594 4018 bei
626 3987 675 4017 der
705 3984 949 4024 gegenwärtigen

995 477 1175 515 Stimmung
1194 477 1225 508 in
1242 478 1355 509 breiten
1375 478 1526 516 Schichten
1546 480 1595 510 der
1615 477 1819 517 bürgerlichen
1838 478 1844 517 j

994 517 1116 553 Wähler
1147 517 1193 547 die
1219 518 1496 557 parlamentarische
1525 517 1737 556 Parteipolitik
1768 516 1820 554 auf

994 557 1069 593 diese
1097 556 1225 594 Einfluß
1252 558 1430 596 auszuüben
1455 562 1586 598 vermag.
1626 558 1683 589 Tic
1710 557 1820 588 Demo¬

993 597 1093 627 kraten
1115 596 1210 631 haben
1232 597 1263 628 in
1285 597 1421 636 Rücksicht
1446 599 1497 636 auf
1518 599 1563 629 die
1585 598 1765 635 Stimmung
1787 596 1819 626 in

994 635 1215 674 beträchtlichen
1243 638 1363 675 Kreisen
1391 639 1440 669 der
1468 638 1574 675 Partei
1602 639 1651 676 sich
1679 642 1739 670 von
1769 639 1819 667 der

992 675 1332 715 Rcgierungskcalition
1358 681 1411 709 vor
1436 679 1531 710 einem
1557 678 1656 716 Jahre
1681 676 1819 716 getrennt

995 717 1057 747 und
1086 716 1152 747 eine
1185 718 1330 755 durchaus
1362 718 1555 756 selbständige
1590 718 1703 756 Politik
1733 716 1817 747 innc-

997 757 1144 793 gehalten.
1186 756 1244 788 Sie
1275 757 1370 794 haben
1403 758 1443 789 im
1473 758 1610 796 Landtag
1643 763 1736 796 gegen
1771 755 1817 786 die

992 796 1132 827 Eebäudr
1138 797 1335 835 sondersteuer
1358 799 1419 828 und
1445 799 1552 829 andere
1577 798 1721 832 Steuern,
1748 795 1818 832 auch

992 842 1086 873 gegen
1106 837 1163 867 das
1181 836 1526 876 Lchrcrbildungsgesetz
1547 837 1700 876 gestimmt.
1720 835 1819 873 Trotz¬

994 876 1057 906 dem
1077 876 1110 912 ist
1130 876 1218 913 ihnen
1241 878 1289 908 der
1309 877 1478 915 Mißerfolg
1499 877 1545 908 bei
1566 879 1620 908 den
1642 875 1818 909 Gemeinde-

992 916 1112 953 Wahlen
1135 916 1211 954 nicht
1234 917 1347 955 erspart
1371 918 1533 955 geblieben.

1050 954 1107 987 Die
1129 956 1538 995 Wahlbeteiligung
1561 960 1627 987 war
1651 955 1819 994 insgesamt

992 995 1066 1032 flau.
1106 995 1162 1027 Sie
1191 996 1288 1034 dürfte
1316 997 1357 1028 im
1385 997 1587 1034 Durchschnitt
1615 998 1668 1027 des
1697 995 1818 1027 Landes

994 1035 1078 1066 kaum
1109 1035 1180 1066 über
1214 1037 1251 1067 45
1280 1037 1413 1074 Prozent
1446 1037 1588 1074 betragen
1620 1036 1726 1073 haben.
1769 1033 1817 1071 In

992 1075 1161 1111 Karlsruhe
1189 1076 1284 1113 haben
1312 1084 1370 1107 nur
1398 1077 1435 1107 35
1462 1076 1595 1114 Prozent
1623 1074 1818 1114 abgestimmt.

991 1115 1095 1150 60,000
1114 1114 1236 1153 Wähler
1252 1117 1314 1153 sind
1332 1118 1382 1148 der
1399 1116 1564 1153 Wahlurne
1583 1113 1817 1153 ferngebliebcn.

991 1153 1038 1192 In
1070 1153 1219 1195 Freiburg
1251 1156 1347 1193 haben
1378 1156 1462 1187 kaum
1494 1156 1531 1187 40
1562 1155 1696 1193 Prozent
1729 1154 1817 1192 abgc-

989 1194 1107 1233 stimmt.
1144 1194 1191 1233 In
1220 1195 1399 1233 Mannheim
1429 1196 1466 1227 43
1495 1195 1636 1233 Prozent.
1676 1194 1724 1233 In
1752 1194 1817 1224 dem

990 1234 1153 1272 Städtchen
1183 1235 1334 1272 Obcrkirch
1361 1236 1394 1273 ist
1420 1236 1476 1266 das
1503 1235 1665 1272 Kuriosum
1690 1241 1726 1272 zu
1753 1236 1817 1264 ver¬

989 1275 1132 1312 zeichnen,
1161 1275 1219 1310 daß
1252 1275 1297 1307 die
1326 1275 1624 1313 Sozialdemokraten
1656 1274 1724 1305 dort
1753 1272 1816 1310 ihre

988 1315 1234 1353 Vorschlagsliste
1265 1322 1302 1353 zu
1330 1315 1394 1352 spät
1423 1315 1597 1353 eingereicht
1627 1314 1723 1351 haben
1753 1313 1816 1343 und

988 1354 1197 1392 infolgedessen
1216 1359 1275 1386 von
1293 1356 1343 1386 der
1360 1354 1450 1389 Wahl
1469 1354 1684 1392 ausgcschaltet
1702 1356 1816 1384 waren.

1047 1394 1155 1432 Gewiß
1182 1394 1214 1432 ist
1239 1395 1295 1427 das
1320 1394 1404 1431 Bild,
1430 1400 1486 1425 das
1512 1394 1557 1425 die
1582 1393 1733 1431 badischen
1759 1392 1816 1423 Gc-

987 1434 1223 1471 mcindewahlen
1256 1435 1363 1471 bieten,
1397 1434 1474 1471 nicht
1504 1434 1668 1471 erfreulich.
1711 1432 1815 1468 Wahl-

991 1474 1120 1512 saulheit
1149 1475 1211 1505 und
1244 1474 1464 1511 Verranntheit
1495 1474 1550 1510 auf
1579 1471 1815 1512 wirtschaftliche

987 1513 1293 1553 Interessengruppen
1320 1514 1381 1551 sind
1408 1513 1656 1551 Erscheinungen,
1684 1512 1730 1544 die
1761 1512 1816 1542 den

987 1553 1157 1592 politischen
1178 1553 1322 1590 Parteien
1344 1554 1393 1585 ein
1413 1553 1523 1590 ernstes
1544 1553 1690 1590 Problem
1711 1551 1817 1589 stellen.

987 1594 1032 1625 Es
1055 1593 1131 1632 zeigt
1147 1594 1212 1631 fich,
1235 1594 1293 1631 daß
1317 1594 1372 1624 alle
1395 1592 1520 1631 Erfolge
1543 1592 1574 1623 in
1600 1593 1650 1623 der
1675 1591 1816 1628 Konsoli¬

987 1634 1113 1671 dierung
1139 1634 1191 1664 des
1219 1633 1350 1665 Staates
1376 1634 1436 1663 und
1462 1633 1517 1663 alle
1544 1634 1626 1663 treue
1653 1631 1759 1663 Arbeit
1784 1631 1815 1661 in

988 1674 1037 1704 der
1069 1673 1183 1711 großen
1211 1673 1324 1710 Politik
1351 1673 1450 1704 keinen
1480 1672 1621 1704 Eindruck
1650 1671 1703 1710 auf
1730 1671 1817 1706 starke

986 1713 1139 1750 Schichten
1189 1713 1229 1743 im
1279 1712 1466 1750 Bürgertum
1516 1712 1665 1744 ausüben.
1728 1709 1815 1747 Diese

986 1753 1138 1791 Schichten
1165 1752 1248 1790 sehen
1272 1759 1329 1783 nur
1354 1752 1486 1789 dorthin,
1510 1755 1558 1782 tvo
1582 1752 1617 1788 sie
1641 1752 1690 1783 der
1714 1750 1815 1787 Schuh

986 1793 1086 1824 drückt.
1138 1792 1316 1831 Tatsächlich
1350 1792 1420 1829 steht
1456 1790 1505 1822 der
1540 1790 1693 1822 Mittel
1704 1791 1724 1829 st
1738 1790 1816 1820 and

986 1833 1070 1869 heute
1100 1833 1188 1863 unter
1219 1832 1314 1863 einem
1343 1832 1451 1868 starken
1484 1831 1581 1862 Druck.
1624 1830 1682 1862 Die
1713 1829 1815 1867 Haus¬

986 1873 1097 1911 besitzer
1124 1872 1254 1903 kommen
1281 1871 1354 1903 über
1383 1871 1460 1902 allen
1487 1871 1651 1909 möglichen
1680 1870 1816 1902 Steuern

985 1913 1047 1943 und
1066 1911 1112 1943 die
1131 1911 1270 1948 Unkosten
1289 1910 1371 1947 ihres
1391 1911 1516 1948 Besitzes
1535 1910 1581 1941 bei
1601 1912 1651 1941 der
1670 1909 1815 1948 bestehen¬

986 1953 1040 1984 den
1081 1950 1556 1989 Wohiiungszwangswirtschaft
1599 1950 1701 1981 immer
1744 1949 1814 1985 noch

985 1992 1061 2028 nicht
1105 1998 1141 2029 zu
1181 1991 1262 2021 einer
1303 1990 1529 2027 einigermaßen
1571 1989 1815 2028 befriedigenden

985 2031 1091 2062 Rente.
1135 2030 1192 2062 Die
1222 2030 1574 2067 Gebäudesondcrstcuer,
1604 2037 1642 2060 an
1673 2030 1735 2060 und
1765 2027 1815 2065 für

985 2072 1034 2109 sich
1052 2070 1173 2109 gerecht,
1191 2070 1260 2101 weil
1278 2070 1326 2107 für
1346 2070 1392 2101 die
1412 2069 1532 2106 Abhilfe
1552 2070 1601 2100 der
1619 2069 1816 2106 Wohnungs¬

986 2113 1041 2141 not
1059 2110 1213 2146 bestimmt,
1229 2111 1307 2141 wird
1324 2117 1360 2147 zu
1377 2109 1474 2141 einem
1490 2109 1606 2148 großen
1623 2109 1691 2140 Teil
1709 2109 1815 2139 immer

986 2151 1056 2187 noch
1079 2149 1128 2188 für
1153 2157 1228 2187 ganz
1253 2150 1361 2181 andere
1384 2149 1493 2187 Zwecke
1520 2150 1697 2180 verwendet.
1731 2147 1816 2184 Trotz

986 2191 1063 2221 allen
1088 2188 1296 2227 Maßnahmen
1320 2196 1372 2227 zur
1397 2189 1517 2225 Abhilfe
1546 2190 1595 2220 der
1619 2188 1816 2226 Wohnungs¬

990 2231 1044 2260 not
1076 2229 1153 2260 wird
1188 2229 1293 2260 immer
1324 2230 1395 2265 noch
1426 2229 1524 2267 wenig
1557 2236 1655 2266 genug
1688 2228 1813 2266 gebaut;

988 2269 1198 2307 infolgedessen
1238 2270 1369 2299 kommen
1410 2269 1480 2306 auch
1521 2269 1566 2299 die
1607 2268 1815 2302 Handwerker,

986 2309 1078 2346 dieser
1115 2308 1249 2347 wichtige
1286 2308 1354 2339 Teil
1395 2310 1447 2339 des
1485 2308 1721 2344 Mittelstandes,
1763 2299 1818 2344 aus

985 2348 1084 2380 keinen
1121 2348 1237 2386 grünen
1273 2348 1387 2386 Zweig.
1436 2348 1504 2380 Das
1538 2348 1615 2379 Geld
1653 2348 1684 2383 ist
1724 2348 1817 2382 teuer,

986 2392 1073 2422 wenn
1091 2392 1126 2419 es
1146 2388 1278 2426 geliehen
1298 2390 1416 2420 werden
1433 2387 1515 2425 muß.
1543 2387 1588 2419 Es
1608 2388 1689 2424 kostet
1711 2388 1816 2418 immer

986 2430 1057 2464 noch
1098 2428 1211 2459 10—12
1250 2427 1391 2465 Prozent,
1428 2427 1571 2464 während
1610 2427 1656 2458 die
1694 2426 1816 2458 Banken

987 2467 1076 2504 ihnen
1105 2468 1318 2498 anvertrantes
1352 2467 1428 2498 Geld
1457 2467 1512 2498 mit
1542 2468 1625 2498 kaum
1653 2467 1736 2504 mehr
1765 2466 1816 2497 als

986 2508 1003 2537 4
1028 2507 1162 2545 Prozent
1186 2506 1346 2544 verzinsen.
1377 2506 1527 2541 Während
1553 2508 1601 2538 der
1625 2505 1815 2543 Mittelstand

987 2551 1020 2577 cs
1050 2547 1154 2584 schwer
1185 2546 1245 2580 hat.
1274 2547 1396 2577 bemerkt
1427 2554 1466 2582 er,
1495 2546 1551 2577 wie
1582 2546 1627 2577 die
1657 2545 1816 2583 Industrie

986 2587 1036 2624 sich
1056 2586 1167 2617 wieder
1186 2586 1376 2624 konsolidiert
1395 2586 1447 2624 hat
1465 2587 1526 2617 und
1547 2586 1639 2624 große
1661 2587 1816 2623 Konzerne

987 2626 1156 2664 ungeheure
1201 2626 1376 2663 Kapitalien
1420 2625 1698 2663 zusammenballen.
1756 2624 1816 2656 Der

987 2666 1078 2697 kleine
1109 2664 1298 2703 Mittelstand
1334 2666 1365 2696 in
1396 2665 1493 2697 Stadt
1523 2667 1584 2696 und
1617 2665 1701 2697 Land
1732 2665 1816 2702 ringt

986 2706 1101 2743 schwer,
1135 2707 1196 2736 und
1232 2711 1319 2736 wenn
1355 2706 1401 2737 die
1436 2705 1639 2744 bürgerlichen
1671 2704 1817 2743 Parteien

987 2746 1064 2781 nicht
1088 2746 1159 2781 noch
1183 2745 1243 2776 diel
1270 2746 1350 2781 mehr
1376 2745 1514 2783 Einbuße
1541 2745 1674 2778 erleiden
1699 2745 1818 2779 wollen,

987 2777 1098 2823 müssen
1122 2785 1158 2823 sic
1182 2786 1267 2821 durch
1292 2785 1337 2816 die
1362 2785 1664 2823 Warnungssignalc.
1690 2784 1747 2816 wie
1772 2784 1818 2815 die

987 2826 1115 2863 Wahlen
1141 2825 1171 2855 in
1195 2825 1301 2857 Baden
1327 2826 1388 2856 und
1413 2826 1520 2861 vorher
1545 2824 1576 2855 in
1603 2824 1744 2862 Sachsen,
1767 2824 1817 2860 sich

988 2865 1076 2904 sagen
1112 2865 1210 2902 lassen,
1246 2865 1303 2902 daß
1338 2865 1383 2896 die
1420 2864 1600 2902 Abneigung
1635 2871 1727 2903 gegen
1762 2865 1816 2894 den

986 2904 1158 2942 politischen
1179 2904 1302 2935 Betrieb
1323 2906 1384 2935 und
1405 2904 1450 2936 die
1470 2904 1641 2942 politischen
1661 2903 1817 2941 Parteien,

988 2945 1034 2976 die
1054 2945 1139 2982 heute
1162 2944 1246 2980 durch
1268 2944 1467 2980 beträchtliche
1488 2936 1588 2981 Kreise
1608 2945 1661 2975 des
1681 2942 1815 2980 Bürger¬

987 2986 1069 3015 tums
1094 2984 1171 3021 geht,
1196 2983 1288 3020 soviel
1313 2983 1554 3022 Unberechtigtes
1580 2985 1640 3014 und
1665 2983 1815 3020 Demago¬

987 3024 1097 3061 gisches
1125 3023 1210 3055 dabei
1239 3024 1307 3060 auch
1336 3023 1480 3060 mitläuft,
1509 3024 1576 3057 doch
1607 3023 1676 3060 auch
1705 3023 1814 3056 berech¬

987 3064 1061 3102 tigte
1092 3062 1216 3094 Gründe
1248 3063 1307 3099 hat,
1338 3063 1385 3094 die
1415 3062 1494 3094 einer
1526 3062 1639 3100 ernsten
1670 3061 1813 3099 Prüfung

987 3103 1139 3140 bedürfen.
1177 3101 1252 3133 Man
1279 3103 1353 3133 kann
1379 3109 1436 3133 nur
1463 3102 1624 3139 wünschen,
1651 3102 1709 3139 daß
1737 3101 1813 3137 nicht

990 3144 1020 3180 so
1052 3144 1123 3174 bald
1157 3142 1220 3174 eine
1251 3141 1598 3180 Rcichstagsauflösung
1631 3142 1675 3173 die
1711 3141 1812 3178 Probe

987 3184 1039 3221 auf
1064 3185 1121 3214 das
1146 3181 1283 3221 Exempel
1309 3183 1426 3219 machen
1451 3182 1532 3220 »ruß.
1568 3181 1736 3220 Angesichts
1763 3182 1813 3212 der

987 3223 1176 3261 Symptome,
1204 3222 1249 3253 die
1279 3226 1337 3253 aus
1368 3223 1417 3253 der
1446 3221 1649 3259 bürgerlichen
1678 3220 1812 3257 Wähler-

987 3263 1075 3301 fchaft
1104 3262 1166 3300 jetzt
1197 3265 1302 3300 zutage
1334 3263 1465 3300 getreten
1494 3262 1565 3297 sind,
1596 3261 1719 3293 würden
1750 3260 1812 3297 ihre

987 3302 1158 3341 Ergebnisse
1185 3302 1247 3339 sehr
1277 3301 1509 3338 wahrscheinlich
1538 3301 1608 3337 noch
1635 3301 1704 3332 weit
1731 3299 1813 3334 mehr

986 3342 1227 3381 Zersplitterung
1248 3342 1298 3373 als
1317 3342 1419 3379 bisher
1439 3337 1565 3379 zeitigen
1585 3342 1646 3372 und
1665 3341 1711 3372 die
1733 3338 1813 3377 Füh¬

987 3390 1066 3421 rung
1086 3383 1134 3413 der
1155 3381 1303 3419 Geschäfte
1323 3382 1384 3413 und
1406 3382 1451 3413 die
1471 3381 1545 3413 Bild
1559 3388 1610 3419 mg
1628 3385 1688 3412 von
1706 3379 1813 3417 Regie¬

989 3421 1270 3461 rungsmehrheiten
1290 3422 1359 3459 noch
1380 3422 1439 3452 viel
1459 3421 1641 3459 schwieriger
1664 3420 1814 3459 gestalten.

1031 3513 1232 3557 Arbeits-
1259 3514 1348 3554 und
1377 3511 1781 3562 Lohnverhältnisse.

1048 3579 1114 3607 Der
1141 3576 1495 3612 Beschäftigungsgrad
1528 3575 1562 3603 in
1595 3574 1650 3603 der
1683 3573 1816 3609 schweiz.

991 3618 1175 3653 Industrie.
1210 3618 1332 3653 Bern,
1360 3620 1399 3647 16.
1428 3617 1502 3647 Nov.
1536 3626 1573 3649 nx
1610 3617 1655 3645 An
1683 3618 1736 3645 den
1763 3615 1816 3644 Er¬

992 3661 1141 3693 hebungen
1169 3661 1220 3688 des
1250 3658 1475 3694 eidgenössische»
1505 3657 1719 3686 Arbeitsamtes
1748 3655 1816 3685 über

992 3701 1035 3729 die
1061 3700 1135 3734 Lage
1162 3701 1210 3729 der
1236 3699 1386 3734 Industrie
1412 3698 1450 3728 im
1474 3699 1498 3727 3.
1525 3696 1655 3727 Quartal
1681 3697 1748 3726 1926
1773 3697 1817 3725 be¬

992 3741 1120 3775 teiligten
1144 3740 1191 3776 sich
1213 3740 1277 3768 1691
1305 3738 1445 3769 Betriebe.
1478 3738 1524 3772 In
1548 3738 1640 3772 diesen
1663 3736 1817 3767 Betrieben

993 3784 1090 3811 waren
1113 3787 1157 3810 nnr
1176 3781 1268 3815 letzten
1289 3779 1412 3815 Zahltag
1431 3779 1468 3808 im
1488 3777 1737 3812 Bcrichtsgnartal
1757 3776 1818 3805 ins¬

993 3821 1097 3856 gesamt
1122 3821 1231 3855 189,084
1255 3820 1386 3849 Arbeiter
1411 3819 1577 3854 beschäftigt.
1611 3818 1669 3848 Der
1693 3816 1818 3852 Beschäf¬

992 3861 1185 3896 tigungsgrad
1212 3861 1250 3890 im
1277 3859 1525 3894 Bcrichtsguartal
1561 3859 1635 3888 wird
1669 3863 1726 3888 von
1760 3857 1818 3891 63,5

993 3902 1120 3937 Prozent
1147 3902 1194 3931 der
1219 3901 1346 3936 erfaßten
1371 3900 1503 3930 Betriebe
1534 3900 1581 3929 als
1606 3901 1656 3934 gut
1683 3900 1749 3929 oder
1775 3899 1819 3927 bc-

992 3941 1150 3976 sricdigcnd
1171 3942 1229 3971 und
1248 3945 1304 3970 von
1326 3941 1384 3975 36,5
1402 3941 1530 3975 Prozent
1549 3941 1598 3969 der
1617 3939 1750 3970 Betriebe
1771 3939 1817 3968 als

993 3981 1229 4018 »nbcsricdigcnd
1259 3982 1325 4011 oder
1354 3981 1457 4016 schlecht
1487 3980 1646 4015 bezeichnet.
1685 3980 1745 4015 Auf
1775 3980 1819 4009 die

1838 478 1844 517 j
1862 475 1993 505 Betriebe
2015 477 2067 507 mit
2087 481 2180 512 gutem
2204 480 2270 509 oder
2294 480 2532 515 befriedigendem
2555 480 2683 514 Beschäf¬

1862 515 2053 549 tigungsgrad
2079 520 2211 553 entfallen
2241 521 2300 554 65,9
2326 521 2451 555 Prozent
2478 521 2526 549 der
2553 520 2681 554 erfaßten

1862 555 2001 590 Arbeiter,
2025 559 2073 592 ans
2097 559 2141 587 die
2165 559 2297 589 Betriebe
2323 560 2376 590 mit
2400 561 2682 594 unbcsriedigcndem

1863 596 1930 624 oder
1955 596 2100 631 schlechtem
2127 599 2435 634 Beschäftigungsgrad
2461 602 2519 633 34,1
2546 600 2682 634 Prozent.

1966 668 2201 717 Pensions-
2230 673 2319 712 und
2349 670 2572 721 Hilfskasse

2028 726 2102 767 der
2129 727 2508 776 Bundesbahnen.

1908 787 1954 816 Kt.
1983 789 2040 817 Ter
2061 789 2286 825 ständcrätlichcn
2307 791 2682 826 Bnndcsbahnkomniission

1857 824 1956 852 wurde
1975 825 2062 858 dieser
2084 826 2161 861 Tage
2189 831 2248 855 von
2278 829 2328 856 der
2348 828 2612 857 Ecncralkireltion
2635 830 2683 856 der

1858 860 2091 895 Bundesbahnen
2127 864 2236 896 Bericht
2272 865 2391 899 erstattet
2427 864 2496 892 über
2533 866 2576 892 die
2613 865 2684 893 Ent¬

1858 897 1971 931 stehung
1988 899 2038 926 des
2057 899 2129 927 rund
2145 901 2196 929 386
2214 901 2371 929 Millionen
2389 899 2517 934 Franlen
2538 901 2684 935 betragen¬

1857 935 1909 961 den
1929 933 1955 962 2
1967 942 1979 962 c
1991 935 2000 968 f
2010 935 2018 963 i
2031 942 2042 969 z
2054 936 2062 964 i
2072 940 2083 964 t
2094 943 2106 964 c
2117 938 2133 964 s
2151 938 2198 965 der
2215 937 2371 971 Pensions-
2390 938 2448 965 und
2467 936 2616 971 Hilfslasse
2635 940 2683 965 der

1857 970 2100 1005 Bundesbahnen.
2131 972 2189 1007 (In
2211 973 2263 1002 Ar.
2284 975 2350 1003 1834
2371 973 2419 1002 der
2442 974 2494 1006 „A.
2505 973 2597 1008 Z.Z.*
2621 977 2682 1002 war

1857 1007 1886 1035 in
1910 1007 1958 1035 der
1976 1007 2240 1045 Agenturmeldnng
2265 1010 2401 1044 unrichtig
2424 1017 2457 1044 zu
2480 1010 2552 1043 lesen
2572 1011 2684 1043 380,600

1857 1042 1984 1076 Franken
2007 1039 2067 1079 statt
2087 1047 2138 1074 380
2161 1046 2238 1075 Mill.
2262 1046 2322 1081 Fr.)
2354 1045 2410 1080 Im
2431 1046 2570 1080 Anschluß
2592 1047 2682 1075 daran

1857 1080 1893 1114 sei
1921 1081 1971 1114 auf
1997 1082 2086 1116 einige
2116 1083 2227 1117 Zahlen
2254 1086 2311 1112 aus
2339 1084 2387 1112 der
2413 1083 2608 1117 Entwicklung
2636 1088 2682 1111 der

1857 1116 1937 1151 Kasse
1961 1118 2150 1153 nachdrücklich
2175 1120 2371 1155 hingewicsen.
2415 1120 2473 1149 Ter
2496 1120 2684 1154 Versichc-

1856 1155 2032 1187 rungsbe
2044 1156 2145 1189 stand
2191 1164 2228 1185 an
2270 1156 2475 1191 pensionierten
2517 1156 2681 1190 Invaliden

1858 1190 1956 1224 betrug
1977 1198 2023 1220 am
2043 1193 2085 1221 31.
2109 1193 2262 1227 Dezember
2284 1195 2351 1222 1914
2373 1194 2440 1221 2572
2462 1193 2617 1227 Personen,
2639 1193 2682 1221 die

1856 1226 1916 1255 eine
1934 1221 2161 1263 Jahrespcnsicn
2182 1233 2237 1259 von
2257 1231 2394 1261 3.996,456
2416 1228 2463 1263 Fr.
2486 1230 2615 1264 bczegen.
2638 1229 2681 1262 In

1857 1263 1979 1298 stetigem
2004 1265 2170 1300 Anwachsen
2209 1267 2336 1301 erreichte
2373 1266 2417 1294 die
2454 1265 2684 1300 Jnvalidenzahl

1856 1300 1937 1329 Ende
1962 1302 2028 1330 1926
2059 1304 2126 1331 3392
2171 1303 2224 1332 mit
2258 1304 2335 1332 einer
2360 1302 2590 1337 Jahrcspcnsion
2626 1308 2683 1331 von

1856 1337 1990 1369 6,175.424
2015 1338 2055 1372 Fr
2107 1339 2200 1368 Einen
2228 1340 2419 1374 aufsallendcn
2449 1340 2570 1374 Sprung
2596 1340 2683 1373 nahm

1856 1374 1900 1402 die
1924 1374 2114 1410 Entwicklung
2139 1377 2219 1410 1921;
2242 1377 2287 1405 die
2310 1376 2423 1411 Anzahl
2446 1377 2493 1404 der
2517 1375 2682 1409 Invaliden

1855 1414 1917 1439 war
1936 1412 1985 1445 auf
2003 1412 2080 1441 Ende
2099 1414 2150 1441 des
2166 1412 2281 1447 Jahres
2300 1420 2349 1442 um
2368 1413 2417 1448 fast
2434 1414 2502 1441 1706
2519 1413 2614 1441 Mann
2633 1413 2684 1446 ans

1853 1448 1923 1476 5673
1939 1449 2120 1484 angcsticgen,
2138 1450 2226 1478 denen
2247 1457 2308 1479 nun
2327 1451 2394 1479 aber
2412 1449 2473 1478 eine
2494 1456 2542 1478 um
2561 1451 2592 1477 16
2611 1449 2684 1477 Mil¬

1856 1484 1953 1512 lionen
1975 1485 2074 1520 höhere
2106 1485 2237 1520 jährliche
2260 1487 2361 1519 Rente,
2391 1486 2511 1520 nämlich
2532 1486 2685 1518 16.M7.477

1857 1519 1984 1554 Franken
2009 1522 2203 1556 auszurichtcn
2226 1528 2296 1552 war.
2336 1523 2417 1553 Ende
2441 1523 2508 1551 1925
2529 1527 2626 1550 waren
2652 1524 2684 1551 cs

1855 1558 1924 1586 7748
1947 1557 2088 1591 Invalide
2113 1559 2165 1588 mit
2189 1561 2340 1592 25,158,581
2370 1559 2419 1593 Fr.
2445 1558 2684 1593 Jahrcspension.

1856 1594 1944 1623 Einer
1964 1596 2123 1629 gegenüber
2146 1597 2212 1625 1914
2235 1597 2389 1631 dreifachen
2411 1595 2525 1630 Anzahl
2544 1599 2603 1625 von
2625 1595 2685 1629 In¬

1854 1631 1970 1659 validen
1988 1633 2052 1667 steht
2071 1634 2131 1661 eine
2149 1633 2275 1667 6,3-sache
2298 1633 2474 1668 Steigerung
2492 1635 2540 1661 der
2558 1632 2685 1667 Jahres-

1855 1667 1967 1703 penstcu
1989 1669 2153 1704 gegenüber.
2191 1670 2245 1699 Die
2267 1670 2342 1704 Zahl
2363 1671 2410 1698 der
2432 1670 2557 1699 Witwen
2577 1669 2608 1704 ist
2627 1673 2684 1697 von

1855 1705 1923 1733 2696
1943 1705 1982 1734 im
2001 1705 2095 1740 Jahre
2115 1707 2181 1735 1914
2202 1707 2254 1741 auf
2271 1708 2340 1736 4625
2361 1707 2441 1737 Ende
2464 1707 2530 1735 1925
2552 1706 2685 1740 angestic-

1852 1748 1916 1775 gcn,
1934 1742 1981 1775 hat
2000 1742 2045 1777 sich
2062 1743 2121 1776 also
2140 1745 2232 1771 etwas
2252 1744 2330 1775 mehr
2348 1743 2395 1771 als
2413 1743 2586 1776 verdoppelt,
2606 1742 2684 1770 wäh¬

1855 1778 1923 1806 rend
1947 1778 1989 1806 die
2016 1778 2291 1814 Witwenpensionen
2316 1780 2361 1814 sich
2386 1780 2465 1809 mehr
2489 1781 2537 1808 als
2562 1780 2685 1807 vervier¬

1856 1814 1922 1848 facht
1941 1815 2043 1846 haben:
2061 1817 2128 1844 1914
2145 1817 2263 1845 wurden
2281 1817 2417 1850 1,323,293
2434 1815 2482 1849 Fr.
2502 1823 2539 1844 an
2558 1816 2683 1845 Witwen

1855 1852 2046 1886 aucgciichtct,
2066 1853 2132 1881 1925
2153 1857 2249 1881 waren
2272 1855 2304 1882 es
2326 1853 2462 1886 5,862,505
2482 1852 2531 1887 Fr.
2572 1852 2684 1886 Ebenso

1854 1887 1912 1920 sind
1930 1888 1973 1916 die
1991 1896 2028 1917 an
2047 1889 2160 1923 Waisen
2179 1896 2212 1924 zu
2231 1890 2385 1924 zahlenden
2404 1888 2566 1924 Pensionen
2582 1896 2684 1923 gegen¬

1855 1923 1924 1953 über
1944 1926 2009 1953 1914
2031 1925 2153 1959 (145,962
2172 1925 2233 1960 Fr.)
2255 1927 2304 1961 auf
2324 1928 2376 1955 den
2396 1925 2552 1960 5^-sachcn
2574 1926 2683 1960 Betrag

1855 1962 2048 1996 »»gewachsen
2080 1963 2201 1994 (804,014
2230 1962 2301 1996 Fr.),
2333 1963 2469 1996 während
2499 1963 2543 1991 die
2570 1962 2684 1997 Anzahl

1854 1998 1902 2026 der
1923 1998 2033 2031 Waisen
2056 1999 2103 2033 sich
2125 2000 2203 2028 kaum
2225 2000 2390 2033 verdoppelt
2413 2000 2468 2030 bat.

1905 2035 2105 2069 Entsprechend
2123 2036 2170 2064 der
2187 2036 2380 2071 Entwicklung
2397 2036 2438 2065 im
2454 2035 2685 2070 Versichcrungs-

1854 2071 1964 2104 bcstand
1981 2072 2075 2107 zeigen
2095 2073 2139 2101 die
2158 2073 2362 2108 Rechnung
2379 2072 2448 2101 über
2467 2073 2510 2101 die
2530 2072 2684 2106 laus.»den

1853 2107 2035 2138 Einnahmen
2056 2110 2115 2137 und
2137 2109 2297 2145 Ansgabcn
2318 2110 2378 2138 und
2399 2109 2445 2139 die
2466 2109 2617 2144 Bilanz
2640 2110 2684 2137 bc-

1855 2145 2048 2178 m.ruhigcndc
2069 2146 2180 2175 Bilder.
2219 2145 2274 2179 Im
2297 2146 2389 2180 Jahre
2410 2147 2476 2174 1914
2497 2146 2609 2179 standen
2632 2146 2684 2173 den

1855 2181 2037 2211 Einnahmen
2055 2187 2110 2211 von
2132 2184 2206 2214 13,47
2226 2183 2303 2212 Mill.
2324 2182 2372 2216 Fr.
2390 2190 2427 2211 an
2448 2182 2606 2216 Ausgaben
2626 2184 2684 2214 5.61

1854 2218 2009 2248 Millicncn
2020 2218 2148 2253 Franlen
2168 2220 2335 2254 gegenüber,
2354 2224 2458 2248 wovon
2477 2220 2537 2251 5,49
2547 2219 2625 2248 Mill.
2636 2219 2683 2252 Fr.

1855 2255 1905 2287 uns
1926 2255 2171 2291 Unterstützungen
2195 2258 2252 2284 und
2277 2256 2438 2290 Pensionen
2461 2255 2604 2291 cntsiclen.
2627 2257 2685 2286 Ter

1856 2292 2104 2327 Kassciiüberschuß
2131 2293 2231 2327 betrug
2254 2294 2313 2325 7,85
2339 2293 2417 2322 Mill.
2447 2292 2495 2323 Fr.
2530 2293 2592 2322 Wie
2619 2293 2685 2327 steht

1856 2331 1887 2356 es
1907 2330 1991 2358 1925?
2019 2329 2073 2359 Tie
2092 2329 2275 2363 Einnahmen
2296 2330 2355 2364 sind
2373 2329 2427 2358 mit
2444 2330 2521 2361 38.68
2540 2330 2615 2357 Mill.
2637 2329 2684 2362 Fr.

1855 2365 2058 2400 ausgewicsc».
2077 2366 2111 2400 sic
2131 2366 2222 2395 baden
2242 2367 2312 2398 nicht
2333 2366 2440 2395 einmal
2460 2366 2512 2394 den
2532 2365 2686 2399 drcisachcn

1855 2403 1962 2437 Betrag
1986 2403 2110 2436 erreicht;
2132 2404 2177 2432 die
2200 2403 2359 2438 Ausgabe»
2384 2403 2451 2431 aber
2473 2403 2531 2436 sind
2553 2403 2686 2437 sechsmal

1855 2438 1955 2472 größer
1972 2441 2123 2473 geworden
2145 2441 2204 2468 und
2223 2440 2335 2469 machen
2354 2441 2431 2471 33,30
2453 2439 2531 2468 Mill.
2551 2439 2600 2472 Fr.
2621 2441 2686 2468 ans.

1855 2479 1957 2504 wovon
1990 2477 2067 2509 32,76
2090 2476 2168 2505 Mill.
2192 2476 2241 2510 Fr.
2276 2477 2323 2510 für
2345 2475 2595 2511 Unterstützungen
2628 2477 2686 2505 und

1854 2512 2013 2545 Pensionen
2037 2519 2069 2546 zu
2090 2513 2189 2547 zahlen
2209 2517 2315 2542 waren.
2355 2513 2413 2543 Ter
2436 2512 2688 2547 üassenübcrschnß

1855 2550 1902 2578 bat
1924 2550 1984 2583 also
2005 2551 2212 2584 abgcnotnmen
2234 2552 2293 2579 und
2315 2550 2427 2583 erreicht
2451 2556 2507 2578 nur
2529 2549 2608 2581 mehr
2628 2550 2689 2579 5,33

1856 2586 2011 2615 Millionen
2037 2585 2172 2620 Franken.
2194 2603 2228 2607 —
2252 2587 2309 2616 Ter
2331 2586 2439 2621 Bilanz
2464 2587 2495 2620 ist
2518 2593 2551 2620 zu
2575 2587 2690 2616 cntnch-

1854 2629 1927 2654 uicii.
1944 2623 1999 2656 daß
2016 2623 2060 2652 die
2076 2623 2242 2658 angelegten
2258 2623 2364 2653 Gelder
2379 2627 2436 2652 von
2455 2624 2622 2656 111,447,201
2641 2623 2690 2657 Fr.

1856 2660 1893 2688 int
1915 2659 2009 2693 Jahre
2032 2661 2098 2688 1914
2118 2660 2169 2693 aus
2188 2661 2359 2693 244,276,459
2380 2659 2431 2694 Fr.
2451 2660 2531 2689 Ende
2552 2661 2620 2688 1925
2641 2667 2690 2688 an-

1857 2696 2011 2730 pcwachscn
2046 2696 2113 2730 sind.
2165 2697 2213 2725 An
2253 2697 2278 2726 T
2292 2704 2304 2725 c
2316 2697 2336 2725 ck
2346 2704 2363 2725 u
2375 2703 2393 2724 n
2403 2703 2422 2731 g
2435 2698 2451 2724 s
2463 2697 2473 2725 k
2483 2704 2499 2725 a
2510 2701 2527 2730 p
2538 2696 2547 2725 i
2559 2698 2569 2725 t
2580 2703 2596 2725 a
2608 2698 2618 2725 1
2629 2697 2637 2724 i
2650 2703 2662 2725 c
2673 2703 2691 2725 n

1855 2737 1951 2761 waren
1969 2734 2036 2762 aber
2054 2733 2129 2767 schon
2147 2735 2213 2763 1914
2228 2735 2306 2765 58,44
2321 2733 2400 2763 Mill.
2416 2733 2465 2765 Fr.
2482 2733 2529 2766 für
2546 2733 2590 2762 die
2609 2734 2690 2768 festen

1856 2769 2117 2805 Verpflichtungen,
2144 2771 2171 2800 d.
2198 2770 2225 2800 h.
2253 2771 2299 2802 für
2327 2771 2373 2799 die
2401 2770 2509 2799 bereits
2537 2770 2693 2804 lausenden

1856 2803 1976 2838 Rente»,
1993 2809 2051 2835 und
2067 2808 2144 2840 86,74
2159 2807 2237 2835 Mill.
2252 2806 2301 2836 Fr.
2318 2807 2364 2838 für
2380 2807 2424 2835 die
2440 2807 2692 2842 Verpflicrirungen

1856 2843 2014 2877 gegenüber
2034 2845 2096 2871 dem
2115 2843 2291 2876 versicherte»
2311 2844 2420 2873 aktiven
2441 2843 2584 2877 Personal
2605 2844 2693 2877 erfor¬

1855 2880 1963 2910 derlich.
2003 2880 2095 2913 Scho»
2119 2881 2235 2909 damals
2266 2884 2328 2909 war
2357 2881 2418 2914 also
2450 2881 2494 2908 ein
2518 2879 2690 2913 Fehlbetrag

1852 2919 1910 2944 von
1928 2917 2005 2949 30,74
2025 2916 2103 2944 Mill.
2123 2916 2171 2950 Fr.
2193 2917 2368 2948 vorhanden.
2408 2916 2553 2946 Während
2573 2917 2690 2946 damals

1854 2953 1906 2981 den
1930 2952 2179 2988 Verpflichtungen
2201 2954 2362 2988 gcgcniibcr
2387 2953 2438 2982 den
2462 2953 2691 2987 Pcnsicnsbczü-

1854 2996 1921 3024 gcrn
1949 2990 2013 3018 voll,
2047 2990 2099 3018 mit
2134 2991 2185 3019 100
2209 2990 2344 3025 Prczcnt,
2379 2989 2539 3024 »achgclcbt
2575 2992 2689 3019 werden

1853 3027 1959 3057 konnte,
1978 3027 2076 3060 betrug
2096 3027 2151 3054 das
2171 3026 2421 3061 Tcckuiigskapital
2442 3027 2493 3055 des
2512 3026 2688 3061 versicherten

1851 3062 1960 3091 attivcn
1987 3062 2149 3095 Personals
2184 3070 2240 3092 nur
2267 3065 2301 3092 65
2325 3064 2452 3097 Prozent
2478 3064 2525 3091 der
2551 3064 2689 3094 erforder¬

1852 3099 1935 3128 liche»
1954 3098 2087 3133 Deckung.
2121 3099 2180 3129 Bis
2197 3100 2255 3128 und
2272 3100 2325 3129 mit
2341 3101 2403 3129 dein
2417 3098 2514 3134 Jahre
2530 3100 2596 3128 1920
2611 3100 2687 3128 blieb

1853 3136 1907 3164 das
1938 3135 2010 3165 Deck:
2025 3136 2246 3170 ngsvcrbältnis
2275 3136 2320 3170 für
2351 3136 2395 3165 die
2422 3136 2689 3170 Pensionsbezüger

1852 3173 1902 3200 100
1926 3172 2060 3207 Prozent,
2086 3172 2235 3207 dasjenige
2262 3173 2308 3206 für
2332 3174 2388 3202 das
2414 3172 2570 3207 versicherte
2600 3174 2687 3202 altive

1851 3208 1993 3242 Personal
2036 3209 2168 3243 unterlag
2204 3209 2437 3243 Schwankungen
2470 3212 2528 3238 »nd
2561 3209 2688 3240 erreichte

1851 3246 1931 3274 Ende
1958 3247 2026 3274 1920
2050 3252 2106 3274 nnr
2130 3247 2164 3275 44
2190 3246 2326 3281 Prozent.
2371 3246 2488 3277 Seither
2517 3247 2615 3275 wurde
2643 3247 2687 3275 die

1851 3282 1925 3317 Lage
1950 3283 2124 3316 zunehmend
2146 3282 2307 3314 schlimmer.
2348 3283 2414 3313 Bon
2441 3284 2503 3311 1921
2528 3290 2564 3311 an
2588 3284 2686 3311 wurde

1851 3319 1895 3347 die
1917 3319 2042 3354 Deckung
2062 3319 2108 3354 für
2127 3319 2172 3348 die
2193 3320 2345 3352 lausenden
2366 3319 2526 3354 Pensionen
2551 3320 2687 3353 fortwäh¬

1852 3357 1921 3384 rend
1945 3356 2061 3390 llciner;
2084 3356 2117 3389 sic
2144 3357 2254 3392 beträgt
2278 3363 2311 3392 zu
2335 3357 2416 3386 Ende
2441 3357 2507 3385 1925
2530 3357 2598 3389 bloß
2620 3357 2687 3389 noch

1850 3393 1886 3421 82
1907 3392 2043 3427 Prozent.
2084 3393 2149 3421 Und
2176 3393 2222 3427 für
2248 3394 2293 3422 die
2315 3392 2474 3427 Ansprüche
2499 3394 2552 3422 des
2578 3394 2687 3422 aktiven

1853 3423 2013 3463 Personals
2042 3429 2072 3464 ist
2098 3429 2153 3458 das
2182 3429 2492 3465 Tcckiingsvcrbältnis
2519 3431 2536 3458 0
2562 3431 2689 3464 Prozent

1851 3467 2012 3499 geworden,
2033 3467 2058 3495 d.
2080 3466 2105 3497 h.
2127 3467 2172 3495 die
2194 3467 2395 3497 vorhandenen
2418 3466 2689 3501 Vermögenswerte

1853 3502 1945 3532 bieten
1971 3503 2063 3536 diesen
2086 3502 2264 3537 Nnspriichc»
2291 3503 2418 3534 lcincrlci
2447 3504 2571 3538 Deckung
2594 3504 2688 3538 mehr;

1853 3539 1896 3568 die
1915 3544 1980 3568 vom
2001 3540 2109 3569 aktiven
2129 3540 2271 3573 Personal
2291 3541 2366 3571 schon
2385 3540 2543 3575 geleisteten
2564 3541 2689 3575 Einzah¬

1854 3576 1959 3612 lungen
1979 3578 2036 3605 »nd
2056 3577 2100 3605 die
2119 3579 2166 3606 der
2186 3577 2430 3612 Schweizerischen
2450 3578 2688 3610 Bundesbahnen

1855 3612 1914 3646 sind
1939 3614 2136 3648 aufgcbraucht
2160 3615 2285 3643 worden.
2326 3614 2387 3646 Für
2413 3614 2456 3642 die
2480 3615 2690 3648 Befrtcdlaung

1855 3649 1929 3682 ihrer
1947 3650 2089 3686 künftigen
2106 3651 2264 3685 Ansprüche
2282 3651 2339 3686 sind
2359 3651 2402 3681 die
2420 3651 2552 3685 heutigen
2570 3651 2689 3680 Aktiven

1852 3686 2062 3722 e-usschlicßlich
2079 3688 2131 3723 auf
2148 3688 2192 3717 die
2212 3688 2354 3724 künftigen
2376 3687 2527 3723 Eingänge
2548 3689 2690 3722 angcwie-

1855 3724 1909 3757 kc»,
1925 3727 1980 3754 von
1998 3725 2088 3753 denen
2108 3725 2157 3760 erst
2175 3725 2240 3757 noch
2258 3726 2302 3754 ein
2321 3724 2386 3755 Teil
2406 3724 2452 3758 für
2471 3725 2515 3753 die
2536 3725 2689 3758 lausenden

1856 3759 2017 3796 Pensionen
2040 3762 2200 3791 verwendet
2222 3763 2336 3792 werden
2357 3761 2437 3796 muß.
2478 3762 2522 3791 Es
2546 3762 2622 3794 sollte
2646 3762 2691 3795 für

1855 3797 1888 3831 sie
1916 3797 1961 3826 ein
1988 3798 2238 3832 Dcckunaskapital
2273 3802 2328 3828 von
2352 3799 2525 3831 319,043.807
2550 3799 2599 3832 Fr.
2627 3803 2692 3828 ver¬

1856 3835 1967 3864 banden
1989 3835 2061 3869 sein;
2082 3835 2127 3868 für
2149 3836 2193 3865 die
2214 3835 2366 3871 laufenden
2387 3835 2548 3869 Pensionen
2572 3836 2616 3865 ei»
2639 3835 2692 3869 sol¬

1855 3871 1914 3900 ches
1940 3875 1997 3900 von
2022 3873 2194 3905 298,812,10.3
2220 3872 2269 3904 Fr.
2316 3872 2415 3903 Somit
2444 3873 2511 3907 scblt
2538 3873 2587 3902 der
2614 3872 2691 3906 Pen¬

1856 3907 1945 3940 sions-
1966 3910 2024 3938 und
2043 3908 2191 3944 Hilsskassc
2211 3909 2291 3939 Ende
2311 3910 2378 3938 1925
2397 3915 2447 3943 zur
2469 3910 2594 3944 Deckung
2615 3910 2691 3939 ihrer

1856 3945 2123 3975 Vcrbindlichlcitcn
2143 3946 2303 3981 gegenüber
2323 3948 2386 3976 dem
2405 3945 2547 3980 Personal
2569 3947 2613 3975 ein
2635 3947 2691 3976 Be¬

1855 3986 1918 4017 trag
1937 3985 1993 4012 von
2010 3983 2180 4016 373,579,451
2198 3982 2248 4017 Fr.

2773 496 3111 546 Schwurgericht
3138 495 3185 534 in
3213 493 3500 537 Winterthur.

2894 563 3120 596 Dienstag,
3139 564 3177 590 16.
3200 562 3368 590 November.

2771 620 2805 651 &
2821 618 2910 652 Heute
2928 618 3048 652 begann,
3067 616 3222 644 wiederum
3238 616 3290 644 mit
3306 616 3483 647 Qbcrrichtcr
3501 615 3553 643 Dr.

2720 656 2866 689 Bcrthcan
2888 654 2937 682 als
2960 653 3119 687 Präsident,
3142 652 3186 680 die
3209 652 3304 686 zweite
3325 652 3483 685 Abteilung
3505 651 3553 678 der

2719 691 2952 727 gegenwärtigen
3000 689 3359 723 Schwurgcricktsscssion;
3403 689 3451 716 als
3500 687 3556 716 Gc-

2719 728 2857 763 schworne
2890 730 2985 756 amten
3016 724 3240 761 Kupferschmied
3269 725 3350 758 Jean
3380 723 3554 757 Bachmann,

2718 766 2831 801 Höngg,
2858 765 3011 798 Obmann;
3038 762 3170 797 Zeichner
3194 762 3281 797 Adols
3307 762 3419 792 Koblct,
3446 760 3555 794 Pfässi-

2718 804 2783 836 kon;
2830 802 2962 836 Coisscur
3009 800 3091 834 Ernst
3138 800 3314 829 Ackermann.
3361 798 3555 830 Winterthur;

2720 839 2977 873 Spenglcrmcister
3004 837 3098 867 Oskar
3124 836 3212 865 Äulli.
3239 834 3354 869 Zürich;
3379 835 3557 863 Lokomottv-

2719 876 2817 910 sührcr
2841 875 2965 910 Johann
2990 873 3024 906 H.
3047 873 3159 908 Nüegg.
3183 871 3298 906 Zürich:
3320 871 3483 900 Verwalter
3506 870 3558 898 Al¬

2719 913 2780 941 bert
2804 912 2872 946 Näs,
2896 912 3026 946 Horgcn:
3049 909 3307 945 Spezereihändler
3329 910 3425 941 Georg
3449 906 3556 940 Juchli,

2719 949 2837 983 Zürich;
2854 948 3067 983 Bahnarbciter
3087 947 3157 975 Otto
3177 945 3294 980 Köppel.
3313 944 3458 977 Tbalwil;
3477 943 3558 976 Ccis-

2719 987 2781 1021 fcnr
2801 987 2894 1016 Louis
2916 985 3075 1020 Schlcisfcr.
3096 982 3213 1017 Zürich;
3233 982 3389 1016 Litegraph
3409 981 3557 1014 Hermann

2720 1024 2807 1056 Kratz.
2835 1022 2951 1057 Zürich;
2979 1020 3252 1054 Gerüstkcntrollcur
3282 1018 3400 1047 Eduard
3429 1017 3559 1050 Hungcr-

2719 1060 2828 1093 büblcr,
2849 1058 2960 1094 Zürich,
2981 1058 3039 1087 und
3060 1056 3186 1091 Kanzlist
3206 1056 3323 1085 Werner
3346 1055 3456 1089 Rücgg.
3477 1054 3559 1083 Win¬

2719 1097 2837 1125 terthur.

2771 1133 2829 1162 Der
2850 1133 2915 1167 erste
2937 1130 3050 1166 Prozeß
3071 1130 3147 1162 hatte
3168 1129 3249 1157 einen
3272 1128 3476 1161 wiederholten
3499 1127 3558 1155 ein¬

2720 1169 2810 1203 fachen
2834 1170 2988 1203 Betrug
3011 1167 3040 1195 in
3067 1167 3158 1195 einem
3183 1167 3251 1194 7000
3275 1165 3402 1198 Franken
3427 1163 3559 1198 überstei¬

2716 1206 2835 1240 genden,
2853 1207 2923 1235 9085
2942 1205 3071 1240 Franken
3092 1204 3218 1238 dagegen
3238 1202 3308 1234 nicht
3328 1201 3557 1236 übersteigenden

2719 1243 2843 1277 Betrage
2869 1249 2932 1277 zum
2957 1240 3145 1276 Gegenstand.
3188 1238 3374 1273 Angcllagtcr
3411 1242 3473 1266 war
3510 1238 3558 1265 der

2717 1279 2863 1313 46jährige
2884 1278 3053 1312 Kaufmann
3073 1277 3176 1306 Albert
3198 1277 3226 1305 B
3238 1283 3250 1303 c
3263 1283 3276 1304 r
3287 1276 3312 1309 ch
3322 1277 3333 1303 t
3345 1283 3359 1303 o
3373 1275 3382 1303 l
3393 1276 3410 1303 d
3433 1276 3464 1302 in
3488 1274 3559 1302 Ocr-

2719 1316 2801 1344 liko».
2840 1316 2879 1344 Er
2904 1315 2997 1349 sühne
3021 1313 3166 1348 seinerzeit
3188 1313 3218 1341 in
3241 1312 3341 1347 Zürich
3363 1311 3408 1340 ein
3430 1310 3557 1343 Geschäft

2718 1352 2771 1381 mit
2788 1352 3013 1384 Radioartilcln,
3031 1351 3141 1384 befaßte
3160 1350 3207 1384 sich
3223 1349 3289 1380 auch
3306 1348 3360 1377 mit
3377 1348 3487 1377 andern
3504 1348 3558 1376 Er¬

2719 1390 2875 1423 findungen
2899 1390 2958 1417 und
2982 1391 3044 1417 war
3068 1388 3097 1416 in
3122 1386 3365 1420 Unterhandlung
3388 1389 3485 1419 wegen
3509 1385 3558 1412 der

2718 1425 2914 1460 Uebcrnahme
2954 1425 3031 1455 einer
3073 1424 3248 1457 Vertretung
3289 1422 3335 1456 für
3377 1421 3557 1454 Südfrüchte.

2718 1462 2800 1495 Trctz
2820 1462 2908 1495 dieser
2930 1460 3132 1495 Vielseitigkeit
3150 1460 3222 1495 ging
3243 1461 3274 1487 cs
3296 1459 3356 1493 ihm
3379 1457 3493 1492 schlecht.
3517 1458 3558 1486 Er

2720 1498 2798 1527 erlitt
2815 1498 3002 1533 verschiedene
3020 1497 3155 1531 Verluste.
3192 1496 3249 1525 Als
3267 1496 3311 1524 die
3330 1496 3389 1524 Not
3407 1502 3455 1523 am
3474 1494 3558 1529 größ¬

2719 1537 2765 1563 ten
2788 1540 2857 1567 war.
2880 1536 2938 1564 kam
2960 1542 2988 1563 er
3019 1541 3054 1562 an
3087 1533 3178 1562 einem
3202 1533 3404 1566 Dragoncrtag
3436 1538 3482 1559 am
3516 1532 3558 1560 22.

2720 1571 2806 1605 März
2829 1572 2880 1600 des
2904 1572 2997 1605 letzten
3019 1570 3135 1604 Jahres
3167 1569 3221 1598 mit
3255 1569 3347 1598 einem
3381 1567 3556 1600 hablichcren

2721 1608 2983 1642 Dicnstkamcradc»
3003 1607 3173 1642 zusammen,
3191 1607 3244 1635 mit
3261 1607 3323 1634 dem
3342 1612 3371 1634 er
3387 1609 3444 1634 vcn
3464 1605 3557 1638 seinen

2719 1644 2881 1679 Geschäften
2906 1645 2996 1678 sprach
3019 1645 3078 1672 und
3100 1647 3156 1672 von
3178 1643 3270 1672 einem
3292 1644 3393 1677 .guten
3417 1642 3555 1674 Schnitt",

2720 1682 2773 1710 den
2794 1689 2822 1710 er
2842 1681 2952 1714 machen
2974 1681 3068 1710 lönnc.
3089 1685 3172 1709 wenn
3195 1687 3225 1708 er
3244 1680 3323 1710 mehr
3344 1678 3558 1712 Betriebskapi¬

2719 1718 2761 1746 tal
2780 1718 2862 1752 hätte.
2896 1718 2953 1747 Am
2970 1718 3079 1747 andern
3097 1717 3160 1752 Tag
3178 1716 3282 1750 sprang
3300 1717 3359 1750 ihm
3378 1717 3425 1744 der
3443 1716 3556 1745 andere,

2720 1754 2766 1783 ein
2785 1754 2933 1784 Landwirt
2953 1754 3010 1783 und
3029 1752 3233 1788 Hclzbändler,
3252 1753 3306 1781 mit
3327 1753 3396 1786 zwei
3417 1752 3555 1786 Wechseln

2719 1795 2776 1819 von
2810 1791 2834 1825 je
2859 1792 2925 1820 1565
2950 1790 3077 1825 Franken
3113 1790 3155 1818 bei
3207 1789 3356 1822 Bcrchtold
3388 1789 3463 1821 hatte
3497 1789 3555 1816 ihm

2720 1827 2791 1860 sechs
2811 1828 2936 1862 Prczent
2958 1827 3032 1861 Zins
3052 1827 3110 1855 und
3130 1826 3350 1855 Gewinnanteil
3369 1825 3556 1859 versprochen.

2720 1863 2884 1893 Wiederum
2906 1865 2974 1899 zwei
2996 1863 3075 1897 Tage
3097 1863 3188 1897 später
3211 1863 3327 1896 ersuchte
3351 1862 3440 1895 dieser
3461 1862 3555 1895 seinen

2721 1899 2923 1935 Finanzmann
2956 1907 3004 1929 um
3038 1900 3150 1928 weitere
3176 1901 3244 1928 2000
3269 1899 3404 1932 Franken,
3441 1899 3475 1927 da
3511 1898 3555 1927 die

2719 1937 2800 1966 Bank
2822 1937 2866 1965 die
2889 1938 2988 1966 beiden
3009 1936 3127 1969 Wechsel
3149 1936 3220 1968 nicht
3242 1935 3425 1964 diskontierte
3446 1935 3504 1964 und
3526 1942 3556 1963 er

2720 1973 2767 2007 für
2790 1974 2834 2003 die
2856 1974 3038 2007 Abwicklung
3063 1973 3111 2001 der
3136 1973 3278 2006 Geschäfte
3302 1973 3388 2004 sofort
3411 1972 3486 2001 Geld
3511 1972 3556 1999 be¬

2720 2010 2823 2044 nötige.
2869 2010 2942 2040 Sein
2968 2010 3111 2039 Kamerad
3133 2010 3190 2044 gab
3215 2009 3273 2038 ihm
3297 2009 3370 2037 denn
3395 2008 3461 2041 auch
3486 2008 3555 2042 zwei

2720 2047 2928 2082 Obligaticncn
2946 2051 3000 2075 vc»
3020 2046 3045 2080 je
3064 2048 3130 2075 1600
3149 2045 3286 2079 Franken,
3305 2046 3375 2074 über
3393 2045 3438 2074 die
3458 2044 3557 2078 Berch-

2719 2084 2779 2112 told
2803 2082 2940 2118 Verfügte.
2980 2083 3035 2112 Am
3065 2082 3229 2117 Karfreitag
3265 2083 3363 2110 konnte
3397 2083 3444 2110 der
3478 2086 3555 2110 treue

2720 2119 2838 2151 Freund
2857 2119 3003 2149 ncckmals
3023 2126 3074 2153 zur
3092 2119 3297 2153 'Akzeptierung
3317 2119 3398 2147 eines
3418 2118 3557 2152 Wechsels

2721 2157 2791 2186 über
2813 2158 2882 2185 5600
2906 2156 3034 2190 Franken
3068 2156 3203 2190 bewegen
3238 2156 3361 2184 werden.
3405 2155 3478 2187 Nach
3511 2155 3558 2183 ein

2721 2197 2792 2226 paar
2813 2193 2912 2228 Tagen
2935 2194 3038 2227 ersetzte
3060 2199 3089 2221 er
3112 2192 3160 2225 ihn
3182 2192 3235 2221 mit
3259 2193 3351 2221 einem
3378 2191 3557 2225 Depotschein

2722 2230 2768 2264 für
2794 2230 2858 2264 fünf
2886 2229 3095 2264 Obligaticncn
3122 2233 3178 2257 von
3205 2229 3230 2263 je
3256 2230 3323 2257 1000
3349 2228 3486 2262 Franken,
3513 2228 3557 2256 die

2721 2271 2775 2295 vcn
2812 2267 2961 2297 Bcrchteld
2997 2269 3111 2300 prompt
3148 2266 3281 2300 cingclöst
3318 2265 3445 2294 wurde».
3491 2266 3557 2294 Das

2721 2303 2973 2337 Gesamtdarleben
2996 2307 3052 2332 vcn
3073 2303 3142 2330 7660
3163 2301 3291 2335 Franken
3311 2303 3488 2330 verwendete
3509 2302 3558 2330 der

2721 2339 2891 2374 Angcllagtc
2927 2341 2955 2368 in
2991 2340 3039 2368 der
3074 2338 3245 2373 Hauptsache
3282 2345 3330 2372 zur
3367 2339 3559 2373 Bernbigting

2721 2376 2900 2413 drängender
2919 2375 3088 2410 Gläubiger,
3108 2376 3182 2404 denn
3203 2377 3233 2404 es
3255 2375 3341 2409 liefen
3360 2375 3430 2404 über
3449 2377 3483 2403 50
3503 2375 3559 2405 Be¬

2722 2413 2890 2447 treibungen
2914 2414 2972 2441 und
2996 2412 3269 2447 Konlursbcgchrcn
3290 2419 3377 2446 gegen
3402 2412 3460 2441 ihn.
3500 2412 3558 2441 Der

2721 2449 2892 2483 Angeklagte
2916 2449 2946 2484 ist
2971 2449 3070 2483 seither
3094 2449 3122 2477 in
3146 2449 3168 2477 K
3183 2456 3197 2477 o
3210 2456 3227 2477 »
3240 2449 3250 2476 k
3261 2455 3278 2477 u
3291 2456 3303 2476 r
3315 2450 3330 2476 S
3351 2451 3477 2482 geraten,
3499 2449 3558 2476 nnd

2722 2485 2780 2520 sein
2802 2485 3004 2521 Finanzmann
3025 2486 3073 2515 bat
3095 2492 3151 2514 von
3173 2486 3226 2514 den
3247 2485 3410 2520 geliehenen
3432 2485 3558 2514 Geldern

2723 2523 2813 2556 nichts
2832 2523 2910 2552 mehr
2929 2523 3065 2552 erhalten.
3100 2522 3250 2554 Bcrchtold
3271 2523 3317 2552 hat
3338 2522 3473 2551 überdies
3494 2521 3561 2553 auch

2724 2559 2768 2587 die
2796 2559 2895 2588 beiden
2931 2560 3015 2593 ersten
3048 2562 3116 2587 vom
3142 2558 3342 2593 Geschädigten
3377 2558 3560 2592 akzeptierten

2725 2595 2841 2629 Wechsel
2860 2596 2890 2624 in
2908 2595 3028 2629 Umlauf
3045 2596 3144 2630 gesetzt.
3183 2595 3272 2624 Tab:i
3291 2596 3365 2624 batte
3384 2602 3412 2624 er
3429 2599 3481 2623 Vor
3497 2597 3561 2623 dem

2723 2632 2825 2666 Akzept
2847 2632 2916 2661 über
2936 2633 3005 2661 5000
3026 2631 3155 2666 Franken
3176 2631 3318 2660 mündlich
3339 2632 3398 2660 und
3420 2631 3562 2665 schristlich

2726 2668 2836 2702 c>klärt,
2857 2669 2901 2698 die
2925 2669 3024 2698 beiden
3057 2669 3190 2701 srütcren
3214 2668 3331 2702 Wechsel
3365 2668 3440 2702 seien
3474 2668 3562 2700 außer

2727 2705 2907 2738 Zirkulation
2934 2707 2992 2734 nnd
3020 2704 3178 2738 vernichtet.
3224 2705 3282 2734 Der
3310 2705 3487 2737 Damnisikat
3516 2705 3563 2733 bat

2726 2742 2801 2771 denn
2820 2742 2888 2774 auch
2909 2743 3015 2771 bereits
3036 2742 3118 2770 einen
3139 2743 3187 2770 der
3206 2741 3323 2774 Wechsel
3344 2742 3468 2775 einlöscn
3490 2741 3564 2774 müs¬

2729 2778 2773 2812 sen
2796 2781 2854 2807 und
2876 2778 2907 2813 ist
2930 2785 2979 2807 nm
3003 2778 3116 2807 weitere
3138 2779 3206 2807 1050
3227 2777 3356 2812 Franken
3379 2785 3412 2813 zu
3436 2778 3565 2812 Schaden

2728 2814 2888 2850 gekommen

2786 2851 2845 2880 Der
2869 2852 3042 2886 'Angeklagte
3069 2851 3171 2881 machte
3197 2855 3248 2881 vor
3274 2851 3358 2880 allem
3385 2852 3506 2884 geltend,
3533 2859 3562 2880 er

2731 2886 2802 2918 habe
2825 2892 2912 2918 gute»
2935 2888 3041 2917 Grund
3064 2888 3176 2920 gehabt,
3200 2894 3237 2915 an
3261 2890 3314 2916 den
3338 2888 3443 2920 Erfolg
3466 2887 3559 2920 seines

2731 2921 2894 2956 Geschäftes
2919 2929 2953 2956 zu
2978 2923 3117 2955 glauben;
3160 2923 3250 2951 wider
3274 2923 3429 2952 Erwarten
3454 2922 3490 2955 sei
3516 2923 3561 2951 die

2729 2956 2999 2989 Radiokonjunktur
3020 2957 3157 2990 schlechter
3179 2959 3345 2991 geworden;
3368 2958 3433 2990 auch
3454 2962 3559 2987 andere

2732 2993 2961 3025 Spekulationen
2981 2992 3078 3023 bättcn
3096 2993 3142 3027 sich
3161 2993 3342 3026 zerschlage».
3360 2993 3426 3026 Daß
3444 3000 3473 3022 er
3490 2993 3562 3022 Ver¬

2729 3028 2796 3061 luste
2817 3029 2941 3061 erlitten,
2961 3028 3032 3063 habe
3053 3035 3081 3057 er
3100 3030 3163 3056 dem
3184 3028 3387 3062 Geschädigten
3407 3029 3478 3058 nicht
3498 3032 3559 3057 ver¬

2730 3063 2890 3096 schwiegen.
2911 3064 2958 3092 als
2979 3071 3008 3092 er
3029 3063 3079 3093 ihn
3099 3070 3149 3092 um
3169 3063 3243 3097 seine
3263 3064 3342 3097 Hilfe
3362 3064 3481 3097 anging.
3502 3064 3560 3093 Der

2728 3099 2899 3132 Betrogene,
2920 3102 2969 3128 der
2989 3099 3055 3132 »ach
3077 3098 3182 3132 seinem
3203 3100 3321 3132 eigenen
3342 3099 3559 3132 Zugeständnis

2726 3134 2804 3165 schon
2831 3134 2930 3168 früher
2955 3135 3029 3167 „ans
3054 3134 3149 3163 lauter
3172 3134 3360 3168 Dummheit"
3386 3135 3558 3168 zahlreichen

2728 3170 2836 3199 Leute»
2862 3169 3053 3204 ausgcholfcn
3080 3170 3136 3203 hat,
3162 3170 3223 3203 hals
3248 3171 3310 3198 dem
3335 3170 3486 3200 Bcrchtold
3511 3171 3559 3198 als

2729 3204 2961 3238 Dicnstkanierad
2979 3207 3038 3233 und
3056 3204 3124 3233 weil
3142 3205 3232 3237 dieser
3250 3205 3310 3239 ihm
3328 3205 3486 3235 reichlichen
3505 3205 3561 3233 Ge¬

2726 3240 2809 3268 winn
2833 3240 2864 3269 in
2887 3240 3015 3274 Aussicht
3040 3240 3142 3273 gestellt
3167 3241 3252 3269 hatte.
3275 3240 3334 3268 Als
3358 3245 3406 3269 der
3430 3240 3558 3274 Finanz-

2726 3282 2816 3304 man»
2836 3279 2914 3304 dann
2935 3276 2979 3304 die
3000 3269 3111 3309 Gefahr
3131 3275 3272 3309 erkannte,
3291 3276 3389 3305 reichte
3409 3283 3436 3304 er
3459 3276 3557 3307 Stras-

2726 3311 2803 3343 klage
2823 3311 2884 3343 ein;
2906 3318 2935 3339 er
2957 3318 3006 3345 zog
3027 3310 3061 3343 sie
3082 3311 3150 3339 aber
3169 3311 3276 3339 wieder
3298 3311 3399 3344 zurück,
3420 3312 3469 3339 als
3489 3318 3558 3339 man

2729 3346 2788 3378 ihm
2806 3346 2959 3381 versprach,
2978 3354 3007 3375 er
3026 3349 3119 3374 werde
3139 3346 3211 3377 ohne
3230 3346 3424 3380 Strafprozeß
3443 3346 3507 3378 eher
3528 3352 3562 3380 zu

2725 3380 2832 3414 seinem
2860 3382 2951 3411 Geldc
2979 3383 3115 3410 kommen.
3163 3381 3217 3410 Die
3248 3382 3558 3415 Slaatsanwaltschait

2726 3416 2822 3450 führte
2843 3420 2920 3445 dann
2942 3421 2995 3445 den
3014 3416 3129 3446 Handel
3148 3419 3204 3444 von
3224 3417 3329 3445 Amtes
3348 3421 3447 3449 wegen
3469 3418 3559 3445 onrckt.

2782 3452 2880 3481 Neben
2900 3452 3051 3482 Bcrchtold
3071 3452 3148 3486 hatte
3166 3452 3213 3486 sich
3232 3455 3331 3485 wegen
3350 3452 3377 3481 G
3389 3459 3402 3480 c
3414 3452 3430 3482 h
3443 3460 3450 3480 >
3464 3453 3472 3480 l
3486 3452 3494 3485 s
3506 3459 3518 3480 e
3530 3459 3563 3480 n-

2728 3487 2739 3520 s
2749 3487 2775 3515 ch
2786 3494 2802 3516 a
2815 3488 2824 3519 s
2835 3491 2844 3516 t
2863 3488 2907 3516 bei
2926 3487 3079 3521 cinfachcni
3098 3487 3210 3520 Betrug
3230 3487 3270 3515 im
3288 3487 3399 3520 Betrag
3417 3491 3473 3515 von
3491 3488 3561 3516 5000

2730 3522 2861 3556 Franken
2886 3526 2934 3552 der
2956 3524 2991 3551 33
3014 3520 3110 3556 Jahre
3144 3523 3200 3551 alte
3235 3523 3406 3557 Kaufmann
3430 3522 3562 3555 Heinrich

2730 3557 2750 3587 L
2763 3565 2775 3586 c
2788 3558 2795 3586 i
2809 3565 2836 3586 in
2848 3559 2864 3586 b
2877 3566 2891 3586 a
2904 3559 2929 3587 ch
2940 3566 2952 3587 e
2965 3566 2977 3587 r
3001 3559 3031 3587 in
3055 3556 3158 3591 Zürich
3181 3564 3213 3592 zu
3237 3561 3463 3587 verantworten.
3486 3557 3562 3591 Jbm

2729 3596 2828 3622 wurde
2845 3594 3054 3627 vorgcworfcn,
3073 3601 3102 3621 er
3120 3593 3190 3626 habe
3208 3593 3262 3626 sich,
3280 3593 3328 3621 als
3346 3593 3497 3623 Bcrchtold
3514 3593 3561 3625 sich

2730 3635 2779 3657 um
2810 3629 2855 3658 die
2878 3630 2945 3658 5000
2969 3629 3100 3663 Frauken
3132 3628 3272 3661 bemühte,
3305 3633 3368 3657 dem
3399 3629 3561 3662 Geldgeber

2731 3664 2890 3698 gegenüber
2911 3666 2959 3693 als
2980 3664 3117 3698 Inhaber
3138 3664 3218 3693 eines
3239 3663 3482 3698 Jnformations-
3502 3671 3562 3693 uns

2730 3699 3021 3733 Trcuhandblircans
3043 3701 3224 3733 auögcgebcn
3247 3702 3306 3727 »nd
3327 3700 3375 3728 als
3396 3699 3496 3732 solcher
3518 3700 3562 3728 die

2731 3735 2874 3769 Geschäfte
2899 3737 2950 3764 des
2974 3736 3124 3765 Bcrchtold
3148 3735 3196 3763 als
3221 3734 3362 3768 glänzend
3386 3735 3561 3768 geschildert:

2731 3778 2756 3800 e,
2776 3770 2847 3804 habe
2864 3771 2929 3801 auch
2946 3771 2991 3800 die
3007 3770 3166 3805 schriftliche
3182 3769 3347 3804 Erklärung
3363 3769 3434 3799 über
3451 3771 3495 3799 die
3512 3777 3563 3798 an¬

2730 3807 2849 3840 gebliche
2873 3807 3068 3838 Vernichtung
3091 3808 3139 3834 der
3163 3805 3298 3840 früheren
3322 3805 3441 3839 Wechsel
3464 3806 3563 3839 ansge-

2731 3836 2788 3875 setzt
2812 3845 2871 3871 und
2893 3840 3083 3876 versprocheii,
3115 3840 3162 3874 für
3193 3841 3237 3870 die
3270 3847 3357 3874 ganze
3382 3840 3563 3874 DarlchcnS-

2732 3878 2823 3908 schnld
2843 3879 2891 3906 als
2911 3878 3011 3910 Bürge
3030 3876 3216 3910 cinzustchcn.
3238 3876 3296 3905 Der
3317 3876 3498 3910 Geschädigte
3518 3877 3564 3905 be¬

2732 3913 2875 3946 hauptete.
2892 3912 3069 3942 Lcimbacher
3087 3912 3156 3940 habe
3174 3911 3220 3941 sich
3237 3912 3295 3941 ihm
3313 3912 3500 3943 telephonisch
3516 3913 3565 3941 als

2726 3947 2913 3979 Treuhänder
2934 3947 3115 3983 ansgcgebcn
3137 3948 3196 3976 und
3219 3947 3279 3976 eine
3301 3947 3496 3982 Besprechung
3518 3947 3568 3976 der

2733 3985 2959 4019 Angelegenheit
2979 3985 3155 4014 verabredet.
3175 3984 3353 4017 Lcimbacher
3375 3985 3500 4018 indessen
3521 3986 3567 4014 be¬

335 4094 546 4137 Maurice
575 4091 738 4135 Ravel.

173 4164 279 4197 Unsere
316 4162 493 4199 schnellebigc
521 4161 587 4196 Zelt
623 4160 707 4195 prägt
749 4157 794 4191 ihr
831 4157 949 4192 rapides

118 4203 231 4239 Teinpo
253 4203 320 4238 auch
340 4203 372 4232 in
393 4204 442 4232 der
463 4200 668 4236 künstlerischen
692 4199 860 4231 Bewegung
883 4199 950 4231 aus,

121 4243 325 4279 insbesondere
342 4243 372 4272 in
389 4243 438 4272 der
456 4240 548 4276 Musik
564 4240 680 4274 unscrer
696 4238 782 4272 Tage,
799 4242 844 4266 wo
864 4236 951 4266 Strö¬

120 4289 248 4318 mungen
274 4284 335 4312 und
359 4281 641 4316 Gegenströmungen
668 4278 721 4308 mit
748 4277 825 4306 einer
852 4276 950 4311 früher

119 4323 166 4352 nie
188 4324 343 4357 gekannten
365 4321 467 4356 Unrast
488 4320 537 4356 sich
559 4318 705 4354 auslöscn,
727 4316 951 4350 Ansdruckssor-

119 4369 185 4391 men
208 4364 268 4391 nnd
289 4361 437 4392 Stilarten
460 4360 490 4389 in
514 4359 683 4394 nnerhörtcr
704 4355 846 4391 Buntheit
868 4355 951 4386 wech¬

121 4402 189 4436 seln,
220 4401 451 4431 nebeneinander
482 4399 617 4434 bestehen,
653 4397 701 4434 sich
737 4395 951 4430 durchdringcn.

120 4442 207 4472 Stets
228 4448 299 4470 neue
321 4438 488 4477 aesthctische
509 4439 616 4474 Ideale
636 4437 750 4468 tauchen
771 4436 820 4471 auf
838 4451 873 4456 —
891 4435 950 4463 nnd

121 4480 338 4516 verschwinden.
362 4480 461 4510 Neben
484 4479 548 4508 dem
571 4479 674 4512 starken
699 4476 763 4512 Zug
788 4482 821 4509 zn
845 4475 952 4508 Sensa¬

119 4520 276 4555 tionellem,
305 4526 369 4555 zum
400 4518 580 4555 Primitiven
622 4517 695 4552 (und
733 4513 949 4548 Barbarischen)

120 4560 188 4595 steht
210 4560 255 4589 die
279 4559 436 4594 Betonung
459 4558 511 4587 des
536 4557 704 4592 Formale»,
729 4556 778 4584 der
801 4553 952 4589 klassischen

121 4604 158 4629 rat
163 4603 194 4634 in,
216 4600 265 4628 der
285 4599 395 4631 Abkehr
416 4602 484 4628 vom
507 4597 568 4626 rein
592 4594 866 4632 Gcsühlsmäßigcn.
889 4593 953 4622 Nur

120 4639 182 4668 eine
203 4639 284 4675 starke
307 4637 525 4674 Persönlichkeit
546 4640 673 4670 vermag,
694 4633 866 4669 wenngleich
887 4631 953 4665 noch

121 4679 152 4708 in
172 4679 222 4708 der
242 4677 377 4713 früheren
396 4676 577 4707 Generation
596 4675 755 4710 wurzelnd,
774 4674 819 4707 ihr
837 4672 952 4706 eigenes

121 4718 226 4754 Gesicht
248 4724 281 4753 zu
304 4717 467 4751 bewahren,
487 4715 532 4746 die
553 4715 676 4751 Anstöße
698 4714 770 4744 alter
792 4713 953 4746 Bewegun¬

123 4764 177 4792 gen
201 4764 235 4792 zu
259 4756 436 4791 durchleben,
463 4755 493 4784 in
516 4754 565 4790 sich
589 4762 623 4789 zu
647 4754 791 4787 vereinen,
816 4751 880 4786 nach
905 4752 953 4780 der

122 4797 168 4832 ihr
192 4797 310 4831 eigenen
338 4794 583 4832 Gesetzmäßigkeit
609 4794 643 4830 sie
668 4793 868 4828 umzuformen
895 4792 954 4819 und

123 4843 156 4871 zu
178 4836 373 4872 assimilieren.

176 4876 223 4906 So
247 4875 315 4911 steht
341 4874 478 4905 Maurice
503 4873 598 4903 Ravel
632 4872 736 4902 mitten
774 4871 804 4901 in
840 4870 954 4905 unserer

124 4914 198 4950 Zeit.
229 4915 289 4944 Der
320 4914 445 4948 bewegte
474 4912 622 4946 Reichtum
651 4913 712 4941 und
741 4911 786 4940 die
816 4910 955 4944 Eigenart

121 4955 213 4990 seiner
234 4954 430 4988 Entwicklung
451 4952 514 4987 läßt
534 4951 608 4987 seine
629 4951 803 4985 Bedeutung
826 4950 865 4978 im
888 4948 956 4979 wci-

123 4995 207 5030 testen
237 4993 371 5029 Blickfeld
399 4991 563 5028 erscheinen.
602 4990 675 5020 Was
715 4990 775 5025 ihn,
813 4991 866 5018 den
898 4988 956 5023 sen¬

120 5034 222 5069 sible»,
245 5033 426 5063 kultivierten
450 5031 510 5060 nnd
537 5030 721 5065 raffinierten
749 5029 956 5063 Klangpocten,

120 5073 176 5103 den
203 5073 365 5109 geistvollen
389 5069 587 5105 Harmonikcr,
610 5070 664 5099 den
689 5069 812 5105 subtilen
837 5067 956 5097 melodi¬

122 5112 198 5147 schen
224 5112 364 5147 Ersinder
390 5111 492 5140 mitten
521 5109 549 5138 in
578 5108 678 5144 unsere
705 5108 851 5143 bewegten
878 5106 956 5141 Tage

124 5152 304 5188 hineinstellt,
327 5150 377 5186 ihn
402 5153 459 5179 von
484 5147 561 5183 jeher
584 5149 638 5177 den
662 5147 761 5177 reinen
785 5146 958 5182 Impressio¬

122 5191 213 5226 nisten
239 5191 334 5227 ferner
361 5189 454 5222 rückte,
482 5187 513 5223 ist
543 5187 617 5222 seine
642 5187 710 5223 stark
738 5187 788 5222 auf
815 5185 956 5222 formales

124 5230 285 5266 Ebenmaß,
317 5229 367 5265 auf
399 5226 540 5261 Klarheit,
570 5226 664 5261 Linie,
695 5226 859 5261 Zeichnung
898 5225 957 5254 und

124 5269 230 5306 Plastik
257 5268 400 5303 gerichtete
429 5267 580 5300 Eigenart,
608 5266 654 5295 die
683 5265 726 5295 bei
755 5265 879 5301 stärksten
907 5264 958 5293 Ak¬

124 5312 222 5343 zenten
246 5310 296 5338 der
322 5303 530 5343 Gemessenheit
555 5304 627 5340 nicht
652 5304 791 5340 entbehrt,
815 5305 855 5333 im
879 5303 958 5333 Tau¬

123 5348 181 5378 mel
195 5348 246 5378 der
261 5347 408 5383 bunteste»
425 5344 604 5379 Nlangorgie
620 5343 682 5379 ihre
696 5344 852 5379 vornehme
869 5342 959 5378 Herb¬

123 5387 184 5422 heit
211 5386 283 5422 nicht
313 5386 488 5420 verleugnet.
516 5383 574 5413 Als
603 5383 773 5418 Resultante
802 5383 832 5418 so
858 5381 958 5416 reicher

126 5426 190 5456 nnd
229 5425 261 5460 so
301 5425 368 5458 stark
390 5422 624 5458 divergierender
645 5421 833 5458 persönlicher
859 5421 959 5457 Kräfte
974 5421 980 5453 i

990 4081 1056 4109 mag
1075 4080 1143 4104 man
1165 4074 1258 4103 Werke
1279 4073 1418 4109 aufsaffen
1438 4072 1493 4102 wie
1514 4072 1558 4102 die
1578 4072 1737 4101 wirbelnde
1758 4071 1817 4100 und
1836 4071 1840 4106 |

991 4113 1191 4148 berauschende
1217 4114 1289 4142 Vnlso
1317 4112 1405 4142 neben
1443 4113 1505 4145 dem
1539 4115 1646 4145 Quatunr
1678 4116 1693 4141 ä
1725 4112 1817 4145 cordes,

994 4154 1084 4183 »eben
1116 4153 1209 4187 seine»
1222 4160 1328 4182 neuern
1342 4152 1681 4187 Nammermuflkwerken,
1692 4152 1736 4181 die
1748 4156 1818 4185 ganz

992 4193 1041 4227 ans
1066 4191 1165 4227 Form,
1188 4191 1415 4226 Gcschlifsenheit
1440 4192 1499 4220 nnd
1523 4190 1715 4224 gedanklichen
1739 4189 1818 4218 Aus¬

991 4232 1068 4261 druck
1085 4231 1186 4266 gestellt
1204 4231 1272 4266 sind.
1290 4230 1336 4265 In
1356 4232 1405 4264 der
1425 4233 1554 4266 „innsiquo
1571 4231 1645 4266 pur«"
1664 4233 1721 4258 von
1739 4229 1818 4258 Wer¬

991 4272 1037 4300 ken
1060 4272 1278 4305 letztgenannter
1301 4271 1433 4304 Gattung
1457 4270 1553 4304 spricht
1575 4269 1624 4305 sich
1644 4269 1723 4303 wohl
1745 4268 1817 4303 seine

992 4310 1145 4341 vornehme
1173 4309 1411 4344 Individualität
1440 4316 1486 4338 am
1514 4309 1634 4344 reinsten
1663 4311 1728 4338 aus.
1773 4307 1818 4341 In

991 4352 1040 4380 der
1068 4349 1207 4383 Eigenart
1237 4349 1311 4384 ihrer
1339 4348 1541 4383 rhythmischen
1578 4350 1637 4378 »nd
1672 4347 1818 4382 harmoni¬

995 4390 1066 4425 schen
1091 4389 1238 4423 Slruktur,
1262 4389 1300 4418 im
1323 4388 1556 4424 schwelgerischen
1577 4387 1746 4423 Ausblühen
1769 4387 1820 4416 des

993 4427 1164 4464 spezifischen
1191 4427 1407 4461 Klangkolorits
1433 4429 1492 4456 »nd
1518 4427 1608 4462 ihrem
1633 4424 1820 4461 crotisch-pre-

993 4468 1084 4503 ziöscn
1106 4466 1200 4501 Hauch
1221 4467 1335 4502 spiegelt
1355 4467 1403 4502 sich
1422 4466 1467 4496 die
1490 4473 1576 4501 ganze
1600 4464 1741 4499 Dynamik
1763 4465 1820 4493 die¬

994 4508 1038 4542 ses
1065 4506 1224 4542 Künstlers,
1251 4507 1300 4535 der
1326 4506 1459 4535 inmitten
1487 4506 1555 4535 aller
1581 4505 1749 4539 Bewegung
1773 4503 1820 4532 ein

993 4547 1144 4581 Einsamer
1165 4546 1223 4575 »nd
1242 4545 1376 4580 Outsider
1395 4545 1480 4574 blieb.

1045 4585 1138 4616 Ravel
1161 4585 1191 4620 ist
1213 4585 1420 4620 Südsranzose,
1441 4585 1508 4614 1875
1529 4591 1563 4618 zu
1586 4584 1713 4614 Cibourc
1737 4582 1819 4618 (Bas¬

994 4626 1037 4661 ses
1060 4625 1220 4660 Pyrenöcs)
1245 4624 1375 4658 geboren.
1398 4624 1495 4658 Daher
1518 4624 1591 4659 seine
1613 4622 1749 4654 Vorliebe
1774 4621 1820 4656 für

994 4664 1130 4700 spanische
1155 4663 1311 4699 Vorwürfe
1337 4663 1471 4699 („L’hcuro
1493 4663 1664 4700 espngnolo"),
1697 4663 1745 4699 snx
1776 4661 1819 4690 die

996 4705 1078 4740 reiche
1105 4704 1164 4733 und
1190 4703 1388 4738 schimmernde
1416 4702 1607 4739 orientalische
1634 4700 1822 4733 Ornamentik

995 4746 1046 4774 des
1072 4742 1252 4779 Maurischen
1281 4742 1448 4779 («Rhapsodie
1472 4742 1644 4779 cspagiinlo*),
1670 4742 1728 4776 sein
1754 4741 1822 4769 aus¬

996 4782 1188 4819 gesprochener
1210 4782 1290 4812 Sinn
1313 4782 1360 4816 für
1379 4782 1544 4818 tänzerische
1565 4782 1669 4817 Plastik
1690 4780 1822 4815 (Ballctt-

997 4824 1109 4859 fjenen;
1128 4823 1153 4851 In
1173 4821 1269 4857 Valse),
1291 4821 1348 4856 sein
1369 4822 1440 4852 Kult
1460 4822 1512 4851 des
1532 4821 1742 4858 Archaistischen
1763 4819 1821 4848 und

999 4861 1178 4897 Primitiven
1219 4862 1291 4896 („Kn
1330 4864 1397 4891 i»Lro
1437 4862 1519 4898 l'Oyo"
1526 4868 1534 4896 ;
1576 4861 1621 4890 die
1662 4858 1821 4895 entzückend

998 4900 1113 4938 schlichte
1151 4901 1342 4936 Klaviersnite
1381 4903 1428 4936 „he
1468 4904 1581 4931 iomboau
1610 4902 1639 4930 do
1664 4899 1822 4936 Couporlu").

997 4939 1177 4974 Wenngleich
1201 4942 1249 4969 der
1274 4941 1373 4975 Prunk
1397 4941 1457 4970 und
1482 4940 1526 4970 die
1553 4940 1695 4976 luxuriöse
1721 4937 1822 4974 Pracht

997 4982 1089 5016 seines
1135 4979 1339 5016 Orchestcrstils
1387 4983 1443 5009 von
1491 4980 1565 5010 allen
1611 4979 1717 5014 Reizen
1763 4977 1822 5006 und

996 5018 1221 5056 Verführungen
1267 5019 1361 5055 ferner
1401 5019 1624 5053 Märchenlandc
1671 5018 1822 5053 schimmert

999 5058 1279 5096 („Scheherazade"),
1305 5059 1334 5094 so
1360 5059 1428 5094 liegt
1455 5059 1520 5094 doch
1545 5061 1593 5088 der
1622 5056 1823 5093 Schwerpunkt

997 5100 1090 5135 seines
1111 5098 1306 5133 clgenariigcn
1329 5099 1470 5129 Könnens
1492 5099 1552 5129 und
1573 5098 1663 5134 seiner
1686 5096 1823 5132 eigensten

998 5137 1210 5174 erfinderischen
1235 5137 1396 5173 Begabung
1419 5138 1449 5169 in
1472 5140 1520 5168 der
1543 5137 1749 5172 Bereicherung
1772 5135 1822 5164 des

999 5176 1190 5213 Klavicrstils.
1211 5177 1304 5212 Schon
1327 5177 1356 5207 in
1378 5179 1427 5212 der
1449 5181 1562 5212 „Pavano
1581 5188 1640 5214 pour
1659 5186 1706 5206 uuo
1726 5176 1823 5205 Iufanto

997 5217 1113 5252 dtffunte*
1138 5217 1240 5252 (1899),
1260 5217 1305 5246 die
1326 5217 1380 5247 mit
1402 5217 1479 5253 ihrer
1501 5218 1706 5253 schleppenden,
1728 5212 1823 5249 gleich¬

997 5259 1056 5294 sam
1080 5256 1356 5292 tranervcrhängten
1382 5257 1535 5292 Rhythmik
1561 5257 1620 5286 und
1647 5252 1823 5288 melodischer

999 5298 1113 5330 Kadenz
1131 5302 1168 5325 an
1186 5295 1231 5325 die
1251 5296 1497 5332 naiv-rafsiniertc
1517 5296 1640 5332 Sprache
1661 5291 1824 5328 Wildescher

998 5334 1134 5370 Märchen
1159 5334 1295 5369 erinnert,
1319 5335 1407 5365 tönen
1433 5342 1506 5365 neu«
1531 5332 1753 5369 Klangsynibole
1778 5338 1824 5364 an,

998 5376 1096 5412 stärker
1131 5373 1198 5408 noch
1234 5373 1263 5403 in
1304 5374 1367 5404 dem
1405 5375 1587 5409 wundersam
1623 5371 1824 5408 kadenzicrien,

974 5420 981 5453 I
999 5414 1331 5450 wollüstig-monotonen
1368 5413 1620 5452 Klangplätschern
1656 5413 1707 5443 der
1742 5411 1824 5449 «Jeu

1859 4071 1973 4101 d'eaux*.
2002 4071 2058 4101 Die
2086 4071 2226 4106 gewählte
2256 4071 2406 4106 Mischung
2435 4074 2491 4100 von
2524 4071 2689 4105 Harmonik,

1860 4110 2013 4145 Rhythmik
2042 4111 2102 4140 und
2128 4111 2296 4145 Bewegung
2327 4110 2606 4146 (Tcrzcnchromaiik,
2635 4111 2688 4140 mit

1860 4149 2077 4184 schimmernden
2113 4150 2275 4185 Arpcggicn
2322 4151 2380 4179 nnd
2421 4149 2689 4184 Sekiindcngängen

1859 4188 2114 4223 vcrschwimmcnd,
2158 4189 2400 4224 vcrschwcbcndcs
2448 4188 2575 4224 Seufzen
2631 4195 2687 4218 von

1859 4229 2091 4263 cngvcrstricktcn,
2125 4229 2266 4264 lüsternen
2299 4228 2550 4262 Noncnakkordcn)
2576 4245 2610 4249 —
2642 4229 2688 4258 all'

1859 4269 1913 4296 das
1939 4268 1970 4302 ist
1992 4268 2080 4302 völlig
2104 4275 2159 4297 ne»
2183 4269 2242 4298 nnd
2265 4268 2432 4302 eigenartig.
2454 4284 2489 4289 —
2513 4268 2608 4302 Selbst
2635 4268 2689 4297 Dc-

1861 4307 1957 4342 bussys
1980 4314 2111 4336 neuerem
2137 4307 2300 4343 Klavicrstil
2323 4307 2482 4342 gegenüber
2505 4308 2605 4342 besteht
2627 4308 2688 4336 eine

1861 4346 1980 4381 zeitliche
2004 4346 2163 4381 Priorität:
2188 4347 2242 4381 Die
2268 4347 2426 4382 „Estnmprs*
2451 4347 2614 4381 entstanden
2640 4347 2688 4379 erst

1862 4387 1936 4415 1904.
1963 4385 2010 4421 In
2037 4386 2090 4415 den
2121 4386 2282 4418 „Miroirs"
2314 4387 2405 4421 (1907)
2436 4386 2590 4420 schimmert
2630 4389 2689 4414 und

1860 4425 1947 4459 gleißt
1964 4425 2025 4455 eine
2042 4426 2224 4460 vcrzanbcrtc
2242 4426 2316 4456 Welt
2336 4426 2603 4458 klanggcwordcner
2621 4425 2690 4459 Im¬

1859 4464 2031 4500 pressionen;
2053 4465 2223 4498 „Noch,olles*
2244 4465 2273 4500 ist
2294 4465 2348 4494 das
2368 4464 2553 4499 sehnsüchtige
2573 4464 2690 4494 Licbcs-

1860 4505 2006 4539 stammcln
2031 4504 2243 4538 lichttrunkcncr
2267 4504 2455 4539 Nachtfalter;
2480 4506 2520 4537 „ln
2541 4505 2627 4533 Valldo
2648 4505 2691 4533 dos

1860 4544 1982 4578 eloches",
2004 4544 2034 4573 in
2056 4544 2133 4573 einer
2157 4544 2273 4577 eigene»
2297 4543 2446 4578 Mischung
2468 4543 2517 4572 der
2541 4543 2691 4573 Onartc»-

1861 4583 1956 4617 solgeu
1980 4583 2026 4612 ein
2050 4583 2329 4619 seltsam-mystisches
2356 4582 2573 4617 Klanggcwirr;
2601 4584 2690 4614 „Albo-

1860 4624 1919 4652 rada
1943 4624 1981 4651 dol
2004 4623 2144 4657 Gracioso",
2168 4622 2214 4652 ein
2240 4622 2392 4657 spanischer
2419 4621 2688 4656 Schelmenroman;

1863 4671 1925 4694 «mm
1956 4664 2049 4697 Imrqan
2077 4663 2120 4691 sur
2149 4663 2260 4691 POcoan"
2293 4662 2388 4696 bringt
2425 4661 2556 4695 reizvolle
2588 4661 2690 4690 Unter*

1864 4702 1983 4735 malung
2007 4705 2159 4736 wogender
2181 4703 2314 4736 glissamli;
2340 4703 2456 4734 „nisoaux
2479 4701 2581 4729 tristes*
2606 4701 2636 4734 ist
2660 4700 2692 4729 in

1862 4739 2016 4773 Harmonik
2037 4741 2096 4769 und
2115 4739 2294 4773 klanglichem
2316 4739 2480 4769 Ornament
2500 4741 2557 4767 von
2580 4738 2690 4772 seltsam

1862 4779 1994 4813 dumpfer
2014 4779 2083 4814 Lust
2106 4778 2238 4813 umhüllt.

1914 4818 1996 4853 Ganz
2025 4818 2065 4847 im
2092 4818 2180 4848 Bann
2216 4818 2267 4847 des
2304 4816 2493 4851 dichterischen
2529 4817 2691 4851 Vorwurfs

1867 4857 2007 4891 (Gedichte
2031 4861 2088 4886 von
2113 4857 2251 4892 Aloysius
2277 4857 2435 4890 Bcrtrand)
2464 4855 2530 4890 steht
2555 4855 2600 4884 die
2625 4857 2693 4885 1903

1864 4896 2053 4931 komponierte
2074 4896 2277 4930 Klaviersnite:
2300 4896 2423 4931 „Gaspard
2443 4895 2472 4922 do
2492 4896 2516 4923 la
2537 4894 2616 4924 »ult*.
2637 4894 2691 4924 Die

1865 4934 2068 4969 Klangsprache
2109 4934 2139 4969 ist
2170 4938 2226 4963 von
2267 4933 2436 4968 unerhörter
2478 4933 2692 4968 „Spannung*,

1863 4973 2024 5010 Intensität
2063 4974 2122 5003 und
2151 4973 2303 5008 Bildkraft,
2341 4973 2385 5002 die
2423 4972 2691 5007 Ansdruckspote»;

1862 5015 1913 5043 des
1930 5013 2067 5043 Klaviers
2084 5012 2132 5042 bis
2150 5013 2218 5047 aufs
2236 5012 2343 5047 Höchste
2362 5012 2514 5046 gesteigert,
2530 5011 2573 5040 die
2592 5011 2691 5041 Rcali-

1863 5053 1905 5089 stik
1928 5053 1977 5082 der
1988 5052 2115 5088 Gesichte,
2140 5052 2185 5081 die
2195 5052 2361 5087 Phantastik
2372 5052 2423 5080 des
2436 5051 2615 5085 Spnkhasten
2644 5051 2692 5080 bis

1865 5098 1928 5127 zniti
1958 5092 2078 5122 Grauen
2110 5091 2313 5126 ausgcpeiischt.
2346 5090 2441 5125 Selbst
2470 5090 2572 5125 Ltszt's
2609 5090 2693 5123 „Ma-

1865 5132 1967 5166 zeppa"
1995 5131 2070 5164 hatte
2098 5130 2180 5165 solche
2210 5130 2320 5165 Klänge
2349 5129 2421 5163 nicht
2448 5129 2631 5164 beschworen.
2658 5146 2694 5151 —

1864 5172 1920 5200 Als
1947 5170 2112 5205 Höhepunkt
2137 5173 2192 5199 von
2221 5170 2333 5200 Ravcls
2362 5168 2497 5204 Schassen
2523 5169 2625 5203 möchte
2656 5169 2694 5203 ich

1864 5211 1907 5240 die
1932 5210 2061 5239 überaus
2085 5209 2215 5244 reizvolle
2241 5208 2467 5244 Orchestcrsuite:
2495 5210 2619 5244 „Dnphuis
2644 5210 2693 5238 und

1864 5250 1951 5279 Cliloo*
1979 5248 2149 5284 bezeichne»,
2176 5248 2221 5278 die
2250 5249 2279 5278 in
2309 5249 2385 5284 ihrer
2412 5248 2576 5282 rührenden
2606 5248 2693 5283 süßen

1865 5288 1991 5319 Melodik
2018 5289 2073 5318 das
2105 5288 2224 5324 holdeste
2263 5288 2331 5318 aller
2370 5287 2545 5322 griechischen
2578 5287 2695 5317 Liebes-

1866 5328 1993 5362 märchen
2021 5328 2052 5357 In
2079 5327 2171 5363 seiner
2200 5335 2307 5363 ganzen
2336 5328 2442 5357 naive»
2472 5326 2605 5362 Zartheit
2634 5328 2695 5357 und

1865 5367 2127 5403 naturhaft-reinen
2153 5367 2339 5398 Sinnlichkeit
2364 5366 2481 5397 erweckt.

1916 5407 1973 5438 Um
1993 5408 2040 5438 d»<
2066 5413 2153 5443 ganze
2178 5407 2352 5443 Bedeutung
2375 5406 2465 5445 dieser
2488 5399 2718 5443 bervorragen-!

2732 4072 2785 4101 de»
2814 4071 3163 4108 Künstlcrpersönllchkelt,
3191 4071 3250 4104 ihre
3281 4071 3417 4105 Stellung
3448 4072 3476 4100 in
3506 4073 3568 4100 nnd

2731 4111 2801 4140 über
2820 4114 2868 4141 der
2888 4112 3031 4141 Moderne
3052 4118 3085 4146 zn
3106 4111 3301 4145 kennzeichnen
3322 4111 3425 4140 möchte
3446 4111 3484 4143 ich
3503 4111 3565 4140 eine

2731 4151 2909 4185 bedeutsame
2937 4151 3145 4186 Tichtcrgcstalt
3174 4151 3221 4179 als
3250 4150 3566 4184 Parallelerscheinung

2732 4190 2906 4225 wachruscn:
2948 4191 3049 4220 Albert
3096 4190 3232 4223 Samain,
3284 4191 3337 4218 den
3383 4190 3565 4222 .Neutöner*

2733 4229 2930 4265 Symbolisten
2972 4231 3031 4258 nnd
3073 4229 3215 4264 sormalcn
3241 4229 3374 4264 Klassiker
3416 4229 3446 4258 in
3487 4230 3566 4258 einer

2733 4269 2854 4304 Person.

2786 4308 2849 4338 Wir
2875 4308 2978 4341 dürfen
3004 4310 3036 4338 cs
3062 4308 3110 4337 als
3138 4308 3198 4337 eine
3225 4307 3375 4340 besondere
3402 4308 3493 4343 Gunst
3521 4308 3566 4336 bc-

2732 4348 2863 4380 irachlcn,
2886 4348 2941 4381 daß
2964 4349 3023 4376 uns
3045 4354 3091 4376 am
3114 4348 3155 4377 18.
3177 4348 3251 4376 Nov.
3274 4347 3320 4377 ein
3344 4347 3464 4382 Zürcher
3489 4347 3567 4377 Kon¬

2733 4390 2788 4421 zert
2812 4387 2856 4416 die
2879 4386 3047 4421 persönliche
3071 4386 3283 4420 BckannischasI
3308 4386 3362 4416 mit
3385 4387 3478 4415 Ravet
3504 4390 3566 4415 ver¬

2734 4426 2840 4455 mittelt
2863 4427 2921 4455 und
2944 4426 3027 4456 einen
3050 4425 3207 4454 Ucbcrblick
3229 4426 3299 4455 über
3321 4426 3378 4459 sei»
3401 4426 3567 4460 bisheriges

2733 4465 2846 4495 Wirken
2870 4465 2964 4495 bietet.
3135 4464 3170 4498 H.
3203 4465 3239 4494 S.
3266 4465 3292 4495 S
3305 4472 3322 4493 u
3335 4465 3344 4493 l
3356 4471 3368 4499 z
3380 4465 3396 4493 b
3409 4472 3421 4494 e
3433 4472 3446 4494 r
3457 4471 3473 4499 g
3485 4472 3497 4494 c
3510 4472 3531 4494 r.

2960 4553 3114 4593 Kleine
3143 4552 3341 4600 Chronik.

2790 4613 3012 4648 Musikalische
3048 4612 3198 4647 Notizen.
3244 4614 3308 4644 Das
3345 4615 3369 4645 7.
3403 4615 3569 4645 Donau-

2739 4654 2937 4687 cschingcr
2964 4653 3238 4689 Kaninicrmusikfcst
3264 4655 3355 4688 findet
3383 4655 3472 4684 Mitte
3498 4654 3570 4689 Juli

2739 4695 2807 4723 1927
2831 4694 2908 4728 stau:
2943 4694 2999 4722 das
3034 4693 3229 4723 Kuratorinm
3263 4694 3324 4727 gibt
3359 4695 3489 4729 bekannt,
3515 4696 3573 4729 daß

2738 4733 3051 4768 Kaminermusikwerke
3077 4732 3153 4765 jeder
3177 4734 3232 4762 Art
3257 4735 3317 4763 »nd
3342 4734 3496 4768 Besetzung
3520 4735 3571 4763 bis

2738 4774 2761 4801 1.
2777 4772 2911 4807 Februar
2930 4774 2995 4802 1927
3011 4772 3179 4805 eingereicht
3195 4776 3312 4803 werden
3329 4773 3448 4803 könne».
3464 4791 3496 4794 —
3512 4775 3571 4803 Als

2737 4812 2847 4846 einzige
2866 4812 3093 4847 Uraussübrnng
3114 4812 3232 4846 kündigt
3251 4814 3297 4842 die
3317 4814 3351 4843 M
3365 4821 3378 4842 e
3391 4818 3398 4843 I
3411 4822 3423 4843 r
3437 4819 3479 4848 op
3493 4821 3507 4843 o
3520 4814 3573 4843 li¬

2738 4854 2775 4880 la
2787 4858 2827 4880 n-
2840 4851 2894 4886 Op
2906 4859 2944 4880 er
2995 4853 3047 4881 des
3098 4851 3315 4887 clnhcimischcn
3368 4854 3573 4888 Komponisten

2737 4891 2847 4920 Dcems
2873 4891 2986 4926 Taylor
3014 4891 3362 4927 originalamerikanischc
3390 4894 3469 4927 Oper
3496 4894 3572 4927 „Der

2738 4929 2845 4962 Henker
2869 4931 2920 4960 des
2945 4931 3078 4965 Königs*
3103 4931 3150 4966 für
3172 4933 3293 4967 Anfang
3315 4932 3448 4967 Februar
3471 4940 3518 4962 an.
3538 4949 3574 4955 —

2738 4968 2784 5004 In
2806 4970 3057 5005 Heidelberg
3079 4971 3171 5006 findet
3192 4972 3314 5007 Anfang
3335 4972 3415 5006 Juni
3437 4974 3504 5003 1927
3524 4976 3572 5003 ei»

2737 5010 2916 5043 dreitägiges
2941 5010 3160 5046 Becthovcnfcst
3186 5012 3263 5047 statt;
3298 5013 3346 5041 als
3380 5012 3572 5047 Fcstdirigent

2736 5052 2836 5079 wurde
2858 5050 3077 5085 Furtwänglcr,
3100 5052 3148 5080 als
3170 5051 3363 5087 Fcstorchcstcr
3384 5053 3505 5082 wurden
3525 5053 3571 5081 die

2736 5089 2876 5119 Berliner
2906 5090 3166 5126 Philharmoniker
3196 5092 3379 5127 verpflichtet.
3418 5108 3451 5112 —
3490 5092 3573 5126 Paul

2738 5128 2928 5164 Hindcntiihs
2953 5131 3004 5164 „M
3019 5137 3034 5159 a
3047 5137 3060 5159 r
3073 5130 3080 5159 i
3093 5138 3107 5160 e
3118 5138 3137 5160 n
3148 5131 3158 5160 l
3170 5138 3183 5160 e
3194 5131 3210 5160 b
3222 5138 3235 5160 e
3247 5132 3291 5164 n*.
3316 5133 3371 5160 das
3394 5131 3511 5167 kürzlich
3535 5139 3574 5162 an

2738 5168 2829 5204 dieser
2850 5169 2943 5200 Stelle
2964 5169 3242 5205 irrtümlicherweise
3263 5172 3311 5200 als
3332 5171 3508 5201 Oratorium
3527 5171 3574 5201 be¬

2739 5208 2857 5243 zeichnet
2882 5209 2992 5244 wurde,
3016 5209 3048 5245 ist
3072 5210 3120 5239 ein
3144 5210 3345 5245 Licdcrzyklus
3369 5211 3436 5246 nach
3460 5211 3573 5242 Rainer

2737 5249 2841 5279 Maria
2859 5249 2940 5279 Rilke
2957 5250 3011 5280 mit
3029 5249 3327 5284 Klavierbegleitung.
3344 5251 3437 5281 Clara
3454 5251 3574 5287 Wirz-

2738 5288 2772 5318 W
2784 5291 2802 5324 y
2814 5289 2839 5323 ß.
2873 5289 2974 5324 unsere
3008 5289 3144 5325 treffliche
3178 5289 3337 5324 Schweizer
3370 5290 3573 5327 Sopranistin,

2738 5331 2802 5358 war
2823 5330 2888 5358 dem
2907 5328 3020 5364 Zyklus
3049 5328 3094 5358 bei
3124 5329 3216 5364 seiner
3236 5329 3423 5363 Stuttgarter
3442 5330 3576 5367 Erstauf-

2741 5367 2872 5403 sührung
2888 5369 2951 5398 eine
2968 5372 3026 5399 von
3043 5369 3092 5398 der
3108 5369 3241 5403 dortigen
3257 5368 3355 5406 Presse
3370 5369 3438 5405 nach
3453 5370 3577 5408 Gebühr

2715 5400 2720 5435 l
2741 5407 2921 5443 gewürdigte
2942 5408 3141 5444 Interpretin.
