4110 5551
435 139 737 209 Beilage

361 249 445 307 z«
485 235 621 297 Nr.
661 235 829 295 S«S

1094 102 1598 326 Neue
1702 102 2446 378 Zürcher
2550 106 3378 386 Zeitung.

3707 159 4079 231 Dienstag,

3535 253 3663 313 »S.
3699 251 3987 325 Septbr.
4017 257 4110 315 IS

417 439 487 493 Per
517 435 689 493 PMM
721 443 1005 497 «hamberlalne.

721 514 757 549 X
780 514 973 552 London,
997 518 1045 546 IS.
1061 516 1152 552 Scpt.

302 557 383 595 Mit
410 559 482 596 dem
510 561 679 598 Rücktritt
708 563 972 607 Chamberlains
1013 566 1081 601 und
1122 566 1193 601 dem

226 602 336 640 damit
367 605 603 643 verbundenen
621 607 919 653 VriesauStausche
943 610 1096 654 zwischen
1126 609 1194 652 ihm

226 649 297 684 und
353 649 424 685 dem
470 650 778 698 Premierminister
830 654 887 697 hat
932 654 986 690 die
1024 653 1195 697 politische

228 693 422 730 Situation
451 695 523 731 eine
550 706 635 741 ganz
661 698 782 733 andere
800 697 1068 742 Physiognomie
1094 707 1195 741 ange¬

227 747 398 779 nommen,
456 740 512 776 als
541 750 618 776 man
671 742 749 785 nach
778 742 834 778 der
878 742 1193 785 Veröffentlichung

228 781 287 819 der
301 782 488 825 Broschüre
505 784 680 827 Balfonrs
707 790 875 822 erwarten
901 787 1026 829 durfte.
1057 787 1195 823 Konnte

230 834 309 860 man
338 825 398 867 sich
426 827 486 869 auf
512 828 638 865 Grund
666 829 770 872 dieser
797 831 975 872 allenfalls
1003 831 1081 873 noch
1100 831 1195 866 einen

232 867 542 913 freihändlerischen
586 872 738 916 Balfour
783 875 1008 916 konstruieren
1049 893 1092 901 —
1123 883 1197 910 ver¬

233 911 365 956 sicherte
392 924 425 950 er
453 921 521 951 uns
551 916 644 961 selbst
671 918 745 961 doch
775 919 810 954 in
839 920 942 961 seiner
971 919 1105 963 Schrift
1146 919 1198 962 oft

233 966 355 1000 genug,
413 959 481 1002 daß
510 970 545 996 er
590 961 642 997 ein
670 962 894 1005 Freihändler
938 964 981 1007 sei
1012 982 1055 990 —
1083 964 1119 1007 so
1146 973 1198 999 er¬

233 1001 352 1042 scheint
381 1013 415 1038 er
468 1009 538 1039 uns
566 1005 626 1048 auf
651 1006 777 1042 Grund
831 1008 935 1051 seines
964 1008 1101 1052 Briefes
1155 1016 1199 1043 an

233 1044 477 1088 Chamberlain
507 1048 543 1083 in
570 1049 674 1084 einem
702 1060 786 1094 ganz
826 1053 1045 1088 veränderten
1072 1051 1192 1095 Lichte.

311 1090 365 1129 In
395 1091 497 1133 seiner
525 1091 710 1135 Broschüre
752 1095 811 1135 hat
839 1095 927 1139 Herr
953 1097 1106 1139 Balfour
1145 1095 1199 1131 ein

236 1134 376 1177 System
403 1142 470 1170 von
497 1135 839 1181 Vergeltungszöllen
869 1149 967 1183 gegen
1020 1141 1072 1177 die
1098 1141 1201 1176 Leute

236 1177 467 1221 proklamiert,
501 1179 555 1215 die
580 1181 678 1223 durch
699 1182 946 1227 Unterbietung
974 1185 1025 1221 die
1043 1182 1201 1229 englische

236 1221 418 1265 Industrie
444 1232 483 1267 zn
529 1224 700 1261 ruinieren
727 1226 850 1270 suchen.
909 1229 986 1264 Wir
1014 1230 1118 1272 haben
1147 1228 1201 1262 be¬

238 1265 325 1303 reits
355 1267 498 1311 gesehen,
550 1269 623 1312 wie,
682 1270 715 1316 so
743 1271 917 1317 berechtigt
945 1273 989 1316 sie
1016 1274 1093 1316 auch
1135 1272 1201 1311 sein

236 1320 324 1354 mag,
367 1312 420 1347 die
446 1312 631 1357 Maßregel
657 1308 755 1359 gleich
783 1317 887 1352 einem
915 1317 1201 1361 zweischneidigen

237 1355 395 1397 Schwert
424 1357 547 1394 wirken
575 1359 672 1395 kann.
720 1359 801 1396 Von
828 1362 1099 1406 Vorzugszöllen
1130 1359 1202 1395 und

236 1396 467 1446 Besteuerung
494 1409 561 1438 von
591 1403 919 1449 Nahrungsmitteln
963 1413 1036 1441 war
1079 1405 1117 1440 in
1143 1404 1202 1439 der

236 1444 423 1488 Broschüre
449 1446 537 1489 nicht
564 1447 615 1484 die
642 1448 744 1485 Rede.
794 1450 945 1493 Hieraus
991 1449 1096 1492 haben
1136 1448 1203 1483 wir

238 1489 302 1524 mit
329 1490 387 1525 der
412 1491 578 1534 gesamten
622 1493 802 1537 englischen
841 1493 960 1536 Presse
1004 1494 1065 1529 den
1093 1496 1202 1528 etwas

237 1534 425 1578 voreiligen
453 1536 589 1578 Schluß
616 1547 767 1579 gezogen,
826 1538 893 1579 daß
920 1538 1021 1580 Herr.
1053 1537 1204 1578 Balfour

237 1578 326 1620 nicht
356 1589 422 1615 nur
438 1579 504 1623 sein
534 1581 665 1624 eigenes
681 1581 819 1625 System
846 1581 1049 1625 verteidigen
1077 1582 1197 1623 werde,

237 1620 381 1666 sondern
408 1624 468 1667 sich
495 1624 654 1663 definitiv
707 1632 773 1662 von
801 1626 859 1662 der
884 1618 1017 1668 Politik
1045 1626 1105 1662 des
1131 1626 1204 1668 ehe¬

238 1667 387 1711 maligen
414 1668 750 1712 Kolonialministers
791 1674 946 1714 getrennt
974 1670 1067 1713 habe.
1123 1670 1204 1706 Wir

238 1708 364 1753 hielten
392 1712 445 1748 die
472 1713 668 1758 Scheidung
696 1714 750 1755 für
777 1715 849 1750 eine
876 1715 1040 1759 reinliche,
1090 1714 1134 1758 sie
1162 1713 1201 1752 ist

239 1758 277 1789 es
305 1755 404 1797 nicht.
463 1757 529 1792 Bei
558 1758 811 1799 aufmerksamer
838 1759 976 1795 Lektüre
1027 1761 1086 1795 des
1114 1758 1204 1795 Bal-

240 1796 409 1841 fourschcn
425 1800 562 1841 Brieses
578 1803 715 1839 entdeckt
744 1814 834 1846 man,
867 1804 933 1847 daß
948 1805 1037 1848 Herr
1052 1803 1205 1846 Balfour

241 1842 304 1878 den
332 1843 664 1889 Chamberlainschen
705 1848 801 1889 Plan
853 1848 943 1885 eines
998 1847 1204 1891 fiskalischen

244 1887 376 1929 nähern
419 1889 776 1933 Zusammenschlusses
829 1892 887 1928 des
939 1893 1205 1929 Mutterlandes

241 1930 307 1966 mit
336 1931 396 1967 den
412 1933 582 1969 Kolonien
608 1936 813 1980 vollständig
840 1937 875 1972 in
897 1937 1069 1981 Ordnung
1098 1937 1204 1980 findet

241 1976 313 2011 und
354 1985 421 2012 nur
472 1978 618 2019 Zweifel
668 1979 868 2023 hinsichtlich
920 1982 977 2017 der
1019 1981 1204 2025 sofortigen

241 2020 443 2063 praktischen
459 2016 678 2065 Möglichkeit
704 2023 796 2059 eines
824 2024 944 2067 solchen
963 2025 1095 2066 Planes
1111 2027 1200 2068 hegt.

242 2064 334 2099 Aber
361 2065 446 2107 seine
473 2066 647 2102 Bedenken
701 2078 799 2112 gegen
827 2069 1091 2113 Vorzugstarife
1130 2073 1205 2105 ent¬

241 2107 400 2152 springen
429 2110 817 2154 eingestandenermaßen
872 2114 958 2156 nicht
986 2119 1052 2150 aus
1096 2114 1205 2157 seinen

243 2148 552 2197 freihändlerischcn
582 2155 796 2200 Prinzipien,
830 2157 972 2198 sondern
1000 2163 1064 2194 aus
1084 2158 1206 2201 Wahl-

242 2198 560 2241 Notwendigkeiten.
612 2201 704 2241 „Die
731 2201 918 2245 öffentliche
953 2203 1140 2246 Meinung,
1173 2202 1207 2245 so

244 2240 380 2283 schreibt
408 2243 559 2284 Balfour
587 2254 630 2279 an
659 2244 912 2286 Chamberlain.
945 2247 985 2288 ist
1012 2247 1090 2290 noch
1117 2246 1205 2288 nicht

243 2285 309 2325 reis
327 2286 382 2329 für
396 2287 467 2323 eine
487 2287 586 2330 solche
599 2289 855 2333 Maßnahme."
883 2291 974 2326 Aber
994 2301 1027 2327 er
1047 2291 1202 2335 wünscht,

243 2328 312 2369 daß
340 2331 396 2365 der
424 2331 636 2372 Widerstand
689 2334 833 2378 dagegen
862 2334 1109 2379 baldmöglichst
1153 2336 1208 2371 be¬

245 2372 360 2416 seitigt
387 2376 505 2411 werde.
539 2376 588 2412 Er
615 2377 685 2420 gibt
706 2379 817 2422 Herrn
838 2379 1079 2422 Chamberlain
1107 2379 1208 2422 daher

244 2415 356 2460 seinen
385 2418 499 2462 Segen
529 2430 567 2463 zu
596 2421 712 2464 seinem
740 2423 989 2466 Unternehmen
1021 2425 1090 2460 und
1117 2424 1206 2467 hofft

244 2461 306 2503 auf
334 2462 442 2503 seinen
471 2464 575 2507 Sieg.
617 2466 710 2505 „Der
738 2467 888 2503 Gewinn
916 2468 971 2510 für
999 2469 1050 2504 die
1077 2468 1198 2509 Sache,

244 2505 299 2542 die
325 2506 442 2549 Ihnen
471 2508 504 2551 so
532 2518 586 2544 am
614 2510 740 2553 Herzen
768 2511 863 2554 liegt,
921 2513 1035 2552 dürste
1086 2513 1208 2555 größer

245 2549 314 2592 sein
343 2551 399 2587 als
427 2552 482 2587 der
511 2552 658 2595 Verlust,
708 2555 769 2591 den
797 2556 850 2590 die
875 2555 1071 2599 Regierung
1110 2557 1209 2598 durch

244 2594 343 2637 ihren
370 2595 540 2632 Rücktritt
593 2598 739 2634 erleidet.
798 2599 873 2635 Wie
902 2600 986 2635 kann
1014 2601 1059 2641 ich
1111 2603 1211 2634 unter

244 2638 372 2682 solchen
400 2640 605 2683 Umständen
657 2644 744 2685 nicht
773 2642 808 2678 in
862 2643 968 2686 diesen
1007 2644 1209 2686 willigen?"

244 2683 342 2726 heißt
368 2689 404 2719 es
433 2695 487 2720 am
518 2686 672 2730 Schlüsse
698 2687 758 2722 des
786 2687 1025 2731 Balfonrschen
1052 2688 1202 2730 Briefes.

244 2727 398 2770 Hieraus
442 2728 553 2771 ergibt
581 2730 639 2772 sich
682 2740 742 2772 zur
770 2731 928 2774 Evidenz,
990 2732 1054 2772 daß
1081 2736 1117 2765 eL
1147 2731 1210 2766 mit

244 2772 359 2822 Herrn
400 2771 573 2813 BalfourS
612 2773 912 2815 Freihändlertum
967 2774 1098 2816 windig
1124 2778 1210 2809 anS-

245 2815 341 2857 sieht.
375 2815 425 2850 Er
452 2815 539 2850 wird
555 2817 666 2859 Herrn
682 2817 946 2858 Chamberlains
962 2818 1207 2861 Bemühungen

244 2859 337 2894 allen
365 2859 582 2901 erdenklichen
611 2860 780 2902 Vorschub
808 2861 928 2903 leisten,
990 2861 1146 2902 während
1175 2870 1207 2896 er

244 2901 343 2991 B
369 2903 421 2939 die
438 2903 780 2947 Regierungspolitik
806 2912 904 2941 unter
930 2906 988 2941 der
1014 2905 1208 2944 Jnterims-

343 2957 359 2983 e
385 2948 476 2983 einer
502 2949 858 2992 Vergeltungspolitik
887 2949 1108 2993 weiterführt.
1158 2950 1208 2984 Er

246 2992 285 3033 ist
315 2994 372 3028 der
424 2993 511 3035 stille
538 2994 761 3037 Kompagnon
813 3004 857 3029 an
901 2995 972 3029 dem
1025 2994 1208 3037 Chamber¬

246 3036 410 3079 lainschen
439 3037 604 3080 Geschäft,
662 3039 725 3073 das
755 3038 816 3074 mit
844 3038 1110 3083 Vorzugszöllen
1140 3038 1209 3073 und

245 3080 373 3125 Zöllen
401 3081 461 3123 auf
488 3082 817 3126 Nahrungsmitteln
846 3083 999 3124 arbeitet,
1045 3083 1111 3125 sein
1138 3082 1210 3118 ein-

246 3126 462 3170 gestandencs
482 3127 688 3170 Programm
719 3127 756 3169 ist
784 3129 849 3162 das
876 3128 930 3163 der
953 3127 1210 3163 Rctaliations-

245 3170 381 3213 politik.
415 3171 538 3213 Hierin
567 3171 651 3207 wird
682 3172 745 3213 ihr,
779 3172 842 3207 wie
859 3172 947 3216 Herr
967 3172 1211 3214 Chamberlain

246 3214 323 3250 dies
368 3215 588 3257 ausdrücklich
629 3216 816 3258 verspricht,
875 3216 927 3252 die
956 3216 1212 3260 Unterstützung

246 3259 307 3295 des
336 3260 537 3303 ehemaligen
565 3260 903 3302 Kolonialministers
929 3270 970 3304 zu
1008 3261 1081 3297 teil.

325 3304 449 3340 Damit
475 3304 627 3346 zwischen
672 3304 787 3341 beiden
814 3305 994 3340 Männern
1023 3305 1101 3347 auch
1141 3305 1213 3341 eine

247 3349 418 3391 lebendige
469 3348 695 3393 Verbindung
749 3350 880 3392 bestehe,
940 3349 1044 3385 bleibt
1089 3350 1212 3391 Austin

246 3392 502 3434 Chamberlain,
554 3393 609 3429 der
637 3393 893 3438 vierzigjährige
920 3394 1025 3436 Sohn
1052 3394 1111 3430 des
1140 3394 1208 3436 Ex¬

247 3437 581 3481 kolonialministers,
613 3438 670 3474 der
710 3439 824 3481 bisher
877 3440 941 3474 das
986 3438 1068 3474 Amt
1120 3440 1212 3474 eines

246 3482 621 3525 Generalpostmeisters
649 3483 832 3524 bekleidete,
876 3483 920 3518 im
948 3483 1122 3525 Kabinett,
1157 3493 1213 3518 um

247 3526 358 3568 seinen
385 3527 494 3563 Vater
523 3534 588 3562 von
643 3528 703 3563 den
749 3527 956 3572 Vorgängen
1010 3528 1109 3564 darin
1154 3528 1215 3571 aus

245 3564 319 3607 dem
348 3571 527 3612 lausenden
554 3582 593 3615 zu
638 3571 802 3616 erhalten.
859 3573 986 3608 Damit
1026 3573 1095 3615 ihm
1139 3572 1212 3608 dies

247 3616 326 3652 aber
354 3617 432 3658 auch
462 3617 509 3652 im
538 3617 650 3652 vollen
695 3617 861 3662 Umfange
914 3617 1053 3661 möglich
1106 3617 1208 3658 wird,

247 3661 312 3704 soll
338 3671 382 3702 er,
418 3661 451 3705 so
478 3661 572 3703 heißt
599 3666 646 3702 es.
705 3672 750 3697 an
779 3661 830 3697 die
857 3661 975 3697 Stelle
1000 3662 1059 3696 des
1087 3661 1213 3703 zurück-

247 3706 421 3741 tretendeu
452 3707 676 3746 „Chancelor
701 3708 744 3741 of
765 3708 831 3741 tlie
857 3707 1101 3748 Exchequer"
1150 3705 1213 3741 mit

247 3749 355 3785 einem
397 3750 617 3785 Einkommen
662 3758 727 3784 von
770 3751 867 3783 6000
896 3750 982 3792 Lstr.
1028 3749 1214 3791 (125,000

245 3794 333 3835 Fr.)
364 3794 490 3835 versetzt
519 3794 662 3828 werden.
706 3793 757 3828 Er
784 3793 921 3837 gelangt
949 3793 1057 3828 damit
1088 3794 1123 3828 in
1151 3794 1213 3829 den

248 3837 369 3872 inner»
397 3836 501 3871 Kreis
529 3837 587 3871 des
614 3836 812 3880 Kabinetts,
868 3836 1024 3880 wodurch
1065 3837 1134 3879 ihm
1161 3838 1214 3873 die

1247 430 1418 474 intimsten
1438 430 1620 475 Vorgänge
1639 430 1739 467 darin
1759 431 1954 475 zugänglich
1973 431 2116 467 werden.
2149 430 2209 466 So
2232 431 2240 472 s

1245 475 1388 511 arbeitet
1441 475 1684 518 Chamberlain
1737 482 1803 511 von
1858 476 1916 512 der
1955 475 2051 512 einen
2091 474 2204 515 Seite,

1246 519 1398 562 Balfour
1425 526 1493 555 von
1519 520 1576 555 der
1604 520 1743 560 andern,
1803 519 1859 555 bis
1888 520 1931 562 sie
1975 521 2067 555 eines
2095 520 2210 562 Tages

1247 563 1306 605 sich
1334 563 1386 598 die
1405 563 1526 605 Hände
1552 563 1676 604 reichen
1705 563 1774 598 und
1802 567 1839 598 es
1868 573 1925 598 um
1953 564 2017 599 das
2045 564 2212 607 bisherige

1246 606 1591 650 Freihandelssystem
1611 607 1795 650 Englands
1823 608 1989 651 geschehen
2017 608 2068 649 ist.
2099 608 2211 643 Wenn

1248 651 1327 685 aber
1353 650 1407 685 die
1434 651 1548 686 beiden
1576 651 1707 695 Herren
1732 650 1859 693 hoffen,
1892 652 1957 686 das
1976 652 2071 686 Land
2098 652 2214 687 würde

1248 694 1355 735 diesen
1382 694 1527 738 geschickt
1571 695 1816 738 ansgedachten
1844 695 1939 737 Plan
1984 696 2070 738 nicht
2098 695 2212 739 durch¬

1249 738 1394 781 schauen,
1428 737 1463 779 so
1490 737 1582 773 irren
1611 738 1666 780 sie.
1698 737 1778 774 Von
1808 738 1899 775 allen
1920 740 2047 775 Seiten
2073 742 2212 775 ertönen

1249 782 1448 823 Warnrufe.
1481 782 1647 824 Minister
1673 783 1737 818 wie
1762 783 1906 825 Nitchie,
1932 783 2112 827 Hamilton
2141 784 2211 820 und

1250 827 1340 862 Lord
1369 825 1520 868 Balfour
1550 827 1583 866 of
1603 827 1784 870 Burleigh,
1817 828 1870 863 die
1899 827 2018 871 füglich
2045 828 2095 863 bei
2123 828 2212 864 einer

1250 869 1620 914 Vergeltungspolitik,
1679 871 1732 906 die
1776 871 1838 906 den
1883 872 2087 914 Freihandel
2127 875 2213 914 nicht

1251 915 1464 957 ausschließt,
1510 914 1558 949 im
1584 914 1749 950 Kabinett
1793 925 1853 958 znr
1882 921 1954 951 d.vt
1999 917 2114 959 hätten
2141 925 2215 951 ver¬

1250 960 1373 1004 harren
1402 959 1540 1000 können,
1590 959 1695 1000 haben
1724 958 1795 1001 ihre
1822 960 2015 1003 Demission
2060 961 2208 1004 gegeben,

1252 1003 1332 1039 weil
1358 1003 1402 1046 sie
1428 1004 1490 1038 den
1518 1004 1653 1045 wahren
1680 1004 1976 1048 Zusammenhang
2017 1005 2073 1039 der
2098 1005 2215 1048 Dinge

1252 1048 1444 1084 erkannten.
1503 1048 1576 1083 Der
1604 1048 1734 1092 Herzog
1786 1055 1855 1083 von
1881 1048 2091 1092 Devonshire
2118 1050 2209 1090 muß,

1253 1100 1350 1128 wenn
1378 1102 1413 1127 er
1439 1091 1500 1134 sich
1528 1095 1602 1127 treu
1655 1093 1783 1128 bleiben
1812 1092 1896 1134 will,
1949 1093 2069 1137 folgen.
2127 1094 2215 1136 Herr

1253 1136 1421 1179 Asquith,
1453 1137 1510 1171 der
1524 1136 1657 1180 Führer
1684 1137 1741 1172 der
1755 1136 1945 1180 Liberalen,
1980 1138 2216 1181 telegraphiert

1254 1181 1351 1222 heute
1376 1190 1422 1216 an
1449 1180 1510 1215 den
1542 1180 1675 1223 „Daily
1703 1181 1929 1223 Chronicle":
1969 1183 2059 1223 „Die
2085 1183 2216 1218 Situa¬

1255 1225 1330 1260 tion
1358 1224 1397 1265 ist
1426 1224 1462 1259 in
1490 1224 1580 1260 allen
1608 1226 1835 1268 wesentlichen
1863 1226 2020 1267 Punkten
2065 1226 2212 1269 dieselbe.

1256 1269 1324 1303 Die
1350 1268 1480 1311 Pflicht
1507 1270 1563 1304 der
1592 1269 1780 1311 Liberalen,
1840 1271 1900 1305 den
1928 1271 2130 1314 Freihandel
2175 1281 2216 1314 zu

1254 1312 1469 1356 verteidigen,
1520 1312 1600 1356 liegt
1629 1314 1663 1355 so
1690 1314 1759 1350 klar
1805 1315 1873 1350 und
1902 1315 1936 1358 so
1964 1315 2125 1359 dringend
2155 1316 2216 1359 auf

1254 1358 1310 1393 der
1337 1359 1441 1400 Hand
1469 1358 1534 1393 wie
1559 1359 1719 1400 vorher."

1331 1401 1396 1437 Bei
1424 1401 1541 1444 diesem
1561 1402 1778 1446 berechtigten
1795 1403 2005 1446 Mißtrauen
2033 1411 2097 1439 von
2125 1405 2217 1440 allen

1256 1446 1381 1482 Seiten
1410 1447 1480 1482 und
1507 1446 1570 1481 mit
1599 1447 1670 1482 dem
1697 1447 1877 1489 Resultate
1920 1449 1976 1484 der
2005 1447 2218 1492 Kriegskom-

1256 1490 1555 1533 missivusenqnete
1581 1492 1642 1534 auf
1666 1491 1784 1532 seinem
1814 1493 2099 1535 Schuldenkonto,
2133 1493 2218 1528 kann

1255 1536 1320 1570 das
1345 1535 1521 1577 Kabinett,
1562 1537 1628 1571 das
1655 1537 1716 1571 den
1744 1536 1892 1580 einzigen
1920 1537 2039 1572 Mann
2065 1537 2218 1573 verloren

1256 1580 1326 1620 hat,
1385 1580 1441 1615 der
1467 1580 1535 1623 ihm
1563 1580 1748 1620 Charakter
1792 1582 1862 1616 und
1890 1581 2092 1625 Bedeutung
2135 1582 2210 1625 gab,

1256 1625 1318 1659 den
1344 1624 1505 1667 einzigen,
1539 1624 1607 1666 der,
1649 1625 1787 1668 obschon
1815 1625 1868 1661 die
1895 1626 2131 1670 Begeisterung
2159 1626 2215 1669 für

1257 1667 1316 1711 ihn
1344 1668 1502 1710 erheblich
1554 1669 1793 1713 abgenommen
1821 1671 1923 1713 hatte,
1983 1671 2057 1712 doch
2101 1671 2218 1706 immer

1257 1713 1336 1755 noch
1364 1712 1445 1749 über
1472 1713 1543 1749 eine
1570 1714 1702 1756 gewisse
1728 1715 1878 1750 Summe
1917 1722 1982 1750 von
2010 1715 2219 1757 Sympathie

1257 1758 1419 1801 verfügte,
1452 1758 1540 1800 nicht
1568 1759 1676 1794 daran
1695 1758 1827 1800 denken,
1862 1759 1947 1802 seine
1961 1759 2114 1803 Existenz
2141 1760 2218 1802 noch

1257 1802 1318 1845 auf
1344 1802 1443 1846 lange
1495 1802 1574 1844 Zeit
1602 1812 1642 1845 zu
1696 1803 1907 1846 verlängern.
1964 1804 2096 1846 Mögen
2150 1804 2219 1846 ihm

1259 1846 1374 1882 immer
1401 1846 1492 1887 noch,
1550 1847 1635 1882 dank
1661 1847 1722 1882 den
1777 1848 1910 1889 irischen
1963 1848 2210 1890 Janitscharcn,

1257 1891 1432 1933 erhebliche
1450 1890 1686 1934 Majoritäten
1713 1892 1749 1927 in
1778 1892 1836 1927 der
1853 1892 2010 1928 Kammer
2037 1902 2094 1935 zur
2115 1891 2218 1928 Seite

1258 1936 1377 1978 stehen,
1411 1935 1458 1970 im
1474 1935 1588 1970 Lande
1615 1936 1708 1978 selbst
1737 1937 1795 1977 hat
1824 1941 1858 1971 es
1889 1936 1999 1971 keinen
2027 1936 2120 1979 festen
2141 1936 2220 1979 Fuß

1258 1981 1350 2021 mehr
1378 1980 1447 2015 und
1476 1979 1560 2022 seine
1578 1980 1764 2015 Autorität
1793 1981 1851 2022 hat
1879 1981 2037 2023 erheblich
2064 1981 2217 2023 gelitten.

1257 2023 1327 2059 Die
1356 2023 1551 2067 Regierung
1578 2024 1751 2068 verlangte
1797 2025 1843 2059 im
1872 2026 1982 2068 Jahre
2011 2026 2105 2059 1900
2145 2032 2221 2060 vom

1258 2068 1382 2109 Lande,
1441 2073 1479 2104 cs
1523 2068 1604 2111 solle
1633 2069 1675 2111 sie
1729 2070 1785 2104 ins
1842 2070 2045 2110 Parlament
2096 2069 2223 2113 zurück¬

1261 2113 1389 2154 senden,
1436 2122 1492 2147 um
1520 2113 1583 2148 den
1611 2112 1777 2156 Abschluß
1805 2113 1863 2149 des
1891 2114 2031 2158 Krieges
2059 2113 2093 2149 in
2121 2115 2222 2150 Süd¬

1261 2156 1380 2200 afrika,
1440 2158 1500 2192 den
1530 2167 1608 2192 man
1638 2157 1814 2201 allgemein
1843 2158 1976 2194 beendet
2004 2158 2149 2202 glaubte,
2182 2169 2222 2201 zu

1268 2201 1390 2244 regeln.
1424 2201 1477 2236 Es
1496 2208 1569 2237 war
1588 2202 1660 2237 eine
1677 2204 1723 2236 ad
1750 2203 2044 2246 lioo-Regierung.
2076 2203 2127 2237 Es
2148 2210 2222 2238 war

1261 2246 1403 2288 schlimm
1431 2255 1551 2289 genug,
1610 2246 1677 2288 daß
1705 2246 1757 2282 die
1800 2247 2006 2291 Regierung,
2065 2247 2115 2282 die
2155 2257 2222 2282 nur

1261 2294 1360 2325 unter
1412 2290 1518 2334 diesen
1546 2290 1795 2334 Bedingungen
1847 2301 1906 2334 zur
1934 2291 2053 2334 Macht
2094 2291 2223 2335 zurück-

1260 2334 1388 2378 gekehrt
1416 2341 1499 2376 war,
1549 2335 1634 2375 diese
1661 2334 1897 2378 mißbrauchte,
1944 2345 2001 2371 um
2028 2335 2098 2370 eine
2125 2336 2223 2371 über¬

1264 2379 1430 2421 raschende
1457 2378 1665 2415 reaktionäre
1693 2379 1897 2423 Aenderuug
1925 2380 1969 2415 im
1991 2380 2221 2421 Unterrichts¬

1261 2424 1363 2464 wesen
1391 2423 1639 2466 durchzusetzen.
1697 2424 1808 2459 Wenn
1837 2425 1914 2459 aber
1967 2425 2031 2459 das
2057 2425 2223 2460 Kabinett

1263 2468 1393 2510 glaubt,
1453 2468 1489 2503 in
1543 2468 1644 2511 dieser
1689 2468 2069 2512 verfassungswidrigen
2112 2468 2222 2509 Weise

1261 2512 1339 2553 auch
1366 2512 1439 2547 eine
1464 2511 1678 2547 Revolution
1731 2513 1792 2555 auf
1819 2513 2032 2556 fiskalischem
2084 2513 2224 2548 Gebiete

1262 2556 1534 2598 durchzuführen,
1569 2556 1602 2597 so
1630 2556 1742 2597 dürfte
1768 2561 1805 2591 es
1834 2557 1894 2599 sich
1912 2558 2017 2592 irren.
2049 2557 2226 2599 Tausende

1264 2607 1328 2634 von
1359 2600 1627 2641 Steuerzahlern
1653 2599 1757 2642 lassen
1810 2601 1871 2642 sich
1898 2602 1996 2643 heute
2037 2601 2110 2642 eher
2138 2605 2221 2635 aus-

1254 2640 1411 2685 'pfänden
1439 2644 1508 2678 und
1536 2643 1707 2686 bestrafen,
1767 2643 1823 2686 che
1848 2644 1893 2686 sie
1943 2645 1996 2680 die
2021 2644 2118 2686 durch
2162 2645 2228 2679 das

1266 2686 1573 2730 Unterrichtsgcsetz
1628 2687 1727 2728 ihnen
1780 2687 1964 2731 auferlegte
2015 2687 2229 2730 Schulslener

1263 2730 1391 2772 zahlen.
1423 2731 1479 2764 An
1507 2731 1597 2765 allen
1627 2731 1738 2766 Orten
1767 2733 1844 2773 hört
1874 2741 1951 2767 man
1980 2739 2044 2766 von
2072 2733 2228 2767 Gewalt¬

1265 2774 1387 2815 szenen,
1446 2773 1498 2808 die
1526 2774 1575 2808 bei
1603 2774 1660 2808 der
1688 2774 1918 2816 Eintreibung
1971 2776 2027 2810 der
2072 2776 2226 2810 Steuern

1263 2816 1483 2857 Vorkommen,
1534 2817 1586 2851 die
1613 2817 1749 2858 Richter
1793 2820 1925 2853 werden
1954 2818 2121 2860 öffentlich
2150 2825 2225 2853 ver¬

1263 2860 1380 2902 höhnt,
1430 2858 1482 2895 die
1526 2861 1577 2895 die
1605 2861 1954 2904 Steuerverweigercr
2007 2862 2219 2897 verurteilen.

1263 2904 1330 2939 Ein
1359 2913 1459 2940 neuer
1487 2904 1636 2947 Vorstoß
1682 2915 1780 2949 gegen
1809 2906 1875 2940 alle
1916 2905 2223 2949 konstitutionellen

1263 2948 1564 2992 Gepflogenheiten
1591 2949 1704 2989 dürfte
1756 2951 1819 2985 den
1847 2950 1966 2994 Bogen
2014 2950 2102 2994 allzu
2130 2950 2226 2993 straff

1263 2993 1410 3036 spannen
1439 2994 1507 3028 und
1534 2993 1605 3028 eine
1632 2993 1835 3037 Aufregung
1863 2994 1908 3029 im
1935 2995 2049 3029 Lande
2088 2995 2225 3037 Hervor¬

1265 3037 1372 3078 rufen,
1418 3037 1532 3080 welche
1558 3038 1611 3073 die
1637 3038 1735 3080 durch
1763 3038 1988 3081 Einführung
2014 3040 2071 3074 des
2101 3039 2226 3074 Nnter-

1265 3081 1499 3125 richtsgesetzes
1539 3082 1734 3125 geschaffene
1786 3083 1867 3118 weit
1906 3083 1943 3118 in
1970 3085 2032 3118 den
2060 3083 2227 3125 Schatten

1265 3126 1376 3166 stellen
1403 3127 1530 3162 würde.
1590 3127 1668 3161 Das
1697 3127 1793 3161 Land
1822 3127 1977 3170 verlangt
2022 3130 2116 3168 heute
2161 3127 2227 3169 sein

1264 3170 1405 3205 Verdikt
1445 3170 1525 3206 über
1578 3171 1630 3206 die
1674 3170 1844 3214 bisherige
1888 3172 2114 3215 Verwaltung
2167 3173 2227 3207 des

1264 3215 1450 3251 Kabinetts
1477 3215 1748 3259 auszusprechen.
1780 3216 1862 3250 Das
1889 3216 2050 3259 Resultat
2077 3218 2134 3251 der
2161 3217 2228 3251 Er¬

1266 3259 1457 3303 satzwahlen
1484 3261 1541 3302 hat
1570 3260 1623 3294 die
1649 3259 1942 3304 Volksstimmttng
1969 3261 2039 3295 dem
2066 3260 2229 3297 Kabinett

1266 3304 1448 3348 gegenüber
1475 3304 1619 3347 deutlich
1646 3314 1690 3339 an
1718 3304 1780 3340 den
1808 3305 1886 3348 Tag
1913 3304 2073 3349 gebracht.

2262 431 2356 467 Ende,
2377 432 2416 462 da
2439 432 2484 463 die
2505 433 2706 469 Angeklagten
2728 434 2797 469 noch
2820 434 2861 464 tut
2885 434 2981 469 letzten
3003 434 3162 465 Momente
3175 435 3227 470 sich

2264 467 2393 509 schuldig
2413 473 2566 504 erklärten.

2324 512 2402 543 Eine
2421 513 2566 550 Prügelet
2586 514 2623 549 ist
2643 521 2684 544 an
2706 515 2767 544 und
2791 514 2842 547 für
2862 515 2915 549 sich
2946 515 3008 544 kein
3039 515 3230 550 welterschüt¬

2265 552 2382 582 terndes
2403 552 2567 589 Ereignis;
2599 554 2634 584 in
2668 554 2803 589 gewissen
2824 554 2945 590 Kreisen
2979 555 3089 584 kommt
3120 556 3177 585 das
3200 555 3229 589 so

2264 592 2389 627 ziemlich
2410 593 2471 623 alle
2490 594 2573 629 Tage
2594 602 2659 624 vor.
2681 594 2792 624 Etwas
2815 594 2976 628 schlimmer
2987 595 3057 628 steht
3068 594 3114 624 die
3124 595 3231 631 Sache,

2265 640 2350 662 wenn
2374 633 2497 667 Spitzen
2518 635 2596 664 einer
2618 634 2781 664 Gemeinde
2802 634 2892 664 darin
2913 634 3070 664 verwickelt
3090 635 3154 670 sind
3170 634 3231 664 und

2265 672 2311 701 ei»
2347 673 2487 708 tüchtiger
2521 675 2583 704 und
2619 674 2814 709 intelligenter
2849 675 2956 710 junger
2976 675 3082 704 Mann
3104 677 3232 704 voraus¬

2266 712 2387 748 sichtlich
2407 714 2460 746 für
2481 714 2525 744 die
2546 722 2635 750 ganze
2671 714 2775 750 übrige
2798 714 2865 750 Zeit
2902 715 2995 749 seines
3017 714 3130 744 Lebens
3151 715 3235 744 einen

2267 752 2405 787 schweren
2427 753 2564 789 Schaden
2586 755 2778 790 davontrügt.

2328 793 2395 825 Der
2418 794 2712 831 Geschädigte,
2739 796 2790 826 der
2812 795 2927 830 dreißig
2950 795 3048 830 Jahre
3071 796 3132 826 alte
3150 795 3208 825 Ge
3220 805 3232 818 -

2267 842 2297 863 m
2310 842 2322 863 e
2337 834 2345 863 i
2357 841 2378 864 n
2389 835 2406 864 d
2419 842 2434 864 e
2445 843 2460 865 r
2473 843 2490 865 a
2503 835 2514 866 t
2536 835 2817 872 Goßweiler,
2843 836 2947 870 wohnt
2962 835 3012 869 seit
3035 839 3114 866 etwa
3137 834 3231 870 sieben

2266 874 2385 908 Jahren
2406 875 2439 905 in
2455 875 2635 907 Bendlikon.
2657 876 2703 906 Er
2724 876 2758 908 ist
2782 876 2828 906 ein
2846 876 3108 912 vielbeschäftigter
3125 876 3233 907 Unter¬

2267 915 2388 948 nehmer
2410 923 2471 946 von
2492 915 2684 949 Tiefbauten.
2710 916 2789 947 Seit
2811 917 2881 953 zwei
2903 917 3021 952 Jahren
3045 917 3078 952 ist
3102 925 3132 947 er
3153 917 3234 947 Mit¬

2268 955 2344 990 glied
2368 955 2420 985 des
2435 955 2690 987 Gemeindcratcs
2713 958 2774 987 und
2798 958 2848 987 als
2871 958 2978 992 solches
3000 957 3161 991 Präsident
3184 958 3234 987 der

2270 995 2676 1031 Gesundheltskommission.
2721 997 2770 1032 In
2792 997 2844 1028 der
2889 997 3007 1032 letztern
3049 997 3234 1033 Eigenschaft

2269 1035 2334 1065 kam
2359 1044 2390 1067 er
2410 1036 2442 1066 in
2466 1037 2520 1067 den
2545 1037 2625 1074 Fall,
2674 1038 2718 1067 die
2764 1037 2901 1074 Büßung
2923 1046 2981 1068 von
3002 1037 3234 1073 Milchfalschern

2269 1083 2303 1111 zu
2326 1075 2519 1114 beantrage»,
2567 1077 2701 1112 wodurch
2724 1086 2754 1109 er
2777 1078 2839 1115 sich,
2890 1079 2943 1108 wie
2986 1079 3042 1108 das
3082 1078 3112 1113 so
3133 1087 3167 1115 zu
3190 1086 3235 1114 ge¬

2269 1116 2381 1151 schehen
2402 1117 2505 1154 pflegt,
2551 1117 2645 1153 diesen
2688 1119 2751 1148 und
2794 1118 2880 1153 jenen
2918 1118 3112 1153 verfeindete.
3156 1118 3234 1152 Noch

2269 1158 2375 1187 andere
2397 1157 2558 1193 Umstände
2582 1158 2774 1193 verschafften
2796 1159 2858 1193 ihm
2877 1159 3007 1195 Gegner.
3033 1159 3138 1191 Scho»
3163 1158 3236 1193 seine

2269 1196 2359 1231 Wahl
2396 1198 2430 1228 in
2466 1199 2519 1229 den
2542 1199 2758 1229 Gcmeinderat
2784 1207 2848 1229 war
2872 1199 2946 1233 nicht
2968 1198 3165 1234 unbestritten
3188 1207 3236 1235 ge¬

2270 1237 2377 1271 wesen.
2419 1237 2593 1273 Gegensätze
2617 1238 2828 1273 verschiedener
2850 1239 2909 1269 Art
2933 1238 3038 1274 spiele»
3078 1240 3137 1274 hier
3163 1240 3236 1270 mit:

2270 1277 2353 1312 Berg
2375 1278 2438 1307 und
2460 1278 2528 1314 Tal,
2554 1278 2659 1308 Bauer
2682 1279 2742 1309 und
2765 1278 2957 1315 Nichtbauer,
2984 1279 3236 1315 alteingesessener

2270 1316 2391 1353 Bürger
2435 1319 2495 1347 und
2531 1317 2817 1354 Niedergelassener,
2865 1318 3029 1355 bedächtige
3073 1319 3132 1349 Art
3175 1319 3237 1349 und

2269 1356 2548 1394 jtigendlichrasches
2564 1357 2721 1392 Zufahren
2744 1366 2777 1390 u.
2793 1366 2822 1389 a.
2842 1367 2883 1389 >n.
2910 1360 2999 1395 Dazu
3016 1359 3149 1393 mochten
3167 1359 3236 1394 noch

2271 1398 2445 1434 persönliche
2489 1397 2669 1434 Abneigung
2712 1398 2772 1428 und
2816 1398 3041 1431 Animositäten
3087 1399 3233 1435 kommen,

2272 1438 2410 1474 vielleicht
2435 1439 2504 1471 auch
2525 1438 2614 1474 Neid,
2641 1439 2716 1475 kur,,
2742 1442 2777 1469 es
2798 1438 2886 1473 fehlte
2903 1439 3079 1473 Goßweiler
3103 1439 3175 1472 nicht
3200 1447 3238 1469 an

2272 1480 2416 1516 Feinden.
2463 1480 2557 1510 Eines
2579 1479 2705 1509 Abends
2729 1479 2801 1515 spät,
2850 1479 2915 1515 kurz
2953 1487 3007 1509 vor
3028 1479 3235 1516 Mitternacht,

2272 1520 2440 1556 versperren
2465 1519 2526 1554 ihn»
2548 1518 2644 1556 einige
2667 1520 2722 1550 den
2743 1518 2819 1555 Weg
2843 1520 2904 1549 und
2928 1519 3026 1553 hauen
3063 1519 3114 1554 ihn
3138 1520 3235 1555 durch,

2272 1560 2325 1591 wie
2348 1568 2422 1590 mair
2445 1569 2479 1597 zu
2503 1561 2590 1596 sagen
2614 1560 2715 1595 psiegt,
2748 1560 2837 1597 „nach
2861 1559 2992 1590 Noten".
3032 1559 3099 1590 Der
3122 1560 3238 1596 Haupt¬

2271 1601 2442 1637 angeklagte
2465 1600 2545 1636 Ang.
2571 1600 2672 1634 Köchli
2694 1600 2744 1634 hat
2782 1600 2946 1636 gestanden,
2993 1600 3049 1630 den
3086 1600 3131 1630 G.
3175 1600 3232 1630 mit

2271 1641 2366 1672 einem
2389 1642 2486 1671 Stein
2507 1640 2560 1675 auf
2581 1641 2636 1670 den
2659 1640 2741 1675 Kopf
2765 1639 2928 1676 geschlagen
2952 1647 2983 1675 ju
3027 1639 3131 1676 haben,
3181 1641 3230 1676 „so

2271 1682 2330 1716 daß
2352 1690 2383 1713 er
2406 1689 2503 1718 genug
2526 1681 2608 1715 hatte
2631 1681 2693 1711 und
2715 1680 2774 1715 still
2796 1680 2932 1711 wurde".

2332 1721 2397 1753 Der
2443 1721 2734 1757 BczirkSarzt
2779 1721 2974 1756 konstatierte,
3022 1721 3132 1756 wenige
3156 1720 3238 1757 Tage

2272 1762 2340 1796 nach
2354 1763 2422 1792 den»
2438 1761 2571 1797 Vorfall,
2586 1759 2923 1796 Blutunterlaufungen
2940 1768 2978 1790 an
2995 1760 3097 1790 beiden
3114 1761 3238 1794 Schien¬

2272 1802 2388 1832 beinen.
2435 1801 2497 1832 Die
2520 1800 2720 1835 Kopfwunde,
2762 1801 2826 1836 sagt
2863 1801 2913 1830 der
2934 1800 3134 1834 behandelnde
3155 1801 3237 1836 Arzt,

2274 1841 2311 1876 sei
2333 1841 2413 1872 einer
2435 1840 2710 1876 Einschußöffnung
2733 1840 2846 1875 ähnlich
2885 1841 3013 1877 gewesen
3056 1841 3117 1870 und
3154 1841 3241 1875 durch

2274 1882 2399 1912 einen
2438 1881 2552 1917 Schlag
2597 1881 2780 1915 cntstairden,
2828 1881 2879 1910 der
2921 1880 2979 1911 mit
3016 1880 3113 1910 einem
3135 1881 3242 1917 spitzig-

2275 1921 2423 1957 stumpfen
2445 1922 2648 1957 Instrument,
2698 1920 2842 1954 vielleicht
2866 1920 2921 1950 mit
2945 1921 3038 1950 einem
3063 1920 3170 1957 Stein,
3197 1929 3243 1956 ge¬

2274 1963 2357 1998 führt
2380 1962 2501 1992 worden
2524 1961 2575 1993 sei.
2620 1960 2748 1995 Patient
2773 1960 2905 1995 beklagte
2927 1960 2978 1995 sich
3003 1960 3075 1991 über
3103 1960 3245 1997 häufiges

2274 2002 2447 2038 Erbrechen,
2488 2000 2632 2036 Kopfweh
2655 2001 2716 2030 und
2740 2000 2930 2035 Schwindel.
2976 2000 3061 2030 Ende
3087 2001 3157 2031 Mai
3180 2008 3245 2032 war

2275 2042 2393 2074 dieselbe
2419 2043 2530 2078 Klage:
2573 2041 2614 2071 im
2638 2041 2778 2076 Zimmer
2815 2041 2907 2070 könne
2929 2049 2959 2071 er
2982 2041 3057 2075 nicht
3096 2040 3239 2077 arbeiten,

2275 2086 2307 2113 cs
2331 2083 2427 2113 werde
2451 2082 2512 2117 ihm
2536 2081 2618 2117 übel;
2640 2089 2670 2112 er
2694 2081 2767 2115 habe
2792 2081 2854 2111 kein
2872 2081 3072 2117 Gedächtnis;
3096 2090 3124 2111 er
3148 2082 3244 2112 werde

2276 2131 2332 2154 von
2356 2123 2552 2159 aufregenden
2575 2121 2732 2151 Träumen
2757 2123 2894 2157 geplagt;
2918 2121 3049 2158 wichtige
3074 2122 3245 2156 Geschäfts-

2275 2163 2409 2199 Verträge
2454 2162 2524 2196 habe
2557 2170 2587 2192 er
2610 2165 2699 2192 unter
2722 2161 2817 2195 diesen
2841 2161 3024 2195 Umständen
3048 2162 3155 2192 ivieder
3178 2162 3245 2196 auf-

2276 2204 2366 2238 heben
2389 2203 2514 2237 müssen.
2561 2202 2732 2238 Augenarzt
2772 2203 2833 2233 Dr.
2872 2202 3163 2238 Sidler-Huguenin
3212 2202 3243 2232 in

2276 2244 2383 2279 Zürich
2405 2243 2589 2274 konstatierte
2614 2250 2655 2272 an
2677 2243 2740 2272 drei
2762 2242 3119 2279 aufeinanderfolgenden
3136 2242 3243 2278 Tagen

2276 2284 2425 2320 beidseitig
2449 2282 2634 2318 konzentrisch
2658 2282 2847 2318 eingeengtes
2871 2282 3080 2318 Gesichtsfeld,
3107 2283 3168 2312 eine
3194 2283 3244 2317 für

2274 2323 2479 2357 traumatische
2501 2323 2633 2355 Neurose
2677 2323 2724 2358 (d.
2749 2323 2768 2353 i.
2805 2322 2868 2353 eine
2891 2322 3086 2356 funktionelle
3110 2323 3243 2354 Erkran¬

2276 2365 2351 2400 kung
2374 2365 2427 2394 des
2451 2364 2714 2399 Nervensystems)
2750 2362 3004 2396 charakteristische
3028 2363 3243 2399 Erscheinung.

2276 2405 2332 2434 Bei
2356 2405 2423 2434 dem
2447 2404 2550 2436 vorher
2572 2404 2656 2437 sicher
2684 2403 2758 2436 nicht
2782 2402 3050 2438 neurasihenischen
3073 2404 3241 2437 Patienten

2276 2445 2310 2479 ist
2354 2444 2400 2474 die
2445 2443 2540 2479 jetzige
2563 2443 2758 2477 funktionelle
2781 2442 2928 2478 Störung
2951 2443 2993 2472 lin
3016 2442 3245 2478 Nervensystem

2276 2484 2328 2519 auf
2372 2485 2511 2514 Trauma
2554 2483 2808 2520 zurückzuführen.
2855 2482 2938 2513 Sein
2960 2483 3185 2518 Nervensystem
3211 2484 3245 2518 ist

2275 2524 2352 2559 nicht
2376 2524 2459 2558 mehr
2482 2524 2511 2556 so
2533 2523 2766 2559 leistungsfähig
2789 2524 2850 2553 und
2869 2523 3160 2560 widerstandsfähig,
3191 2524 3245 2554 wie

2278 2568 2310 2594 es
2332 2564 2435 2598 bisher
2459 2564 2583 2599 gewesen
2607 2564 2653 2594 ist.
2697 2563 2907 2599 Vollständige
2930 2563 3063 2599 Heilung
3106 2563 3141 2594 ist
3190 2572 3246 2593 un¬

2280 2605 2416 2640 möglich.
2440 2604 2487 2633 ES
2508 2603 2631 2638 handelt
2648 2603 2699 2637 sich
2722 2611 2774 2633 um
2793 2603 2855 2633 eine
2873 2603 3020 2637 psychische
3036 2603 3247 2638 Erkrankung:

2282 2647 2314 2673 cs
2360 2644 2423 2680 gibt
2466 2643 2534 2677 auch
2577 2643 2662 2676 durch
2706 2643 2815 2677 bloßen
2853 2641 2973 2676 Schreck
3016 2642 3250 2678 hcrbeigeführte

2282 2683 2427 2718 Neurose.
2465 2683 2526 2713 Die
2550 2682 2726 2718 Erfahrung
2750 2682 2839 2718 lehrt,
2864 2683 2923 2717 daß
2947 2683 3015 2715 auch
3038 2683 3083 2712 bei
3105 2683 3251 2719 kräftigen

2281 2723 2438 2754 Männern
2461 2723 2547 2757 durch
2571 2722 2727 2759 „Beulen"
2751 2722 2886 2758 Neurose
2908 2723 3055 2757 entstehen
3080 2723 3167 2753 kann.

2341 2763 2410 2793 Wir
2432 2763 2526 2797 haben
2571 2762 2744 2798 mitgeteilt,
2794 2763 2852 2796 daß
2877 2762 2977 2796 Köchli
3001 2770 3103 2798 wegen
3127 2762 3250 2798 vorsätz¬

2279 2801 2364 2835 licher
2389 2801 2674 2837 Körperverletzung
2718 2810 2752 2836 zu
2789 2802 2861 2837 zwei
2883 2802 3037 2831 Monaten
3060 2801 3244 2838 Gefängnis,

2279 2843 2317 2868 50
2340 2841 2397 2875 Fr.
2422 2841 2511 2875 Buße
2533 2843 2596 2870 und
2620 2841 2669 2871 der
2692 2841 2911 2875 Kostenhälfte,
2940 2841 2984 2871 die
3008 2841 3110 2871 beiden
3134 2843 3247 2872 andern

2277 2879 2481 2916 Angeklagten
2504 2880 2611 2914 Stehli
2634 2880 2695 2910 und
2713 2880 2847 2914 Scheller
2872 2889 2970 2916 wegen
2992 2880 3172 2916 Teilnahme
3195 2889 3247 2912 am

2277 2920 2472 2955 Naufhondel
2493 2927 2527 2956 zu
2548 2920 2572 2955 je
2611 2920 2743 2956 vierzehn
2766 2920 2871 2957 Tagen
2894 2921 3079 2959 Gefängnis,
3128 2924 3165 2949 30
3189 2922 3247 2957 Fr.

2279 2960 2369 2994 Buße
2391 2961 2454 2990 rnid
2477 2961 2572 2990 einem
2591 2959 2709 2990 Viertel
2731 2960 2781 2991 der
2798 2961 2907 2995 Kosten
2931 2961 3089 2991 verurteilt
3111 2962 3248 2992 wurden.

2279 2999 2337 3030 Sie
2382 3000 2479 3034 haben
2522 3001 2589 3030 dem
2635 3000 2851 3037 Geschädigten
2874 3001 2922 3035 für
2944 3001 3165 3037 Arztrechnung
3188 3003 3249 3032 und

2280 3040 2429 3071 Umtriebe
2453 3043 2514 3068 250
2537 3041 2594 3076 Fr.
2619 3048 2653 3077 zu
2678 3041 2829 3077 bezahlen.
2872 3041 2940 3071 Mit
2963 3041 3070 3076 seinen,
3116 3042 3171 3071 wie
3218 3045 3250 3072 cs

2280 3081 2372 3116 heißt,
2414 3081 2476 3115 sehr
2498 3080 2719 3114 beträchtlichen
2744 3081 2871 3117 übrigen
2893 3081 3252 3118 Entschädigungsforde-

2280 3128 2406 3157 rungen,
2426 3121 2500 3151 wird
2514 3121 2565 3151 der
2577 3120 2773 3153 Damnisikat
2787 3122 2841 3156 auf
2851 3122 2907 3151 den
2918 3121 3067 3157 Zivilweg
3082 3121 3247 3155 vermiesen.

1480 3416 1743 3469 Schwnrgtrlcht
1774 3416 1812 3460 in
1843 3417 2031 3469 Wffikoil.

1552 3477 1674 3514 Freitag
1697 3481 1744 3508 18.
1766 3478 1955 3513 September.

1403 3522 1481 3552 Die
1517 3522 1732 3558 Prügelet
1767 3522 1812 3553 in
1847 3523 2102 3553 Bendlikon.

1325 3578 1366 3595 -z-
1388 3566 1471 3596 Man
1492 3566 1624 3603 glaubte,
1646 3568 1708 3597 und
1730 3566 1847 3602 manche
1868 3568 1981 3602 hofften
1995 3566 2138 3602 vielleicht,
2161 3566 2235 3602 diese

1267 3606 1468 3637 Bcudlikoner
1489 3607 1594 3641 Affäre
1629 3608 1724 3637 werde
1747 3607 1798 3642 sich
1821 3615 1855 3643 zu
1876 3607 1954 3637 einer
1990 3608 2117 3642 mehrere
2150 3606 2234 3642 Tage

1267 3647 1437 3677 dauernden
1480 3647 1786 3683 schwurgcrichtlichen
1835 3648 1972 3684 „Haupt-
2007 3647 2067 3677 und
2103 3646 2234 3676 Staats¬

1267 3686 1384 3717 aktion"
1420 3687 1631 3723 ausgestalten.
1674 3687 1803 3723 Dreißig
1838 3687 1961 3722 Zeugen
1997 3695 2095 3717 ivareu
2132 3694 2235 3722 vorge-

1267 3726 1355 3757 ladeir
1391 3727 1453 3757 und
1485 3727 1560 3762 nicht
1582 3726 1709 3762 wctligcr
1730 3728 1782 3757 als
1804 3727 1865 3757 vier
1886 3727 2057 3757 Advokaten
2077 3727 2235 3760 erschienen

1235 3764 1242 3796 !
1266 3766 1323 3801 auf
1343 3768 1410 3797 dem
1431 3766 1526 3801 Plan.
1568 3767 1652 3796 Man
1675 3767 1774 3802 durfte
1796 3767 1848 3802 sich
1884 3768 1949 3802 also
1972 3767 2004 3796 in
2025 3768 2074 3796 der
2096 3767 2155 3796 Tat
2177 3766 2234 3801 auf

1266 3807 1329 3836 eine
1363 3807 1560 3842 ausgedehnte
1594 3806 1794 3841 Redeschlacht
1829 3807 1930 3842 gefaßt
1965 3806 2099 3840 machen!
2142 3806 2235 3836 Statt

1236 3846 1243 3870 >
1267 3846 1362 3882 dessen
1382 3854 1449 3877 war
1468 3847 1513 3877 die
1533 3846 1752 3883 Verhandlung
1775 3848 1807 3876 in
1828 3847 1921 3877 einem
1956 3846 2061 3882 halben
2094 3846 2177 3882 Tage
2198 3853 2235 3882 zu

2552 3184 2678 3231 Kleine
2710 3185 2984 3235 Mitteilungen.

2322 3261 2362 3266 —
2382 3245 2450 3275 Der
2472 3245 2816 3280 Schweizerische
2838 3245 2867 3275 T
2879 3254 2899 3275 u
2911 3254 2926 3276 r
2938 3254 2957 3275 n
2969 3246 2980 3275 l
2992 3254 3005 3276 e
3016 3247 3034 3280 h
3047 3254 3062 3276 r
3074 3247 3252 3277 ervcretu

2283 3286 2348 3315 tritt
2369 3286 2424 3315 den
2447 3289 2474 3315 3.
2495 3286 2557 3315 und
2580 3288 2607 3315 4.
2629 3285 2763 3315 Oktober
2784 3292 2838 3321 zur
2873 3285 3048 3321 fünfzigsten
3070 3287 3252 3321 JahreSvcr-

2284 3326 2458 3361 sammlung
2480 3326 2509 3355 in
2531 3326 2647 3355 Bern
2673 3326 2853 3361 zusammen.
2896 3326 3033 3361 Mittags
3055 3326 3126 3360 halb
3149 3330 3166 3354 2
3189 3326 3253 3360 Uhr

2286 3367 2428 3401 beginnen
2450 3366 2493 3395 die
2515 3365 2756 3400 Vorführungen
2791 3373 2851 3395 von
2886 3365 3095 3400 Turnklassen,
3131 3367 3175 3396 die
3203 3366 3252 3396 bis

2287 3410 2305 3434 4
2327 3406 2392 3440 Uhr
2426 3407 2549 3441 dallern,
2585 3412 2639 3435 um
2659 3407 2742 3435 dann
2765 3413 2835 3436 vom
2857 3405 2983 3436 Turnen
3003 3406 3055 3436 der
3078 3406 3180 3441 Lehrer
3200 3406 3252 3436 ab¬

2287 3446 2378 3481 gelöst
2401 3454 2435 3482 zu
2457 3448 2583 3476 werden.
2626 3445 2706 3479 Nach
2739 3446 2795 3475 beu
2830 3446 3021 3481 allgemeinen
3043 3446 3254 3482 Freiübungen

2287 3487 2404 3516 werden
2440 3486 2489 3520 sich
2523 3486 2569 3515 die
2604 3486 2894 3520 Lchrerturnvereine
2931 3485 3124 3522 W'nnerthur,
3152 3486 3254 3521 Basel,

2287 3526 2407 3562 Zürich,
2428 3526 2648 3561 Schaffhauscn
2670 3527 2733 3555 und
2756 3525 2839 3556 Bern
2862 3527 2922 3555 und
2943 3525 3119 3562 Umgebung
3140 3535 3179 3556 an
3200 3528 3255 3556 den

2288 3566 2423 3596 Geräten
2457 3566 2552 3602 zeigeir
2587 3568 2649 3596 und
2682 3566 2821 3601 Zeugnis
2859 3574 2915 3597 von
2952 3567 3044 3600 ihrem
3086 3567 3257 3601 praktischen

2287 3606 2415 3636 Können
2437 3607 2569 3640 ablegen.
2598 3606 2659 3635 Ein
2683 3606 2847 3639 Turnsptel
2869 3607 2919 3636 der
2940 3605 3045 3640 Lehrer
3067 3607 3143 3636 wird
3163 3607 3258 3641 diesen

2288 3646 2358 3676 Teil
2378 3647 2433 3676 deS
2455 3646 2676 3681 ProgrammcS
2703 3646 2891 3682 abschlicßen,
2926 3647 3007 3676 da>»n
3030 3646 3122 3681 findet
3142 3647 3187 3676 die
3206 3654 3259 3682 zur

2287 3686 2476 3722 Erledigung
2497 3686 2548 3716 der
2569 3686 2838 3720 Vereinsgeschäfte
2873 3686 2969 3721 nötige
2990 3687 3258 3721 Hanptversamm-

2287 3726 2364 3761 lnng
2386 3727 2464 3762 statt,
2486 3728 2549 3756 »md
2570 3726 2619 3761 ihr
2642 3726 2756 3760 schließt
2776 3726 2828 3760 sich
2850 3726 2907 3755 daS
2930 3726 3099 3761 Nachtessen
3121 3727 3182 3756 und
3197 3727 3258 3756 eine

2287 3766 2458 3802 gemütliche
2480 3766 2684 3801 Vereinigung
2707 3767 2749 3795 im
2771 3766 3002 3800 Museumssaal
3026 3774 3077 3796 an.

2349 3806 2412 3837 Am
2434 3806 2581 3841 Sonntag
2605 3806 2767 3841 vormittag
2803 3805 2880 3836 »vird
2915 3806 3102 3839 Turnlehrer
3124 3806 3259 3836 Widmer

2287 3849 2349 3876 aus
2370 3846 2455 3876 Bern
2491 3847 2584 3883 „über
2618 3846 2663 3875 die
2698 3845 2869 3882 derzeitigen
2898 3845 3047 3881 Einflüsse
3083 3846 3136 3878 auf
3171 3847 3260 3882 unser

3280 436 3394 471 Schul-
3415 436 3477 467 »ind
3499 436 3755 467 Berel,»Sturnen"
3779 437 3918 473 sprechen,
3954 437 4018 467 »inb
4052 438 4107 467 den

3281 477 3334 506 deS
3348 477 3752 513 Vormittagsprogrammes
3773 477 3875 508 bilden
3895 477 3943 507 die
3964 477 4110 512 turnerlsä

3283 517 3452 553 führungen
3473 518 3523 547 der
3544 517 3932 553 Mädchensekundarschule
3966 518 4030 548 und
4066 519 4110 548 die

3283 558 3388 593 tigung
3407 558 3460 587 deS
3481 557 3840 594 ParlamentSgebätldeS.
3873 558 3936 588 Ein
3957 558 4086 588 Bankett
4107 560 4110 586 i

3285 597 3449 632 seumSsaal
3485 598 3626 633 vereinigt
3661 606 3716 628 vor
3750 598 3829 634 ihrer
3864 597 3986 634 Abreise
4020 597 4110 633 noch«

3285 635 3451 672 sämtlichen
3474 637 3670 672 Teilnehmer.

3346 697 3385 702 —
3406 680 3473 711 Vor
3492 682 3600 717 einiger
3620 682 3688 717 Zeit
3708 683 3743 716 ist
3763 683 3795 712 in
3815 683 3937 719 unferm
3969 683 4072 714 Blatte
4107 694 4110 711 i

3287 721 3352 750 tikel
3372 721 3423 751 der
3444 721 3594 757 „Bozener
3615 722 3760 758 Zeitung"
3792 723 3863 753 über
3899 723 4045 757 schlimme
4080 723 4110 753 kö

3287 761 3554 797 Mißhandlungen
3595 769 3654 791 von
3682 762 3813 792 Kindern
3854 762 3887 792 in
3929 763 3994 793 dein
4036 771 4096 792 von

3287 800 3449 836 schwestern
3471 801 3618 836 geleitete»»
3638 801 3714 836 Asyl
3736 824 3752 838 „
3767 802 3797 832 N
3808 810 3826 831 a
3839 802 3849 831 i
3859 810 3880 831 n
3890 810 3904 832 e
3916 810 3933 832 r
3943 811 3965 832 u
3976 810 4006 832 in
4020 803 4034 817 "
4059 803 4090 832 in

3287 848 3354 876 zum
3376 840 3508 871 Abdruck
3528 841 3657 877 gelangt.
3700 842 3804 876 Dieser
3826 842 3909 877 Tage
3931 842 3966 877 ist
3996 845 4058 872 unS
4094 851 4110 872 n

3287 881 3381 911 einem
3402 881 3589 917 katholischen
3610 880 3786 916 Geistlichen
3804 882 3856 911 der
3884 881 3991 911 inner«
4025 881 4110 916 Schn

3288 920 3438 952 Nuinmer
3459 921 3511 951 des
3548 921 3688 957 „Tiroler
3712 921 3871 952 Volksbl."
3908 921 4091 951 übermittelt

3287 962 3318 991 in
3339 963 3390 992 der
3412 962 3463 996 sich
3484 962 3545 992 eine
3567 961 3739 998 Erklärung
3760 962 3811 992 der
3825 961 4064 998 „Vorstehung",
4086 969 4106 990 u

3287 1005 3335 1032 net
3357 1010 3415 1032 von
3436 1003 3501 1032 dem
3524 1002 3673 1032 Obmann
3693 1002 3745 1032 der
3778 1001 3997 1038 „Nainerum",
4033 1001 4107 1031 Aloi

3287 1042 3454 1077 abgcdr»»ckt
3475 1043 3576 1078 findet.
3598 1042 3666 1072 Wir
3688 1043 3859 1077 entnehmen
3880 1042 3973 1078 dieser
3985 1042 4110 1078 folgend

3289 1081 3496 1118 „Rainerum"
3518 1082 3554 1117 ist
3575 1083 3649 1113 keine
3672 1082 3794 1118 Schule,
3832 1083 3958 1118 sondern
3981 1082 4110 1118 gewährt

3289 1122 3369 1156 lose»
3391 1123 3460 1152 oder
3481 1123 3652 1157 verwaisten
3675 1123 3743 1153 oder
3764 1123 3815 1153 der
3836 1122 3999 1157 elterlichen
4020 1122 4110 1158 Fürst

3289 1162 3449 1198 behrenden
3470 1163 3595 1193 Knaben
3615 1163 3676 1193 «ine
3698 1163 3869 1199 Gaststätte,
3891 1170 3932 1193 an
3953 1163 4004 1192 der
4026 1162 4064 1197 sie
4077 1170 4110 1198 zu

3290 1202 3381 1232 baren
3402 1202 3556 1238 Menfchen
3578 1203 3792 1239 herangebildet
3827 1203 3945 1233 werden
3981 1203 4081 1236 sollen,

3290 1242 3323 1275 ist
3345 1243 3414 1276 auch
3435 1242 3614 1278 hinlänglich
3635 1244 3789 1279 dargetan,
3824 1243 3883 1277 daß
3905 1243 3951 1272 die
3973 1242 4095 1277 Anstalt

3291 1281 3433 1316 Pflichten
3455 1291 3495 1313 an
3515 1284 3570 1313 den
3591 1284 3860 1319 ausgenommenen
3894 1283 4020 1312 Knaben
4058 1289 4093 1317 zu

3291 1323 3341 1356 hat
3362 1323 3424 1352 und
3445 1323 3504 1357 daß
3526 1323 3571 1352 die
3590 1323 3804 1359 Knabcnschar,
3840 1325 3901 1352 aus
3934 1322 3991 1351 den
4027 1322 4110 1356 versck

3292 1362 3464 1392 Elementen
3485 1363 3758 1399 zusammengesetzt,
3780 1363 3854 1397 nicht
3875 1362 3985 1393 iminer
4006 1362 4061 1391 mit
4083 1362 4110 1390 d<

3292 1403 3344 1432 deS
3366 1402 3490 1437 Lehrers
3510 1410 3550 1432 an
3571 1403 3649 1432 einer
3671 1403 3784 1436 Schule
3805 1403 3847 1432 iin
3863 1402 3984 1437 Zaume
3998 1401 4110 1437 gehakte

3293 1442 3397 1473 kann."
3420 1443 3480 1472 Die
3500 1443 3572 1477 Kost
3595 1443 3631 1477 sei
3652 1442 3771 1478 einfach,
3792 1443 3864 1472 aber
3884 1443 4017 1478 gesund;
4053 1441 4104 1475 für

3293 1483 3407 1518 holung
3428 1484 3479 1513 der
3500 1483 3646 1519 Zöglinge
3682 1484 3777 1513 werde
3810 1482 3897 1517 durch
3934 1482 4110 1518 Spaziergäi

3293 1524 3547 1559 holungspausen,
3576 1523 3678 1553 Bäder
3699 1523 3810 1557 bestens
3845 1522 3971 1558 gesorgt.
4013 1523 4078 1552 Der

3293 1563 3429 1594 br»»taler
3463 1563 3685 1599 Züchtigungen
3719 1564 3793 1593 wird
3830 1564 3882 1593 deS
3918 1562 4110 1597 bestimintest»

3294 1603 3382 1638 lehnt.
3405 1604 3690 1640 „Mißhandlungen
3711 1604 3763 1633 der
3784 1603 3850 1639 Art,
3881 1604 3937 1633 »vie
3974 1603 4011 1637 sie
4037 1603 4069 1632 in
4104 1603 4110 1630 !

3293 1644 3356 1678 tikel
3377 1644 3541 1680 geschildert
3564 1646 3687 1680 »verdcn,
3711 1644 3748 1679 sei
3769 1647 3801 1673 eS
3822 1644 3911 1677 durch
3933 1642 4110 1678 Stockhiebe,

3292 1683 3369 1714 Leim
3391 1684 3522 1719 Scheren
3543 1684 3593 1714 der
3612 1684 3724 1714 Kinder
3746 1684 3815 1714 oder
3837 1683 3981 1720 sonstwie,
4004 1683 4068 1716 sind
4091 1690 4110 1711 n

3293 1724 3434 1755 kommen.
3476 1724 3524 1754 Es
3545 1724 3669 1759 existiert
3689 1725 3784 1753 weder
3803 1724 3851 1754 ein
3872 1723 3962 1752 dicker
3992 1722 4110 1756 Rohrst

3294 1764 3354 1793 eine
3390 1764 3559 1798 schneidlose
3593 1763 3865 1798 Maschinenschere,
3902 1762 4109 1795 insbesondere

3295 1804 3451 1839 Vorwurf,
3473 1804 3533 1838 daß
3554 1804 3616 1833 eine
3639 1803 3727 1838 solche
3755 1803 3924 1837 übcrha»»pt
3961 1803 4023 1831 u,»d
4058 1802 4110 1831 ins

3297 1851 3348 1879 zur
3370 1844 3448 1878 Pein
3468 1845 3520 1873 der
3553 1844 3680 1873 Knaben
3722 1844 3884 1873 verwendet
3927 1843 4031 1877 »verde,
4073 1842 4110 1872 elr

3298 1883 3463 1918 wissentlich
3486 1884 3628 1918 univahre
3649 1883 3895 1918 Verdächtigung,
3928 1882 3980 1913 der
4013 1882 4110 1918 jederzl

3298 1923 3431 1959 Vorlage
3453 1924 3504 1953 der
3525 1923 3719 1958 betreffenden
3739 1923 3892 1958 Maschine
3915 1926 4110 1958 entgegengel»

3298 1963 3352 1993 den
3374 1964 3460 1994 kann.
3501 1964 3575 1998 Daß
3612 1964 3684 1998 ohne
3718 1963 3906 1998 Züchtigung
3941 1964 3992 1993 der
4026 1963 4110 1992 mit»»

3300 2003 3479 2038 wahrlosten
3502 2003 3628 2039 Jungen
3648 2003 3694 2033 die
3715 2002 4012 2038 Aufrechterhaltung
4033 2003 4084 2031 der

3299 2044 3373 2078 nicht
3394 2044 3516 2080 »nöglich
3538 2043 3627 2079 wäre,
3650 2043 3725 2073 »vird
3755 2043 3832 2078 jeder
3867 2043 3952 2079 billig
3987 2042 4110 2072 denkend

3297 2085 3421 2119 zugebcit
3442 2084 3566 2118 müssen.
3601 2084 3676 2118 Daß
3702 2084 3774 2113 aber
3792 2084 3855 2113 eine
3876 2082 4048 2117 körperliche
4069 2081 4110 2117 Z»

3299 2124 3328 2159 so
3352 2124 3438 2159 selten
3461 2124 3579 2159 dieselbe
3602 2124 3646 2158 ist,
3668 2123 3780 2159 jemals
3801 2123 3871 2157 auch
3893 2130 3956 2153 nur
3976 2124 4019 2153 im
4034 2122 4109 2152 mint

3299 2164 3395 2199 »ölige
3416 2164 3507 2199 Maß,
3529 2164 3693 2199 geschweige
3715 2166 3790 2193 den»
3812 2164 3870 2192 das
3893 2162 4104 2197 Mindestmaß

3299 2203 3417 2234 lartbten
3437 2204 3624 2240 Züchtigung
3646 2203 3851 2237 überschritten
3872 2203 3962 2238 hätte,
3983 2202 4019 2237 ist
4039 2202 4108 2236 noch

3298 2245 3472 2279 gekoinmen.
3515 2244 3575 2274 Die
3611 2243 3789 2278 barbarische
3825 2243 4014 2279 Züchtigung
4049 2242 4102 2272 des

3299 2283 3435 2320 Thomas
3457 2283 3575 2315 MuSka
3598 2284 3633 2319 ist
3654 2283 3835 2319 vollständig
3857 2286 3919 2313 a»»S
3939 2284 3991 2312 der
4006 2281 4079 2317 Luft
4092 2289 4110 2317 g

3479 2383 3733 2435 Knglllcksfäüt
3764 2384 3833 2425 illld
3865 2382 4089 2431 Verbreche».

3361 2466 3396 2471 —
3419 2449 3481 2479 Am
3506 2452 3534 2481 i.
3558 2448 3741 2484 September
3783 2447 3845 2482 traf
3882 2447 3942 2483 Hr.
3977 2447 4042 2478 Dr.
4068 2447 4110 2478 K»

3299 2490 3461 2527 Affoltern,
3484 2514 3488 2517 ■
3508 2490 3558 2520 der
3594 2489 3649 2519 mit
3683 2489 3763 2519 einer
3786 2487 3976 2523 Gesellschaft
3998 2487 4062 2517 eine
4085 2487 4110 2521 I

3299 2530 3465 2566 besteig»»,g
3497 2538 3556 2560 von
3597 2530 3647 2559 der
3671 2529 3934 2562 Konkordiahütte
3979 2530 4039 2557 aus
4085 2535 4110 2556 ai

3300 2574 3472 2606 unterwegs
3494 2571 3579 2600 einen
3602 2568 3872 2605 achtzehnjährigen
3906 2567 4064 2603 Jüngling
4101 2575 4110 2596 c

3301 2610 3596 2647 Jnngfraugletscher
3619 2617 3670 2639 an.
3716 2608 3782 2638 Der
3806 2607 3964 2643 Jüngling
3985 2607 4051 2637 kan»
4073 2606 4110 2637 all

3303 2651 3353 2681 der
3376 2650 3565 2686 Berg'ihütte
3587 2649 3637 2683 her
3662 2649 3722 2678 und
3745 2648 3852 2683 bestieg
3873 2649 3958 2678 dann
3979 2647 4026 2677 die
4042 2648 4110 2682 Inn

3304 2691 3484 2731 günstigsten
3499 2688 3921 2725 WitterungSoerhältnisse».
3944 2688 4016 2718 Den
4037 2686 4110 2721 Abst

3304 2739 3334 2761 er
3357 2731 3388 2760 ln
3410 2732 3460 2760 der
3484 2730 3631 2765 Richtung
3656 2730 3706 2758 der
3730 2728 4004 2764 Konkordiahütte,
4047 2735 4078 2758 er

3303 2770 3376 2801 oben
3399 2770 3468 2803 noch
3490 2769 3608 2806 gesehen
3633 2769 3755 2798 »vorden
3798 2768 3860 2797 und
3905 2768 4028 2802 äußerte
4052 2767 4107 2797 bor

3302 2810 3376 2846 sicht,
3402 2810 3470 2844 noch
3492 2810 3552 2839 das
3572 2807 3830 2844 Finsteraarhor»
3853 2814 3888 2844 zu
3912 2807 4064 2843 besteigen.
4092 2810 4110 2837 <r

3301 2851 3368 2884 Zeit
3390 2850 3426 2884 ist
3463 2850 3514 2879 der
3550 2848 3671 2882 Tourist
3710 2848 3900 2883 verschollen;
3945 2848 4020 2881 seine
4062 2849 4110 2883 Fa

3302 2889 3535 2925 Ludivigshafen
3558 2888 3592 2924 ist
3615 2889 3646 2918 in
3669 2889 3719 2918 der
3744 2889 3871 2924 größten
3887 2887 4089 2923 Aufregung;

3302 2928 3427 2966 zieinllch
3473 2930 3556 2964 sicher
3599 2929 3698 2965 gehen,
3739 2929 3801 2962 daß
3837 2927 3885 2958 ein
3929 2936 4021 2958 „euer
4056 2927 4107 2963 sch»

3303 2970 3460 3006 glücksfall
3485 2970 3515 2999 in
3538 2970 3594 2999 den
3616 2969 3738 3005 Bergen
3761 2968 3822 3003 hier
3846 2976 3880 3005 zu
3902 2968 4083 3005 verzeichnen
4107 2977 4110 2992 '

3305 3009 3600 3047 BergungSkolonnc
3622 3009 3678 3044 soll
3701 3009 3896 3045 abgegangen
3919 3008 3989 3044 sein.

3367 3051 3541 3086 Führerlos
3564 3049 3671 3084 Gipfel
3693 3050 3749 3080 »vie
3771 3049 3933 3085 Jungfrau
3972 3049 4032 3079 m»d
4077 3048 4110 3078 M

3306 3090 3450 3127 besteigen
3487 3099 3520 3127 zu
3557 3090 3675 3125 »voltc»,
3706 3090 3740 3123 ist
3765 3089 3812 3119 ein
3834 3089 3851 3118 b
3865 3097 3882 3119 o
3895 3090 3913 3118 d
3926 3097 3939 3119 e
3954 3089 3996 3118 »l
4010 3097 4027 3119 o
4039 3088 4050 3123 s
4061 3096 4075 3118 e
4086 3097 4101 3119 r

3305 3131 3315 3165 s
3329 3131 3338 3160 i
3351 3139 3370 3160 n
3383 3138 3414 3161 >,.
3439 3130 3491 3160 Ob
3513 3130 3619 3164 diesen»
3644 3129 3669 3163 je
3692 3129 3833 3165 gesteuert
3852 3129 3969 3159 iverden
3985 3129 4071 3164 kann,
4098 3128 4107 3157 i

3306 3170 3382 3205 Haft.
3426 3170 3510 3200 Man
3533 3170 3609 3199 kann
3630 3169 3772 3199 niemand
3796 3168 3933 3205 hindern,
3962 3168 4013 3202 sich
4036 3167 4110 3201 leich!

3306 3210 3463 3245 Gefahre»
3486 3217 3520 3246 zu
3544 3209 3677 3245 begeben,
3725 3208 3868 3238 ulen,and
3905 3207 4048 3245 zwingen,
4098 3208 4109 3242 s

3306 3250 3446 3286 Führers
3490 3257 3524 3286 zu
3556 3250 3708 3280 bedienen.
3755 3249 3853 3278 Wenn
3875 3248 4076 3284 Warnungen
4100 3248 4110 3278 i

3304 3290 3441 3324 sahrener
3463 3290 3551 3320 Leute
3597 3305 3637 3311 —
3680 3289 3742 3318 und
3765 3290 3817 3319 der
3840 3288 3995 3324 Jüngling
4019 3288 4053 3323 ist
4078 3287 4109 3317 in

3304 3331 3385 3361 »vald
3408 3330 3616 3363 cruMch-vor
3637 3329 3688 3360 der
3710 3328 3915 3364 Ausführung
3950 3328 4041 3363 seiner
4087 3328 4110 3362 T

3304 3373 3403 3400 »varnt
3428 3370 3548 3400 »vorden
3571 3384 3610 3390 —
3633 3369 3729 3403 nichts
3754 3369 3836 3403 »»ehr
3860 3368 3974 3404 nützen,
4003 3375 4091 3399 »venn

3305 3410 3373 3444 nach
3396 3410 3587 3439 Abenteuer»,
3630 3409 3689 3438 das
3728 3416 3819 3445 ganze
3844 3408 3972 3438 Sinnen
3995 3408 4056 3437 und
4080 3407 4107 3437 T

3305 3450 3450 3486 gefangen
3474 3449 3596 3486 nimmt,
3622 3449 3682 3484 daß
3706 3449 3768 3478 ein«
3792 3448 3899 3484 ruhige
3916 3448 4110 3484 llebcrleguni

3306 3490 3444 3521 Gedanke
3468 3498 3508 3521 an
3531 3490 3605 3524 seine
3628 3489 3761 3524 Familie
3785 3490 3917 3525 dagegen
3951 3489 4027 3523 nicht
4051 3489 4106 3523 sta»

3307 3530 3478 3567 vennögen,
3523 3530 3553 3564 so
3575 3529 3666 3560 bleibt
3690 3529 3784 3563 nichts
3809 3528 3938 3559 anderes
3962 3528 4059 3564 übrig,
4107 3540 4110 3556 1

3308 3578 3401 3601 neuen
3423 3569 3627 3607 Unglücksfall
3651 3577 3684 3606 zu
3706 3570 3762 3599 den
3787 3569 3914 3605 übrigen
3939 3577 3972 3605 zu
4017 3569 4101 3605 legen

3310 3610 3406 3646 Opfer
3442 3611 3497 3640 des
3529 3609 3717 3645 Leichtsinns,
3765 3609 3840 3643 nicht
3885 3609 3936 3639 der
3960 3608 4066 3644 Berge,

3311 3651 3508 3687 registrieren.
3531 3650 3657 3680 Soeben
3680 3650 3815 3684 berichtet
3832 3657 3906 3679 inan
3923 3650 4004 3686 noch,
4029 3649 4091 3683 daß

3310 3691 3376 3727 ling
3400 3690 3574 3724 verinutlich
3596 3698 3687 3726 gegei»
3710 3691 3768 3719 das
3792 3689 3931 3725 Nothtal,
3981 3689 4108 3724 »vahrsch

3311 3732 3356 3761 die
3394 3731 3573 3767 sogenam»te
3597 3730 3885 3767 Jungfrau-Mulde
3930 3729 4097 3766 abgestürzt

3311 3771 3534 3806 Hülfskolonne
3570 3770 3646 3800 kann
3689 3771 3744 3800 des
3780 3769 3964 3804 Neuschnees
3988 3777 4089 3805 »vegen

3311 3810 3493 3846 aufürechcn.
3804 3849 3877 3852 _

553 3945 899 4015 JeuMto«.

635 4065 850 4115 Theater.

309 4121 510 4155 Nicolai:
544 4125 646 4161 „Die
668 4125 856 4160 lustigen
878 4123 1049 4155 Weiber
1073 4131 1153 4156 von

499 4164 720 4200 Windsor"
744 4165 809 4201 (18.
837 4164 960 4200 Sept.).

309 4215 395 4244 6.1,.
418 4215 465 4246 ES
487 4213 521 4247 ist
545 4214 607 4249 sehr
629 4222 663 4251 zu
686 4213 847 4250 bedauern,
874 4213 933 4248 daß
956 4213 1001 4243 die
1023 4213 1215 4250 Vorstellung

247 4261 318 4284 von»
363 4254 460 4289 letzten
505 4254 630 4290 Freitag
667 4253 745 4289 nicht
767 4253 857 4287 besser
882 4254 993 4289 besucht
1016 4262 1091 4284 »var.
1139 4254 1215 4284 Seit

247 4295 393 4332 Mozarts
417 4295 571 4331 „Figaro"
595 4295 629 4330 ist
654 4295 748 4329 außer
764 4294 903 4329 Rossinis
930 4293 1100 4331 „Barbier"
1124 4294 1215 4324 kaum

248 4336 311 4366 eine
337 4336 468 4371 kölnische
486 4336 572 4371 Oper
587 4334 756 4371 erschienen,
783 4334 830 4364 die
850 4334 902 4369 sich
926 4342 967 4364 an
984 4334 1216 4371 schlagfertigen»

247 4376 321 4413 Witz
344 4378 407 4407 und
431 4376 568 4414 Feinheit
591 4376 641 4406 der
665 4375 782 4411 Faktur
804 4375 860 4404 den
888 4374 1033 4411 „lustigen
1054 4374 1215 4405 Weibern"

248 4425 289 4448 an
313 4418 358 4448 die
380 4418 470 4448 Seite
494 4417 596 4453 stellen
618 4416 700 4451 läßt.
744 4416 792 4446 Es
814 4415 850 4450 ist
874 4415 902 4449 so
926 4415 1000 4449 recht
1023 4414 1087 4444 eine
1130 4414 1216 4450 Oper

248 4458 298 4493 für
321 4459 506 4495 jedermann,
545 4459 622 4488 dein»
658 4459 690 4487 eS
713 4455 776 4490 sind
798 4455 850 4485 der
873 4454 1054 4491 geistreichen
1078 4455 1163 4490 Züge
1186 4455 1215 4489 so

248 4499 325 4530 viele
348 4500 379 4530 in
402 4500 493 4535 dieser
518 4496 789 4531 liebenswürdigen
805 4495 952 4530 Partitur
967 4495 1130 4531 enthalten,
1155 4495 1216 4530 daß

249 4540 320 4574 auch
344 4540 410 4571 dem
433 4538 695 4575 aufmerksamste»
719 4537 816 4571 Hörer
839 4535 893 4569 erst
916 4534 962 4564 bei
985 4534 1216 4570 »nehrinaligem

249 4578 409 4615 Genießen
432 4581 494 4612 alle
538 4588 603 4617 zun,
641 4576 837 4611 Bewußtsein
879 4574 1025 4612 komme«,
1073 4575 1215 4609 während

249 4619 417 4654 anderseits
459 4622 507 4652 die
543 4620 647 4656 lustige
670 4618 838 4655 Handlung
860 4615 930 4650 auch
969 4615 1034 4645 den»
1057 4614 1217 4650 oberfläch¬

249 4656 363 4690 lichsten
385 4660 644 4697 Theaterbesucher
668 4659 751 4689 eine»
773 4658 958 4693 vergnügte»
1001 4654 1106 4684 Abend
1153 4662 1217 4684 ver¬

250 4693 356 4731 bürgt.
400 4700 470 4731 Nur
491 4702 542 4731 der
565 4700 685 4735 Schluß
707 4700 758 4729 der
782 4697 867 4733 Oper
910 4695 988 4726 »vird
1011 4694 1061 4730 für
1085 4693 1158 4724 viele
1182 4694 1213 4724 in

250 4734 370 4765 Dunkel
395 4739 507 4773 gehüllt
529 4741 656 4771 bleiben.
679 4739 745 4770 Wie
768 4737 860 4768 Anna
883 4736 968 4770 durch
990 4734 1217 4771 Verwechslung

250 4772 303 4802 der
326 4775 469 4807 Kostüme
492 4782 525 4809 eS
546 4781 623 4817 dazu
645 4780 757 4817 bringt,
805 4778 866 4813 daß
908 4777 985 4812 jeder
1030 4783 1087 4806 von
1133 4774 1216 4810 ihre»

250 4811 353 4843 beiden
375 4815 529 4848 Anbetern
552 4820 653 4854 CajuS
700 4820 763 4850 und
786 4817 931 4854 Spärlich
952 4817 1009 4847 den
1032 4816 1145 4846 andern
1167 4814 1217 4850 für

251 4852 327 4887 feine
371 4854 508 4885 Geliebte
553 4858 614 4892 hält
660 4860 722 4890 und
766 4860 796 4895 so
818 4859 864 4889 die
887 4858 989 4888 beiden
1012 4857 1042 4886 in
1066 4855 1217 4890 törichtem

249 4892 353 4927 Wahn
396 4894 487 4929 Hand
531 4896 563 4926 in
606 4898 696 4932 Hand
740 4900 828 4934 durch
872 4899 928 4930 den
950 4898 1033 4935 Hain
1066 4895 1215 4930 wandeln,

250 4933 393 4968 während
415 4934 467 4969 sich
490 4935 582 4965 Anna
604 4937 661 4968 mit
683 4938 779 4974 ihren»
801 4940 922 4975 Fenton
966 4939 997 4969 in
1040 4938 1091 4968 der
1114 4936 1219 4967 Wald-

250 4974 360 5009 kapelle
383 4978 491 5005 trauen
514 4975 591 5010 läßt,
631 4977 689 5007 das
723 4979 757 5013 ist
781 4979 824 5009 i,n
845 4978 1041 5015 Opernbuche
1064 4978 1140 5013 nicht
1162 4977 1219 5008 mit

250 5015 455 5052 gebührender
478 5015 674 5050 Deutlichkeit
695 5017 938 5055 hervorgehoben
975 5020 1036 5049 u»»d
1058 5022 1092 5049 es
1115 5017 1220 5053 bedarf

249 5055 378 5090 deshalb
414 5056 465 5085 der
503 5055 633 5092 größten
655 5055 900 5091 Anschaulichkeit
924 5059 956 5089 in
978 5059 1029 5089 der
1052 5059 1220 5094 Handlung

249 5097 312 5127 »n,d
335 5096 495 5130 besonders
516 5096 595 5126 einer
617 5094 673 5130 fast
694 5095 885 5130 raffinierten
921 5098 1121 5134 Deutlichkeit
1165 5100 1221 5129 deS

249 5137 400 5173 Dialogs,
428 5144 516 5166 wenn
538 5137 608 5168 auch
630 5135 788 5172 derjenige,
836 5138 956 5173 »velcher
976 5139 1023 5169 die
1045 5139 1133 5174 Oper
1153 5147 1221 5175 zun»

249 5177 410 5212 erstenmal
433 5176 516 5213 sieht,
563 5175 637 5206 über
660 5175 757 5210 nichts
780 5175 823 5206 im
844 5177 989 5209 unklaren
1011 5178 1128 5209 bleiben
1151 5179 1221 5214 soll.

249 5217 325 5248 Das
368 5224 434 5248 »var
477 5224 542 5246 nun
585 5223 636 5246 ain
674 5215 801 5252 Freitag
834 5217 910 5250 nicht
935 5217 966 5247 ln
988 5218 1220 5252 hinreichenden»

370 5258 421 5288 der
445 5257 522 5293 Fa»l
565 5257 627 5287 und
671 5255 766 5291 hierin
809 5255 945 5287 erbllcken
978 5258 1033 5288 mir
1056 5258 1113 5288 den
1135 5258 1220 5288 einen

1266 3936 1396 3972 Mangel
1438 3936 1488 3966 der
1510 3935 1724 3972 Ansführ»»»»g.
1766 3935 1832 3966 Der
1855 3936 1962 3965 andere
2008 3933 2058 3971 lag
2100 3935 2133 3965 in
2177 3936 2228 3966 der
2254 3935 2263 3978 |

1268 3976 1447 4011 Mattigkeit
1489 3976 1564 4006 aller
1609 3976 1671 4006 drei
1706 3975 1878 4009 Aktschlüsse
1916 3976 1975 4005 und
1998 3974 2094 4011 hlefür
2118 3976 2233 4011 inüssen

1268 4016 1326 4046 wir
1346 4016 1504 4051 besonders
1520 4017 1575 4046 den
1587 4016 1744 4046 Vertreter
1765 4017 1820 4045 des
1835 4015 1974 4052 Falstaff,
2001 4015 2100 4050 Herrn
2124 4015 2237 4046 Carl

1269 4054 1579 4091 Neugebauer,
1626 4055 1865 4089 verant»vortlich
1888 4057 2016 4088 mache».
2062 4055 2150 4089 Nicht
2173 4056 2234 4091 daß

1268 4094 1326 4124 wir
1364 4096 1452 4131 sage»
1489 4096 1630 4131 »volltcn,
1676 4104 1706 4126 er
1740 4096 1778 4127 sei
1801 4096 1848 4126 ein
1872 4095 2015 4130 schlechter
2039 4096 2169 4132 Falstaff
2193 4104 2239 4133 ge¬

1268 4134 1377 4171 wesen;
1400 4137 1433 4164 es
1457 4136 1590 4171 mangelt
1615 4135 1677 4170 ihm
1700 4135 1779 4169 nicht
1794 4143 1834 4166 an
1850 4135 1947 4165 einein
1964 4135 2097 4172 gewissen
2116 4136 2239 4171 Huinor

1268 4176 1330 4204 und
1352 4175 1530 4209 »nusikalisch
1553 4175 1652 4210 führte
1675 4183 1705 4206 er
1726 4176 1773 4206 die
1794 4175 2036 4211 anspr»»chSvolle
2059 4176 2153 4207 Nolle
2175 4177 2238 4211 sehr

1266 4217 1322 4249 gut
1343 4214 1440 4250 durch,
1487 4215 1614 4251 obgleich
1656 4214 1703 4245 die
1741 4215 1851 4249 Partie
1874 4215 1917 4245 in,
1939 4215 2105 4246 Trinktiede
2129 4216 2161 4246 in
2183 4217 2238 4246 der

1267 4254 1350 4289 Tiefe
1372 4254 1431 4285 »nit
1452 4255 1503 4286 der
1525 4256 1579 4285 des
1625 4255 1779 4289 Sarastro
1823 4255 1994 4292 metteifert,
2040 4256 2182 4290 während
2208 4256 2240 4286 in

1267 4294 1371 4330 Bezug
1393 4294 1448 4329 auf
1470 4294 1553 4330 Höhe
1577 4294 1698 4325 Nicolai
1721 4295 1781 4325 viel
1803 4296 1927 4331 größere
1949 4296 2116 4332 Ansprüche
2160 4296 2240 4331 stellt

1268 4334 1320 4365 als
1341 4335 1479 4372 Mozart.
1530 4337 1620 4372 Dazu
1643 4334 1840 4370 konstatieren
1862 4335 1919 4366 »vir
1942 4336 2000 4366 »nit
2036 4336 2235 4373 Vergnügen,

1268 4374 1330 4409 daß
1354 4374 1410 4405 »vir
1433 4375 1466 4405 in
1489 4374 1589 4409 Herrn
1613 4374 1814 4411 Neugcbauer
1852 4375 1960 4405 ivieder
1998 4375 2109 4406 einmal
2153 4376 2238 4406 einen

1269 4414 1419 4450 Bassisten
1441 4415 1568 4452 besitze»,
1593 4416 1645 4445 der
1670 4415 1745 4450 nicht
1766 4423 1825 4446 »»ur
1848 4415 1911 4447 rein
1933 4424 1968 4453 zu
1991 4416 2158 4446 intonieren
2175 4424 2240 4447 ver¬

1274 4455 1357 4491 steht,
1383 4456 1509 4490 sondern
1534 4457 1602 4486 dem
1624 4456 1693 4490 auch
1716 4454 1928 4491 rhythmisches
1953 4456 2068 4490 Gefühl
2090 4456 2133 4486 in»
2156 4456 2240 4486 Leibe

1270 4494 1358 4528 fleckt.
1402 4495 1551 4526 Daneben
1573 4496 1627 4531 hat
1649 4504 1680 4526 er
1702 4496 1841 4531 offenbar
1863 4496 1951 4532 gleich
1989 4496 2143 4533 Siegfried
2181 4497 2241 4526 das

1271 4535 1444 4571 „Gruseln"
1468 4536 1543 4570 nicht
1566 4536 1688 4572 erlernt,
1736 4536 1798 4566 und
1841 4537 1900 4566 das
1923 4536 1959 4572 ist
1982 4537 2052 4567 eben
2077 4536 2122 4567 bei
2144 4538 2241 4567 einen»

1268 4574 1556 4610 Bühnendarsteller
1602 4577 1648 4606 ein
1692 4576 1964 4613 schwerwiegender
1987 4577 2133 4614 Mangel.
2180 4577 2241 4607 Die

1269 4615 1367 4651 Gabe,
1397 4614 1585 4651 Todesangst
1611 4623 1662 4651 zur
1683 4615 1882 4652 Anschauung
1906 4623 1940 4652 zu
1963 4616 2096 4653 bringen,
2135 4616 2241 4652 scheint

1269 4654 1331 4689 ihn,
1354 4654 1482 4690 gänzlich
1506 4655 1622 4690 versagt
1643 4663 1679 4692 zu
1701 4655 1771 4691 sein.
1795 4656 1845 4690 In
1868 4658 1925 4686 den
1946 4656 2009 4686 drei
2026 4656 2164 4692 Finales,
2193 4664 2240 4686 >vo

1269 4695 1321 4725 der
1342 4695 1503 4730 erschreckte
1525 4695 1657 4731 Falstaff
1681 4703 1736 4725 vor
1758 4695 1854 4732 Angst
1890 4695 1948 4729 fast
1986 4696 2127 4731 vergehen
2169 4696 2236 4733 soll,

1273 4734 1364 4769 schien
1408 4742 1438 4765 er
1476 4734 1621 4769 vielmehr
1655 4734 1701 4765 die
1722 4735 1821 4770 heilste
1845 4735 1963 4770 Freude
1987 4743 2026 4765 an
2048 4737 2104 4765 den
2128 4735 2241 4771 Possen

1270 4781 1303 4811 zu
1326 4773 1431 4810 haben,
1478 4774 1524 4804 die
1547 4783 1620 4805 man
1643 4775 1701 4805 »nit
1722 4775 1786 4810 ihn,
1810 4774 1896 4812 trieb,
1944 4775 1975 4810 ja
1997 4783 2027 4806 er
2049 4775 2162 4810 »nachte
2185 4776 2241 4806 den

1270 4814 1473 4848 Schabernack
1493 4821 1562 4851 zun,
1585 4815 1699 4851 großen
1720 4814 1788 4845 Teil
1823 4815 1854 4845 in
1877 4814 1998 4850 sichtlich
2020 4816 2241 4852 vergnügtester

1273 4854 1463 4890 Stiminung
1485 4854 1567 4889 selbst
1582 4854 1653 4885 mit.
1680 4854 1823 4888 Dad»»rch
1841 4854 1912 4891 ging
1928 4854 2000 4886 aber
2016 4852 2061 4885 die
2080 4856 2241 4890 Kontrast-

1271 4894 1406 4930 »virkung
1428 4894 1563 4931 zwischen
1584 4893 1651 4923 dem
1675 4893 1878 4930 geängstigten
1902 4894 2006 4924 Ritter
2042 4895 2103 4924 und
2140 4895 2241 4929 seinen

1272 4934 1472 4969 »»ultwillige«
1494 4934 1661 4970 Peinigern
1694 4935 1831 4965 verloren
1864 4934 1925 4964 u»,d
1949 4942 2002 4964 um
2044 4934 2090 4964 die
2134 4934 2242 4971 Hälfte

1271 4976 1324 5006 des
1346 4975 1480 5009 Effektes
1502 4982 1568 5005 war
1591 4977 1625 5004 es
1646 4973 1810 5011 geschehen.

1334 5014 1482 5052 Fräulein
1504 5014 1660 5051 Hanna
1680 5013 1862 5051 Lore«»,
1888 5013 1934 5044 die
1958 5021 2030 5044 neue
2053 5013 2240 5045 Koloratur¬

1273 5055 1421 5094 sängerin,
1446 5055 1498 5090 hat
1520 5056 1583 5085 unS
1606 5055 1657 5085 als
1681 5054 1768 5090 Frau
1784 5053 1882 5090 Fluth
1904 5053 1964 5085 viel
1985 5053 2073 5090 besser
2095 5053 2237 5091 gefallen,

1274 5098 1324 5128 als
1347 5104 1402 5127 vor
1424 5095 1520 5127 einen,
1543 5094 1652 5130 halben
1674 5094 1785 5130 Jahre,
1830 5094 1870 5124 da
1913 5093 1952 5129 sie
1989 5093 2020 5124 in
2041 5094 2091 5124 der
2116 5093 2240 5130 gleichen

1274 5137 1364 5168 Rolle
1386 5136 1448 5172 hier
1470 5135 1618 5173 gastierte.
1662 5134 1724 5170 Ihr
1748 5133 1842 5169 Spiel
1863 5140 1933 5164 »var
1955 5132 2052 5163 belebt
2095 5134 2158 5163 und
2195 5133 2241 5164 die

1275 5177 1418 5209 Stimine
1440 5177 1474 5213 ist
1497 5183 1557 5207 von
1578 5174 1794 5212 angenehmein
1815 5173 1923 5209 Helle,n
1945 5173 2086 5209 Timbre;
2123 5174 2184 5208 daß
2207 5176 2240 5204 eS

1274 5217 1321 5252 ihr
1343 5218 1413 5252 auch
1435 5225 1475 5247 an
1495 5216 1548 5247 der
1570 5216 1694 5252 nötige»
1716 5214 1830 5250 Schule
1852 5214 1929 5250 nicht
1953 5213 2086 5251 gebricht,
2126 5214 2240 5251 zeigten

1243 5251 1252 5292 l
1274 5258 1320 5288 die
1342 5257 1561 5292 Koloraturen,
1600 5255 1699 5290 welche
1721 5248 1805 5289 leicht
1826 5255 1888 5285 und
1911 5253 2112 5291 größtenteils
2134 5252 2240 5289 sauber

2285 3935 2499 3971 bahinflossen.
2523 3935 2581 3964 Um
2597 3934 2645 3964 ein
2664 3935 2848 3971 cndgiitigcS
2867 3934 2959 3965 Urteil
2977 3935 3049 3965 über
3068 3934 3113 3970 ihr
3131 3935 3261 3966 Könne»

2291 3984 2325 4013 z»l
2369 3977 2533 4012 geivinnen,
2583 3975 2695 4009 inüssen
2739 3974 2796 4005 »vir
2837 3974 2876 4010 sie
2898 3975 3005 4010 freilich
3029 3976 3096 4009 noch
3121 3976 3151 4005 in
3175 3976 3258 4006 einer

2291 4015 2585 4051 anspruchsvolleren
2609 4015 2717 4048 Partie
2741 4015 2845 4052 höre»»,
2893 4023 2975 4052 »vozn
3012 4015 3063 4049 sich
3088 4015 3167 4050 »vohl
3188 4015 3260 4045 bald

2292 4063 2388 4092 genug
2403 4055 2595 4092 Gelegenheit
2612 4055 2715 4090 finden
2733 4055 2819 4086 »vird.
2845 4055 2895 4086 An
2911 4055 3059 4091 Fräulein
3077 4056 3108 4086 S
3122 4064 3135 4085 e
3147 4064 3160 4086 e
3173 4055 3189 4085 b
3202 4063 3220 4085 a
3234 4056 3261 4090 ch

2293 4097 2398 4132 (Frau
2419 4096 2522 4131 Reich)
2567 4095 2650 4130 hatte
2688 4094 2727 4130 sie
2750 4095 2812 4125 eine
2836 4095 3069 4131 ausgezeichnete
3092 4095 3262 4128 Partnerin

2292 4137 2354 4165 und
2399 4136 2473 4171 diese
2517 4135 2681 4166 »viederuu»
2719 4136 2766 4166 «in
2801 4135 2993 4166 allerliebstes
3016 4135 3206 4169 Töchterchen
3231 4135 3262 4165 in

2293 4176 2444 4211 Fräulein
2468 4175 2646 4206 Straub
2669 4175 2807 4213 (Anna),
2853 4176 2899 4206 die
2923 4184 2991 4206 von»
3014 4176 3181 4211 Publik»»»»
3205 4176 3263 4206 mit

2293 4216 2455 4247 besonders
2488 4223 2635 4246 »varinen»
2658 4216 2774 4250 Beifall
2797 4215 3019 4253 ausgezeichnet
3042 4217 3157 4247 »vurde.
3202 4216 3264 4246 Sie

2293 4256 2432 4287 entlockte
2455 4257 2498 4287 in»
2520 4258 2619 4293 piano
2643 4256 2721 4290 ihrer
2739 4256 2832 4291 Kehle
2855 4257 2900 4286 die
2923 4257 3047 4291 reinsten
3072 4257 3260 4293 Silbertöne,

2293 4297 2363 4326 aber
2408 4296 2478 4329 auch
2522 4295 2568 4326 bei
2613 4296 2754 4332 größerer
2793 4296 3061 4333 Krastenlfaltung
3104 4296 3180 4327 blieb
3218 4297 3266 4327 die

2296 4336 2440 4366 Stimme
2465 4336 2572 4366 iininer
2596 4336 2772 4371 angenehm,
2801 4336 2839 4370 sie
2862 4336 2950 4372 zeigle
2973 4337 3049 4369 nicht
3074 4336 3155 4370 n»chr
3178 4336 3267 4371 jenen

2293 4375 2499 4411 quetschenden
2559 4375 2628 4405 oder
2685 4375 2883 4410 schctternden
2916 4375 3075 4412 Beiklang,
3122 4376 3172 4406 der
3215 4376 3267 4411 sich

2293 4415 2399 4450 früher
2421 4416 2452 4449 so
2475 4422 2561 4451 gerne
2584 4414 2748 4450 eingestellt
2769 4415 2868 4450 hatte.
2901 4415 2998 4452 Möge
3021 4423 3085 4445 nun
3108 4416 3153 4446 die
3176 4416 3268 4452 junge

2295 4456 2460 4492 Sängerin
2503 4455 2573 4490 auch
2612 4455 2644 4485 in
2681 4456 2740 4485 alle
2762 4455 2900 4491 Zukunft
2921 4456 3031 4490 darauf
3052 4456 3170 4489 bedacht
3193 4456 3264 4493 sein,

2294 4496 2392 4530 ihre»,
2415 4496 2544 4532 Organe
2568 4495 2624 4526 wie
2646 4503 2686 4526 an
2708 4495 2818 4531 diesen,
2834 4495 2954 4525 Abende
2979 4496 3053 4530 nicht
3077 4497 3160 4530 inehr
3182 4503 3267 4533 zuzu-

2294 4540 2410 4572 »ntitot,
2450 4537 2499 4566 als
2521 4538 2554 4565 eS
2578 4535 2653 4570 ohne
2677 4536 2811 4570 Nachteil
2836 4543 2870 4571 zu
2891 4535 2992 4570 leisten
3015 4544 3148 4572 vermag.
3195 4536 3267 4566 Von

2292 4576 2350 4606 den
2397 4575 2521 4612 übrigen
2564 4576 2757 4606 Darstellern
2796 4575 2872 4610 seien
2908 4583 2967 4606 »ur
2988 4576 3059 4610 noch
3081 4576 3126 4605 die
3148 4576 3267 4611 Herren

2295 4615 2325 4645 V
2339 4624 2356 4646 o
2367 4615 2392 4645 ck
2402 4616 2419 4649 h
2433 4624 2450 4645 o
2461 4615 2472 4645 l
2484 4619 2496 4644 t
2529 4616 2589 4644 und
2623 4615 2786 4648 Schade
2818 4618 2961 4650 genannt.
3009 4616 3106 4650 Jener
3130 4623 3194 4645 »var
3218 4616 3267 4645 ein

2293 4654 2423 4689 famoser
2438 4655 2533 4690 Fluth
2549 4655 2611 4684 und
2635 4655 2724 4688 dieser
2748 4654 2819 4690 sang
2843 4655 2898 4685 den
2921 4655 3041 4690 Fenton
3066 4654 3125 4690 sehr
3149 4655 3264 4693 hübsch,

2293 4694 2436 4729 während
2459 4694 2519 4728 ihm
2542 4693 2588 4723 die
2612 4693 2704 4724 kleine
2722 4694 2832 4728 Partie
2855 4695 2908 4724 des
2930 4694 3060 4725 Oberon
3082 4695 3125 4724 in,
3150 4694 3266 4726 dritte»

2293 4734 2367 4765 Akte
2392 4734 2521 4771 weniger
2544 4737 2598 4770 gut
2621 4735 2742 4770 gelang.
2789 4734 2864 4765 DaS
2885 4734 3039 4769 Orchester
3083 4734 3180 4770 führte
3225 4736 3268 4766 in,

2295 4775 2472 4811 Gegensätze
2514 4783 2550 4811 zu
2591 4775 2645 4805 der
2690 4777 2789 4805 etwas
2833 4774 3050 4811 grobkörnigen
3084 4775 3268 4810 Holländer,

2293 4815 2482 4851 ausführung
2504 4814 2624 4848 »na»,che
2639 4814 2769 4851 Episode
2785 4815 2843 4846 mit
2859 4816 3004 4852 geradezu
3022 4815 3268 4850 überraschender

2294 4854 2435 4890 Feinheit
2458 4855 2518 4884 und
2543 4854 2678 4891 Eleganz
2701 4857 2761 4885 auS
2785 4855 2847 4884 und
2869 4856 2920 4886 der
2943 4863 3002 4885 von
3025 4855 3124 4890 Herrn
3147 4856 3269 4891 Kapell-

2294 4894 2411 4925 »ncister
2447 4893 2622 4930 L'Arronge
2665 4894 2822 4931 geleiteten
2854 4894 3051 4931 Aufführung
3095 4895 3166 4929 darf
3212 4895 3267 4925 als

2294 4934 2419 4970 Ganzes
2442 4933 2488 4964 ein
2511 4937 2600 4970 gutes
2622 4934 2761 4970 Zeugnis
2785 4934 2962 4971 ausgestellt
2985 4935 3116 4966 »verden.

2356 5015 2394 5045 T.
2436 5012 2494 5043 Als
2517 5013 2588 5047 erste
2610 5013 2810 5049 Vorstellung
2833 5021 2867 5049 zu
2905 5013 3093 5049 erinäbigtei,
3137 5012 3266 5048 Preisen

2293 5053 2363 5090 ging
2387 5060 2438 5084 an,
2461 5052 2631 5089 San,Stag.
2660 5055 2707 5084 iS.
2731 5054 2795 5089 dS.»
2820 5053 2952 5089 LessingS
2976 5052 3164 5089 „Rathan
3195 5053 3267 5085 der

2292 5092 2447 5129 Weise"
2471 5091 2543 5123 über
2565 5092 2612 5122 die
2634 5092 2754 5128 Bühne.
2803 5092 2851 5122 Es
2873 5092 2992 5123 mattete
3018 5092 3081 5122 kein
3104 5092 3266 5128 besonders

2292 5136 2381 5170 guter
2425 5131 2527 5163 Stern
2559 5131 2632 5162 über
2654 5132 2706 5163 der
2729 5131 2938 5169 Aufführung.
2985 5132 3046 5164 Die
3069 5132 3265 5167 anwesenden

2293 5177 2408 5212 junge»,
2432 5172 2530 5209 Leute,
2576 5172 2623 5202 die
2665 5173 2725 5202 dav
2747 5172 3029 5208 Hauptkontingcnt
3052 5172 3103 5202 der
3123 5170 3267 5207 Besucher

2293 5213 2435 5250 bildeten,
2461 5219 2562 5243 »varen
2584 5211 2660 5247 nicht
2683 5220 2742 5243 n»»r
2765 5211 3017 5249 beifallsfreudig,
3044 5212 3173 5246 sondern
3196 5212 3266 5247 auch

2296 5253 2360 5290 sehr
2385 5252 2552 5290 lachlustig;
2596 5254 2664 5282 »vaS
2709 5251 2799 5286 daher
2821 5252 2981 5288 irgendwie
3004 5252 3059 5287 auf
3080 5252 3133 5283 der
3154 5252 3266 5288 Bühne

3312 3935 3395 3965 einen
3418 3934 3508 3966 Stich
3543 3934 3594 3964 Ins
3617 3934 3768 3968 Komische
3791 3933 3899 3968 erhielt
3921 3949 3961 3955 —
3987 3933 4043 3963 »vie
4066 3932 4110 3963 die

3312 3974 3475 4011 bewegung
3512 3977 3671 4011 geratenen
3696 3974 3836 4009 Palmen,
3886 3973 3933 4003 die
3970 3972 4101 4008 »vacklige

3313 4015 3501 4045 Dekoration
3526 4015 3567 4044 ln»
3583 4013 3838 4049 SultanSpalast,
3865 4014 3916 4043 der
3934 4011 4052 4048 Auszug
4070 4013 4109 4042 bei

3314 4056 3387 4091 eben,
3424 4055 3521 4089 dessen
3543 4054 3700 4089 feierlicher
3722 4054 3825 4089 Pomp
3849 4061 3884 4089 zu
3907 4053 3959 4083 der
3983 4052 4081 4088 Figur
4104 4053 4110 4080 1

3313 4095 3533 4130 Wünsch»,»am»
3565 4094 3648 4124 einen
3682 4094 3891 4130 unangenehm
3922 4093 4096 4127 drastische»,

3315 4135 3438 4171 bildete;
3461 4136 3489 4169 ja
3511 4136 3570 4165 das
3593 4135 3681 4170 bloße
3703 4133 3946 4169 Zubodenfallen
3970 4134 4019 4163 der
4045 4134 4110 4168 Kop

3315 4176 3368 4205 deS
3380 4175 3595 4210 Trinpclherrn
3618 4190 3656 4196 —
3678 4175 3738 4204 daS
3750 4174 3912 4210 entfesselte
3927 4173 4106 4209 HeiterkeitS

3316 4216 3361 4246 die
3383 4224 3434 4252 z»»r
3457 4216 3570 4247 Würde
3591 4216 3645 4246 deS
3668 4216 3812 4246 Dramas
3835 4214 3910 4248 recht
3934 4214 4043 4249 schlecht
4066 4214 4110 4250 pa!

3317 4256 3409 4292 Regie
3454 4257 3531 4286 »vird
3575 4258 3628 4292 gut
3666 4258 3732 4292 tun,
3779 4256 3810 4285 in
3832 4254 3969 4290 Zuku»»ft
4005 4253 4051 4284 ein
4074 4262 4109 4284 m»

3319 4296 3402 4332 Auge
3427 4296 3482 4331 auf
3503 4296 3685 4332 dergleichen
3718 4303 3753 4331 zu
3775 4294 3891 4331 haben;
3935 4295 3985 4324 der
4028 4294 4110 4329 Char

3321 4335 3727 4372 „Klasslkeraufführungeil"
3753 4335 3892 4370 verlangt
3914 4335 3973 4364 daS
3999 4335 4108 4369 gebiete

3318 4377 3516 4411 Aufführung
3560 4376 3670 4409 »nachte
3715 4378 3775 4404 uns
3799 4374 3855 4404 mit
3879 4374 3950 4410 zwei
3972 4381 4066 4403 neuen
4088 4374 4110 4404 K

3319 4417 3424 4446 rannt:
3448 4417 3504 4446 mit
3522 4416 3620 4451 Herrn
3638 4415 3757 4450 Krauß,
3785 4415 3835 4444 der
3850 4415 3906 4444 den
3922 4414 4110 4449 Teinpelher,

3319 4457 3380 4486 und
3404 4456 3471 4491 Frl.
3498 4456 3612 4490 Einn»y
3635 4454 3761 4489 Möller,
3791 4454 3890 4488 welche
3912 4454 3966 4484 als
3988 4453 4084 4488 Recha
4107 4454 4110 4464 '

3318 4496 3385 4526 Wir
3408 4496 3519 4526 wollen
3542 4496 3579 4530 sie
3601 4494 3670 4528 nach
3694 4494 3790 4528 diesen
3812 4494 3907 4529 ersten
3931 4493 4059 4527 Proben
4096 4501 4110 4523 »

3319 4535 3496 4571 beurteilen;
3518 4536 3596 4566 dem»
3618 4534 3700 4564 beide
3724 4534 3813 4565 litten
3839 4533 3977 4569 offenbar
3993 4542 4034 4564 an
4050 4534 4110 4564 Lan

3319 4575 3497 4611 »venIgNeuS
3540 4574 3641 4610 hoffen
3686 4573 3743 4605 »vir
3765 4574 3826 4605 daS
3848 4582 3885 4610 zu
3908 4574 3992 4610 ihren
4016 4574 4110 4610 Gunf

3320 4615 3461 4652 Duschak,
3507 4615 3558 4646 als
3579 4614 3717 4651 Nathan,
3765 4615 3849 4649 hatte
3894 4614 3970 4650 seine
3991 4614 4082 4645 Nolle
4105 4624 4110 4649 ,

3320 4655 3423 4692 mäßig
3445 4654 3514 4689 noch
3536 4655 3613 4690 nicht
3635 4655 3665 4689 so
3688 4654 3768 4691 inne,
3814 4654 3876 4689 daß
3919 4662 3950 4685 er
3992 4662 4026 4690 zu
4049 4653 4110 4684 «ln«

3320 4695 3452 4732 Freiheit
3476 4696 3531 4725 deS
3552 4695 3669 4731 Spiels
3692 4696 3840 4732 gelangte,
3867 4694 3930 4724 und
3953 4694 4034 4728 selbst
4058 4693 4110 4723 ein

3319 4735 3540 4772 Versprechung
3563 4735 3597 4769 ist
3621 4735 3683 4770 ihm
3705 4734 3841 4770 passiert;
3886 4733 3915 4767 so
3940 4733 3996 4763 viel
4020 4733 4077 4763 »vir
4100 4740 4109 4762 »

3321 4776 3399 4811 Herr
3422 4775 3557 4811 Duschak
3599 4775 3630 4805 in
3673 4774 3802 4810 jüngster
3823 4772 3894 4809 Zeit
3914 4773 3978 4803 ein«
4002 4772 4106 4804 Krank

3320 4816 3468 4852 gemacht;
3492 4816 3537 4849 ihr
3560 4813 3699 4849 schreiben
3716 4815 3771 4843 wir
3788 4820 3833 4850 zu,
3858 4820 3946 4843 wenn
3961 4813 4012 4843 der
4028 4812 4106 4847 tücht

3321 4855 3424 4891 spielet
3447 4854 3523 4888 nicht
3545 4853 3661 4884 überall
3685 4852 3744 4882 das
3764 4852 3833 4889 gab,
3880 4854 3949 4882 was
3984 4858 4060 4882 man
4081 4859 4110 4882 v<

3320 4897 3471 4925 erivarten
3493 4895 3570 4928 sonst
3591 4894 3650 4923 daS
3672 4892 3761 4926 Recht
3785 4891 3893 4928 gehabt
3916 4891 4009 4927 hätte.
4036 4891 4103 4928 Frl.

3320 4933 3352 4963 in
3372 4933 3470 4965 einem
3494 4931 3700 4969 unmöglichen
3744 4932 3883 4968 Kostüm,
3933 4939 3997 4962 war
4045 4931 4108 4963 eine

3321 4977 3432 5003 »mite«
3457 4972 3578 5008 SIttah,
3625 4972 3704 5007 Herr
3727 4971 3779 5002 W.
3800 4971 3940 5003 Mauren
3987 4972 4034 5003 ein
4067 4980 4110 5003 »»,<

3319 5013 3401 5045 sicher
3424 5012 3475 5043 als
3498 5012 3736 5047 imponierender
3758 5011 3902 5049 Sultan;
3946 5013 4023 5049 recht
4044 5013 4110 5049 hüb!

3319 5052 3371 5087 sich
3391 5053 3437 5083 die
3460 5052 3578 5088 Herren
3600 5052 3771 5086 Eberhardt
3795 5053 3846 5083 als
3869 5054 4022 5090 Denvisch
4064 5062 4107 5085 »in

3319 5092 3368 5122 als
3390 5091 3621 5127 Klosterbruder
3644 5092 3701 5122 mit
3724 5092 3811 5128 ihren
3833 5092 3951 5124 Rollen
3988 5093 4043 5131 ab;
4087 5101 4107 5123 „

3318 5132 3421 5168 wisse»,
3458 5132 3725 5169 grin,assiere»,de»,
3747 5132 4024 5171 ilebertreibungen
4047 5133 4110 5169 soll!

3319 5172 3424 5207 erstere
3447 5172 3516 5208 nach
3539 5171 3669 5208 Kräften
3692 5172 3796 5207 hüten.
3842 5173 3905 5205 Die
3930 5173 4005 5209 feine
4041 5175 4110 5206 Kon

3320 5213 3417 5249 Figur
3458 5214 3513 5244 de»
3555 5213 3742 5249 Der»vische8
3773 5214 3879 5249 bedarf
3910 5214 4015 5250 solcher
4038 5214 4110 5249 Zut«

3289 5244 3296 5288 I
3318 5252 3380 5284 Die
3402 5253 3490 5289 Daja
3511 5254 3563 5285 der
3585 5254 3654 5291 Frl.
3679 5254 3765 5285 Orla
3790 5262 3853 5285 »var
3877 5253 3940 5284 eine
3965 5254 4085 5284 wacker«
4107 5257 4110 5280 !
