2254 2953
173 99 420 127 Vorausbezahlung.

176 128 271 155 Jährlich
286 127 310 150 in
323 127 407 153 Zürich.

155 156 255 184 Schwfrk.
262 157 283 179 8.
305 156 344 180 3m
353 162 429 185 ganzen

154 186 274 213 Postrayon
278 184 353 211 Zürich
358 185 429 212 franke

174 213 296 242 Gchwzrfrk.
308 215 320 235 S
329 213 373 240 Btz.
380 213 401 235 2.

155 240 424 273 Emnickungsgedühr:

155 278 201 301 Der
208 276 280 299 Raum
291 275 346 299 einer
356 275 429 302 Petit-

181 305 239 332 Zelle
253 307 265 327 i
280 305 327 333 Srz.
341 306 365 326 L
375 306 402 328 V.

195 360 279 387 Briefe
291 360 388 387 franko.

150 469 470 529 Donnerstag

1013 78 1127 144 Nr,
1157 76 1315 142 *37.

892 423 1194 462 Ächtundzwanzig-ter
1215 422 1379 463 Jahrgang.

754 524 844 556 Druck
860 524 918 559 un-
937 522 1045 562 Verlag
1065 526 1121 555 von
1138 521 1221 555 Orell
1258 520 1343 560 Küßli
1361 521 1417 552 und
1436 521 1537 558 Somp.

754 590 971 597 .
1078 579 1083 594 '•
1361 587 1368 590 "
1390 587 1391 590 1
1428 587 1432 590 •

1914 99 2087 128 BestelluugE

1862 128 1896 155 für
1918 128 1950 151 die
1975 128 2070 157 Schweiz
2092 129 2135 152 «ntz

1816 155 1844 188 (■
1860 156 2001 185 Deutschland
2008 156 2135 185 x.besäranr

1862 184 1904 209 alle
1918 185 1934 207 l.
1948 182 2081 213 Postämter;
2101 186 2136 213 für

1861 212 1967 242 England,
1978 213 2097 240 Frankreich
2109 219 2135 237 x.

1859 243 1903 275 Hr.
1916 243 1950 269 G.
1957 243 1994 273 A.
2000 243 2136 272 Äleranbrs

1899 276 2042 306 Brandgaffe,
2057 278 2093 306 28,

1804 315 1838 350 ^
1912 305 1936 328 in
1948 304 2083 334 Straßbur-.

1899 360 1986 389 Briefe
1997 362 2097 390 fron*«»

1659 467 1725 511 dm
1754 467 1828 509 24.
1846 466 1983 521 August
2011 465 2145 511 1848.

491 639 764 680 Schweiz.

196 733 330 772 Luzern.
350 732 461 771 (Korr.)
482 733 523 764 ES
541 732 571 769 ist
589 730 742 768 beispiellos,
761 730 864 768 welches
877 729 995 762 Getriebe
1009 729 1048 761 die
1060 729 1121 768 zwei

140 780 222 819 letzten
242 779 312 817 Tage
329 784 378 809 vor
396 780 439 809 der
458 778 643 815 Abstimmung
662 776 724 807 über
734 776 774 807 die
786 784 849 807 neue
862 775 1120 813 Bundesverfassung

140 834 171 864 zu
191 825 258 861 Thal
277 826 331 854 und
351 824 423 860 Berg
444 823 503 861 statt
521 823 598 858 hatte,
617 830 664 852 um
682 822 721 852 die
741 821 916 859 Verwerfung
935 829 967 861 zu
985 820 1116 851 bewirken.

139 870 191 901 Die
208 870 382 907 sogenannten
401 868 604 906 Konservativen
624 866 754 898 bedienten
773 867 816 903 fich
836 868 879 897 der
898 865 1045 903 Kriegslist,
1074 865 1118 902 sich

139 924 205 954 ganz
223 914 395 952 gleichgültig,
411 914 440 950 ja
459 913 536 951 sogar
552 914 596 944 der
620 911 879 949 Bundesverfassung
899 910 1002 945 beinahe
1020 910 1120 948 geneigt

138 968 169 998 zu
189 959 280 998 zeigen,
298 968 342 989 um
363 959 401 989 die
415 957 548 988 Liberalen
567 957 772 995 einzuschläfern.
810 955 897 986 Allein
915 955 977 991 auch
995 955 1057 992 diese
1070 954 1119 992 List

138 1005 253 1041 fruchtete
272 1005 364 1039 nichts.
405 1003 455 1033 Die
473 1002 543 1040 Zahl
554 1003 597 1034 der
617 1002 816 1036 Verwerfenden
829 1001 859 1036 ist
872 1000 1005 1032 bedeutend
1018 1000 1118 1035 kleiner,

137 1051 179 1081 als
199 1049 236 1079 bei
254 1051 296 1079 der
308 1048 569 1086 Klosteraufhebung,
589 1053 665 1077 wenn
684 1055 747 1077 man
766 1047 793 1077 in
810 1046 965 1083 Erwägung
978 1045 1049 1083 zieht,
1069 1045 1118 1079 daß

136 1098 196 1125 dort
213 1094 241 1124 in
259 1094 324 1131 zirkd
343 1094 380 1123 20
400 1093 557 1123 Gemeinden
583 1092 650 1127 nicht
670 1091 828 1128 abgestimmt
847 1093 942 1127 wurde,
962 1090 1048 1126 welche
1069 1090 1118 1119 im¬

137 1139 235 1177 merhin
254 1139 317 1175 noch
337 1139 377 1169 ein
396 1138 534 1176 ziemliches
555 1136 719 1174 Kontingent
738 1136 918 1171 Verwerfende
937 1135 1047 1174 geliefert
1060 1134 1119 1170 hät¬

136 1189 190 1216 ten.
230 1183 312 1222 Fragt
331 1191 393 1213 man
414 1191 468 1213 nun
487 1182 526 1213 die
543 1182 625 1217 Leute,
652 1188 755 1211 warum
775 1181 805 1218 fie
823 1188 866 1211 am
885 1181 967 1219 letzten
986 1179 1117 1217 Sonntag

135 1239 179 1269 zur
191 1229 364 1266 Verwerfung
375 1229 509 1266 gestimmt,
530 1228 555 1264 so
569 1227 707 1258 vernimmt
719 1234 783 1256 man
796 1225 834 1256 die
844 1224 1112 1262 seltsamstenGründe.

135 1276 208 1305 Man
226 1274 288 1311 habe
307 1274 385 1311 ihnen
406 1274 492 1312 gesagt
510 1273 547 1303 im
564 1271 637 1307 Falle
654 1275 699 1303 der
713 1271 853 1308 Annahme
865 1271 943 1309 müsse
955 1269 984 1300 in
995 1268 1117 1305 Zukunft

134 1320 172 1351 die
199 1318 303 1357 Jugend
328 1319 390 1355 nach
417 1318 510 1354 Zürich
537 1318 564 1348 in
584 1317 621 1347 die
640 1315 775 1352 Schulen,
798 1316 835 1347 die
855 1314 1115 1352 Militärpflichtigen

134 1366 196 1400 nach
215 1363 289 1394 Bern
308 1363 335 1393 in
355 1363 392 1393 die
412 1363 592 1399 Instruktion,
618 1365 670 1392 aus
689 1363 738 1391 den
755 1359 864 1396 Kirchen
889 1361 988 1391 werden
1006 1359 1044 1390 die
1064 1358 1117 1389 Ta¬

133 1409 247 1440 bernakel
271 1408 354 1444 sofort
378 1414 587 1446 weggenommen
607 1415 633 1437 u.
652 1406 704 1443 dgl.
752 1405 825 1436 Man
851 1406 914 1441 muß
932 1405 962 1435 in
980 1406 1023 1434 der
1041 1403 1113 1439 That

133 1456 195 1486 über
220 1454 257 1484 die
284 1454 439 1491 Dummheit
467 1456 510 1484 des
538 1452 624 1484 Volks
649 1452 797 1488 erstaunen,
822 1451 925 1488 welches
946 1450 1006 1485 stets
1026 1449 1116 1480 wieder

132 1501 207 1532 durch
226 1499 263 1529 die
282 1499 391 1535 gleichen
412 1498 538 1534 Märchen
556 1493 600 1534 fich
620 1496 740 1534 bethören
759 1497 822 1532 läßt.
863 1496 909 1525 So
922 1495 973 1533 gab
986 1502 1049 1524 man
1062 1493 1116 1528 ihm

132 1552 177 1583 zur
196 1544 253 1580 Zeit
272 1545 316 1574 des
343 1543 540 1574 Sonderbunds
559 1547 622 1577 vor,
647 1542 710 1578 daß,
736 1547 813 1571 wenn
831 1539 908 1576 dieser
927 1539 1008 1569 Bund
1028 1538 1116 1575 aufge¬

132 1588 188 1619 löst
204 1590 302 1623 werde,
332 1596 393 1617 man
412 1589 467 1617 dem
486 1587 569 1618 Volke
589 1586 628 1616 die
655 1586 782 1624 Religion
804 1585 912 1623 nehmen
931 1585 1020 1614 werde.
1060 1583 1115 1613 Der

132 1633 311 1665 Sonderbund
330 1634 426 1669 wurde,
446 1634 498 1662 und
519 1640 588 1671 zwar
605 1632 681 1667 durch
705 1630 812 1661 Gewalt
829 1631 872 1660 der
890 1628 1006 1666 Waffen,
1025 1629 1112 1666 aufge¬

130 1678 195 1709 löst.
232 1678 319 1709 Allein
337 1678 457 1708 niemand
479 1678 562 1715 «astete
575 1676 613 1707 die
626 1675 755 1713 Religion
768 1677 810 1706 der
823 1673 1041 1705 Sonderbündler
1054 1673 1115 1710 auch

129 1732 182 1754 nur
206 1729 257 1754 von
288 1725 357 1759 ferne
382 1731 417 1752 an
442 1724 495 1752 und
520 1723 631 1758 dennoch
651 1721 765 1758 schenken
793 1720 869 1751 Viele
888 1718 1022 1757 ähnlichen
1040 1717 1116 1748 Vor¬

132 1769 308 1807 spiegelungen
326 1768 399 1804 schon
420 1767 509 1796 wieder
529 1767 661 1797 Glauben.

183 1813 221 1836 —
256 1813 290 1832 **
328 1813 383 1842 Der
403 1810 507 1849 Antrag
533 1813 576 1842 des
596 1811 684 1845 Herrn
704 1810 877 1848 Gritzner,
908 1808 1115 1846 österreichischen

131 1859 325 1897 Abgeordneten
346 1859 382 1887 im
402 1857 570 1891 Parlamente
590 1864 619 1893 zu
641 1854 791 1890 Frankfurt,
810 1855 871 1885 über
890 1853 1051 1891 Aufhebung
1070 1855 1114 1884 des

131 1904 265 1936 CölibateS
286 1903 331 1939 hat
350 1901 390 1932 bis
413 1903 465 1939 jetzt
484 1908 537 1932 von
557 1901 607 1932 111
629 1900 800 1938 Mitgliedern
819 1899 858 1930 die
869 1898 1055 1936 Zustimmung
1076 1906 1113 1928 er¬

129 1950 225 1985 halten.
263 1947 316 1977 Die
335 1946 570 1984 ausgezeichnetsten
592 1945 696 1975 Namen
715 1945 768 1982 find
796 1951 872 1975 unter
900 1944 991 1981 ihnen,
1010 1944 1058 1973 wie
1077 1944 1114 1973 die

128 1994 197 2025 eines
217 1992 349 2028 Flotiwel,
369 1991 563 2028 Sommaruga,
584 1989 755 2027 Auersperg,
774 1988 803 2022 I.
817 1989 934 2025 Grimm,
954 1989 1114 2025 Eisenmann

128 2048 155 2071 u.
175 2048 199 2069 a.
220 2046 254 2068 m.
294 2038 421 2075 Dagegen
446 2036 527 2072 haben
555 2034 644 2071 bisher
670 2036 687 2065 3
713 2034 831 2071 römische
850 2033 966 2072 Bischöfe
991 2035 1044 2064 und
1076 2032 1112 2064 65

127 2084 302 2122 Abgeordnete
316 2083 359 2119 fich
373 2081 583 2119 ausgesprochen,
602 2083 736 2110 worunter
755 2080 866 2116 mehrere
884 2079 1004 2110 bekannte
1029 2078 1114 2109 ultra-

127 2134 251 2160 montane
272 2127 463 2165 Parteigänger
487 2127 547 2163 find.
587 2125 704 2162 Welches
731 2124 801 2156 LooS
828 2124 905 2162 dieser
923 2123 1028 2161 Antrag
1048 2124 1111 2159 auch

129 2175 221 2206 immer
239 2173 320 2210 haben
339 2181 418 2210 mag,
445 2179 472 2202 er
488 2171 519 2208 ist
538 2178 615 2210 gegen
636 2170 675 2201 ein
693 2168 896 2208 ZwangSgebot
914 2168 1043 2207 gerichtet,
1064 2170 1111 2199 das

127 2220 186 2250 eben
214 2219 240 2255 so
265 2226 343 2256 gegen
368 2217 405 2247 die
426 2216 644 2253 Menschennatur
668 2215 717 2246 wie
744 2223 823 2252 gegen
848 2215 895 2245 das
915 2213 1111 2250 Christenthum

127 2265 171 2303 fich
192 2263 299 2300 verstößt
318 2264 371 2292 und
389 2262 527 2299 physisches
552 2262 606 2292 und
625 2260 786 2297 moralisches
806 2259 952 2290 Verderben
971 2259 1000 2288 in
1019 2259 1111 2295 seinem

128 2309 238 2346 Gefolge
261 2308 316 2345 hat.
355 2308 407 2338 Die
427 2306 568 2344 Geschichte
597 2307 666 2337 eines
696 2305 832 2341 Kaspar
861 2304 1009 2342 Hauser,
1038 2304 1111 2340 jenes

126 2352 432 2391 erbarmungswürdigen
446 2351 595 2390 Findlings,
615 2351 646 2387 ist
664 2350 815 2381 allbekannt.
854 2349 927 2385 Nach
945 2350 993 2379 den
1007 2348 1108 2386 Ergeb¬

128 2399 207 2437 nissen
225 2401 266 2430 der
286 2398 401 2435 neuesten
414 2396 594 2434 Forschungen
611 2395 675 2426 über
692 2395 747 2433 ihn,
768 2395 815 2425 wie
832 2394 864 2432 fie
883 2394 994 2432 mehrere
1006 2393 1112 2424 Blätter

128 2444 259 2480 brachten,
287 2442 334 2479 soll
362 2442 405 2479 fich
432 2442 473 2472 als
493 2440 601 2480 ziemlich
621 2440 702 2479 gewiß
722 2438 916 2476 Herausstellen,
950 2438 1000 2475 daß
1025 2446 1051 2468 er
1070 2440 1113 2469 der

128 2490 212 2525 Sohn
230 2488 298 2518 eines
320 2486 507 2525 hochgestellten
526 2486 692 2524 katholischen
711 2484 879 2522 Geistlichen,
900 2483 970 2515 eines
990 2483 1111 2519 Bischofs

127 2535 155 2565 in
174 2535 281 2571 Bayern
301 2532 411 2570 gewesen
432 2532 473 2567 sei.
513 2531 575 2562 Wie
594 2534 650 2561 dem
669 2532 745 2566 auch,
777 2529 805 2566 so
832 2529 882 2560 viel
900 2528 930 2568 ist
948 2528 1109 2567 zuverlässig,

127 2580 176 2614 daß
196 2579 244 2608 das
263 2577 369 2609 Cölibat
387 2575 426 2607 die
444 2577 548 2613 Ursache
566 2581 619 2607 von
639 2575 813 2615 unzählbaren
834 2572 1111 2612 Unglücksgeschichten

127 2624 236 2662 gewesen
255 2622 285 2658 ist
305 2623 358 2652 und
378 2622 468 2657 fortan
488 2623 550 2659 noch
569 2621 606 2658 ist,
628 2622 665 2651 die
684 2627 760 2651 wem»
780 2620 841 2658 auch
861 2618 973 2657 weniger
990 2618 1109 2655 bekannt,

126 2670 187 2706 doch
215 2667 279 2703 nicht
309 2666 421 2704 weniger
445 2666 661 2705 beklagenSwerth
686 2666 749 2702 find.
802 2664 866 2696 Wer
891 2666 923 2695 da
950 2663 990 2695 die
1017 2663 1111 2700 Ketten

126 2713 203 2751 löset,
232 2715 328 2744 nimmt
351 2714 399 2742 den
421 2711 502 2742 Bann
532 2713 576 2743 deS
597 2710 708 2748 Fluches
734 2716 789 2741 von
807 2709 966 2747 Tausenden.
986 2724 1022 2731 —
1047 2707 1112 2740 Wir

126 2759 214 2796 wissen
232 2762 260 2788 eS
278 2757 366 2794 wohl,
383 2755 460 2789 Viele
478 2755 593 2792 möchten
610 2756 650 2786 die
667 2755 809 2793 Aufgaben
825 2756 872 2787 deS
889 2754 986 2788 Lebens
1003 2752 1054 2785 wie
1072 2752 1112 2784 die

127 2805 170 2839 der
183 2803 280 2842 Schule
293 2801 453 2842 klaffenartig
473 2799 551 2840 lösen,
569 2801 648 2841 zuerst
660 2801 710 2833 da»
722 2799 861 2839 Politische
878 2798 1023 2833 inSReine
1039 2797 1112 2831 brin¬

1161 644 1210 674 gen
1228 637 1282 666 und
1300 634 1409 673 hernach
1428 633 1475 670 erst
1493 633 1542 664 mit
1566 635 1622 665 dem
1641 634 1799 672 Kirchlichen
1824 633 1960 672 beginnen.
1998 633 2064 670 Ihre
2083 633 2151 670 Kas¬

1160 675 1352 719 sandrastimme
1369 679 1415 715 hat
1432 678 1560 717 vielfältig
1580 682 1705 718 gewarnt.
1745 678 1832 711 Allein
1845 679 1955 712 wandte
1967 680 2058 711 Natur
2070 679 2148 716 durch

1160 726 1198 756 die
1216 724 1344 762 innigsten
1363 723 1456 754 Bande
1475 723 1601 761 vereinigt
1610 734 1620 763 ;
1649 726 1697 754 das
1717 724 1785 753 kann
1803 726 1848 755 der
1865 724 1972 761 Mensch
1993 724 2060 761 nicht
2080 726 2151 754 tren¬

1160 779 1224 806 nen,
1253 772 1307 800 und
1334 768 1380 799 wie
1401 768 1478 799 Seele
1498 770 1550 798 und
1570 768 1626 799 Leib
1644 769 1698 807 find
1718 769 1809 804 Kirche
1828 771 1882 799 und
1901 769 1987 800 Staat
2004 769 2034 804 in
2053 769 2151 804 unauf¬

1160 812 1291 852 löslichem
1310 813 1592 851 Wechselverhältniffe.
1630 813 1726 850 Belege
1745 814 1823 850 dafür
1841 813 1923 852 liegen
1942 814 2042 846 überall
2059 813 2088 844 in
2107 814 2150 844 der

1159 860 1244 897 Nähe.
1283 859 1346 890 Den
1365 858 1511 896 kirchlichen
1531 859 1651 894 Eiferern
1670 860 1724 888 und
1744 853 1792 890 den
1811 860 1886 896 durch
1911 859 1942 895 fie
1960 859 2075 896 politisch
2097 857 2151 892 Fa-

1159 905 1313 943 natifirten,
1331 904 1370 935 die
1387 904 1436 935 wie
1454 905 1497 935 der
1520 903 1693 940 Muselmann
1710 904 1774 941 nach
1786 904 1880 935 Mekka
1896 905 1947 934 mit
1957 904 2032 940 ihren
2044 903 2152 935 Gedan¬

1159 951 1204 982 ken
1223 951 1277 980 und
1297 949 1442 987 Wünschen
1460 949 1523 981 nach
1543 950 1585 980 der
1603 948 1760 986 Kaiserstadt
1785 957 1819 979 an
1838 950 1882 980 der
1900 949 2003 980 Donau
2022 950 2067 987 fich
2086 949 2152 987 rich¬

1159 999 1216 1031 ten,
1237 993 1351 1030 möchten
1369 994 1419 1026 wir
1438 994 1571 1032 erzählen,
1599 997 1658 1026 was
1677 993 1707 1024 in
1726 995 1770 1024 der
1788 994 1902 1030 neueste»
1920 993 1981 1030 Zeit
2008 995 2058 1031 auf
2073 994 2151 1031 kirch¬

1158 1040 1245 1078 lichem
1264 1039 1369 1070 Gebiete
1393 1038 1499 1078 daselbst
1525 1039 1570 1076 fich
1596 1039 1712 1077 begebene
1751 1039 1814 1070 Den
1842 1038 1886 1070 15.
1906 1038 2010 1077 August
2037 1045 2094 1070 war
2112 1038 2150 1070 im

1159 1086 1255 1123 großen
1274 1084 1439 1121 Odeonsaale
1462 1084 1490 1115 in
1509 1085 1553 1114 der
1570 1083 1764 1121 Leopoldsstadt
1782 1081 2058 1122 deutsch-katholischer
2076 1083 2150 1115 Got¬

1158 1130 1285 1168 tesdienst.
1325 1128 1445 1165 Mehrere
1464 1129 1598 1166 Tausende
1616 1128 1730 1165 nahmen
1743 1128 1821 1164 Theil
1835 1131 1931 1159 daran.
1961 1129 2022 1160 Wie
2035 1128 2075 1160 die
2087 1127 2151 1166 Zeit

1157 1175 1202 1213 fich
1221 1175 1321 1205 ändert.
1360 1173 1430 1204 WaS
1451 1179 1500 1204 vor
1518 1173 1631 1211 Kurzem
1649 1174 1713 1209 noch
1733 1167 1783 1205 mit
1798 1167 1866 1211 Acht
1884 1171 1938 1204 und
1951 1173 2035 1204 Bann
2054 1174 2147 1212 belegt,

1157 1220 1221 1259 zeigt
1246 1219 1291 1257 fich
1312 1218 1378 1256 offen
1407 1225 1456 1250 vor
1473 1220 1522 1248 den
1540 1217 1635 1256 Augen
1664 1217 1726 1249 aller
1754 1210 1835 1249 Äelt.
1856 1233 1891 1241 —
1923 1212 2147 1257 Klostergeisttiche

1157 1265 1247 1303 senden
1264 1263 1416 1295 Petitionen
1434 1263 1476 1294 ein
1503 1271 1551 1293 um
1569 1262 1735 1301 Aufhebung
1751 1260 1796 1294 der
1813 1262 1926 1301 Klöster.
1946 1279 1982 1287 —
2014 1262 2149 1300 Geistliche

1158 1317 1210 1341 von
1222 1309 1323 1340 Brünn
1342 1308 1480 1346 verlangen
1499 1314 1553 1339 von
1565 1309 1609 1339 der
1621 1307 1962 1348 Nationalversammlung:
1984 1308 2150 1348 Aufhebung

1157 1357 1200 1385 der
1207 1353 1351 1394 kirchlichen
1363 1355 1417 1383 und
1429 1353 1577 1390 politischen
1587 1352 1763 1392 Verbindung
1770 1354 1820 1385 mit
1831 1353 1922 1392 Rom;
1932 1370 1971 1376 —
1984 1355 2145 1393 Errichtung

1157 1400 1226 1431 eines
1247 1398 1341 1435 kathol.
1357 1397 1642 1435 OberkonfistoriumS;
1656 1412 1694 1421 —
1717 1398 1878 1438 Aufhebung
1889 1401 1934 1431 deS
1954 1399 2148 1438 hierarchischen

1155 1445 1288 1482 Zwanges
1308 1445 1362 1474 und
1380 1445 1426 1474 deS
1445 1442 1585 1481 geistlichen
1597 1443 1719 1474 Standes
1740 1443 1784 1475 als
1796 1444 1906 1481 Stand;
1925 1460 1961 1467 —
1981 1444 2148 1485 Beeidigung

1156 1493 1199 1520 der
1218 1488 1369 1527 Geistlichen
1393 1488 1442 1522 auf
1466 1488 1504 1518 die
1523 1487 1721 1525 Konstitution;
1740 1503 1780 1509 —
1796 1487 1972 1527 Abschaffung
2000 1491 2044 1521 der
2073 1489 2149 1527 geist¬

1155 1534 1235 1573 lichen
1264 1531 1403 1571 Abzeichen
1432 1541 1490 1570 xro
1517 1530 1604 1568 koro;
1623 1547 1661 1554 —
1686 1530 1850 1571 Feststellung
1879 1535 1924 1565 deS
1949 1533 2076 1571 Gehaltes
2103 1532 2148 1564 als

1156 1579 1311 1607 Minimum
1329 1578 1385 1607 400
1398 1576 1446 1608 Gl.
1458 1576 1491 1607 C.
1505 1577 1567 1612 M.,
1587 1577 1630 1609 als
1649 1577 1811 1606 waximum
1831 1578 1935 1614 12,000
1948 1578 1997 1609 Gl.
2009 1595 2048 1601 —
2066 1578 2146 1615 Diese

1155 1624 1313 1661 Vorschläge
1332 1622 1435 1657 dürften
1454 1629 1500 1660 zur
1520 1621 1675 1661 Grundlage
1694 1624 1738 1653 der
1756 1622 1954 1662 Umgestaltung
1971 1626 2014 1655 der
2032 1623 2146 1659 katholi¬

1155 1669 1225 1706 schen
1245 1666 1422 1702 StaatSkirche
1440 1665 1611 1705 Oesterreichs
1640 1667 1737 1699 dienen.
1767 1683 1802 1690 —
1833 1666 1876 1705 Ist
1901 1671 1929 1699 eS
1955 1668 2023 1705 nicht
2051 1668 2093 1699 als
2113 1667 2148 1705 sek

1154 1713 1244 1751 Kaiser
1261 1712 1360 1750 Joseph
1379 1712 1419 1740 II.
1441 1712 1563 1749 verjüngt
1589 1711 1681 1744 wieder
1708 1712 1905 1750 auferstanden?
1926 1729 1963 1736 —
1994 1712 2034 1746 In
2064 1713 2147 1745 Wien

1155 1759 1203 1796 soll
1216 1758 1257 1789 ein
1271 1757 1475 1796 Schusterjunge
1488 1757 1725 1795 vorübergehenden
1737 1757 1916 1796 Ligorianern,
1936 1758 1978 1789 als
1992 1758 2031 1789 die
2044 1759 2146 1790 Statue

1155 1806 1200 1834 des
1219 1803 1325 1839 Kaiser»
1345 1802 1468 1840 gereinigt
1487 1803 1584 1838 wurde,
1604 1803 1654 1838 auf
1670 1803 1708 1833 die
1725 1801 1818 1841 Frage,
1838 1805 1896 1833 waS
1915 1804 1948 1833 da
1967 1803 2086 1842 geschehe,
2106 1804 2146 1836 die

1154 1848 1281 1879 Antwort
1301 1847 1409 1886 gegeben
1428 1846 1524 1884 haben:
1557 1855 1620 1877 man
1645 1847 1771 1883 bestreiche
1788 1847 1896 1885 deßhalb
1921 1850 1969 1879 den
1986 1849 2077 1886 Kaiser
2095 1849 2146 1880 mit

1154 1893 1264 1931 Wasser,
1283 1892 1342 1923 weil
1361 1895 1387 1922 eS
1408 1891 1463 1929 ihm
1481 1892 1598 1930 jederzeit
1615 1892 1674 1922 übel
1692 1894 1784 1929 werde,
1802 1898 1879 1923 wenn
1893 1893 1975 1925 Einer
1993 1899 2047 1925 von
2065 1893 2146 1930 ihnen

1154 1938 1336 1975 vorübergehe.
1374 1936 1517 1973 Vielleicht,
1536 1937 1585 1972 daß
1597 1936 1734 1976 Mancher,
1753 1938 1795 1968 der
1813 1938 1863 1968 mit
1874 1940 1931 1969 dem
1943 1938 2034 1976 Kaiser
2045 1938 2143 1977 tröstet,

1153 1984 1215 2021 auch
1235 1983 1336 2019 Wasser
1355 1980 1447 2019 nölhig
1466 1981 1521 2018 hat,
1539 1987 1617 2012 wenn
1636 1990 1662 2014 er
1681 1990 1717 2012 an
1735 1982 1797 2019 diese
1815 1982 1976 2021 Vorschläge
1995 1984 2076 2015 dmkt.

1210 2027 1273 2058 Uri.
1293 2026 1405 2065 (Korr.)
1424 2026 1507 2063 Ohne
1526 2026 1630 2063 fernem
1647 2027 1821 2059 Kommentar
1840 2025 1971 2064 übersende
1993 2028 2029 2066 ich
2048 2028 2139 2067 Ihnen

1153 2072 1238 2104 anmit
1259 2074 1307 2104 den
1332 2072 1380 2102 mit
1409 2070 1627 2109 überwiegendem
1650 2071 1733 2109 Mehr
1757 2073 1876 2111 gefaßten
1895 2073 2024 2112 Beschluß
2048 2075 2141 2110 unserS

1153 2127 1186 2148 w.
1206 2125 1241 2148 w.
1262 2116 1420 2154 LandratheS
1446 2123 1508 2147 vom
1535 2117 1580 2148 21.
1598 2118 1624 2148 d.
1650 2117 1694 2149 M.
1723 2118 1766 2149 als
1786 2117 1932 2156 Vorschlag
1958 2119 2086 2157 desselben
2105 2128 2141 2155 an

1152 2164 1191 2194 die
1208 2164 1255 2199 auf
1273 2165 1320 2194 den
1339 2162 1384 2192 27.
1397 2163 1423 2191 d.
1444 2162 1619 2199 stattfindende
1631 2162 1857 2201 Landsgemeinde,
1876 2163 2011 2202 betreffend
2024 2164 2062 2196 die
2075 2173 2139 2196 neue

1150 2207 1335 2247 eidgenössische
1348 2206 1617 2245 Bundesverfassung,
1636 2208 1690 2238 und
1710 2215 1773 2238 man
1792 2208 1860 2238 kann
1879 2209 1989 2240 darüber
2007 2210 2140 2249 vorläufig

1151 2255 1301 2290 anwenden,
1320 2255 1377 2283 was
1396 2251 1436 2281 die
1455 2252 1520 2289 eidg.
1539 2252 1944 2291 BundeSrevistonSkommiffion
1963 2253 1992 2285 in
2010 2256 2053 2286 der
2072 2255 2140 2285 Ein¬

1151 2300 1251 2337 leitung
1269 2297 1339 2336 ihres
1358 2297 1489 2334 Berichtes
1507 2300 1585 2328 unter
1602 2299 1709 2329 anderm
1727 2298 1802 2336 sagt:
1835 2298 1910 2329 Wir
1929 2299 2057 2331 wollen
2077 2299 2141 2330 kei¬

1150 2343 1216 2375 nen
1244 2342 1466 2379 Rückschritt,
1498 2342 1577 2372 aber
1604 2344 1678 2378 auch
1704 2342 1799 2374 keine
1827 2343 2017 2382 Sprünge,
2047 2344 2137 2382 welche

1150 2390 1242 2428 letztere
1258 2388 1288 2419 in
1306 2387 1369 2418 Uri
1386 2387 1447 2418 aber
1463 2394 1499 2417 an
1517 2389 1573 2417 und
1591 2388 1636 2422 für
1653 2388 1699 2425 fich
1717 2387 1786 2423 ohne
1803 2387 1907 2426 Gefahr
1923 2389 1994 2426 find!

1207 2433 1268 2464 Den
1297 2432 1461 2470 Beschluß
1489 2431 1571 2468 haben
1600 2432 1651 2463 wir
1677 2432 1716 2463 im
1746 2432 1869 2472 gestrigen
1898 2433 2019 2465 Bülleti»
2045 2434 2137 2473 mitge«

1151 2478 1240 2516 theilt;
1264 2477 1338 2515 heute
1362 2477 1440 2514 lassen
1466 2477 1517 2507 wir
1543 2480 1594 2508 au»
1614 2478 1670 2509 dem
1690 2476 1817 2516 Eingang
1835 2478 1874 2509 die
1892 2478 1953 2517 zwei
1970 2482 2142 2517 Haupter-

1150 2525 1346 2563 wägungen
1365 2523 1470 2561 folgen:
1499 2520 1555 2555 »In
1573 2522 1712 2560 Bettacht,
1731 2523 1781 2561 daß
1799 2531 1869 2562 zwar
1887 2523 1951 2562 nach
1970 2526 2045 2561 reifer
2065 2525 2141 2558 Prü¬

1150 2571 1217 2609 fung
1237 2573 1281 2602 deS
1295 2569 1436 2605 Entwurfs
1456 2568 1596 2599 anerkannt
1614 2570 1713 2599 werden
1733 2569 1806 2606 muß,
1824 2568 1874 2605 daß
1893 2569 2002 2608 derselbe
2019 2569 2049 2600 in
2061 2577 2138 2600 man¬

1150 2609 1205 2651 cher
1223 2614 1374 2654 Beziehung
1398 2613 1550 2651 wesentliche
1574 2615 1629 2644 und
1653 2613 1897 2651 wünschenSwttthe
1915 2614 2138 2652 Verbesserungen

1150 2660 1278 2698 darbiete;
1293 2675 1325 2683 —
1338 2668 1366 2690 tn
1385 2659 1522 2697 Betracht,
1538 2656 1588 2695 daß
1606 2658 1712 2697 derselbe
1730 2658 1791 2690 aber
1808 2660 1871 2694 auch
1884 2659 1923 2690 die
1937 2659 2141 2697 konfesslonellm

1149 2708 1205 2737 und
1223 2706 1369 2743 politischen
1388 2704 1491 2742 Rechte,
1511 2706 1567 2735 und
1591 2703 1749 2735 materiellen
1773 2702 1917 2742 Interessen
1941 2708 1986 2736 de»
2011 2704 2140 2736 Kanton»

1149 2751 1179 2782 in
1197 2751 1292 2789 hohem
1302 2749 1387 2787 Maße
1406 2749 1540 2789 schmälert
1556 2751 1611 2780 und
1629 2748 1770 2788 gefährdet,
1789 2749 1916 2792 sozwgr,
1932 2750 1984 2788 daß
1994 2750 2053 2789 jene
2063 2748 2141 2786 Bor*

1150 2797 1224 2836 theile
1243 2794 1311 2838 nicht
1327 2795 1470 2836 hinreichen
1488 2795 1551 2834 diese
1567 2791 1715 2838 Nachtheile
1732 2795 1766 2837 zu
1784 2794 1969 2838 überwiegen/
