3802 5551
119 125 215 186 "M
253 130 387 194 143.
461 132 659 202 Erstes
693 135 899 197 Blatt.

2747 151 3067 219 Mittwoch,
3103 155 3201 216 23.
3237 156 3379 218 Mai
3419 158 3577 220 E.

240 797 579 831 tlbonntmtnti
590 803 754 840 Steife.

647 850 659 869 5
668 849 764 870 Monate.
789 849 802 870 «
812 849 906 871 Menet»

84 866 182 894 »Irl»
193 869 265 895 v»»n
276 869 310 892 bl.
323 871 417 900 8klt»nq
431 872 526 898 ob«,hol«
538 873 604 899 wir»
641 874 679 902 Fr.
692 876 714 898 L.
727 876 755 897 50
781 875 821 903 Fr.
835 878 866 898 10.
880 887 905 892 -

84 894 200 924 Schwel,
215 896 340 922 (StflcUuna
353 898 407 920 beim
419 899 555 924 VoitbutiQit)
568 916 574 922 .
602 915 610 922 .
652 917 662 927 .
724 903 752 924 70
793 918 803 928 ,
834 905 866 925 lt.
878 904 905 925 M

115 921 150 945 do.
176 924 256 947 (bircltc
271 923 387 952 «»stell»»,
400 926 433 947 bei
445 926 479 947 de:
489 927 612 952 Ojwbttton

176 943 467 953 ___,-
470 931 480 947 :
488 925 613 949 StbtMHra

170 951 215 972 und
228 950 297 978 Stjug
311 953 372 973 unttt
385 952 547 979 Prwatabrege»
567 969 574 976 .
601 969 608 976 .
650 970 660 980 .
688 957 709 977 7.
722 955 750 977 50
791 971 802 982 ,
832 958 864 979 U.
879 967 903 972 —
907 958 915 976 i

85 973 265 1002 De»l>chl»nb
287 976 414 1002 ivestellun»
435 980 488 1001 beim
506 980 609 1006 Postum!)
636 980 679 1004 M.
689 983 709 1004 7.
725 994 748 1000 —

85 1000 368 1032 v«sterre!L,.Un,urn
380 1005 445 1031 (Best.
455 1007 476 1030 b.
485 1006 588 1033 Postum!)
603 1007 708 1033 fl.bW.5.
723 1012 750 1031 »0

86 1028 249 1055 Sranlreich.
259 1031 367 1055 Sralren
380 1034 427 1054 und
439 1033 508 1060 übrige
519 1034 612 1056 Ctaaten

169 1058 206 1079 de«
219 1059 460 1084 rSellpostverei»«
475 1061 555 1086 (dir«»,
570 1061 611 1083 »c-

93 1085 255 1123 _st-llu»,
267 1087 298 1108 bei
311 1087 346 1108 de,
360 1085 493 1114 ejwbitton)
533 1103 539 1110 .
565 1104 572 1110 .
599 1104 607 1111 .
634 1088 671 1116 Fr.
680 1091 705 1111 11
706 1106 712 1112 .
723 1090 750 1112 50
776 1089 815 1117 Fr.
828 1093 862 1113 M.
877 1102 900 1108 -

1056 896 1840 1121 schmhnischks
1908 902 2656 1114 iaihrlütilitt.

2982 821 3444 860 J»s«r1l-«»-ebühr.

2807 888 2853 916 W*
2865 889 2899 913 w*
2912 890 3003 920 kchwel,
3014 893 3042 914 20
3054 891 3100 918 «>..
3115 866 3315 919 ,»ÄL,
3327 897 3356 918 25
3367 896 3407 924 «p.
3421 898 3471 919 oder
3482 900 3510 919 10
3522 898 3536 922 7

3077 924 3112 945 per
3127 919 3264 950 ((»Ifpaltigc
3276 923 3340 949 «eile.

2951 944 3072 972 Jxtumru
3085 951 3111 968 u.
3126 948 3194 971 (unttt
3208 950 3250 970 dem
3264 949 3465 976 «edallioei,strich):

2846 996 2932 1008 ...
2989 974 3001 1008 v
3013 974 3042 1008 2?
3051 972 3069 1008 ?
3071 976 3084 997 p
3291 976 3401 1004 wu*ü«.

2846 996 2943 1023 Inserate
2959 999 3002 1019 »nb
3014 999 3124 1020 Reelamen
3143 999 3186 1025 ft„b
3198 1001 3343 1027 »»«ichltestlich
3357 1003 3485 1030 »>ni»s»nbrn
3498 1005 3527 1027 an
3541 1004 3573 1027 ble

2818 1022 2920 1052 »a»est.
2933 1026 3154 1052 #M«(nil«mu
3165 1032 3206 1049 von
3218 1027 3283 1056 +r»K
3288 1019 3369 1061 jtf|«
3380 1031 3399 1052 ch
3412 1031 3459 1057 «ie.
3473 1030 3589 1053 tn-

2995 1052 3062 1086 vasel,
3076 1053 3144 1078 Lern.
3156 1053 3270 1081 Lausanne.
3287 1058 3295 1076 <

2882 1104 2979 1130 «ln,ach.

2995 1053 3061 1079 Lasel,
3076 1053 3102 1075 «e
3139 1074 3143 1078 .
3163 1074 3270 1081 _
3292 1075 3367 1080 __

3007 1080 3078 1107 Frei»
3090 1081 3130 1102 »er
3143 1081 3254 1108 »In,»rum
3267 1084 3410 1110 Mummen,:

2993 1106 3018 1128 10
3030 1107 3077 1134 »p.
3091 1108 3133 1129 ml»
3145 1107 3224 1137 «ettagl
3244 1111 3267 1117 "
3284 1110 3302 1117 -

3162 1107 3231 1138 ieilage
3244 1111 3270 1132 15
3284 1110 3331 1136 «p.
3344 1111 3436 1135 doppelt,
3449 1111 3477 1132 20
3487 1110 3530 1137 «p.

143 1148 350 1202 Jägttch.
377 1151 471 1191 mit
497 1152 805 1206 Ausnahme
833 1156 915 1195 öes
943 1155 1222 1210 Sonntags,
1249 1159 1547 1210 zwermatige
1574 1158 1827 1212 Ausgabe.

2039 1161 2261 1211 Würeau
2289 1165 2373 1204 6er
2400 1165 2703 1215 WeöaKtion:
2733 1168 3062 1222 Wrunngasse
3087 1170 3189 1221 Ar.
3217 1177 3246 1212 2
3275 1172 3333 1214 in
3360 1171 3552 1226 Zürich.

167 1321 431 1370 KolKsistitiativk
460 1333 551 1373 grgrn
578 1324 637 1364 den
664 1323 870 1376 ZmpfWaug.

159 1421 189 1452 □
213 1413 416 1453 Impfzwang!
453 1413 508 1445 Ein
531 1412 650 1453 herrlich
672 1414 815 1454 erdachtes
836 1414 940 1447 Wort!

85 1455 160 1489 Wer
183 1458 214 1489 in
237 1458 349 1497 unserer
371 1457 598 1497 demokratischen
612 1458 751 1498 Republik
767 1459 847 1499 sollte
869 1459 942 1499 nicht

85 1500 167 1540 schon
191 1503 296 1542 darauf
318 1502 426 1543 lebhaft
439 1502 575 1543 reagiren,
590 1509 671 1535 wenn
684 1513 714 1536 er
726 1504 778 1536 das
790 1503 942 1543 Wörtchen

91 1546 244 1588 „Zwang"
271 1556 328 1579 nur
351 1547 445 1588 hört?
490 1547 561 1579 Wer
584 1547 663 1581 denkt
686 1548 766 1581 dabei
790 1549 865 1588 nicht
888 1558 942 1580 un¬

86 1591 238 1624 mittelbar
262 1601 299 1623 an
323 1591 460 1631 Geßler's
481 1592 544 1632 Hut
568 1592 628 1624 und
651 1593 693 1626 die
717 1593 844 1634 muthige
865 1593 942 1634 That

86 1637 203 1676 unserer
226 1637 337 1677 Ahnen,
361 1637 459 1676 welche
482 1637 523 1669 die
546 1637 651 1670 Ketten
674 1638 846 1679 gebrochen?
877 1639 942 1670 Und

86 1680 163 1720 doch.
201 1681 349 1714 Wandern
372 1682 428 1714 wir
451 1682 574 1722 landauf
597 1682 705 1715 landab
729 1682 813 1722 durch
837 1683 943 1716 Städte

86 1726 150 1758 und
173 1726 281 1766 Dörfer
303 1727 361 1758 und
383 1727 485 1767 fragen
508 1727 563 1758 wir
586 1726 623 1758 da
647 1729 712 1760 oder
728 1728 803 1765 dort,
829 1734 884 1760 wer
905 1727 942 1768 je,

86 1770 200 1809 seitdem
224 1781 272 1803 am
298 1774 348 1804 13.
371 1772 454 1810 Juni
480 1773 562 1803 1880
598 1774 680 1813 unser
703 1773 778 1805 Bolk
801 1773 833 1805 in
854 1773 942 1812 seiner

87 1815 238 1857 Mehrheit
262 1817 350 1855 diesen
378 1817 527 1857 „Zwang"
555 1815 629 1857 sich
653 1817 777 1857 selbst
801 1818 941 1858 auferlcgt

84 1860 149 1899 hat,
174 1862 277 1894 Etwas
310 1861 406 1893 davon
441 1862 592 1901 verspürte,
631 1871 668 1895 an
690 1862 740 1902 sich
764 1862 831 1894 oder
853 1863 943 1901 seinen

85 1905 241 1938 Kindern?
287 1906 343 1939 Die
364 1906 502 1939 Antwort
525 1906 625 1946 müßte
647 1917 716 1939 man
740 1911 799 1939 uns
822 1906 943 1948 schuldig

83 1949 206 1983 bleiben.
231 1950 326 1983 Wenn
349 1951 492 1992 irgendwo
520 1951 668 1991 „amtliche
678 1953 846 1993 Impfung"
874 1956 943 1984 aus¬

85 1994 256 2036 geschrieben
279 2002 349 2033 war,
375 2006 446 2028 man
468 1995 577 2035 brachte
601 1996 645 2029 die
667 1997 789 2029 Kleinen
813 1997 861 2038 her
884 1997 943 2029 in's

84 2040 284 2081 Wirthshans
306 2041 371 2073 oder
393 2041 455 2073 in's
468 2041 639 2082 Schulhaus
662 2042 727 2074 oder
749 2051 820 2074 man
836 2041 943 2081 brachte

85 2086 124 2124 sie
148 2086 215 2126 auch
239 2085 321 2125 nicht.
367 2086 443 2118 Kein
476 2086 563 2126 Hahn
598 2086 692 2127 krähte
728 2086 843 2126 danach,
876 2087 942 2126 noch

85 2131 210 2171 weniger
233 2131 291 2163 eine
314 2130 686 2172 Gesundheitskommission.
712 2132 770 2164 Am
795 2132 873 2165 Ende
895 2132 943 2164 des

83 2175 201 2217 Jahres
224 2175 328 2215 machte
350 2185 420 2208 man
445 2176 530 2214 dann,
564 2176 617 2214 auf
641 2176 700 2209 dem
723 2176 943 2209 Obmannamte

86 2220 132 2252 die
155 2220 234 2261 Zahl
269 2220 455 2260 sämmtlicher
488 2221 529 2253 im
552 2220 673 2253 Kanton
707 2221 942 2262 durchgeführten

85 2265 275 2306 Impfungen
287 2265 510 2306 überschlagend,
528 2265 570 2297 die
582 2265 745 2307 mißliebige
758 2266 939 2307 Entdeckung,

84 2310 146 2350 daß
169 2311 216 2342 der
240 2311 405 2351 Impflinge
428 2316 485 2343 von
508 2310 590 2350 Jahr
613 2320 648 2350 zu
659 2312 741 2352 Jahr
764 2311 867 2344 immer
888 2319 942 2344 we¬

86 2355 170 2397 niger
193 2355 319 2388 wurden.
365 2355 448 2388 Oder
481 2365 550 2387 man
584 2356 682 2388 wurde
716 2356 781 2388 dort
818 2366 870 2397 gar
892 2366 943 2388 um

85 2400 242 2440 Impfstoff
265 2399 410 2440 bestürmt,
435 2400 499 2433 weil
522 2400 564 2433 die
586 2400 705 2434 Mütter
740 2401 801 2442 ihre
836 2401 943 2433 Kinder

85 2454 140 2484 zur
164 2444 388 2486 Stoffabnahme
412 2447 490 2487 (trotz
514 2445 740 2487 Verordnung!)
765 2445 841 2486 nicht
863 2446 941 2486 mehr

85 2489 279 2530 herbrachten.

156 2535 239 2575 Nicht
262 2535 318 2567 viel
340 2534 425 2575 beffer
449 2535 516 2576 ging
540 2539 569 2567 cs
591 2534 624 2567 in
637 2534 682 2568 der
693 2534 873 2575 Volksschule
884 2535 940 2576 her.

86 2580 148 2612 Ani
171 2580 249 2612 einen
272 2580 346 2612 Orte
379 2579 511 2618 brachten
535 2580 576 2612 die
599 2589 656 2612 neu
688 2582 942 2621 aufgenommenen

86 2625 199 2657 Kinder
228 2624 401 2665 regelmäßig
435 2625 495 2666 ihre
517 2624 717 2665 Impfscheine,
753 2635 801 2657 am
836 2625 943 2657 andern

87 2669 140 2710 sah
162 2679 230 2702 man
254 2669 336 2710 durch
359 2670 402 2702 die
414 2670 521 2710 Finger
544 2670 603 2701 und
627 2670 684 2709 ließ
706 2670 750 2702 die
773 2670 942 2710 ängstlichen

87 2714 196 2747 Seelen
219 2715 375 2756 gewähren.
424 2715 493 2747 Von
527 2714 602 2746 einer
641 2715 767 2755 strengen
801 2715 943 2747 Kontrole

81 2757 165 2796 aber,
189 2764 247 2791 von
269 2760 362 2792 einem
379 2760 495 2800 Zwang
517 2768 603 2800 gegen
619 2760 756 2799 Renitenz
778 2766 843 2791 war
864 2760 942 2800 wohl

83 2803 224 2844 nirgends
247 2803 289 2835 die
310 2803 394 2836 Rede.
430 2804 487 2842 Ja,
510 2804 538 2843 so
562 2804 610 2842 lax
634 2809 694 2836 war
718 2804 765 2837 bis
787 2804 875 2845 dahin
897 2805 941 2836 die

81 2847 292 2889 Handhabung
316 2848 362 2880 der
386 2849 438 2888 auf
462 2848 512 2880 den
536 2848 698 2889 damaligen
722 2849 940 2889 Bolksbeschluß

84 2893 231 2934 gestützten
256 2893 480 2934 Jmpfordnung
506 2911 540 2915 —
570 2892 643 2925 dank
665 2894 724 2925 dem
741 2893 871 2935 Wühlen
893 2894 941 2926 der

84 2938 295 2978 Jmpfgegner!
324 2956 357 2961 —
386 2938 444 2977 daß
467 2937 545 2978 selbst
557 2938 601 2970 ein
614 2944 736 2971 soarmer
749 2939 939 2978 Jmpfsreund

85 2982 214 3022 ernstlich
237 2982 288 3023 sich
299 2991 332 3022 zu
344 2984 446 3023 fragen
469 2982 624 3022 veranlaßt
647 2983 723 3024 sehen
746 2985 820 3015 kann
834 2994 840 3015 :
864 2985 940 3016 wäre

84 3032 116 3060 es
139 3027 214 3067 nicht
248 3037 295 3059 am
329 3027 407 3060 Ende
442 3027 504 3068 doch
539 3027 634 3068 beffer,
665 3028 723 3061 eine
745 3028 940 3069 Verordnung

86 3072 270 3114 aufzuheben,
295 3072 336 3105 die
358 3072 389 3112 ja
412 3072 477 3112 doch
510 3071 584 3112 nicht
620 3072 748 3114 gehalten
782 3073 867 3111 wird,
897 3073 940 3106 die

87 3117 221 3159 allmälig
244 3127 295 3157 zur
317 3117 421 3157 bloßen
457 3117 546 3155 Farce
568 3126 602 3157 zu
627 3117 737 3150 werden
771 3118 868 3158 droht,
903 3117 939 3150 ob

87 3163 198 3203 welcher
220 3162 271 3203 sich
294 3163 347 3195 Alt
369 3162 429 3195 und
452 3163 539 3204 Jung
563 3163 683 3204 ergötzt?
719 3163 796 3204 Doch
815 3162 936 3201 Geduld,

86 3207 173 3241 lieber
197 3207 330 3247 Freund!
366 3208 414 3240 So
437 3207 559 3247 schlimm
583 3207 653 3248 steht
676 3208 718 3240 die
741 3207 834 3248 Sache
856 3208 939 3248 nicht.

83 3253 144 3287 Die
165 3252 366 3293 Abstimmung
396 3260 464 3285 vom
487 3255 538 3285 30.
562 3252 638 3291 Juli
662 3255 746 3285 1882
780 3252 853 3285 übet
886 3253 940 3286 das

84 3298 287 3340 eidgenössische
293 3298 542 3339 Epidemicngeseh,
556 3296 670 3337 welches
685 3298 738 3330 den
749 3297 939 3339 Impfzwang

82 3342 173 3377 neben
196 3344 302 3376 andern
326 3342 529 3383 vorsorglichen
552 3342 787 3384 Bestimmungen
799 3352 851 3382 zur
866 3343 939 3376 Ver¬

83 3389 200 3430 hütung
212 3395 269 3421 von
281 3388 444 3426 Epidemien
468 3386 605 3428 ebenfalls
622 3388 739 3429 enthielt
754 3388 815 3420 und
828 3387 940 3428 welches

81 3443 135 3466 um
146 3432 374 3473 nebensächlicher
386 3432 534 3473 Zuthaten
544 3432 642 3465 willen
651 3433 718 3472 auch
727 3439 792 3465 vom
801 3433 940 3473 Zürcher-

82 3479 162 3512 Volke
185 3479 341 3519 verworfen
363 3478 469 3516 wurde,
493 3477 543 3519 hat
558 3478 600 3510 die
614 3476 771 3519 Gemüther
795 3478 937 3511 verwirrt.

82 3525 166 3557 Man
190 3523 263 3563 weiß
286 3523 359 3564 nicht
381 3523 462 3564 mehr
473 3522 554 3562 recht,
570 3529 628 3555 wer
644 3523 728 3563 Koch,
753 3530 812 3555 wer
824 3523 939 3556 Kellner

82 3570 128 3609 ist.
153 3568 237 3603 Oben
261 3568 318 3601 und
341 3570 431 3601 unten
453 3568 571 3609 herrscht
592 3568 778 3609 gemüthliche
801 3568 939 3608 Anarchie

80 3613 144 3646 und
168 3618 197 3647 es
220 3614 254 3652 ist
277 3613 395 3654 deßhalb
420 3613 529 3654 nöthig,
566 3612 624 3653 daß
658 3614 740 3653 unser
762 3613 839 3647 Volk
872 3612 938 3653 noch

81 3659 194 3692 einmal
217 3659 278 3691 klar
300 3659 358 3691 und
380 3658 499 3698 deutlich
533 3658 626 3697 seinen
648 3657 759 3692 Willen
793 3658 937 3700 kundgibt.

82 3705 177 3738 Dann
200 3704 274 3741 wzrd
296 3704 343 3736 der
366 3704 447 3744 Eifer
469 3703 519 3745 sich
541 3703 623 3744 legen
651 3722 683 3726 —
711 3704 760 3736 der
775 3703 825 3736 der
836 3704 939 3745 Jmpf-

79 3748 201 3790 freunde
223 3749 276 3781 wie
297 3749 345 3782 der
365 3749 559 3790 Jmpfgegner
582 3766 624 3771 —
650 3749 707 3781 und
740 3750 819 3781 dann
848 3748 938 3789 haben

80 3793 153 3835 auch
176 3793 218 3826 die
241 3794 390 3834 Behörden
415 3795 467 3826 den
489 3794 625 3834 nöthigen
641 3793 784 3832 Rückhalt,
810 3803 860 3826 um
884 3794 938 3826 mit

83 3839 191 3881 einiger
215 3838 333 3880 Energie
355 3840 415 3871 und
439 3839 502 3878 doch
525 3839 580 3871 mit
602 3838 762 3880 Schonung
784 3839 834 3871 der
856 3838 937 3879 durch

81 3886 136 3917 den
161 3883 324 3917 erbitterten
347 3884 459 3924 Kampf
481 3883 613 3926 ängstlich
639 3886 763 3925 erregten
779 3883 938 3924 Gemüther

81 3931 144 3963 dem
178 3928 394 3969 Volksbeschluß
430 3930 560 3971 Geltung
593 3938 629 3969 zu
652 3929 825 3970 verschaffen.
871 3929 937 3963 Das

985 1282 1044 1321 also
1067 1282 1133 1320 darf
1154 1287 1215 1315 uns
1236 1283 1309 1323 nicht
1325 1283 1470 1325 abhalten,
1495 1294 1625 1326 gegen
1646 1285 1690 1319 die
1713 1286 1831 1326 Initia¬

985 1327 1043 1359 tive
1064 1336 1100 1366 zu
1122 1326 1259 1366 stimmen.
1430 1360 1442 1376 ,

1050 1371 1147 1404 Allein
1171 1372 1208 1404 ob
1231 1373 1285 1404 wir
1307 1373 1408 1406 andere
1420 1368 1538 1407 Gründe
1562 1374 1646 1415 dafür
1661 1375 1762 1416 haben,
1776 1380 1833 1408 uns

986 1415 1038 1448 den
1061 1418 1146 1448 9718
1171 1417 1342 1455 Initianten
1365 1412 1592 1458 anzuschlicßen?
1629 1419 1680 1453 Ob
1703 1420 1750 1460 seit
1775 1421 1833 1453 drei

987 1460 1112 1500 Jahren,
1147 1463 1196 1494 als
1230 1462 1400 1502 sännntliche
1430 1463 1526 1503 Acrzte
1548 1464 1597 1495 des
1620 1465 1767 1503 Kantons,
1793 1465 1833 1497 die

987 1505 1166 1546 Profesioren
1191 1506 1237 1538 der
1259 1507 1461 1547 medizinischen
1494 1509 1630 1547 Fakultät
1665 1514 1767 1546 voran,
1803 1510 1834 1542 in

985 1550 1120 1591 kräftiger
1141 1550 1299 1590 Ansprache
1322 1562 1359 1583 an
1383 1552 1443 1592 ihre
1453 1551 1623 1593 Mitbürger
1645 1554 1681 1594 sie
1704 1556 1835 1587 warnten

986 1599 1039 1626 vor
1061 1594 1122 1626 dem
1145 1595 1275 1635 schweren
1299 1596 1413 1637 Unheil,
1437 1596 1489 1629 das
1513 1597 1571 1629 eine
1582 1598 1764 1639 Beseitigung
1790 1599 1835 1631 der

987 1639 1252 1681 Zwangsimpfung
1275 1641 1325 1680 für
1348 1642 1450 1680 unfern
1461 1642 1582 1674 Kanton
1605 1642 1834 1683 unwiderruflich

987 1683 1182 1724 herbeiführcn
1206 1685 1304 1724 müßte
1331 1704 1365 1708 —
1394 1685 1429 1718 ob
1451 1687 1561 1726 seitdem
1578 1686 1621 1719 die
1631 1688 1833 1728 Verhältniffe,

988 1728 1033 1760 die
1054 1729 1256 1770 Erfahrungen
1281 1731 1381 1762 andere
1405 1731 1548 1771 geworden
1571 1731 1652 1772 sind?
1689 1732 1835 1773 Dieselben

987 1773 1127 1810 Männer,
1150 1775 1246 1814 welche
1277 1775 1338 1814 dieß
1372 1775 1437 1815 doch
1458 1777 1534 1816 wohl
1558 1785 1607 1808 am
1629 1775 1718 1817 besten
1739 1777 1835 1818 wiffen

987 1819 1097 1858 sollten,
1122 1819 1204 1860 sagen
1228 1824 1305 1852 uns:
1330 1820 1413 1852 nein!
1442 1821 1506 1853 Und
1529 1820 1594 1853 die
1617 1821 1835 1854 Reuenbur-

987 1873 1005 1903 g
1018 1873 1030 1895 e
1041 1873 1072 1901 r,
1097 1864 1159 1904 kurz
1184 1869 1237 1896 vor
1259 1865 1307 1896 der
1328 1864 1529 1906 Abstimmung
1552 1871 1610 1897 von
1633 1866 1708 1899 einer
1719 1866 1835 1907 Pocken¬

987 1908 1119 1946 epidemie
1141 1909 1330 1949 heinigesucht,
1364 1909 1460 1949 welche
1495 1910 1573 1951 mehr
1597 1911 1643 1943 als
1664 1911 1834 1950 Hunderten

988 1953 1042 1985 das
1064 1952 1151 1986 Leben
1175 1954 1234 1986 und
1256 1954 1308 1986 den
1332 1954 1428 1987 Staat
1459 1954 1587 1994 schweres
1616 1955 1689 1988 Geld
1723 1956 1836 1997 gekostet

987 1998 1048 2039 hat,
1072 1999 1153 2038 sagen
1177 2003 1235 2031 uns
1257 1999 1396 2039 ebenfalls
1419 1999 1504 2032 nein!
1545 2000 1594 2038 Ja
1615 2000 1659 2040 sie,
1684 2000 1728 2033 die
1751 2000 1835 2040 durch

988 2043 1077 2083 eigene
1101 2043 1301 2084 Erfahrungen
1324 2048 1379 2076 aus
1404 2044 1527 2085 jüngster
1549 2044 1617 2083 Zeit
1645 2044 1834 2087 Gewitzigten,

987 2087 1077 2127 haben
1101 2089 1200 2128 gerade
1222 2098 1270 2120 um
1295 2089 1341 2120 der
1364 2089 1629 2130 Zwangsimpfung
1662 2091 1758 2123 willen
1784 2091 1835 2123 das

987 2132 1226 2175 Epidcmiengesetz
1249 2142 1462 2174 angenommen.
1508 2134 1615 2167 Sollen
1636 2136 1689 2175 erst
1712 2135 1836 2175 ähnliche

989 2177 1193 2219 Erfahrungen
1215 2178 1282 2217 auch
1305 2183 1363 2210 uns
1386 2178 1450 2219 klug
1473 2178 1608 2218 machen?

1053 2222 1118 2254 Und
1152 2222 1218 2263 doch
1250 2222 1338 2256 bleibt
1370 2224 1447 2263 Wohl
1473 2223 1531 2255 kein
1554 2223 1672 2257 anderer
1694 2224 1834 2266 Ausweg!

987 2268 1044 2300 Die
1065 2266 1233 2308 Jmpffrage
1255 2268 1291 2307 ist
1311 2268 1392 2309 heute
1425 2277 1474 2307 zur
1504 2268 1767 2310 Vertrauensfrage
1791 2279 1835 2310 ge¬

987 2312 1109 2344 worden.
1144 2311 1206 2352 Auf
1230 2312 1287 2344 eine
1310 2312 1553 2353 wiffenschaftliche
1576 2313 1778 2354 Begründung
1791 2315 1836 2346 der

986 2356 1228 2398 Zweckmäßigkeit
1250 2357 1298 2389 der
1320 2357 1550 2398 obligatorischen
1563 2358 1715 2399 Impfung
1736 2367 1837 2391 neuer¬

987 2402 1071 2443 dings
1106 2401 1285 2442 einzutreten,
1321 2402 1392 2441 dazu
1427 2403 1459 2442 ist
1482 2402 1552 2434 keine
1576 2402 1642 2441 Zeit
1675 2403 1754 2441 mehr
1778 2403 1837 2435 und

987 2446 1086 2487 gerade
1109 2449 1194 2479 unter
1218 2447 1268 2479 den
1292 2447 1458 2485 Männern,
1482 2447 1579 2486 welche
1602 2447 1654 2481 das
1678 2458 1725 2480 am
1746 2447 1838 2488 besten

987 2492 1117 2528 könnten,
1151 2491 1222 2531 auch
1254 2491 1326 2523 keine
1348 2491 1415 2531 Lust
1437 2492 1610 2533 vorhanden.
1655 2494 1699 2526 Es
1722 2493 1755 2533 ist
1780 2493 1838 2525 dies

986 2541 1040 2568 vor
1062 2535 1122 2568 drei
1144 2536 1259 2577 Jahren
1283 2536 1406 2577 reichlich
1430 2537 1577 2578 geschehen.
1623 2537 1714 2578 Heute
1741 2538 1837 2578 stellen

986 2582 1023 2621 sie
1045 2581 1096 2613 den
1120 2580 1261 2621 Entscheid
1285 2581 1344 2613 dem
1367 2582 1455 2615 Volke
1489 2581 1611 2622 anheim,
1642 2582 1678 2615 ob
1702 2587 1731 2615 es
1752 2583 1839 2623 ihnen

986 2627 1041 2659 das
1063 2626 1230 2658 Vertrauen
1263 2625 1377 2666 schenkt,
1414 2625 1481 2658 über
1516 2627 1574 2659 eine
1597 2628 1624 2666 so
1647 2626 1839 2668 hochwichtige

986 2670 1170 2711 medizinische
1196 2671 1290 2711 Frage
1313 2671 1357 2703 ein
1380 2671 1511 2712 richtiges
1541 2671 1655 2712 Urtheil
1678 2682 1714 2713 zu
1735 2672 1837 2713 haben,

987 2715 1041 2748 das
1056 2716 1222 2749 Vertrauen
1243 2716 1372 2757 zngleich,
1397 2716 1453 2756 daß
1475 2717 1511 2756 sie
1534 2720 1563 2749 es
1579 2718 1631 2757 gut
1653 2717 1714 2749 und
1735 2716 1839 2757 redlich

984 2761 1040 2793 mit
1061 2760 1122 2801 ihm
1143 2760 1262 2793 meinen.

1053 2804 1164 2847 Schützt
1180 2804 1254 2845 Euch
1278 2804 1360 2844 durch
1385 2804 1429 2837 die
1439 2805 1588 2846 Impfung
1614 2805 1705 2839 Eurer
1728 2806 1838 2839 Kinder

985 2860 1068 2891 gegen
1103 2849 1145 2883 die
1177 2849 1378 2891 verheerendste
1413 2850 1484 2882 aller
1518 2849 1661 2892 Seuchen;
1698 2851 1771 2883 denn
1804 2852 1839 2892 sie

985 2895 1072 2928 allein
1106 2899 1231 2935 vermag,
1266 2894 1334 2935 nach
1374 2894 1637 2935 vieltausendfacher
1659 2896 1837 2937 Erfahrung,

985 2939 1059 2979 Euch
1083 2939 1168 2979 diesen
1193 2939 1292 2981 Schutz
1314 2949 1348 2980 zu
1382 2940 1537 2980 gewähren.
1585 2940 1631 2972 So
1654 2947 1773 2974 warnen
1798 2940 1839 2973 die

983 2986 1090 3025 Aerzte.
1138 2984 1195 3018 Die
1219 2985 1365 3026 Impfung
1388 2985 1423 3024 ist
1445 2985 1489 3017 ein
1526 2985 1645 3025 Unsinn,
1668 2986 1706 3026 sie
1727 2986 1761 3025 ist
1782 2985 1839 3018 eine

982 3029 1237 3071 Blutvergiftung.
1263 3030 1310 3062 So
1323 3031 1407 3070 sagen
1430 3030 1469 3062 die
1493 3030 1609 3062 Andern
1631 3031 1690 3063 und
1714 3030 1839 3072 glauben

983 3075 1038 3107 das
1070 3073 1201 3115 bewiesen
1234 3084 1267 3115 zu
1296 3074 1409 3115 haben,
1444 3080 1524 3107 >venn
1557 3075 1594 3115 sie
1626 3078 1711 3108 unter
1746 3076 1839 3108 vielen

984 3119 1149 3159 Tausenden
1196 3124 1251 3151 von
1298 3119 1481 3161 Impfungen
1519 3119 1561 3161 hie
1596 3119 1653 3152 und
1689 3120 1725 3153 da
1759 3120 1840 3153 einen

984 3164 1177 3205 Unglücksfall
1213 3165 1353 3202 entdecken,
1391 3165 1443 3197 den
1475 3165 1510 3205 sie
1532 3164 1603 3205 ohne
1626 3164 1711 3207 lange
1732 3166 1838 3198 Unter¬

984 3209 1105 3250 suchung
1126 3210 1216 3250 sofort
1237 3210 1284 3241 der
1306 3210 1455 3250 Impfung
1488 3219 1538 3249 zur
1561 3209 1625 3249 Last
1647 3210 1735 3251 legen.
1759 3210 1838 3243 Was

983 3255 1130 3287 kümmern
1150 3256 1188 3296 sie
1221 3255 1263 3286 die
1295 3255 1389 3294 Opfer
1412 3255 1475 3291 alle,
1501 3254 1543 3286 die
1566 3254 1728 3296 alljährlich
1750 3258 1837 3288 unter

983 3300 1036 3331 den
1057 3298 1191 3337 Völkem,
1217 3299 1311 3339 welche
1322 3299 1363 3331 die
1374 3298 1529 3340 Wohlthat
1540 3299 1589 3331 der
1605 3298 1838 3341 obligatorischen

982 3344 1132 3385 Impfung
1163 3343 1214 3376 bis
1246 3344 1326 3384 heute
1359 3344 1426 3384 noch
1458 3344 1532 3383 nicht
1566 3344 1676 3383 kennen,
1713 3355 1750 3378 an
1787 3345 1838 3377 den

984 3389 1085 3429 Pocken
1119 3397 1153 3428 zu
1187 3389 1306 3422 Grunde
1338 3389 1434 3430 gehen,
1467 3389 1613 3421 erblinden
1631 3390 1696 3423 oder
1719 3400 1752 3431 zu
1777 3393 1838 3423 ent¬

983 3434 1090 3473 stellten
1130 3433 1282 3472 Krüppeln
1327 3434 1453 3466 werden!
1513 3434 1591 3467 Was
1636 3434 1679 3468 die
1725 3445 1838 3468 enorme

982 3479 1168 3520 Schädigung
1194 3479 1264 3511 aller
1277 3478 1533 3520 wirthschaftlichen
1544 3480 1716 3522 Jntereffen,
1740 3480 1838 3520 welche

982 3524 1041 3565 jede
1073 3523 1183 3563 schwere
1222 3524 1363 3563 Epidemie
1399 3525 1458 3557 dem
1474 3534 1580 3565 ganzen
1605 3524 1696 3558 Lande
1719 3526 1836 3567 zufügt!

1051 3569 1097 3602 So
1122 3569 1212 3610 stehen
1235 3569 1275 3601 die
1310 3569 1458 3602 Stimmen
1480 3570 1530 3610 für
1552 3569 1612 3602 und
1635 3571 1729 3603 wider.
1782 3570 1838 3604 Die

983 3614 1073 3655 Wahl
1097 3614 1175 3654 sollte
1200 3614 1272 3653 nicht
1296 3613 1391 3654 schwer
1416 3615 1512 3654 fallen.
1557 3615 1655 3648 Allein
1689 3615 1837 3657 verhehlen

982 3660 1039 3692 wir
1061 3664 1120 3692 uns
1143 3659 1226 3698 nicht,
1248 3659 1304 3698 daß
1316 3659 1416 3701 ruhige
1432 3659 1625 3701 Ueberlegung
1639 3660 1713 3701 nicht
1734 3661 1838 3694 immer

983 3704 1035 3736 den
1057 3704 1131 3745 Sieg
1153 3704 1328 3745 davonträgt
1339 3705 1398 3736 und
1411 3705 1525 3744 säumen
1547 3705 1604 3738 wir
1627 3705 1730 3738 darum
1751 3705 1836 3746 nicht,

983 3749 1065 3789 durch
1100 3749 1146 3782 ein
1179 3748 1345 3790 energisches
1378 3748 1505 3784 Nein!
1546 3750 1606 3783 deni
1629 3750 1838 3793 gefährlichsten

982 3794 1175 3833 Experimente
1200 3797 1464 3835 entgegenzutreten,
1490 3795 1603 3835 welches
1625 3795 1649 3835 je
1672 3796 1836 3837 Afterweis¬

980 3839 1039 3880 heit
1074 3839 1134 3871 und
1171 3839 1377 3881 Verblendung
1401 3841 1525 3880 unserem
1547 3840 1637 3873 Volke
1658 3841 1837 3882 zugemuthet

980 3884 1041 3925 hat.

2143 1301 2459 1361 Kantone.

2257 1386 2343 1422 Uri.

1946 1429 2007 1461 Der
2030 1428 2250 1471 Gemcinderath
2272 1437 2329 1464 von
2353 1432 2474 1473 Altdorf
2505 1434 2557 1474 hat
2580 1434 2610 1466 in
2634 1434 2722 1468 einem

1879 1473 2026 1514 gründlich
2050 1474 2108 1506 und
2132 1476 2302 1516 vortrefflich
2321 1477 2489 1517 abgcfaßten
2501 1478 2663 1518 Mcmyrial
2685 1489 2725 1512 an

1880 1517 1921 1550 die
1945 1517 2093 1551 Direktion
2116 1519 2164 1551 der
2188 1519 2410 1562 Gotthardbahn
2433 1522 2489 1555 alle
2501 1522 2727 1563 Gesichtspunkte

1880 1562 2169 1603 auseinandergesetzt,
2206 1565 2300 1605 welche
2334 1567 2383 1606 für
2417 1567 2460 1598 die
2490 1567 2657 1609 Verlegung
2679 1570 2727 1601 der

1879 1607 2156 1646 Zentralwerkstätte
2179 1609 2226 1641 der
2251 1609 2474 1652 Gotthardbahn
2507 1612 2575 1651 nach
2609 1613 2728 1653 Altdorf

1880 1651 2014 1691 sprechen.
2062 1652 2141 1684 Man
2163 1653 2265 1693 möchte
2288 1655 2402 1694 neidisch
2437 1657 2488 1695 auf
2511 1657 2555 1688 die
2577 1657 2726 1698 Altdorfer

1880 1696 2000 1733 werden,
2033 1702 2115 1728 wenn
2150 1707 2219 1730 man
2254 1698 2337 1739 dieses
2361 1700 2523 1733 Memorial
2546 1701 2632 1733 liest:
2668 1702 2728 1735 eine

1879 1740 2037 1781 Wohnung
2061 1742 2110 1781 für
2133 1742 2194 1775 eine
2215 1743 2289 1783 nicht
2302 1753 2338 1783 zu
2348 1745 2498 1785 zahlreiche
2510 1745 2636 1784 Familie
2646 1746 2728 1787 kostet

1884 1787 1945 1817 150
1970 1786 2032 1824 Fr.,
2058 1786 2100 1818 die
2121 1786 2215 1826 Milch
2241 1790 2278 1819 15
2296 1789 2354 1827 Rp.
2379 1789 2425 1821 der
2448 1789 2533 1828 Liter.
2560 1791 2726 1831 Rindfleisch

1882 1832 1943 1861 140
1951 1848 1986 1852 —
1994 1831 2054 1862 150
2077 1830 2136 1869 Rp.
2160 1832 2213 1864 das
2234 1832 2313 1869 Kilo,
2338 1835 2476 1866 tannencs
2494 1835 2661 1877 Brennholz
2686 1838 2725 1868 12

1879 1874 1925 1907 bis
1951 1876 1992 1906 13
2014 1875 2078 1913 Fr.,
2112 1874 2247 1916 buchenes
2270 1879 2399 1910 20—21
2424 1880 2476 1918 Fr.
2512 1880 2566 1911 das
2601 1880 2725 1920 Klafter.

1880 1919 1944 1951 Und
1969 1919 2098 1952 vollends
2120 1920 2163 1953 die
2185 1921 2328 1954 Steuern!
2366 1922 2455 1961 Jeder
2477 1924 2635 1964 männliche
2657 1925 2727 1958 Ein¬

1880 1963 1996 2004 wohner
2016 1969 2073 1996 von
2098 1967 2139 1996 20
2162 1966 2278 2007 Jahren
2300 1967 2378 2007 zahlt
2402 1970 2444 2000 50
2467 1969 2524 2007 Rp.
2550 1969 2726 2010 Kopfsteuer,

1880 2014 1944 2040 vom
1969 2008 2083 2041 Erwerb
2106 2010 2214 2049 sodann
2236 2011 2344 2043 werden
2369 2014 2408 2043 25
2432 2013 2489 2051 Rp.
2514 2018 2572 2046 von
2599 2016 2660 2047 100
2674 2016 2726 2054 Fr.

1880 2052 1999 2093 bezahlt,
2033 2052 2077 2085 bei
2108 2053 2294 2096 Abrechnung
2327 2056 2402 2089 eines
2432 2058 2728 2098 Existenzminimums

1881 2103 1936 2130 von
1963 2099 2024 2129 600
2049 2097 2121 2140 Fr.;
2146 2098 2188 2131 die
2211 2100 2459 2141 Vermögensteuer
2482 2102 2595 2144 beträgt
2623 2103 2657 2140 */t
2674 2110 2727 2143 Pro

1881 2142 1981 2175 Mille.
2027 2143 2070 2175 Es
2092 2142 2142 2184 hat
2165 2144 2227 2184 doch
2252 2145 2317 2184 auch
2341 2146 2396 2184 sein
2416 2145 2518 2183 Gutes,
2555 2153 2636 2180 wenn
2658 2158 2728 2181 man

1881 2186 1955 2226 nicht
1978 2186 2090 2219 überall
2113 2188 2141 2227 so
2165 2188 2225 2221 dem
2249 2190 2416 2230 Fortschritt
2438 2191 2566 2232 huldigt,
2599 2193 2650 2225 wie
2673 2194 2728 2226 wir

1881 2231 2015 2271 Zürcher.
2063 2232 2118 2264 Ein
2143 2232 2203 2274 sehr
2235 2234 2409 2276 gewichtiges
2443 2236 2577 2277 Zeugniß
2610 2237 2643 2277 ist
2667 2239 2729 2271 dem

1881 2276 2044 2308 Memorial
2067 2275 2227 2319 beigefügt:
2251 2279 2326 2318 Herr
2337 2279 2376 2311 N.
2389 2280 2568 2321 Riggenbach
2590 2282 2620 2314 in
2636 2282 2729 2316 Olten

1881 2321 1986 2353 erklärt
2018 2320 2068 2360 sich
2103 2322 2162 2362 sehr
2186 2323 2349 2363 entschieden
2384 2325 2433 2364 für
2456 2325 2585 2364 Altdorf.
2631 2328 2673 2360 Er
2694 2328 2729 2368 ist

1883 2365 2091 2403 einverstanden
2114 2365 2216 2404 damit,
2252 2368 2306 2408 daß
2329 2369 2387 2401 eine
2410 2370 2526 2402 kleinere
2550 2371 2729 2410 Reparatur¬

1881 2410 2032 2449 werkstätte
2056 2410 2086 2442 in
2098 2411 2272 2452 Bellinzona
2296 2414 2424 2455 angelegt
2447 2415 2546 2453 werde,
2560 2415 2602 2448 die
2614 2416 2730 2456 Haupt¬

1882 2455 2035 2495 werkstätte
2058 2454 2123 2488 aber
2147 2458 2233 2497 müsse
2257 2457 2382 2497 diesseits
2403 2459 2452 2492 der
2474 2460 2570 2499 Alpen
2593 2461 2647 2500 sein
2670 2462 2729 2494 und

1882 2502 1967 2532 unter
1991 2499 2041 2532 den
2063 2500 2122 2540 hier
2145 2500 2178 2533 in
2192 2502 2326 2542 Betracht
2349 2504 2525 2536 kommenden
2538 2505 2633 2538 Orten
2645 2507 2731 2539 könne

1882 2544 1970 2577 neben
1994 2544 2111 2585 Altdorf
2134 2554 2191 2578 nur
2215 2546 2279 2587 noch
2302 2552 2359 2580 von
2382 2548 2501 2589 Erstfeld
2525 2549 2568 2582 die
2579 2550 2653 2583 Rede
2663 2552 2729 2592 sein,

1883 2595 1926 2621 wo
1952 2588 2018 2621 aber
2041 2588 2089 2621 der
2111 2591 2225 2632 nöthigc
2248 2592 2325 2633 Platz
2357 2593 2428 2634 fehlt
2458 2593 2516 2626 und
2540 2594 2613 2628 keine
2635 2595 2731 2635 dispo¬

1882 2633 1981 2666 niblen
1993 2633 2185 2676 Wohnungen
2208 2636 2372 2677 vorhanden
2393 2638 2463 2678 sind.
2487 2639 2607 2678 Zudem,
2620 2640 2732 2682 schließt

1884 2679 1938 2718 Hr.
1952 2678 2141 2730 Riggenbach,
2170 2681 2283 2718 „würde
2306 2686 2334 2714 es
2358 2682 2427 2722 mich
2439 2684 2498 2724 sehr
2520 2685 2625 2724 fteuen,
2651 2691 2733 2719 wenn

1882 2723 2002 2765 Altdorf
2023 2723 2122 2756 wieder
2147 2726 2206 2757 eine
2221 2726 2448 2769 Entschädigung
2472 2728 2584 2769 erhielte
2606 2731 2656 2769 für
2679 2732 2732 2763 den

1876 2767 1992 2808 Wwßen
2022 2768 2149 2809 Verlust,
2185 2770 2236 2802 den
2267 2775 2297 2803 es
2325 2771 2409 2811 durch
2443 2772 2494 2805 den
2528 2774 2647 2807 Betrieb
2681 2776 2729 2808 der

1883 2812 2107 2853 Gotthardbahn
2129 2814 2271 2847 erleidet."

2226 2857 2386 2894 Waadt.

1948 2902 2007 2934 Am
2028 2902 2119 2943 letzten
2135 2902 2273 2945 Sonntag
2286 2907 2384 2946 tagten
2392 2906 2423 2938 in
2437 2906 2488 2939 den
2500 2906 2624 2947 Kreisen,
2637 2909 2733 2949 welche

1883 2956 1929 2979 am
1954 2949 2007 2978 27.
2041 2946 2113 2979 Mai
2147 2948 2347 2990 Ersatzwahlen
2383 2950 2414 2984 in
2450 2952 2500 2984 den
2522 2952 2732 2995 Nationalrath

1882 3001 1916 3031 zu
1938 2991 2035 3032 treffen
2055 2991 2155 3033 haben,
2179 2993 2436 3036 Versammlungen
2459 2996 2549 3029 beider
2572 2997 2733 3039 politischen

1883 3036 2026 3077 Parteien,
2063 3046 2112 3069 um
2139 3036 2199 3078 ihre
2232 3039 2414 3073 Kandidaten
2437 3042 2626 3081 aufzustellen.
2673 3044 2732 3082 Im

1883 3080 2031 3121 westlichen
2055 3081 2218 3122 Wahlkreis
2239 3084 2369 3122 pvrtiren
2391 3085 2433 3117 die
2457 3086 2612 3119 Radikalen
2635 3086 2732 3128 Groß-

1882 3126 1947 3167 rath
1972 3126 2079 3167 THLlin
2102 3126 2132 3158 in
2156 3127 2196 3160 La
2220 3128 2343 3168 Sarraz,
2367 3130 2425 3162 und
2449 3130 2491 3163 die
2508 3132 2734 3172 Konservativen

1883 3171 2034 3211 Großrath
2046 3171 2078 3203 de
2091 3170 2220 3213 Gingins
2235 3172 2266 3205 in
2289 3173 2327 3206 La
2344 3174 2470 3215 Sarraz.
2516 3176 2589 3209 Eine
2611 3177 2735 3211 radikale

1882 3216 2103 3257 Versammlung
2124 3225 2160 3255 zu
2195 3217 2311 3258 Chillon
2332 3218 2385 3259 hat
2407 3221 2456 3252 als
2479 3220 2661 3255 Kandidaten
2684 3224 2734 3263 für

1881 3260 1933 3293 den
1955 3259 2084 3301 östlichen
2116 3261 2203 3294 Kreis
2237 3261 2548 3306 Großrathspräfident
2587 3266 2733 3308 Paschoud

1881 3305 1912 3338 in
1934 3306 2081 3345 Lausanne
2103 3305 2160 3338 und
2175 3307 2417 3348 Chauffon-Loup,
2442 3310 2538 3342 Notar
2561 3311 2593 3343 in
2616 3312 2733 3353 Rennaz

1882 3350 2056 3391 aufgestellt,
2097 3349 2211 3391 welchen
2247 3352 2289 3385 die
2325 3353 2548 3394 Konservativen
2583 3355 2734 3399 Großrath

1881 3395 2010 3428 Meuron
2053 3395 2086 3427 in
2129 3395 2275 3436 Lausanne
2317 3398 2378 3430 und
2427 3399 2534 3440 Major
2583 3402 2667 3434 Roud
2701 3403 2733 3435 in

1881 3440 2050 3473 Villeneuve
2074 3441 2328 3482 gegenüberstellen.

1944 3485 2004 3523 Im
2016 3484 2175 3525 nördlichen
2190 3486 2350 3527 Wahlkreis
2362 3487 2486 3530 schlagen
2501 3489 2544 3522 die
2576 3490 2730 3525 Radikalen

1882 3537 1953 3562 vor:
1979 3529 2156 3572 Staatsrath
2164 3531 2313 3571 Viquerat,
2328 3531 2602 3575 Gerichtspräsident
2614 3535 2731 3578 Döglon

1881 3575 1913 3607 in
1924 3574 2060 3607 Moudon
2084 3575 2142 3607 und
2167 3575 2312 3617 Großrath
2337 3578 2438 3611 Donat
2451 3579 2552 3619 Golaz.

1953 3637 1989 3642 —
2016 3619 2104 3652 Ueber
2126 3619 2168 3653 die
2191 3622 2292 3661 Flucht
2314 3622 2362 3655 des
2379 3623 2565 3664 Einnehmers
2577 3630 2633 3657 von
2644 3625 2731 3659 Oron

1884 3663 1942 3696 und
1967 3664 2048 3697 deren
2072 3665 2187 3706 Ursache
2210 3666 2336 3707 berichtet
2359 3667 2401 3700 die
2427 3667 2563 3709 „Gazette
2579 3670 2610 3702 de
2625 3669 2725 3712 Laus."

1886 3709 2013 3750 folgende
2034 3710 2173 3744 Details:
2220 3711 2276 3744 Am
2301 3714 2351 3745 30.
2377 3713 2464 3752 April
2486 3714 2591 3754 fanden
2613 3715 2663 3756 sich
2698 3716 2730 3748 in

1881 3754 1928 3787 der
1950 3754 2035 3796 Kaffe
2057 3754 2106 3787 der
2138 3755 2332 3797 Einnehmerei
2370 3760 2489 3796 32,318
2512 3760 2565 3798 Fr.
2590 3760 2649 3792 und
2684 3760 2727 3794 die

1880 3799 2126 3839 Finanzdirektion
2151 3801 2284 3841 wünschte
2308 3801 2378 3834 über
2411 3803 2490 3836 einen
2526 3804 2611 3846 Theil
2645 3805 2728 3846 dieses

1881 3843 1987 3877 Geldes
2009 3854 2041 3884 zu
2066 3845 2208 3887 verfügen.
2232 3846 2287 3879 Sie
2305 3847 2485 3890 ermächtigte
2507 3849 2550 3882 die
2562 3850 2728 3884 Kantonal¬

1881 3889 1951 3921 bank
1976 3888 2057 3929 durch
2081 3890 2138 3922 eine
2161 3891 2340 3933 Anweisung,
2376 3892 2450 3926 beim
2473 3894 2642 3936 Einnehmer
2665 3901 2723 3929 von

1880 3934 1966 3967 Oron
1991 3936 2107 3972 20,000
2131 3935 2184 3974 Fr.
2208 3946 2242 3976 zu
2266 3937 2388 3978 erheben.
2413 3938 2491 3978 Doch
2502 3939 2609 3973 Mellet
2620 3942 2727 3983 zögerte

2768 1294 2821 1327 mit
2843 1294 2890 1326 der
2913 1295 3099 1336 Auszahlung
3132 1295 3215 1336 dieser
3237 1297 3365 1330 Summe
3397 1299 3456 1330 und
3490 1299 3620 1339 Finanz¬

2769 1338 2885 1372 direktor
2909 1340 3005 1377 Brun,
3030 1339 3153 1381 deßhalb
3163 1340 3344 1383 beunruhigt,
3370 1342 3457 1384 begab
3480 1343 3530 1383 sich
3545 1344 3611 1382 nach

2768 1383 2863 1420 Oron,
2888 1393 2938 1415 um
2963 1385 3019 1417 eine
3041 1385 3226 1426 Kaffenvifite
3246 1396 3282 1426 zu
3298 1387 3417 1426 machen.
3466 1388 3543 1426 Doch
3566 1389 3614 1420 als

2770 1437 2797 1459 er
2821 1437 2867 1460 am
2891 1429 3008 1469 Freitag
3031 1429 3160 1470 Morgen
3183 1431 3214 1462 in
3235 1431 3322 1464 Oron
3344 1432 3469 1471 erschien,
3492 1438 3556 1464 war
3569 1434 3617 1464 der

2770 1473 2938 1513 Einnehmer
2961 1473 3169 1512 verschwunden
3192 1476 3249 1507 und
3273 1476 3329 1514 sein
3345 1476 3442 1517 Sohn,
3467 1476 3614 1509 Vertreter

2770 1517 2816 1548 des
2839 1517 2950 1557 Kreises
2973 1518 3058 1550 Oron
3080 1518 3120 1550 im
3135 1517 3250 1558 Großen
3263 1520 3367 1560 Rathc,
3392 1528 3454 1553 war
3478 1520 3615 1561 ebenfalls

2771 1561 2920 1601 abwesend.
2968 1562 3013 1600 In
3037 1562 3083 1594 der
3106 1563 3190 1606 Kaffe
3221 1565 3324 1604 fanden
3359 1565 3407 1605 sich
3434 1567 3518 1597 1700
3543 1567 3616 1605 Fr.!

2771 1606 2832 1639 Der
2854 1606 2941 1646 Sohn
2964 1607 3077 1645 Mellet,
3101 1607 3150 1639 der
3172 1608 3238 1648 nach
3255 1610 3302 1641 der
3326 1610 3418 1650 letzten
3434 1609 3617 1651 GroßrathS-

2770 1651 2868 1691 sihung
2890 1650 2965 1690 nicht
2987 1652 3053 1690 nach
3075 1652 3170 1691 Haufe
3191 1654 3393 1695 zurückgekehrt
3414 1661 3485 1691 war,
3520 1655 3616 1687 wurde

2771 1695 2917 1736 verhaftet,
2950 1701 3014 1728 vom
3038 1696 3131 1729 Vater
3164 1698 3330 1739 hingegegen
3365 1698 3414 1739 hat
3449 1708 3517 1730 man
3552 1699 3620 1738 noch

2770 1740 2841 1772 keine
2862 1740 2960 1779 Spur,
2983 1740 3046 1780 doch
3069 1740 3174 1781 glaubt
3194 1752 3273 1780 man,
3310 1742 3368 1782 daß
3400 1753 3430 1775 er
3463 1743 3514 1784 sich
3549 1743 3618 1783 nach

2770 1785 2850 1817 Bern
2872 1784 2990 1825 begeben
3011 1784 3090 1826 habe.

2837 1829 2913 1868 Nach
2949 1829 2995 1862 der
3029 1830 3197 1870 „Estafette"
3235 1831 3286 1871 hat
3321 1832 3374 1864 das
3406 1832 3543 1873 Ereigniß
3577 1833 3620 1865 inr

2771 1873 2870 1912 Bezirk
2903 1874 2990 1906 Oron
3023 1874 3165 1907 Niemand
3199 1875 3368 1916 überrascht.
3413 1876 3482 1909 Seit
3515 1877 3617 1918 langer

2772 1918 2837 1957 Zeit
2860 1919 2973 1959 erfüllte
3002 1918 3049 1951 der
3072 1919 3243 1960 Einnehmer
3278 1921 3347 1959 seine
3372 1921 3509 1962 Pflichten
3545 1921 3619 1962 nicht

2772 1963 2858 2003 mehr,
2883 1973 2913 1995 er
2937 1963 2986 2003 saß
3006 1963 3151 2004 beständig
3185 1965 3225 1997 im
3246 1964 3457 2006 Wirthshause,
3493 1966 3538 1998 die
3559 1966 3618 1999 Be-

2772 2008 2893 2048 sorgung
2917 2008 3003 2046 seines
3025 2009 3129 2041 Amtes
3159 2009 3257 2047 seinem
3293 2010 3394 2051 Sohne
3426 2010 3613 2051 überlaffend.

2772 2052 2876 2085 Mellet
2899 2058 2962 2085 war
2995 2053 3080 2092 zuerst
3103 2052 3225 2091 Weibel,
3259 2054 3337 2086 dann
3372 2055 3619 2095 Bezirksgerichts¬

2772 2097 2913 2137 präsident
2937 2098 2995 2129 und
3016 2097 3129 2137 Syndic
3152 2105 3208 2130 von
3220 2099 3315 2131 Oron.
3361 2099 3427 2132 Seit
3451 2100 3510 2132 dem
3524 2100 3620 2141 Jahre

2776 2143 2857 2173 1866
2882 2141 3021 2174 bekleidete
3044 2152 3073 2174 er
3096 2142 3151 2174 das
3172 2143 3242 2175 Amt
3266 2144 3341 2176 eines
3367 2144 3564 2184 Einnehmers.

3034 2239 3351 2296 Anstand.

2841 2317 3103 2359 Deutschland.
3143 2319 3325 2357 Berlin,
3348 2323 3401 2353 20.
3437 2321 3518 2354 Mai.
3553 2323 3621 2361 rfp

2775 2363 2992 2404 (Orig.-Korr.)
3015 2363 3195 2404 Hinsichtlich
3219 2365 3264 2397 der
3276 2366 3470 2406 Anwesenheit
3482 2366 3530 2399 des
3543 2367 3618 2406 Hrn.

2774 2408 2972 2449 Waddington
2993 2408 3052 2449 hier
3075 2409 3165 2449 stehen
3181 2409 3231 2450 sich
3253 2409 3322 2450 noch
3337 2410 3438 2443 immer
3460 2411 3501 2443 die
3526 2411 3621 2444 beiden

2774 2453 2920 2493 Ansichten
2943 2452 3104 2494 gegenüber,
3130 2459 3187 2486 von
3210 2454 3327 2494 welchen
3348 2455 3392 2487 die
3414 2456 3473 2487 eine
3494 2456 3556 2489 dem
3564 2456 3623 2489 Be¬

2775 2497 2834 2537 such
2869 2498 2927 2530 eine
2961 2496 3097 2538 politische
3120 2499 3290 2539 Bedeutung
3312 2498 3422 2540 beilegt,
3456 2500 3497 2532 die
3521 2501 3623 2533 andere

2775 2543 2858 2582 nicht.
2883 2542 2940 2576 Die
2951 2543 3051 2583 letztere
3074 2542 3148 2574 wird
3160 2543 3336 2584 anscheinend
3360 2545 3519 2585 unterstützt
3539 2545 3622 2585 durch

2776 2587 2854 2620 einen
2876 2586 3017 2628 angeblich
3040 2587 3182 2627 offiziösen
3203 2588 3288 2628 Brief
3314 2593 3371 2621 aus
3392 2589 3496 2622 Berlin
3521 2590 3553 2622 in
3574 2590 3623 2622 der

2780 2632 2964 2672 „Kölnischen
2985 2632 3151 2673 Zeitung",
3186 2632 3233 2665 der
3266 2633 3421 2674 allerdings
3456 2635 3484 2674 so
3517 2635 3625 2676 Hagen-

2776 2677 2877 2717 buchen
2911 2675 2981 2717 grob
3014 2683 3084 2714 war,
3120 2676 3176 2717 daß
3211 2687 3239 2710 er
3271 2687 3330 2710 nur
3365 2679 3395 2710 in
3420 2678 3468 2711 der
3494 2679 3622 2717 „Nordd.

2776 2722 2855 2762 Allg.
2879 2722 2967 2762 Ztg."
3004 2721 3078 2761 nicht
3100 2722 3274 2763 ausgefallen
3308 2724 3385 2755 wäre
3411 2723 3471 2756 und
3494 2724 3542 2756 der
3564 2725 3624 2765 sehr

2775 2766 2874 2807 schnell
2895 2767 2928 2798 in
2951 2765 3114 2806 Frankreich
3138 2767 3286 2799 verbreitet
3319 2768 3433 2800 worden
3461 2769 3518 2807 sein
3541 2769 3621 2808 muß.

2841 2810 2977 2852 Jndeffen
3000 2810 3071 2843 wird
3094 2810 3162 2851 auch
3186 2811 3268 2851 dieser
3291 2811 3385 2852 Brief,
3419 2813 3507 2845 weder
3540 2813 3623 2853 durch

2777 2855 2817 2887 die
2852 2855 3003 2896 Thatsache
3035 2855 3122 2895 seiner
3157 2856 3290 2896 Existenz,
3329 2857 3396 2896 noch
3433 2857 3517 2897 durch
3552 2859 3623 2898 seine

2777 2900 2980 2938 Deduktionen,
3004 2900 3046 2932 die
3070 2900 3171 2933 andere
3182 2898 3294 2940 Ansicht
3317 2902 3392 2941 nicht
3413 2901 3553 2942 bekehren,
3575 2903 3622 2935 be¬

2778 2944 2937 2986 ziehentlich
2952 2945 2990 2977 ad
3012 2945 3179 2978 absurdum
3202 2946 3313 2986 führen.
3351 2947 3438 2980 Denn
3462 2952 3491 2980 es
3513 2948 3624 2980 werden

2778 2990 2828 3030 sich
2862 2990 2955 3030 wenig
2978 2989 3059 3022 Leute
3092 2989 3196 3029 finden,
3234 2990 3332 3030 welche
3369 2991 3418 3031 sich
3452 2991 3625 3034 überzeugen

2777 3035 2873 3075 lassen,
2908 3034 2966 3074 daß
2999 3038 3027 3067 es
3051 3033 3171 3074 wirklich
3202 3035 3294 3067 reiner
3316 3036 3420 3076 Zufall
3449 3037 3493 3076 sei,
3542 3043 3624 3070 wenn

2778 3080 2829 3119 auf
2851 3079 2901 3112 den
2925 3080 2989 3120 Tag
3011 3079 3070 3111 eine
3090 3079 3227 3112 Berliner
3249 3080 3309 3113 und
3335 3081 3394 3113 eine
3416 3081 3533 3122 Pariser
3557 3082 3625 3122 Zei¬

2779 3127 2851 3165 tung
2884 3124 2954 3157 über
2987 3123 3027 3156 die
3061 3123 3269 3165 Tripelallianz
3305 3125 3363 3157 und
3398 3125 3449 3158 den
3483 3126 3626 3167 Anschluß

2779 3168 2959 3208 Frankreichs
2992 3168 3049 3201 und
3073 3169 3152 3201 einen
3175 3171 3240 3211 Tag
3263 3164 3354 3209 später
3379 3170 3435 3203 eine
3459 3171 3624 3212 italienische

2779 3213 2848 3246 über
2863 3213 2985 3253 dasselbe
2997 3213 3104 3253 Thema
3115 3214 3227 3254 spricht.
3251 3215 3308 3248 Die
3330 3215 3447 3255 hiesigen
3462 3216 3624 3257 Zeitungen

2777 3258 2867 3300 haben
2889 3258 2941 3299 sich
2962 3257 3165 3299 hauptsächlich
3187 3259 3242 3292 mit
3264 3259 3312 3292 der
3336 3260 3429 3300 Frage
3452 3260 3621 3303 beschäftigt,

2779 3303 2813 3336 ob
2837 3303 2880 3336 die
2901 3302 3064 3342 betreffende
3079 3303 3236 3345 Anregung
3257 3304 3371 3345 offiziös
3393 3305 3427 3345 sei
3449 3305 3514 3338 oder
3538 3306 3621 3347 nicht,

2779 3349 2836 3381 eine
2868 3349 3036 3389 sogenannte
3059 3349 3258 3390 Doktorfrage,
3295 3349 3331 3381 da
3366 3349 3407 3382 die
3428 3349 3520 3389 Sache
3552 3360 3625 3392 ganz

2778 3393 2957 3434 gleichgültig
2980 3393 3021 3433 ist.
3046 3392 3202 3434 Uebrigens
3226 3394 3257 3433 ist
3280 3394 3339 3427 eine
3358 3394 3494 3428 Antwort
3516 3395 3624 3438 darauf

2778 3438 2845 3478 auch
2867 3447 2939 3479 ganz
2951 3437 3029 3478 sicher
3052 3437 3125 3478 nicht
3143 3447 3176 3478 zu
3189 3442 3337 3472 erwarten.
3361 3437 3447 3472 6'est
3461 3441 3482 3472 ä
3492 3441 3623 3483 prendre

2777 3494 2816 3515 ou
2839 3484 2858 3516 L
2880 3483 2998 3525 laisser,
3031 3482 3067 3515 ob
3102 3486 3132 3515 es
3166 3484 3276 3524 offiziös
3307 3484 3340 3524 ist
3362 3483 3426 3516 oder
3450 3484 3544 3524 nicht:
3579 3486 3623 3519 die

2777 3528 2937 3568 Franzosen
2960 3528 3064 3560 können
3084 3528 3132 3566 Ja
3161 3529 3226 3561 oder
3246 3528 3322 3561 Nein
3344 3529 3435 3570 sagen.
3483 3529 3539 3563 Sie
3562 3531 3622 3571 sind

2777 3573 2844 3613 auch
2866 3582 2919 3614 gar
2943 3572 3014 3612 nicht
3037 3572 3208 3613 eingeladen,
3234 3573 3349 3613 sondern
3374 3583 3442 3606 man
3464 3574 3514 3614 hat
3538 3575 3622 3616 ihnen

2777 3618 2834 3650 eine
2867 3616 3095 3658 unmaßgebliche
3119 3618 3301 3660 Bemerkung
3335 3619 3466 3660 gemacht,
3502 3620 3546 3653 die
3582 3638 3618 3643 —

2776 3663 2828 3703 frei
2851 3662 2918 3702 nach
2943 3662 3048 3702 Goethe
3075 3680 3109 3685 —
3137 3663 3276 3704 ungefähr
3300 3664 3328 3703 so
3350 3664 3451 3696 lauten
3473 3666 3588 3697 würde:

2881 3706 2936 3736 Ein
2953 3705 3030 3738 Land,
3048 3705 3097 3735 das
3114 3706 3161 3740 auf
3178 3706 3306 3741 Revanche
3322 3707 3449 3741 spekulirt,

2880 3742 2926 3776 Ist
2944 3742 2991 3771 wie
3008 3742 3048 3772 ein
3067 3741 3145 3776 Thier
3161 3743 3206 3773 auf
3224 3742 3314 3772 dürrer
3330 3742 3415 3778 Heide,

2880 3778 2944 3807 Das
2961 3786 3020 3807 man
3039 3778 3076 3807 im
3092 3777 3177 3811 Kreise
3194 3778 3264 3812 führt

2880 3814 2939 3843 Und
2957 3814 3031 3849 rings
3049 3813 3139 3848 umher
3157 3814 3187 3847 ist
3204 3814 3285 3847 schöne
3304 3814 3385 3849 grüne
3402 3814 3494 3845 Weide.

2840 3851 2922 3891 Nicht
2934 3851 3030 3892 gerade
3047 3851 3258 3891 wörtlich,
3284 3851 3351 3884 aber
3371 3853 3398 3892 so
3410 3853 3493 3893 lange
3504 3852 3551 3884 der
3563 3852 3619 3885 Ge¬

2775 3896 2858 3929 danke
2881 3897 2928 3928 der
2953 3895 3095 3935 Revanche
3125 3895 3309 3937 unbesiegbar
3342 3896 3439 3934 bleibt,
3475 3896 3617 3937 verzichtet

2774 3941 2938 3981 Frankreich
2962 3941 3012 3981 auf
3034 3941 3092 3973 eine
3114 3940 3318 3982 Weltstellung
3346 3942 3405 3974 und
3425 3941 3615 3980 Weltpolitik.

348 4038 522 4089 Femllkts«
552 4038 656 4084 1883
659 4071 669 4084 .

196 4135 269 4171 Zur
287 4133 460 4170 Geschichte
479 4135 536 4164 des
555 4135 830 4170 Nachtwächters.

443 4179 580 4215 (Schluß.)

137 4221 183 4251 So
200 4220 292 4256 fristete
308 4228 364 4250 nun
382 4220 426 4250 der
444 4220 629 4255 Nachtwächter
646 4229 676 4257 zu
688 4220 772 4251 Stadt
788 4220 845 4250 und
865 4219 936 4251 Land

86 4275 117 4281 —
136 4261 204 4291 denn
220 4261 282 4295 auch
298 4261 344 4295 auf
360 4260 408 4290 den
425 4260 543 4294 Dörfern
560 4260 625 4293 fand
643 4262 691 4291 mit
708 4261 752 4291 der
765 4260 936 4297 Einführung

84 4301 127 4330 der
144 4301 291 4337 Schlaguhr
308 4301 351 4330 der
360 4300 530 4336 Stundenruf
548 4301 672 4338 Eingang
691 4316 721 4321 —
742 4300 817 4335 durch
827 4300 935 4335 mchrcrc

88 4340 276 4377 Jahrhunderte
294 4341 411 4377 hindurch
442 4341 493 4375 fein
519 4341 556 4375 oft
582 4343 667 4378 wenig
693 4341 934 4375 beneidenswerthcs

91 4382 191 4418 Dasein.
226 4382 263 4417 Je
280 4382 350 4416 mehr
367 4383 420 4416 sein
438 4381 612 4418 ursprünglich
631 4382 783 4416 wahrhafter
796 4381 935 4416 Charatter

96 4422 160 4453 urück
178 4424 235 4452 trat
253 4422 309 4452 und
327 4423 371 4458 sich
392 4422 555 4456 verdunkelte,
582 4421 605 4456 je
634 4421 845 4457 alterthümlicher
870 4422 934 4456 seine

97 4460 257 4499 Ausstattung
275 4463 361 4493 wurde
379 4478 412 4484 —
433 4463 557 4498 höchstens
575 4462 613 4492 die
632 4462 735 4493 Laterne
758 4470 815 4492 war
833 4462 875 4491 als
893 4462 933 4491 ein

96 4503 219 4534 modernes
229 4503 397 4538 Instrument
416 4513 467 4534 neu
485 4503 703 4540 hinzugekommen
723 4518 755 4523 —
775 4503 797 4538 je
810 4502 880 4537 mehr
891 4502 933 4532 der

91 4544 260 4580 wohlhabende
278 4543 380 4580 Bürger
397 4545 453 4575 und
471 4545 624 4576 Landmann
646 4544 689 4579 sich
706 4544 750 4574 der
767 4543 934 4579 persönlichen

89 4583 256 4621 Wachcpflicht
273 4587 357 4621 entzog
376 4600 411 4605 —
429 4586 495 4621 desto
512 4601 548 4606 —
565 4585 645 4618 sollen
663 4585 711 4615 wir
723 4585 796 4621 sagen
806 4583 934 4619 poetischer

89 4624 145 4656 oder
162 4627 240 4661 sollen
257 4626 306 4656 wir
322 4626 396 4661 sagen
414 4626 581 4661 unpoetischer
607 4626 695 4656 wurde
721 4626 772 4660 sein
790 4626 854 4656 Amt
880 4624 933 4654 und

91 4665 153 4699 seine
170 4667 277 4703 Person.
311 4666 456 4701 Unpoetisch
473 4668 553 4703 gewiß
571 4668 599 4697 in
619 4667 710 4702 solchen
729 4667 876 4703 Gegenden,
894 4675 933 4697 wo

87 4705 202 4738 dummer
220 4706 454 4743 Bürgerhochmuth
481 4707 525 4742 ihn
549 4716 579 4743 zu
606 4708 655 4738 den
681 4709 699 4744 s.
717 4708 752 4744 Z.
777 4708 934 4743 unehrlichen

84 4746 174 4779 Leuten
192 4749 338 4785 degradirte,
356 4747 459 4781 welches
471 4747 561 4782 ftcilich
571 4748 633 4783 bloß
640 4750 687 4784 auf
695 4749 837 4785 diejenigen
846 4748 935 4784 Nacht¬

81 4786 184 4821 wächter
201 4789 288 4825 Bezug
305 4788 376 4823 hatte,
394 4787 433 4817 die
451 4787 498 4816 wie
515 4787 554 4817 die
571 4788 729 4825 Bettelvögte
753 4789 861 4825 zugleich
877 4797 934 4825 zum

81 4826 260 4865 Diebsfangen
277 4828 405 4865 gebraucht
423 4827 546 4863 wurden;
563 4828 601 4857 die
613 4829 732 4865 richtigen
742 4830 933 4867 Nachtwächter,

82 4867 167 4903 welche
184 4870 232 4899 mit
250 4870 334 4906 Lanze,
352 4869 428 4904 Horn
446 4867 500 4897 und
516 4867 614 4902 Leuchte
633 4870 763 4904 vigilirten
780 4870 837 4899 und
855 4870 935 4905 offen¬

81 4907 130 4937 bar
148 4909 211 4939 keine
229 4910 310 4940 Diebe
327 4911 421 4945 fangen
438 4909 548 4944 durften,
567 4908 655 4944 galten
671 4911 714 4939 als
733 4910 833 4946 ehrlich.
867 4911 933 4941 Was

76 4948 140 4979 aber
158 4951 251 4984 unfern
268 4951 364 4987 Helden
388 4960 425 4981 an
442 4949 583 4986 prattischer
599 4948 812 4987 Lebensführung
831 4951 933 4988 abging,

78 4989 129 5018 das
147 4992 233 5021 wurde
250 4992 299 5022 mit
324 4993 368 5022 der
383 4992 443 5028 Zeit
470 4989 574 5026 reichlich
602 4990 767 5026 ausgewogen
793 4991 869 5027 durch
895 4991 934 5021 die

78 5028 249 5068 Ausbildung
278 5032 332 5063 und
349 5031 532 5067 Bereicherung
558 5029 625 5064 ihrer
652 5029 867 5066 Ruf-Funktion;
901 5031 934 5066 sie

76 5071 173 5100 traten,
181 5072 228 5102 mit
245 5073 293 5102 den
311 5073 488 5109 Nachtigallen
510 5073 539 5102 in
557 5070 720 5106 Konkurrenz
745 5070 800 5100 und
828 5071 933 5100 wurden

78 5110 129 5140 mit
146 5111 222 5147 ihnen
239 5113 279 5143 die
295 5114 393 5150 Träger
424 5113 478 5144 mid
504 5112 628 5144 Ausüber
655 5112 697 5141 des
724 5111 933 5147 Nachtgesanges.

78 5150 175 5186 Woher
192 5153 241 5183 das
259 5154 336 5183 kam?
372 5154 425 5184 Die
443 5153 504 5184 liebe
521 5152 601 5189 Noth,
627 5152 671 5182 der
687 5152 794 5188 Hunger
813 5151 878 5180 trieb
895 5150 933 5181 die

74 5200 171 5222 armen
188 5193 329 5226 frierenden
345 5194 418 5225 Leute
436 5195 506 5230 dazu,
524 5193 638 5224 daneben
656 5194 722 5228 wohl
740 5192 800 5227 auch
820 5191 858 5221 die
866 5191 933 5227 Für¬

75 5233 150 5268 sorge
166 5234 369 5269 wohldenkender
387 5235 563 5270 Magistraten
580 5233 636 5264 und
645 5233 804 5269 Pfarrherrn
822 5232 867 5267 für
883 5232 931 5261 das

73 5272 215 5306 öffentliche
232 5274 327 5310 Wohl;
344 5275 413 5304 denn
430 5278 489 5304 was
505 5274 596 5304 konnte
613 5274 663 5304 den
680 5273 860 5309 Einwohnern
875 5272 931 5303 und

72 5313 315 5350 Einwohnerinnen
332 5315 400 5345 einer
412 5314 496 5345 Stadt
508 5315 584 5350 besser
594 5323 654 5351 zum
663 5314 752 5351 Segen
770 5313 825 5344 und
834 5313 930 5349 Nutzen

983 4026 1112 4062 gereichen,
1139 4028 1181 4057 als
1200 4036 1273 4057 wenn
1293 4027 1335 4057 der
1353 4027 1535 4060 Nachtwächter
1561 4038 1615 4059 von
1639 4030 1698 4066 Zeit
1726 4039 1756 4067 zu
1775 4031 1834 4067 Zeit

982 4066 1066 4102 schöne
1081 4068 1225 4102 moralische
1238 4068 1313 4101 Verse
1331 4069 1385 4098 und
1397 4068 1515 4104 Sprüche
1533 4070 1603 4105 sang,
1620 4078 1663 4105 zur
1673 4072 1756 4106 Buße,
1775 4080 1834 4108 zum

981 4107 1246 4143 Sündenbekenntniß
1263 4109 1436 4143 aufmunterte
1460 4110 1515 4139 und
1536 4110 1574 4139 die
1593 4110 1760 4147 Geheimnisse
1789 4112 1834 4142 des

980 4148 1156 4182 Katechismus
1173 4149 1313 4184 repetirte?
1349 4150 1421 4185 Doch
1440 4150 1492 4185 gibt
1509 4153 1537 4181 es
1554 4153 1630 4181 unter
1648 4153 1728 4187 diesen
1743 4153 1834 4188 Nacht¬

981 4189 1169 4224 wächterrufen,
1189 4191 1339 4226 namentlich
1357 4193 1410 4220 aus
1422 4191 1513 4222 älterer
1524 4191 1590 4227 Zeit,
1609 4192 1689 4229 einige
1707 4194 1768 4227 recht
1787 4201 1834 4223 an-

980 4230 1100 4266 muthige,
1119 4238 1139 4265 z.
1156 4231 1194 4261 B.
1218 4230 1263 4260 den
1282 4230 1549 4266 Schaffhauscrspruch
1578 4232 1622 4267 für
1648 4233 1687 4263 die
1704 4234 1760 4264 Mt-
1778 4233 1833 4264 und

979 4270 1222 4306 Neujahrs-Nacht:

1169 4329 1282 4359 Dieweil
1299 4329 1337 4359 die
1355 4329 1435 4364 Nacht
1452 4330 1597 4365 vorhanden
1615 4330 1653 4368 ist,

1138 4368 1226 4404 Behüt
1243 4372 1296 4398 uns
1314 4365 1381 4399 Gott
1398 4377 1430 4404 zu
1448 4369 1523 4403 dieser
1538 4370 1618 4406 Frist,

1138 4408 1196 4439 Bor
1213 4409 1294 4444 Feuer
1312 4409 1365 4438 und
1383 4417 1432 4438 vor
1450 4409 1634 4446 Wasscrsnoth,

1138 4448 1194 4480 Bor
1212 4449 1334 4484 Pestilenz
1351 4448 1406 4478 und
1424 4449 1548 4484 schnellem
1566 4449 1641 4485 Tod;

1138 4489 1241 4524 Verzeih
1258 4492 1311 4518 uns
1323 4489 1389 4519 Gott
1401 4489 1447 4518 all'
1458 4490 1533 4524 unsre
1541 4489 1634 4524 Sund,

1139 4529 1191 4561 Die
1210 4530 1259 4559 wir
1270 4530 1325 4559 dies
1338 4529 1410 4564 Jahr
1428 4529 1554 4566 begangen
1573 4530 1649 4566 Hand.

1138 4569 1191 4601 Die
1209 4570 1320 4606 göttliche
1338 4569 1436 4605 Macht,

1138 4611 1190 4642 Die
1209 4613 1241 4641 ob
1257 4614 1311 4641 uns
1328 4611 1406 4645 wacht
1424 4626 1457 4631 —

1139 4651 1208 4682 Gott
1224 4651 1267 4688 geb
1285 4654 1340 4681 uns
1357 4651 1427 4681 allen
1444 4651 1496 4681 eine
1514 4653 1570 4688 gute
1583 4651 1670 4688 Nacht.

1033 4707 1098 4737 Eine
1125 4706 1253 4742 zahlreiche
1270 4705 1461 4739 Knabenschaar
1496 4705 1587 4742 pflegte
1622 4705 1668 4737 den
1696 4708 1832 4744 singenden

979 4747 1161 4783 Nachtwächter
1178 4755 1211 4783 zu
1229 4746 1348 4783 begleiten
1366 4745 1422 4776 und
1440 4746 1606 4777 unmittelbar
1623 4748 1681 4782 nach
1694 4749 1749 4779 dein
1760 4749 1833 4779 Aus¬

978 4789 1053 4825 klang
1070 4788 1115 4818 des
1133 4788 1216 4824 letzten
1228 4788 1317 4818 Tones
1334 4788 1453 4823 uuisouo
1469 4795 1500 4823 zu
1517 4788 1611 4820 rufen:
1637 4789 1716 4826 mir6,
1742 4790 1831 4826 mirö;

978 4830 1079 4864 welches
1096 4829 1124 4863 so
1142 4830 1191 4859 viel
1210 4829 1331 4859 bedeutete
1348 4829 1410 4858 als:
1433 4829 1498 4864 .mir
1515 4828 1582 4864 auch,
1601 4829 1652 4860 mir
1665 4830 1748 4866 auch."
1769 4830 1832 4860 Aus

978 4871 1026 4901 dm
1043 4870 1164 4907 Fenstern
1190 4870 1235 4900 der
1252 4869 1350 4905 Häuser
1375 4869 1437 4899 aber
1462 4869 1529 4903 warf
1553 4877 1618 4899 man
1643 4869 1699 4901 dem
1717 4870 1832 4906 Wächter

978 4912 1027 4942 das
1046 4912 1073 4942 in
1090 4910 1249 4947 brennendes
1266 4910 1363 4946 Papier
1386 4909 1558 4946 eingewickelte
1576 4909 1832 4948 Neujahrstrinkgeld

977 4953 1024 4988 auf
1042 4952 1079 4983 die
1096 4951 1199 4988 Straße
1217 4952 1344 4987 herunter.

1033 5005 1100 5035 Weit
1118 5005 1249 5035 verbreitet
1265 5013 1322 5035 war
1339 5004 1437 5036 sodann
1455 5005 1496 5035 ein
1513 5004 1579 5041 Lied,
1602 5004 1650 5035 das
1669 5006 1697 5036 in
1716 5005 1762 5036 den
1782 5006 1832 5037 Be¬

977 5046 1040 5080 reich
1065 5045 1109 5076 der
1134 5045 1359 5081 mittelalterlichen
1386 5046 1573 5082 Zahlenmystik
1601 5046 1687 5082 gehört
1714 5047 1766 5077 und
1795 5047 1833 5077 die

977 5086 1165 5122 ausgcrufenen
1182 5086 1311 5117 Stunden
1328 5087 1445 5122 christlich
1461 5086 1550 5123 deutet,
1567 5094 1589 5123 z.
1606 5087 1658 5117 B.:

1171 5140 1247 5176 Zehn
1264 5139 1362 5170 Gebote
1379 5140 1466 5175 scharst
1483 5140 1550 5170 Gott
1567 5140 1619 5177 ein,

1172 5181 1238 5215 Laßt
1255 5183 1310 5210 uns
1327 5180 1380 5216 ihm
1398 5181 1529 5217 gehorsam
1547 5181 1609 5216 sein.

1173 5221 1223 5255 Elf
1239 5221 1341 5256 Apostel
1359 5220 1455 5251 blieben
1472 5224 1538 5258 tau,

1171 5261 1249 5296 Gieb,
1267 5261 1318 5295 daß
1334 5270 1382 5297 gar
1400 5261 1454 5291 kein
1470 5261 1559 5297 Abfall
1576 5262 1620 5297 sei.

1032 5313 1123 5349 Dieses
1140 5314 1194 5345 und
1213 5315 1304 5345 andere
1320 5315 1407 5345 Lieder
1434 5315 1475 5350 hat
1493 5315 1595 5352 kürzlich
1613 5316 1719 5353 Ludwig
1736 5317 1831 5348 Tobler

1880 4031 1908 4061 in
1925 4031 1968 4061 der
1987 4031 2153 4069 Sammlung
2179 4033 2370 4070 schweizerischer
2390 4035 2547 4066 Volkslieder
2573 4037 2726 4072 zusammen-

1879 4072 1982 4107 gcstellt.
2016 4072 2058 4107 In
2072 4071 2303 4108 Norddeutschland
2319 4074 2413 4110 sangen
2431 4076 2470 4105 die
2482 4076 2664 4111 Nachtwächter
2676 4079 2727 4108 ein¬

1878 4112 1942 4148 zelne
1961 4112 2096 4147 Strophen
2115 4116 2166 4143 aus
2184 4114 2231 4143 den
2249 4114 2347 4144 Abend-
2375 4114 2428 4144 und
2446 4116 2656 4152 Morgcnliedem
2683 4118 2726 4148 des

1879 4151 2033 4186 öffmtlichen
2051 4151 2249 4190 Gesangbuches,
2267 4161 2287 4189 z.
2305 4154 2357 4184 B.:

1985 4201 2031 4236 Ich
2049 4201 2126 4235 schlief
2144 4201 2197 4231 und
2216 4202 2287 4236 wnßt
2305 4203 2378 4237 nicht,
2395 4204 2442 4233 wie
2460 4204 2511 4234 mir
2528 4214 2593 4240 war,

1985 4241 2029 4271 So
2047 4241 2126 4276 schlich
2144 4240 2187 4272 der
2204 4243 2292 4277 Teufel
2310 4251 2355 4272 uin
2374 4244 2435 4278 mich
2454 4244 2504 4280 her,

1877 4290 1951 4320 oder:
1988 4289 2041 4325 Ihr
2069 4289 2256 4328 Höllengcister,
2284 4292 2360 4325 packet
2388 4293 2480 4330 Euch!,
2507 4294 2609 4330 welches
2627 4295 2670 4329 für
2687 4297 2725 4327 die

1877 4330 1980 4365 meisten
1999 4330 2178 4364 Nachtwächter
2199 4331 2240 4361 ein
2258 4332 2436 4369 Lieblingslied
2456 4342 2518 4364 war.

1929 4383 2033 4418 Endlich
2051 4391 2127 4419 gegen
2147 4384 2220 4415 Ende
2237 4387 2281 4416 des
2306 4386 2348 4416 18.
2366 4387 2563 4423 Jahrhunderts
2589 4392 2641 4420 trat
2667 4392 2725 4426 auch

1876 4425 1925 4454 das
1951 4424 2207 4460 Nachtwächterthum
2234 4426 2263 4456 in
2288 4426 2326 4456 die
2352 4428 2446 4463 groben
2474 4429 2657 4467 Strömungen
2684 4433 2726 4463 der

1875 4465 1940 4502 Zeit,
1959 4465 2054 4496 vorerst
2072 4465 2100 4495 in
2113 4465 2151 4496 die
2160 4466 2245 4497 beiden
2254 4469 2484 4505 entgegengeschtm
2492 4471 2567 4506 Pole,
2586 4472 2623 4502 die
2635 4472 2725 4504 Senti¬

1875 4506 2020 4536 mentalität
2042 4505 2098 4535 und
2116 4505 2162 4536 den
2180 4507 2292 4543 Humor.
2325 4509 2419 4545 Zwar,
2439 4511 2471 4541 ob
2489 4512 2526 4541 die
2544 4513 2726 4550 Nachtwächter

1875 4547 1950 4583 selber
1970 4546 2013 4576 der
2033 4546 2334 4586 Empfindungsseligkeit
2361 4550 2405 4580 des
2431 4552 2628 4588 Jahrhunderts
2655 4555 2725 4591 ihren

1875 4587 1936 4623 Zoll
1953 4587 2091 4622 abzahlten,
2111 4589 2176 4623 weiß
2194 4590 2229 4625 ich
2246 4590 2310 4624 nicht
2326 4599 2357 4627 zu
2376 4591 2459 4628 sagm,
2477 4593 2547 4628 sicher
2565 4595 2604 4630 ist.
2622 4594 2671 4631 daß
2687 4596 2725 4632 ihr

1876 4628 1932 4663 Ruf
1949 4628 2114 4664 zartgesinnte
2131 4628 2228 4660 Seelen
2255 4631 2303 4661 mit
2324 4632 2423 4667 weicher
2440 4633 2578 4670 Wehmuth
2596 4635 2724 4672 berührte;

1876 4668 1903 4703 so
1920 4668 1975 4704 sagt
1992 4676 2018 4698 u.
2035 4677 2060 4698 a.
2079 4668 2184 4700 Laoater
2211 4671 2247 4700 im
2273 4672 2399 4707 geheiinen
2424 4674 2570 4710 Tagebuch:
2606 4677 2656 4706 Uni
2673 4678 2724 4707 drei

1876 4708 1929 4744 Uhr
1947 4708 1995 4738 des
2005 4708 2134 4746 Morgens
2153 4712 2269 4745 erwachte
2286 4713 2320 4747 ich
2337 4713 2393 4742 und
2401 4714 2471 4749 hörte
2480 4715 2526 4745 den
2535 4716 2722 4752 Nachtwächter.

1876 4749 1924 4785 Ich
1941 4749 2003 4785 höre
2019 4749 2064 4785 ihn
2082 4751 2202 4787 niemals,
2222 4752 2284 4788 ohne
2302 4753 2354 4783 eine
2373 4755 2470 4790 gewisse
2482 4756 2539 4790 süße
2549 4757 2721 4792 Melancholie,

1876 4791 1914 4821 die
1930 4791 1980 4820 mit
1998 4791 2065 4820 einer
2083 4791 2166 4823 feinen
2184 4794 2362 4830 Empfindung
2390 4795 2431 4825 der
2448 4795 2609 4833 Flüchtigkeit
2626 4799 2719 4828 meines

1876 4830 1971 4861 Lebens
1989 4831 2043 4860 und
2072 4831 2120 4861 mit
2146 4831 2255 4864 dunkeln
2279 4834 2475 4871 Vorstellungen
2501 4844 2553 4866 von
2580 4837 2720 4872 wachenden

1876 4871 1984 4908 Weisen,
2014 4871 2156 4907 seufzenden
2180 4873 2315 4910 Kranken,
2351 4875 2533 4910 Gebärmden,
2562 4877 2720 4908 Sterbenden

1876 4920 1905 4943 u.
1921 4912 1939 4947 s.
1957 4920 1993 4942 w.
2011 4912 2155 4944 verbunden
2173 4915 2213 4950 ist.
2248 4915 2304 4946 Der
2312 4915 2415 4951 Humor
2432 4916 2476 4946 der
2492 4916 2548 4952 Zeit
2566 4917 2664 4948 erweist
2676 4918 2719 4952 sich

1876 4952 2096 4988 nachtwächterlich
2113 4954 2142 4984 in
2160 4955 2207 4985 dm
2220 4955 2305 4985 beiden
2314 4956 2411 4991 Fabeln
2429 4956 2479 4986 von
2497 4956 2649 4986 Geliert
2666 4958 2718 4987 und

1877 4993 2085 5027 Claudius:
2112 4994 2169 5026 dort
2197 4996 2296 5026 werdm
2321 4996 2365 5031 sich
2391 4997 2449 5031 zwei
2477 4996 2590 5029 Wächter
2615 4997 2718 5034 deßhalb

1876 5034 2049 5070 spinnefeind,
2077 5036 2134 5065 weil
2163 5036 2206 5067 der
2223 5036 2287 5071 Eine
2307 5036 2483 5071 „bewahrt
2500 5036 2549 5066 das
2567 5037 2648 5073 Feuer
2665 5039 2719 5069 und

1876 5075 1924 5105 das
1940 5075 2032 5111 Licht",
2050 5075 2094 5106 der
2111 5075 2211 5107 Andere
2231 5085 2261 5111 ,v
2271 5085 2282 5106 e
2292 5085 2306 5106 r
2314 5084 2337 5106 w
2347 5084 2362 5105 a
2373 5076 2389 5111 h
2398 5084 2412 5106 r
2421 5078 2431 5106 t
2448 5076 2496 5106 das
2508 5077 2590 5113 Feuer
2607 5078 2660 5109 und
2671 5079 2719 5110 das

1875 5115 1953 5150 Licht"
1974 5116 2058 5152 singt;
2086 5116 2124 5146 bei
2141 5116 2272 5147 Claudius
2290 5116 2364 5152 kriegt
2383 5116 2422 5146 ein
2440 5117 2622 5153 Nachtwächter
2648 5120 2719 5150 einen

1877 5156 2070 5192 obrigkeitlichen
2080 5156 2179 5193 Rüffel,
2196 5157 2252 5187 weil
2261 5165 2288 5186 er
2295 5165 2323 5192 zu
2334 5157 2420 5192 singen
2430 5157 2508 5194 pflegt
2527 5159 2605 5192 „das
2622 5159 2720 5192 Klock

1877 5197 1920 5232 hat
1936 5195 2011 5232 Zehn
2027 5197 2173 5233 geschlagen,
2192 5197 2309 5232 während
2325 5200 2354 5226 es
2372 5198 2431 5233 nach
2449 5199 2493 5228 des
2505 5199 2720 5237 Bürgermeisters

1876 5236 2027 5270 wohlwciser
2045 5237 2144 5271 Ansicht
2162 5237 2247 5272 heißen
2264 5237 2343 5272 muß:
2361 5237 2421 5267 der
2438 5238 2540 5269 Klock.
2565 5240 2722 5275 Schlimmer

1875 5276 1946 5312 spielt
1953 5276 2000 5306 der
2006 5277 2108 5313 Humor
2116 5276 2171 5307 dem
2176 5277 2356 5312 Nachtwächter
2362 5278 2399 5307 im
2405 5278 2576 5314 Puppcnspiel
2584 5288 2635 5311 von
2640 5281 2722 5319 Faust

1875 5317 1939 5352 mit;
1957 5317 1991 5347 da
2010 5317 2037 5353 ist
2055 5319 2084 5347 es
2102 5316 2226 5353 Kasperle,
2243 5317 2293 5353 der,
2311 5318 2426 5354 nachdem
2447 5328 2474 5350 er
2492 5323 2542 5350 aus
2560 5321 2614 5352 Dr.
2625 5322 2722 5361 Fausts

2774 4038 2865 4073 Dienst
2882 4039 3049 4073 ausgetreten,
3069 4038 3109 4067 ein
3127 4037 3199 4073 böses
3218 4038 3291 4068 Weib
3313 4038 3442 4073 geheiratet
3459 4038 3510 4067 und
3529 4038 3618 4073 Nacht¬

2775 4078 2876 4113 wächter
2893 4078 3024 4114 geworden
3043 4078 3082 4109 ist.
3117 4077 3162 4112 In
3186 4078 3234 4107 den
3250 4078 3437 4114 Schlußszenen,
3466 4079 3494 4107 in
3510 4079 3616 4114 welchen

2773 4118 2853 4154 Faust
2870 4119 2897 4148 in
2929 4117 3105 4153 fürchterlicher
3123 4118 3206 4153 Angst
3233 4119 3286 4148 deni
3313 4119 3439 4149 nahenden
3467 4119 3536 4148 Tode
3564 4122 3618 4149 ent¬

2773 4158 2915 4194 gegensieht,
2934 4158 2964 4194 ist
2982 4166 3037 4188 nun
3054 4157 3173 4193 Kasperle
3196 4159 3239 4188 als
3256 4158 3307 4191 sein
3324 4157 3470 4193 Gegenbild,
3498 4158 3536 4188 die
3563 4159 3617 4193 Ge¬

2773 4199 2832 4231 stalt
2848 4199 2918 4228 eines
2936 4207 2994 4234 zum
3011 4198 3195 4234 Nachtwächter
3211 4199 3390 4233 vcrflnipelten,
3415 4198 3474 4228 aber
3493 4199 3518 4229 in
3537 4199 3617 4234 seiner

2773 4239 2900 4272 Simpelei
2919 4239 3063 4275 glücklichen
3081 4238 3135 4268 und
3163 4240 3190 4268 in
3216 4239 3305 4271 seinem
3322 4237 3401 4268 Glück
3425 4239 3534 4275 witzigen
3562 4241 3617 4272 und

2772 4279 2917 4315 unflätigen
2933 4279 3069 4313 Menschen
3086 4278 3232 4313 dargestellt.
3265 4278 3325 4307 Mit
3341 4278 3453 4311 Mantel,
3471 4278 3545 4309 Stab
3562 4284 3618 4311 und

2772 4319 2875 4350 Laterne
2892 4320 2949 4349 tritt
2966 4328 2993 4349 er
3009 4322 3059 4349 ans
3078 4319 3119 4348 der
3137 4318 3223 4354 Hütte,
3248 4320 3299 4346 aus
3322 4318 3419 4350 welcher
3446 4318 3484 4349 die
3510 4320 3617 4355 keifende

2773 4359 2890 4390 Stimme
2907 4361 2988 4395 seines
3006 4359 3104 4390 Weibes
3122 4358 3247 4393 eilchallt;
3264 4365 3291 4387 er
3309 4358 3391 4394 singt:

2967 4413 3055 4444 Guten
3073 4412 3195 4447 Morgen,
3213 4409 3287 4440 liebes
3306 4410 3402 4446 Lieserl,

2966 4453 3014 4487 Ach
3031 4452 3079 4485 leih
3096 4451 3149 4480 mir
3165 4451 3221 4480 dein
3239 4450 3339 4481 Latein.

2967 4494 2990 4522 's
3007 4492 3051 4527 isch
3069 4491 3093 4526 ja
3111 4491 3138 4524 so
3157 4491 3242 4526 finster

2964 4533 3019 4563 Und
3037 4532 3122 4566 scheint
3141 4532 3180 4561 nit
3198 4531 3225 4561 ai
3242 4531 3338 4562 Stern.

2823 4584 2862 4619 Ja
2880 4584 2914 4618 so,
2933 4583 2966 4616 ich
2984 4581 3029 4616 Hab
3048 4583 3104 4610 was
3121 4580 3217 4612 anders
3235 4589 3263 4617 zu
3281 4582 3378 4618 singen,

2755 4629 2772 4653 t
2891 4628 2958 4663 Hört
2976 4627 3014 4659 ihr
3030 4626 3115 4661 Herrn
3135 4626 3190 4656 und
3207 4626 3262 4660 laßt
3279 4626 3336 4662 euch
3353 4628 3433 4664 sagen,

2891 4668 2950 4698 Der
2967 4666 3037 4698 Klock
3055 4666 3097 4701 hat
3114 4667 3194 4696 neuni
3211 4667 3356 4703 geschlagen,

2891 4707 2968 4737 Neun
2987 4707 3017 4740 ist
3032 4706 3076 4736 der
3092 4705 3177 4736 Klock!
3197 4707 3272 4737 Neun
3292 4707 3322 4740 ist
3341 4708 3384 4737 der
3399 4707 3483 4738 Klock!

2889 4747 3011 4782 Bewahrt
3028 4746 3077 4776 das
3093 4746 3175 4783 Feuer
3193 4747 3246 4777 und
3263 4747 3312 4777 das
3329 4747 3402 4784 Licht,

2888 4787 2954 4822 Daß
2962 4787 3004 4817 der
3012 4786 3096 4817 Stadt
3104 4787 3157 4817 kein
3167 4787 3264 4822 Schade
3273 4787 3384 4824 geschicht
3392 4797 3417 4818 u.
3426 4789 3445 4823 s.
3455 4798 3489 4820 w.

2819 4836 2887 4867 Aber
2911 4836 2970 4871 auch
2997 4836 3038 4866 der
3067 4835 3307 4872 Aufklärungsgeist
3334 4837 3491 4875 bemächtigte
3516 4840 3562 4876 sich
3580 4857 3616 4861 —

2766 4878 2812 4908 wie
2829 4880 2858 4906 es
2875 4877 2963 4912 scheint
2979 4885 3045 4912 zwar
3062 4878 3121 4910 noch
3142 4877 3205 4911 nicht
3217 4877 3259 4907 des
3269 4877 3542 4917 Nachtwächteramtes,
3561 4882 3617 4916 son-

2766 4918 2826 4947 dcm
2845 4918 2887 4947 der
2903 4917 2991 4952 Poesie
3014 4917 3057 4947 der
3084 4917 3273 4952 Nachtwächter.
3311 4919 3351 4949 Es
3380 4919 3409 4953 ist
3432 4921 3473 4950 ein
3500 4922 3617 4956 charakte¬

2766 4958 2881 4994 ristischer
2897 4958 2958 4994 Zug
2977 4958 3068 4993 unsers
3085 4957 3234 4995 Zeitalters,
3253 4958 3351 4992 schreibt
3371 4960 3412 4990 ein
3430 4961 3571 4997 Einsender
3586 4965 3618 4994 in

2766 4999 2818 5029 eine
2836 4998 2957 5029 Berliner
2974 4998 3179 5035 Monatsschrift,
3197 4999 3244 5030 den
3254 4999 3326 5035 Geist
3337 5001 3392 5030 und
3402 5001 3439 5032 die
3448 5002 3620 5042 Handlungs¬

2766 5039 2836 5073 weise
2861 5038 2929 5073 jedes
2952 5039 3072 5069 Standes
3097 5039 3277 5076 aufzusuchen;
3315 5041 3447 5074 besonders
3484 5044 3544 5075 aber
3570 5046 3622 5076 das

2766 5079 2930 5116 Fehlerhafte,
2942 5079 3106 5116 Unschickliche
3116 5084 3172 5111 und
3182 5081 3326 5118 Lächerliche
3335 5081 3460 5116 desselbm
3470 5084 3517 5115 den
3525 5085 3620 5123 Augm

2766 5121 2810 5151 des
2826 5120 2985 5156 Publikums
3004 5136 3032 5141 —
3054 5120 3113 5151 bald
3141 5121 3171 5152 in
3195 5122 3273 5158 Ernst
3303 5123 3361 5153 bald
3387 5125 3415 5155 in
3432 5124 3535 5161 Sattre,
3561 5126 3621 5157 bald

2767 5162 2796 5191 in
2813 5161 2891 5192 Reim
2907 5161 2968 5192 bald
2985 5162 3015 5192 in
3024 5162 3117 5199 Prosa,
3136 5162 3197 5193 bald
3215 5163 3244 5193 in
3252 5163 3398 5195 Gemälden
3408 5180 3441 5185 —
3451 5166 3622 5202 darzustellen.

2768 5202 2820 5233 Die
2839 5202 2917 5238 Reihe
2935 5202 2979 5239 hat
2996 5203 3097 5239 kürzlich
3126 5204 3188 5239 auch
3213 5204 3252 5234 die
3279 5205 3462 5241 Nachtwächter
3490 5208 3623 5243 getroffen.

2769 5242 2899 5279 Während
2917 5252 2990 5281 man,
3008 5244 3073 5280 heißt
3090 5247 3118 5274 es
3136 5245 3174 5275 im
3186 5245 3308 5280 Verlaufe
3317 5245 3359 5276 der
3368 5246 3553 5284 Abhandlung,
3571 5248 3621 5279 das

2772 5284 2981 5322 Straßensingen
2998 5289 3041 5316 der
3052 5285 3277 5321 Kurrmdeschüler
3294 5286 3354 5318 oder
3363 5287 3408 5317 der
3417 5287 3561 5324 Singchöre
3572 5290 3623 5321 mit

2772 5326 2848 5362 Recht
2864 5326 3029 5363 abzuschaffen
3048 5326 3093 5363 sich
3110 5326 3232 5363 anschickt,
3257 5326 3301 5362 hat
3326 5330 3355 5357 es
3376 5328 3424 5358 mit
3439 5328 3497 5359 dem
3512 5329 3627 5366 Singen.

15 5529 70 5549 i-..
111 5527 145 5550 i..
