4110 5551
198 153 284 215 M
316 149 472 207 B08
516 146 802 218 Zweites
840 142 1262 202 Abendblatt.
1600 141 1682 207 Per
1720 141 1886 209 Iiirchcr
1924 143 2098 210 Zeit«»-
2136 144 2236 198 129.
2272 138 2502 210 Jahrgang.
2698 134 3146 207 Donnerstag,
3184 135 3258 197 5,
3280 135 3646 197 November
3678 142 3898 206 1908.

762 758 884 782 SMonate
913 758 1035 782 «Monate
1058 757 1195 783 >2Monat»

768 791 806 818 Fr.
821 792 841 813 S.
851 792 881 813 so
952 791 986 812 io.
997 800 1022 807 -
1093 792 1128 814 L».
1139 799 1167 806 —

950 845 984 865 1L
993 844 1023 866 so

950 870 983 893 IS.
996 880 1019 887 -

258 753 699 789 AbonuementSpreise.

176 795 218 825 All
225 796 274 823 «ich
294 801 358 818 wenn
373 796 406 818 Sie
422 797 518 823 3<ituiifl
533 794 634 821 aligchoN
649 791 706 815 wird

217 824 252 846 do.
296 822 337 846 in»
352 823 420 850 Hau»
436 821 537 851 gebracht
587 832 789 845 ..

178 849 199 873 C
206 851 224 875 4
232 856 252 872 io
259 849 299 872 eil
324 850 449 875 Beilellu»»
463 848 517 870 beim
531 846 668 871 Postbureau
689 860 696 867 .
729 859 736 868 .
779 861 789 871 „
819 847 839 867 C.
850 846 878 867 60

235 878 268 899 bo.
322 877 362 900 mit
379 877 453 903 Bezug
467 875 531 896 unter
544 871 706 897 Prlvatabrcsle
724 887 730 894 .
818 873 838 893 8.
850 880 874 888 —

176 902 370 928 LeutI»taub
393 902 518 928 BesteNung
540 899 596 921 beim
612 898 710 925 Postamt
728 898 795 922 .Mt.
818 899 838 920 l>.
851 908 875 914 —

176 930 216 953 ve
228 931 345 956 ilerretch
522 927 557 949 do.
728 940 735 949 .
746 924 788 948 tlr.
804 926 837 947 II.
847 925 875 947 87

176 956 300 984 Italien
521 953 558 976 do.
727 952 790 978 .Fr.
818 952 878 974 8.10
949 951 981 973 I».
992 951 1021 973 S0

176 982 319 1010 «utzland
519 980 554 1003 do.
727 978 803 1003 .«bl.
819 979 877 1001 ».OS
962 980 982 1000 v.
995 978 1021 999 12

177 1009 270 1037 Uebrige
280 1010 377 1032 Etaaien
391 1009 431 1031 de»
446 1005 703 1032 Weltpostverein»
726 1021 733 1029 .
747 1006 788 1033 Fr.
805 1006 837 1027 12.
847 1006 876 1027 »0
946 1005 982 1026 2*.
995 1014 1019 1020 -

226 1040 712 1084 _Aedaktlonsvureau:
733 1035 927 1070 Gorthestraßc
941 1038 985 1064 10.

1344 828 1488 960 liild
1556 828 2124 988 schlllchmslhes

3236 784 3624 822 JnfertionSpreisc:

2188 827 2740 987 HmiickM.

3114 827 3159 852 Per
3169 827 3298 856 einspalllge
3308 830 3415 856 Petitzelle
3425 833 3475 854 oder
3484 834 3545 854 deren
3557 832 3632 853 Raum
3648 829 3676 851 2ü
3691 829 3742 855 Rp..

3114 857 3154 883 für
3174 858 3290 887 Anzeigen
3310 860 3481 889 aullniidtlcheu
3502 862 3633 890 Ursprungs
3649 861 3677 883 10
3691 860 3734 887 Slp.

3249 891 3369 914 Reklamen
3382 892 3417 920 Fr
3436 894 3533 919 1.--per
3540 893 3610 920 Zeile.

3222 930 3341 958 Alleinige
3355 932 3498 957 Inseraten,
3508 933 3627 957 Annnhme
3639 938 3643 943 -

3088 980 3143 987 —
3143 983 3239 987 -
3273 966 3435 997 Rnriolf
3452 969 3585 996 Jlosse
3619 972 3622 979 '
3671 972 3676 979 '
3698 983 3751 988 —

2960 998 3080 1022 Annoneen
3090 1001 3217 1029 iklpedllion
3234 1002 3272 1026 für
3286 1003 3326 1024 alle
3342 1002 3509 1030 schwel,irischen
3525 1006 3570 1027 und
3584 1003 3743 1027 antlilndliche»
3758 1003 3886 1033 Zeiiungen

3184 1035 3199 1055 S
3213 1033 3349 1059 Tl,enterst,.
3369 1032 3472 1066 Asirkif»
3494 1036 3616 1062 Sl-eihestr.
3631 1036 3658 1057 10

503 1131 769 1176 Memento!

355 1197 454 1234 (florr.
475 1195 530 1227 ans
549 1195 676 1225 Basel
695 1199 760 1225 vom
780 1196 807 1224 3.
816 1192 903 1229 Nov.)

608 1241 654 1277 H.

250 1298 316 1334 Die
340 1296 539 1341 bürgerliche
564 1295 645 1336 Liste
682 1294 740 1333 bat
766 1304 818 1330 am
847 1295 1006 1337 Sonntag
1032 1303 1081 1335 ge¬

177 1342 266 1386 siegt,
324 1343 515 1385 wenigstens
565 1340 642 1381 nach
683 1341 735 1375 der
761 1339 977 1384 Anschauung
1002 1339 1083 1374 aller

178 1387 276 1428 derer,
310 1388 419 1423 welche
445 1387 493 1422 die
518 1385 717 1423 Aritbmetik
744 1384 799 1420 des
828 1384 975 1426 „Basler
994 1384 1082 1419 Vor¬

179 1434 309 1469 wärts"
327 1433 381 1477 für
407 1431 626 1475 patboloqisch
654 1430 807 1473 ansehen;
833 1430 915 1465 denn
942 1430 997 1470 für
1022 1429 1080 1464 den

181 1478 330 1520 „Basler
355 1478 556 1514 Vorwärts"
585 1476 643 1515 bat
693 1477 747 1510 der
771 1475 893 1517 Kampf
918 1473 1081 1513 natürlich

178 1523 242 1558 mit
294 1524 394 1558 einem
448 1521 598 1565 geradezu
650 1519 844 1563 glänzenden
895 1518 980 1559 Sieg
1031 1517 1083 1552 der

180 1567 504 1607 Sozialdemokraten
532 1563 670 1605 geendet.
725 1563 879 1597 Darüber
930 1562 1001 1602 lässt
1027 1561 1083 1604 sich

179 1611 342 1650 natürlich
368 1610 453 1650 nicht
480 1608 618 1649 streite.',
666 1606 803 1648 befassen
831 1607 894 1642 wir
921 1612 987 1643 uns
1015 1606 1081 1649 also

179 1655 276 1692 besser
300 1655 364 1691 mit
391 1660 458 1690 uns
484 1653 582 1696 selbst.
627 1653 698 1687 Der
724 1652 918 1693 bürgerliche
943 1651 1081 1692 Wähler

180 1700 264 1736 wird
314 1710 367 1736 am
397 1701 557 1742 Sonntag
584 1697 686 1733 abend
736 1696 906 1739 bescheiden
958 1697 1083 1740 gefragt

179 1745 283 1789 haben
323 1765 364 1773 —
405 1745 473 1780 und
499 1750 565 1778 wer
589 1743 703 1779 wollte
754 1747 789 1778 es
813 1742 881 1782 ihm
907 1742 1084 1777 verübeln?

182 1808 225 1817 —
252 1788 397 1830 weshalb
425 1799 501 1825 man
528 1788 597 1829 ihn,
643 1797 700 1823 um
739 1786 837 1831 dieses
864 1787 1016 1828 Resultat
1042 1797 1079 1829 zu

182 1835 343 1874 erreichen,
400 1833 547 1875 zweimal
572 1844 616 1868 an
643 1832 693 1868 die
717 1833 804 1867 Urne
832 1832 965 1872 bemüht
991 1831 1078 1873 habe,

181 1880 249 1915 und
275 1880 422 1922 weshalb
474 1884 507 1915 eS
533 1878 619 1919 nicht
644 1877 778 1918 möglich
824 1877 956 1921 gewesen
985 1879 1078 1916 wäre,

182 1925 271 1968 schon
298 1932 357 1960 vor
383 1925 450 1962 acht
476 1925 586 1967 Dagen
615 1923 748 1962 dorthin
774 1933 811 1965 zu
838 1922 1000 1966 gelangen,
1034 1929 1083 1957 wo

190 1980 261 2005 man
286 1970 381 2008 heute
409 1970 512 2012 stehe?
561 1968 632 2010 Auf
669 1968 749 2010 diese
772 1969 876 2011 Frage
900 1967 984 2003 wird
1009 1968 1085 2002 aber

194 2020 239 2049 wr
262 2015 461 2059 bürgerliche
479 2013 614 2053 Wähler
641 2013 724 2048 keine
742 2013 897 2048 Antwort
924 2012 1078 2054 erhalten,

194 2058 260 2094 rder
284 2071 350 2095 nur
375 2061 444 2096 eine
468 2060 572 2101 solche,
630 2058 680 2094 die
705 2058 772 2101 ihm
800 2058 849 2093 ein
875 2057 1082 2101 resigniertes

186 2103 428 2147 Kovfschütteln
455 2104 629 2140 abnötiat:
679 2114 711 2139 er
748 2102 879 2144 versteht
905 2103 947 2145 sie
997 2102 1081 2144 nicht

186 2148 254 2182 und
281 2150 345 2184 alle
362 2149 555 2187 Leitartikel,
575 2148 800 2190 Erklärungen
821 2148 888 2183 und
905 2148 1083 2183 Kommen¬

187 2194 257 2226 tare
283 2194 406 2228 werden
434 2195 500 2232 ihm
529 2194 590 2228 das
606 2193 823 2231 Verständnis
849 2193 905 2235 für
924 2193 1003 2234 diese
1021 2193 1085 2228 Art

188 2236 286 2277 hoher
301 2237 426 2276 Politik
452 2239 534 2274 nicht
552 2238 754 2282 beibringen.
784 2238 854 2278 Für
880 2238 937 2273 den
953 2238 1084 2281 Bürger

187 2281 260 2326 gibt
285 2286 320 2317 eS
346 2283 420 2319 auch
447 2282 482 2317 in
507 2283 608 2325 Basel
633 2294 699 2318 nnr
724 2284 798 2319 noch
825 2283 915 2318 einen
943 2284 1080 2327 Gegner,

187 2337 220 2361 er
248 2327 482 2372 unterscheidet,
539 2333 633 2362 wenn
684 2339 716 2363 er
741 2328 841 2369 diesen
867 2328 995 2372 Gegner
1029 2335 1087 2363 vor

187 2371 245 2416 sich
273 2372 338 2412 hat,
379 2372 463 2411 nicht
490 2371 636 2413 zwischen
664 2372 833 2417 freisinnig
859 2372 925 2408 und
953 2372 1079 2413 liberal,

188 2408 322 2458 sondern
374 2428 407 2452 er
432 2416 581 2460 verlangt
608 2427 690 2459 ganz
739 2417 866 2459 einfach,
922 2417 986 2457 das;
1036 2418 1084 2453 die

187 2461 472 2502 Parteileitungen
499 2461 556 2503 sich
597 2461 735 2505 einigen,
792 2462 896 2498 damit
945 2463 1012 2498 eine
1037 2473 1087 2505 ge¬

187 2505 347 2547 schlossene
399 2507 553 2548 Phalanx
603 2498 673 2541 deni
724 2497 1083 2549 sozialdemokratischen

187 2550 345 2590 Ansturm
372 2549 622 2593 entgegenstebe;
664 2550 724 2584 tvie
761 2541 803 2593 sie
829 2550 890 2585 das
914 2560 952 2589 zu
979 2551 1085 2592 stände

185 2594 331 2636 bringen,
388 2594 503 2630 darum
554 2594 714 2629 kümmert
739 2605 772 2629 er
797 2594 853 2637 sich
880 2594 972 2632 nicht,
1017 2594 1082 2629 und

185 2640 241 2678 hat
270 2630 360 2671 dabei
388 2648 469 2676 ganz
494 2637 583 2674 recht,
641 2642 675 2670 es
718 2638 755 2673 ist
793 2638 869 2676 a.»ch
895 2638 978 2675 nicht
1004 2638 1086 2678 seine

188 2681 302 2719 Cache.
355 2680 419 2715 Die
445 2679 731 2721 Parteileitunaen
773 2678 875 2714 haben
913 2688 984 2712 nun
1011 2680 1086 2712 aber

188 2725 347 2768 bewiesen,
380 2725 444 2765 daß
470 2723 512 2766 sie
537 2729 601 2758 von
629 2722 726 2765 dieser
744 2722 946 2765 Stimmung
972 2722 1007 2756 in
1035 2722 1088 2756 der

189 2769 420 2813 Bürgerschaft
471 2768 556 2804 keine
580 2768 728 2810 Ahnung
751 2766 877 2806 hatten,
925 2767 1000 2803 oder
1040 2766 1089 2802 die

192 2816 304 2857 Macht
330 2814 426 2856 dieser
452 2813 657 2854 Stimmunq
682 2812 932 2856 unterschätzten.
963 2811 1085 2847 Beides

193 2865 263 2894 war
289 2857 414 2902 taktisch
442 2858 535 2902 gleich
565 2857 679 2901 falsch;
706 2857 766 2891 das
794 2859 861 2892 trat
888 2856 956 2891 klar
974 2859 1088 2899 zutage

192 2903 285 2943 durch
312 2904 361 2939 die
384 2904 534 2948 Tatsache
560 2902 674 2941 allein,
707 2901 769 2942 das,
796 2901 850 2939 sür
874 2900 931 2936 den
958 2901 1086 2944 zweiten

190 2947 379 2992 Wahlgang
405 2949 454 2984 ein
483 2947 703 2988 Kompromiß
729 2945 908 2990 geschlossen
960 2946 1078 2980 wurde.

191 2992 256 3027 Die
282 2994 565 3035 Parteileitungen
593 2994 706 3032 hatten
732 2991 917 3033 einaeseben,
954 2989 1084 3024 welchen

191 3037 337 3075 Schaden
365 3038 426 3074 daS
452 3038 549 3076 wüste
597 3037 665 3071 und
710 3032 937 3076 unerfreuliche
962 3034 1088 3074 Gezänk

189 3081 337 3123 zwischen
364 3083 532 3117 Liberalen
582 3080 649 3115 und
677 3078 908 3121 Freisinnigen,
966 3078 1027 3112 wie
1052 3080 1085 3110 eS

190 3125 243 3160 der
270 3127 344 3165 erste
369 3127 557 3168 Wahlgang
607 3124 671 3159 mit
715 3124 771 3165 sich
799 3121 942 3160 gebracht
984 3120 1082 3159 halte,

190 3170 341 3210 anstisten
369 3172 487 3205 könne:
535 3169 621 3210 nicht
671 3177 745 3204 nur»
803 3163 866 3204 daß
907 3164 1010 3207 einzig
1036 3164 1089 3200 der

190 3215 401 3258 gemeinsame
426 3216 556 3255 Gegner
605 3209 742 3249 dadurch
781 3209 949 3253 gewinnen
977 3209 1083 3249 könne,

190 3260 326 3303 sondern
354 3258 439 3296 auch,
471 3256 535 3294 daß
561 3255 615 3291 der
641 3254 775 3299 gesunde
817 3255 882 3290 und
909 3255 996 3299 schon
1024 3255 1090 3290 ein¬

190 3303 378 3347 gewurzelte
405 3301 560 3339 Gedanke,
618 3300 668 3335 die
693 3299 908 3341 bürgerliche»
936 3300 1089 3340 Parteien

191 3350 224 3384 in
276 3349 375 3384 einem
405 3348 521 3390 solchen
548 3346 688 3387 Kampfe
730 3345 785 3384 fest
827 3344 1009 3389 zusammen
1052 3355 1087 3389 zu

190 3393 311 3439 halten,
345 3392 460 3428 wieder
486 3401 526 3427 an
554 3390 671 3426 Boden
696 3390 840 3425 verliere.

263 3439 326 3479 Im
354 3438 459 3479 letzten
486 3434 678 3478 Augenblick
726 3434 885 3478 entschloss
936 3434 993 3477 sich
1043 3434 1091 3470 die

192 3483 325 3519 liberale
351 3480 606 3522 Parteileitung,
652 3480 844 3523 wenigstens
870 3479 919 3515 die
945 3480 1091 3515 Stände-

191 3527 464 3564 ratskandidalur
488 3525 544 3560 des
568 3525 677 3564 Herrn
727 3526 793 3561 Dr.
822 3524 913 3566 Paul
938 3526 1092 3568 Scherrer

192 3572 326 3616 offistell
352 3582 388 3612 zu
417 3570 635 3612 unterstützen,
687 3570 727 3605 da
753 3570 795 3613 sie
820 3568 993 3612 jedenfalls
1018 3570 1087 3605 ein¬

192 3618 256 3660 sah,
304 3616 434 3658 welches
459 3615 585 3652 Odium
630 3615 672 3657 sie
697 3615 755 3657 auf
780 3615 836 3657 sich
863 3615 941 3653 lade,
998 3621 1090 3650 wenn

192 3663 234 3706 sie
283 3661 384 3703 diesen
411 3661 594 3698 verdienten
622 3660 749 3701 Führer
786 3659 840 3695 der
864 3659 1088 3702 Freisinnigen

192 3716 265 3751 zum
293 3707 397 3749 Opfer
422 3707 476 3742 der
502 3706 587 3741 alles
614 3706 703 3745 Mast
741 3704 995 3747 übersteigenden
1020 3705 1090 3740 An-

193 3752 287 3795 griste
336 3752 435 3793 seiner
461 3751 590 3792 Gegner
632 3756 695 3785 von
739 3750 825 3785 links
851 3750 972 3786 werden
1001 3749 1084 3793 lasse.

193 3796 271 3834 Daß
296 3794 339 3838 sie
363 3795 431 3830 dem
460 3794 675 3838 allgemeinen
703 3794 825 3830 Willen
864 3795 917 3830 der
943 3795 1091 3839 Bürger¬

192 3840 287 3882 schaft
314 3839 489 3878 immerhin
516 3840 549 3882 so
576 3839 652 3875 weit
679 3840 910 3884 entgegenkam,
943 3846 1013 3875 war
1040 3840 1089 3875 ein

193 3884 299 3920 Gebot
325 3884 379 3920 der
404 3884 570 3929 Klugheit,
630 3883 729 3925 besten
767 3885 985 3929 Mißachtung
1036 3885 1090 3926 für

193 3928 235 3971 sie
283 3930 343 3965 wie
391 3930 447 3971 für
497 3928 566 3971 ihre
591 3929 708 3969 Partei
756 3929 945 3971 bedenkliche
969 3919 1090 3975 folgen

193 3973 282 4014 hätte
305 3973 408 4015 haben
434 3975 572 4011 können.
605 3975 703 4010 Denn
730 3975 792 4011 Dr.
823 3975 913 4015 Paul
937 3976 1092 4016 Scherrer

193 4018 304 4062 gehört
330 4029 369 4060 zu
411 4019 469 4055 den
508 4020 768 4064 anerkanntesten
795 4020 1010 4062 Mitgliedern
1038 4021 1091 4057 der

193 4063 577 4108 Bundesversammlung
628 4067 695 4101 und
745 4070 779 4101 es
827 4065 917 4108 hätte
943 4065 1031 4108 wohl
1056 4067 1090 4101 in

194 4109 248 4144 der
285 4119 403 4153 ganzen
431 4109 737 4153 Eidgenostenschaft
763 4110 941 4152 Erstaunen
968 4114 1085 4155 erregt,

194 4160 286 4189 wenn
314 4153 362 4189 die
387 4153 554 4189 Liberalen
581 4155 703 4194 Basels
729 4156 812 4196 seine
837 4156 1013 4199 tatsächlich
1041 4167 1091 4200 ge¬

194 4198 337 4240 fährdete
363 4199 513 4243 Position
556 4209 613 4234 um
641 4199 732 4234 eines
756 4200 930 4243 möglichen
958 4202 1091 4244 Augen¬

194 4243 428 4287 blickserfolges
456 4243 566 4280 willen
620 4244 829 4289 sEroberung
854 4246 942 4282 eines
967 4246 1089 4283 dritten

195 4289 315 4333 Sitzes)
345 4289 457 4331 hätten
482 4288 669 4332 preisgeben
697 4289 825 4324 wollen.

267 4335 315 4368 ES
340 4342 411 4369 war
436 4335 580 4377 offenbar
604 4334 689 4374 nicht
714 4341 778 4369 von
795 4334 930 4378 Anfang
956 4345 998 4369 an
1025 4335 1092 4370 eine

194 4377 435 4421 grundsätzliche
449 4379 648 4423 Ablehnung
662 4379 715 4415 der
733 4379 1090 4421 KandidaturRothen-

193 4416 313 4465 berger,
377 4422 485 4462 welche
534 4423 584 4457 die
634 4424 786 4469 Haltung
834 4426 887 4461 der
936 4424 1091 4461 liberalen

195 4465 437 4509 Parteileitung
463 4465 651 4506 bestimmte,
707 4469 788 4509 sonst
831 4471 920 4508 hätte
945 4470 987 4513 sie
1011 4471 1092 4514 diese

195 4512 405 4547 Kandidatur
429 4511 615 4552 überhaupt
642 4509 694 4545 nie
711 4512 896 4555 akzeptiert;
922 4514 968 4549 im
995 4516 1091 4554 ersten

195 4555 576 4600 Kompromißvorschlag
601 4563 672 4591 war
697 4555 739 4598 sie
763 4556 838 4591 aber
855 4556 1089 4598 eingeschlosten

195 4602 340 4645 gewesen.
395 4603 516 4638 Waren
566 4600 643 4636 aber
691 4601 774 4636 keine
822 4600 1083 4645 grundsätzlichen

196 4648 498 4690 Gegenargumente
523 4646 719 4690 maßgebend
767 4646 844 4690 (daß
885 4646 934 4681 die
959 4646 1091 4681 liberale

195 4691 310 4733 Partei
335 4691 423 4734 selbst
450 4692 508 4726 den
534 4691 803 4736 freigewordenen
830 4691 898 4736 Sitz
924 4691 1007 4734 nicht
1034 4692 1084 4727 be¬

195 4737 385 4777 anspruchen
413 4736 528 4778 durfte,
586 4737 666 4777 habe
706 4737 749 4777 ich
776 4736 864 4780 schon
891 4736 925 4771 in
953 4736 1088 4773 meinem

195 4782 291 4821 ersten
319 4781 443 4817 Artikel
469 4780 603 4825 gesagt),
636 4781 668 4824 so
694 4781 794 4817 bleibt
820 4793 885 4817 nur
911 4782 986 4822 eine,
1018 4790 1090 4818 vom

196 4827 414 4870 Standpunkt
432 4827 487 4861 des
506 4825 698 4861 Gedankens
725 4826 778 4861 der
803 4826 848 4863 im
867 4827 1091 4871 vorliegenden

195 4871 287 4913 Falle
335 4870 559 4913 notwendigen
610 4870 830 4914 bürgerlichen
881 4873 1091 4909 Solidarität

194 4921 268 4954 aus,
300 4916 350 4952 die
375 4915 620 4959 Parteileitung
662 4915 838 4956 belastende
864 4916 1092 4961 Schlußfolge¬

193 4971 279 5005 rung
305 4961 412 5006 übrig.
444 4960 709 5006 Demgegenüber
735 4961 855 4996 können
887 4960 937 4996 die
962 4963 1085 5004 Fehler,

193 5005 242 5041 die
291 5006 366 5047 auch
417 5008 476 5047 auf
516 4998 578 5042 der'
595 5005 803 5050 freisinnigen
830 5005 925 5042 Seite
950 5008 1090 5051 gemacht

193 5050 322 5087 worden
349 5050 429 5093 sind,
462 5051 519 5096 fast
537 5062 597 5095 gar
622 5051 706 5096 nicht
732 5051 788 5087 ins
807 5051 949 5094 Gewicht
975 5051 1085 5096 fallen.

193 5095 311 5135 Gewiß
335 5099 450 5141 mögen
477 5097 552 5139 auch
601 5096 672 5141 hier
695 5096 809 5138 Fehler
845 5098 1091 5141 vorgekommen

194 5138 278 5181 sein:
303 5149 380 5174 man
408 5142 481 5183 darf
507 5141 595 5183 wohl
618 5141 754 5185 Zweifel
779 5142 890 5178 darein
917 5143 1017 5187 setzen,
1052 5143 1091 5178 ob

193 5178 243 5219 bei
269 5182 488 5228 Behandlung
537 5187 593 5221 der
642 5197 764 5232 ganzen
792 5188 894 5230 Sache
931 5187 996 5224 mit
1021 5188 1090 5224 dem

194 5227 327 5272 nötigen
376 5227 637 5271 diplomatischen
681 5232 816 5274 Geschick
865 5240 1089 5277 vorgegangen

193 5276 312 5313 wurde,
352 5273 391 5307 ob
419 5271 646 5314 insbesondere
670 5276 856 5317 gründliche
882 5278 1089 5321 Unterhand¬

194 5320 315 5362 lungen
342 5317 472 5363 geführt
496 5316 627 5353 worden
663 5317 744 5355 sind.
799 5320 984 5363 Beschlüsse,
1041 5321 1091 5356 die

1132 1133 1210 1157 man
1249 1123 1302 1158 der
1328 1121 1452 1157 andern
1478 1121 1593 1161 Partei
1631 1120 1750 1162 einfach
1775 1120 1910 1164 vorlegt,
1968 1122 2030 1154 tun

1132 1172 1167 1202 es
1192 1167 1293 1211 nicht;
1343 1167 1400 1202 den
1427 1166 1623 1208 Beschlüssen
1661 1166 1782 1209 müssen
1821 1165 1870 1201 die
1895 1164 2031 1206 Bespre¬

1133 1212 1272 1257 chungen
1299 1212 1534 1257 vorausgehen,
1554 1213 1622 1247 und
1648 1211 1727 1246 diese
1752 1211 1822 1252 sind
1849 1221 1913 1245 nur
1939 1211 2032 1245 möa-

1133 1257 1200 1297 lich,
1232 1265 1324 1294 wenn
1353 1268 1432 1293 man
1457 1258 1491 1292 in
1519 1259 1572 1293 der
1597 1257 1722 1296 Politik
1749 1256 1834 1291 keine
1859 1254 2033 1293 Empfind¬

1133 1303 1291 1342 lichkeiten
1318 1303 1420 1337 kennt.
1451 1303 1506 1338 Ob
1532 1303 1636 1343 ferner
1660 1302 1724 1338 mit
1750 1302 1804 1337 der
1820 1300 2033 1337 Kandidatur

1133 1347 1188 1382 des
1237 1348 1344 1389 Herrn
1371 1347 1434 1382 Dr.
1466 1347 1705 1388 Rothenberger
1755 1347 1808 1382 der
1846 1348 1942 1381 unter
1968 1345 2027 1380 den

1133 1394 1309 1436 gegebenen
1336 1391 1577 1435 Verhältnissen
1627 1391 1757 1433 richtige
1794 1391 1885 1435 Griff
1933 1393 2030 1433 getan

1133 1438 1262 1473 worden
1327 1443 1407 1477 war,
1463 1446 1538 1478 mag
1600 1435 1825 1478 dahingestellt
1886 1435 2030 1470 bleiben:

1133 1481 1307 1526 jedenfalls
1358 1482 1473 1517 konnte
1523 1480 1590 1522 ihre
1616 1480 1814 1525 Ablehnung
1855 1480 1938 1515 nicbt
1964 1488 2029 1514 von

1133 1527 1201 1560 dem
1244 1526 1508 1568 Gesichtspunkte
1550 1529 1615 1560 aus
1664 1525 1817 1568 erfolgen,
1874 1524 1936 1563 daß
1962 1525 2025 1559 Dr.

1134 1570 1378 1613 Rothenberger
1428 1571 1587 1606 erkorener
1626 1570 1935 1606 Vertrauensmann
1975 1569 2032 1603 des

1133 1616 1237 1651 linken
1266 1615 1405 1659 Flügels
1433 1616 1486 1651 der
1512 1615 1720 1657 freisinnigen
1739 1614 1857 1657 Partei
1882 1613 1949 1649 und
1977 1613 2033 1648 des

1134 1660 1388 1703 eidgenössischen
1426 1661 1605 1703 Personals
1656 1661 1705 1704 sei,
1764 1659 1909 1699 nachdem
1949 1659 2034 1701 Herr

1133 1706 1240 1749 Müry
1276 1706 1438 1749 seinerzeit
1464 1707 1517 1741 als
1544 1707 1857 1741 Vertrauensmann
1884 1707 1939 1739 deS
1966 1703 2033 1739 Ge¬

1133 1750 1251 1787 werbe«
1279 1751 1343 1786 und
1371 1751 1693 1794 Kaufmannstandes
1732 1749 1913 1793 anfgestellt
1965 1748 2032 1784 und

1133 1802 1195 1831 von
1224 1797 1282 1832 den
1300 1796 1468 1832 Liberalen
1495 1796 1709 1835 anstandslos
1736 1794 1921 1836 unterstützt
1947 1800 2034 1829 wor¬

1134 1841 1192 1876 den
1218 1850 1297 1878 war.
1354 1843 1442 1878 Man
1485 1843 1565 1877 kann
1594 1841 1643 1877 die
1670 1839 1924 1882 Stiinmenzahl,
1985 1839 2034 1874 die

1134 1887 1197 1922 Dr.
1231 1887 1473 1929 Rothenberger
1500 1886 1629 1926 erreicht
1653 1887 1723 1928 hat,
1782 1887 1874 1920 kaum
1913 1884 2034 1919 anders

1133 1932 1300 1976 auslegen,
1333 1933 1388 1968 als
1414 1933 1455 1976 so,
1504 1933 1567 1971 daß
1593 1932 1642 1967 die
1668 1931 1804 1972 Wähler
1830 1930 1904 1969 auch
1930 1929 2029 1969 dieser

1134 1978 1302 2020 Meinung
1326 1985 1446 2017 waren,
1500 1977 1568 2013 und
1618 1984 1705 2016 zwar
1756 1975 1841 2017 nicht
1881 1974 1960 2014 bloß
1986 1974 2037 2009 die

1136 2022 1357 2066 freisinnigen,
1414 2022 1547 2065 sondern
1574 2022 1649 2063 auch
1677 2020 1823 2056 liberale.
1877 2020 1960 2055 WaS
1988 2019 2037 2054 die

1135 2067 1258 2108 letztern
1286 2068 1415 2112 angeht,
1470 2068 1502 2109 so
1543 2068 1602 2108 hat
1645 2077 1719 2111 zum
1746 2065 1921 2107 Entschluß
1947 2064 2036 2099 eines

1135 2113 1229 2149 Teils
1271 2120 1333 2149 von
1385 2113 1492 2153 ihnen.
1539 2112 1645 2156 Herrn
1697 2112 1761 2147 Dr.
1793 2109 2036 2153 Rothenberger

1136 2157 1185 2193 die
1204 2159 1353 2194 Stimme
1378 2169 1416 2202 zu
1443 2161 1548 2201 geben,
1580 2157 1684 2201 gewiß
1711 2156 1786 2198 auch
1813 2156 1863 2191 die
1880 2155 2037 2199 Haltung

1136 2203 1189 2239 der
1220 2204 1366 2245 „Basler
1391 2203 1617 2246 Nachrichten"
1646 2202 1861 2246 beigetragen,
1915 2200 1964 2235 die
2003 2199 2037 2234 in

1137 2251 1472 2284 anerkennenswerter
1496 2248 1597 2290 Weise
1640 2248 1698 2283 den
1733 2246 1940 2282 Kandidaten
1985 2245 2039 2280 der

1136 2294 1359 2335 Freisinnigen
1402 2295 1447 2329 im
1474 2294 1604 2339 zweiten
1631 2292 1821 2336 Wahlgang
1847 2291 2038 2334 wenigstens

1136 2339 1221 2374 nicht
1247 2339 1456 2382 bekämpften,
1505 2338 1639 2379 sondern
1666 2337 1807 2373 indirekt
1832 2337 1901 2379 eher
1927 2336 2038 2376 dnrch-

1136 2384 1248 2420 blicken
1276 2384 1350 2426 ließ,
1383 2384 1447 2425 daß
1473 2383 1514 2427 sie
1532 2385 1587 2427 ihn
1615 2382 1713 2419 lieber
1738 2383 1833 2427 sähen
1852 2381 1907 2417 als
1931 2380 2037 2425 seinen

1137 2430 1275 2474 Gegner.

1208 2474 1276 2510 Für
1302 2473 1352 2508 die
1376 2473 1593 2516 bürgerlichen
1622 2472 1757 2511 Wähler
1782 2471 1858 2506 aber
1885 2470 2037 2509 handelte

1134 2523 1168 2552 es
1195 2518 1250 2559 sich
1278 2518 1362 2552 nicbt
1388 2528 1444 2552 um
1471 2517 1519 2551 die
1538 2516 1659 2557 Person
1686 2516 1741 2550 des
1760 2516 1868 2558 Herrn
1888 2515 2036 2551 Rothen¬

1133 2561 1261 2604 berger:
1313 2561 1367 2601 für
1394 2561 1436 2599 sie
1461 2567 1530 2595 war
1556 2559 1764 2602 maßgebend,
1822 2559 1885 2598 daß
1912 2569 1943 2593 er
1969 2565 2033 2592 von

1133 2606 1218 2639 einer
1269 2605 1323 2641 der
1372 2605 1590 2647 bürgerlichen
1640 2604 1796 2645 Parteien
1848 2602 2031 2644 aufgestellt

1134 2649 1263 2681 worden
1315 2654 1395 2686 war,
1451 2647 1517 2681 und
1567 2648 1632 2685 daß
1659 2657 1691 2680 er
1717 2647 1793 2681 oder
1817 2645 1872 2680 der
1897 2648 2034 2687 extreme

1137 2689 1423 2728 Sozialdemokrat
1461 2690 1542 2730 Joh.
1575 2689 1650 2730 Frei
1687 2689 1764 2730 nach
1790 2689 1883 2724 Bern
1933 2689 2039 2729 ziehen

1138 2734 1249 2769 werde.
1303 2734 1376 2768 Und
1429 2733 1472 2774 sie
1496 2733 1597 2770 haben
1641 2733 1698 2774 sich
1725 2734 1780 2778 für
1807 2733 1866 2773 den
1892 2732 2041 2778 Bürger¬

1138 2777 1236 2823 lichen
1259 2778 1477 2823 entschieden!
1501 2779 1694 2814 Llomontol

1335 2895 1850 2957 Eidqelwsttttschatt.

1207 2982 1355 3022 Bern,
1383 2982 1415 3016 5.
1433 2981 1516 3017 Rov.
1543 2981 1605 3023 Die
1623 2981 2039 3024 Zolleinnahmen

1137 3026 1272 3068 ergaben
1310 3025 1355 3060 im
1394 3026 1497 3066 letzten
1534 3026 1660 3060 Drittel
1697 3027 1838 3060 Oktober
1864 3026 1929 3060 eine
1955 3027 2039 3061 Ver¬

1138 3070 1332 3110 minderung
1357 3076 1422 3103 von
1441 3070 1508 3102 873
1523 3071 1590 3102 000
1608 3069 1664 3108 Fr.
1684 3070 1859 3113 gegenüber
1876 3071 1929 3104 der
1947 3072 2043 3104 näm¬

1139 3114 1234 3154 lichen
1261 3113 1396 3150 Periode
1423 3114 1561 3149 Oktober
1590 3114 1690 3149 1907.
1741 3114 1789 3149 ES
1817 3114 1853 3152 ist
1878 3114 1945 3149 dies
1972 3114 2041 3149 eine

1139 3159 1193 3194 der
1234 3158 1375 3196 stärksten
1401 3158 1641 3200 Depressionen,
1684 3158 1732 3194 die
1771 3158 1804 3194 in
1842 3160 1900 3194 den
1940 3160 2044 3204 letzten

1140 3203 1269 3245 Jahren
1311 3203 1488 3239 beobachtet
1524 3204 1642 3238 wurde.
1696 3204 1802 3239 Wenn
1841 3204 1879 3247 sie
1917 3204 1970 3245 sich
1998 3205 2043 3240 im

1140 3249 1316 3285 nämlichen
1343 3248 1498 3288 Maßstab
1525 3248 1679 3290 fortsetzen
1721 3248 1819 3288 sollte,
1862 3249 1894 3287 so
1931 3250 2042 3284 würde

1139 3294 1193 3329 der
1219 3293 1467 3335 Minderbetraq
1494 3294 1667 3336 gegenüber
1691 3293 1762 3329 denr
1789 3294 2040 3340 Budgetvoran¬

1140 3339 1239 3385 schlag
1265 3340 1287 3374 2
1313 3338 1366 3374 bis
1393 3340 1415 3373 3
1441 3339 1618 3375 Millionen
1643 3338 1805 3385 betragen.

1397 3454 1780 3518 Kantone.

1513 3536 1673 3580 Zürich.

1197 3587 1224 3622 C
1253 3585 1308 3616 Die
1330 3585 1481 3619 Gemeinde
1501 3585 1722 3620 Pfäffikon
1753 3585 1909 3623 prosektiert
1930 3586 1974 3617 die
1995 3587 2048 3617 Er-

1141 3626 1292 3662 Weiterung
1326 3626 1400 3660 ihrer
1434 3627 1739 3663 WasserverkorgmigS-
1780 3628 1836 3657 und
1870 3627 2047 3662 Sydranten-

1141 3670 1243 3703 cnitage
1257 3667 1309 3698 mit
1323 3667 1479 3702 Erstellung
1494 3668 1568 3698 eines
1585 3676 1672 3698 neuen
1687 3668 1851 3703 Reservoirs
1866 3669 1911 3699 für
1925 3668 2048 3703 Brauch¬

1141 3709 1238 3744 wasser
1265 3709 1322 3739 und
1352 3708 1544 3741 Feuerreserve
1573 3709 1624 3744 auf
1656 3711 1716 3739 deni
1747 3709 1951 3744 Pfaffenberge.
1991 3710 2047 3744 Int

1141 3750 1328 3784 Voranschlag
1349 3749 1381 3783 ist
1405 3750 1464 3779 eine
1483 3750 1604 3780 Summe
1636 3755 1690 3780 von
1721 3751 1900 3787 50—60,000
1921 3750 1970 3786 Fr.
2001 3750 2049 3787 für

1141 3790 1209 3827 diese
1230 3791 1344 3822 Bauten
1369 3791 1538 3828 vorgesehen.

1543 3836 1674 3872 Bern.

1224 3891 1299 3926 DaS
1340 3890 1606 3932 Zentralkomitee
1648 3890 1704 3925 des
1747 3889 1840 3934 Eidg.
1883 3890 2048 3933 Schützen¬

1140 3936 1278 3977 vereins,
1316 3935 1378 3970 das
1414 3935 1504 3976 heute
1529 3935 1563 3971 in
1589 3935 1703 3977 Zürich
1734 3935 1937 3978 versammelt
1962 3944 2044 3974 war.

1141 3981 1197 4021 hat
1221 3982 1269 4017 die
1286 3980 1541 4025 Durchführung
1562 3981 1618 4016 des
1636 3980 1778 4025 nächsten
1803 3981 2050 4024 eidgenös¬

1141 4026 1310 4067 sischen
1346 4026 1708 4070 Schützenfestes
1750 4026 1805 4061 der
1841 4026 2049 4071 Vereinigten

1141 4070 1480 4116 Schühengesestschaft
1505 4071 1633 4105 Bern
1659 4072 1862 4114 übertragen.

1196 4140 1233 4148 —
1247 4125 1274 4155 B
1285 4133 1297 4153 e
1309 4132 1324 4153 r
1335 4132 1351 4153 II
1364 4147 1371 4158 .
1386 4126 1413 4154 5.
1424 4123 1495 4153 Nov.
1509 4123 1563 4154 Die
1574 4123 1714 4159 Nachricht
1728 4129 1783 4154 von
1794 4125 1842 4153 der
1856 4123 2045 4160 Bezeichnung

1140 4165 1235 4196 Bern?
1256 4166 1304 4196 als
1314 4164 1422 4198 Festort
1442 4165 1489 4195 für
1508 4165 1561 4195 da?
1576 4165 1676 4197 nächste
1692 4164 1888 4199 eidgenössische
1902 4165 2046 4201 Schützen-

1141 4207 1188 4241 sest
1207 4208 1300 4237 wurde
1320 4213 1368 4236 um
1391 4208 1405 4236 1
1428 4206 1486 4241 Uhr
1506 4206 1558 4236 mit
1577 4209 1613 4236 22
1634 4205 1886 4240 Kanonenschüffen
1916 4211 1970 4236 von
2001 4207 2049 4236 der

1141 4248 1256 4281 Großen
1278 4247 1405 4281 Schanze
1425 4247 1510 4281 herab
1531 4246 1654 4282 begrübt.
1695 4247 1782 4282 Heute
1803 4247 1891 4277 abend
1913 4246 1981 4277 wird
1996 4255 2047 4282 zur

1139 4289 1220 4322 Frier
1253 4289 1302 4318 des
1336 4288 1505 4323 Ereignisses
1538 4288 1576 4318 im
1610 4287 1713 4323 groben
1735 4288 1969 4322 KornhauSkeller
1989 4288 2049 4318 eine

1140 4329 1332 4365 Vereinigung
1352 4328 1400 4358 der
1420 4328 1549 4364 Schütze»
1569 4330 1626 4359 und
1646 4330 1695 4360 der
1712 4328 1862 4366 Behörden
1875 4329 2044 4365 statlfinden.

1551 4376 1655 4418 Ä»g.

1198 4427 1301 4464 Zug,
1321 4429 1347 4458 5.
1369 4426 1440 4457 Nov.
1463 4426 1570 4462 (Korr.)
1590 4427 1928 4459 DerKantonSrat
1948 4428 2052 4461 wählte

1142 4469 1194 4499 mit
1227 4472 1263 4499 43
1295 4467 1442 4498 Stimmen
1475 4475 1536 4502 zum
1566 4467 1700 4498 Sekretär
1733 4470 1783 4498 der
1810 4469 2051 4503 Kantonskanzlei

1141 4509 1211 4545 Hrn.
1235 4510 1331 4539 Anton
1353 4509 1421 4543 Koch
1446 4515 1500 4539 von
1521 4508 1638 4539 RuSwil
1667 4509 1698 4538 in
1720 4508 1823 4544 Cham.
1863 4509 1920 4543 Auf
1938 4511 2052 4545 Antrag

1144 4556 1198 4580 von
1220 4550 1407 4581 Nationalrat
1426 4550 1480 4581 Dr.
1500 4550 1571 4584 Iten
1596 4549 1734 4584 beschließt
1763 4551 1810 4580 der
1830 4549 1897 4586 Rat,
1928 4550 1979 4583 auf
2008 4550 2052 4580 die

1144 4590 1291 4626 Beratung
1311 4593 1359 4621 der
1378 4591 1610 4627 Gesetzesvorlage
1631 4592 1699 4621 über
1716 4594 1769 4621 den
1789 4592 1941 4622 unlauiern
1963 4591 2052 4622 Wett¬

1143 4630 1248 4659 bewerb
1268 4631 1340 4662 nicht
1360 4632 1536 4666 einzutreten.
1558 4633 1594 4663 da
1614 4632 1643 4666 ja
1663 4632 1729 4665 diese
1761 4632 1909 4667 schwierige
1928 4632 2052 4663 Materie

1140 4670 1358 4704 voraussichtlich
1380 4672 1446 4700 bald
1468 4671 1498 4701 in
1519 4673 1577 4701 dem
1600 4673 1818 4709 eidgenössischen
1829 4673 2052 4710 Gcwerbegesetze

1140 4713 1256 4746 geregelt
1276 4712 1371 4740 werde.
1391 4711 1460 4739 Das
1481 4710 1567 4746 Gesetz
1587 4712 1654 4742 über
1673 4713 1715 4742 die
1736 4713 2052 4748 Steuerberech¬

1143 4752 1201 4787 tig
1212 4750 1551 4788 ungderKirchge
1563 4759 1589 4780 in
1601 4752 1744 4781 einden
1766 4754 1877 4786 passiert
1896 4755 1938 4784 die
1958 4755 2051 4791 zweite

1144 4793 1298 4828 Beratung.
1339 4791 1398 4821 Mit
1429 4793 1465 4821 38
1495 4799 1576 4827 gegen
1607 4794 1644 4821 14
1663 4791 1811 4822 Stimmen
1836 4794 1904 4823 wird
1926 4796 1972 4824 der
1992 4798 2051 4824 ent¬

1143 4834 1288 4869 scheidende
1309 4832 1326 4869 8
1347 4835 1372 4868 3,
1393 4834 1440 4862 der
1459 4832 1500 4862 die
1521 4832 1685 4867 Prinzipien
1707 4832 1754 4866 für
1773 4832 1977 4869 Ausscheidung
1998 4835 2049 4865 de»

1143 4874 1447 4909 BesteuerungSrechte»
1468 4875 1515 4904 der
1535 4872 1707 4908 katholischen
1729 4873 1787 4903 und
1811 4874 2048 4908 protestantischen

1143 4916 1380 4952 Kirchgemeinden
1403 4915 1529 4950 ausstellt,
1550 4915 1614 4947 nach
1634 4915 1687 4945 den
1706 4913 1852 4949 Anträgen
1873 4921 1927 4944 von
1946 4914 2046 4950 Regie-

1142 4960 1279 4992 rungsrat
1299 4957 1353 4986 Dr.
1374 4955 1500 4992 Schmid,
1520 4956 1551 4986 in
1570 4955 1759 4991 Abänderung
1780 4956 1828 4986 der
1839 4954 1985 4992 Beschlüße
2000 4960 2048 4986 der

1141 4998 1226 5034 ersten
1246 4997 1360 5034 Lesung,
1383 5005 1594 5034 angenommen.

1495 5044 1709 5088 Kreibnrg.

1212 5095 1481 5141 Freiburg,
1508 5097 1541 5133 5.
1566 5098 1651 5134 Nov.
1681 5097 1751 5133 Der
1776 5096 1935 5140 Große
1959 5098 2052 5134 Rat

1145 5141 1228 5178 wird
1256 5142 1310 5185 sich
1335 5142 1502 5187 Dienstag
1526 5142 1584 5178 den
1612 5144 1667 5178 10.
1686 5143 1868 5178 November
1889 5154 1928 5188 zu
1951 5142 2052 5189 seiner

1146 5187 1357 5230 ordentlichen
1401 5187 1642 5231 Winterfession
1690 5187 1914 5230 versammeln.
1980 5189 2050 5224 Der

1145 5233 1328 5269 StaatSrat
1354 5233 1563 5269 unterbreitet
1588 5233 1655 5273 ihm
1682 5233 1772 5268 einen
1796 5233 2048 5277 Gesetzentwurf,

1145 5277 1199 5313 der
1237 5278 1285 5312 die
1311 5277 1550 5321 Lehrergehalte
1574 5277 1696 5319 erhöht.
1746 5278 1824 5313 Das
1861 5276 2050 5320 Budget

1149 5321 1204 5357 des
1230 5322 1387 5357 Kantons
1413 5321 1469 5365 für
1495 5323 1585 5356 1909
1610 5321 1688 5365 sieht
1711 5320 1761 5356 bei
1789 5322 1972 5359 5,776,043
1990 5321 2046 5363 Fr.

2082 1117 2283 1156 Einnahmen
2323 1118 2388 1153 und
2427 1118 2613 1157 6.041,117
2640 1118 2695 1158 Fr.
2727 1116 2903 1162 Ausgaben
2929 1117 2978 1152 ein

2085 1162 2330 1206 mutmaßliches
2355 1162 2476 1206 Defizit
2500 1170 2564 1198 von
2589 1164 2740 1204 264,477
2765 1164 2821 1206 Fr.
2846 1167 2979 1199 voraus.

2435 1217 2653 1250 Baselstavt.

2138 1256 2279 1293 Basel,
2299 1258 2326 1287 5.
2347 1257 2419 1287 Rov.
2449 1260 2468 1289 ?
2497 1256 2543 1289 In
2569 1257 2617 1286 der
2645 1256 2772 1291 heutigen
2793 1256 2984 1290 Vormittags,

2083 1297 2177 1332 sivung
2211 1297 2260 1327 deS
2300 1297 2462 1331 Großen
2496 1296 2624 1327 Rates
2664 1298 2827 1332 begründete
2866 1296 2986 1332 zunächst

2080 1338 2207 1374 Heinrich
2227 1338 2371 1374 Iezler
2401 1338 2491 1372 seinen
2511 1338 2611 1372 Anzug
2642 1338 2787 1370 betreffend
2814 1337 2986 1368 Kinder-

2081 1379 2091 1410 s
2101 1379 2126 1412 ch
2139 1388 2156 1409 u
2167 1382 2192 1411 tz.
2232 1379 2323 1411 Durch
2344 1380 2394 1409 den
2415 1379 2514 1414 Anzug
2536 1379 2604 1409 wird
2626 1379 2672 1409 der
2692 1378 2915 1413 NegierungSrat
2935 1377 2986 1407 mit

2080 1420 2128 1450 der
2146 1420 2280 1453 Prüfniig
2300 1422 2348 1450 der
2365 1419 2458 1455 Frage
2481 1420 2649 1454 beauftragt,
2670 1420 2705 1450 ob
2720 1419 2789 1453 nicht
2810 1422 2834 1450 1.
2851 1419 2904 1449 das
2919 1418 2986 1448 Amt

2080 1461 2157 1490 eines
2177 1460 2457 1495 BerufsvorwundeS
2480 1460 2542 1493 solle
2562 1461 2707 1495 geschaffen
2728 1461 2844 1495 werden,
2866 1460 2899 1489 ob
2914 1459 2984 1492 nicht

2080 1504 2107 1531 2.
2127 1502 2169 1531 die
2184 1501 2410 1535 Bestimmunaen
2430 1502 2480 1531 deS
2501 1501 2718 1536 eidgenössischen
2734 1500 2982 1536 Zivilgesetzbuches

2082 1541 2148 1571 über
2167 1542 2222 1571 daS
2250 1542 2449 1577 außereheliche
2467 1541 2746 1576 KindeSverhäliniS,
2767 1541 2900 1571 eventuell
2920 1541 2983 1573 auch

2081 1581 2235 1617 dieienigc»
2267 1583 2334 1611 über
2366 1582 2597 1615 Vormundschaft
2630 1584 2687 1611 und
2720 1581 2852 1617 elterliche
2872 1581 2984 1611 Gewalt

2083 1622 2157 1654 schon
2187 1628 2239 1652 vor
2266 1622 2472 1656 Inkrafttreten
2502 1623 2551 1651 deS
2573 1622 2824 1658 Zivilgesetzbuches
2855 1623 2902 1651 als
2923 1622 2986 1651 kan¬

2083 1664 2196 1693 tonales
2218 1662 2299 1696 Recht
2326 1663 2420 1694 sollten
2440 1662 2470 1692 in
2492 1662 2575 1695 Kraft
2607 1663 2694 1698 gesetzt
2726 1664 2842 1697 werde»,
2875 1663 2931 1692 und
2952 1663 2986 1692 ob

2084 1703 2154 1737 nicht
2173 1706 2199 1733 3.
2221 1704 2527 1738 Strafbestimmungen
2549 1711 2631 1739 gegen
2653 1703 2750 1740 Väter,
2776 1704 2817 1734 die
2838 1703 2986 1737 schuldhaft

2083 1745 2160 1778 ihren
2189 1744 2542 1779 AlimentationSpttichteu
2572 1745 2725 1780 gegenüber
2754 1745 2832 1777 ihren
2864 1743 2985 1774 Kindern

2084 1786 2154 1818 nicht
2184 1787 2383 1821 Nachkommen,
2417 1783 2611 1818 einzusiihren'
2619 1786 2697 1818 seien.
2736 1785 2790 1819 Im
2811 1785 2920 1815 Namen
2941 1786 2988 1814 der

2083 1826 2242 1862 Regierung
2263 1826 2376 1856 erklärte
2396 1827 2445 1856 der
2464 1826 2609 1859 Vorsteher
2619 1827 2669 1856 deS
2680 1826 2986 1861 JustizdepartcmentS,

2083 1868 2111 1897 B
2123 1868 2223 1902 urckh
2236 1867 2424 1900 ardt-Sch
2436 1875 2476 1903 az
2489 1875 2516 1897 m
2528 1875 2574 1897 an
2588 1875 2624 1903 n,
2664 1867 2812 1898 Annahme
2842 1867 2891 1896 des
2927 1866 2987 1896 An¬

2083 1913 2175 1943 zuges.
2216 1908 2258 1937 Er
2277 1907 2332 1939 lieb
2352 1907 2431 1937 dabei
2457 1908 2524 1937 aber
2544 1907 2612 1937 seine
2632 1907 2849 1942 Mißstimmung
2870 1907 2987 1937 darüber

2084 1948 2159 1978 deutl
2172 1949 2197 1982 ch
2219 1948 2404 1983 durchblickcn,
2435 1948 2491 1981 daß
2512 1956 2578 1978 man
2599 1949 2649 1981 ihn
2669 1950 2701 1979 in
2721 1948 2795 1979 einer
2814 1947 2914 1984 Frage,
2944 1948 2987 1978 die

2086 1997 2115 2019 er
2134 1995 2189 2019 von
2209 1989 2256 2022 sich
2277 1993 2332 2019 aus
2352 1990 2426 2021 schon
2447 1989 2477 2019 in
2498 1989 2690 2024 Bearbeitung
2720 1997 2883 2025 genommen
2909 1988 2986 2024 habe,

2085 2030 2212 2065 drängelt
2232 2030 2318 2060 wolle.
2350 2030 2462 2060 Bereits
2484 2030 2516 2061 sei
2537 2030 2581 2060 ein
2602 2030 2810 2064 Gesetzentwurf
2829 2030 2895 2060 über
2914 2029 2987 2059 Neu¬

2086 2072 2220 2106 regelung
2241 2071 2288 2101 des
2317 2071 2536 2106 außerehelichen
2556 2071 2857 2105 KindesverhältiiisieS
2878 2071 2908 2100 in
2927 2071 2986 2100 An-

2087 2112 2204 2147 paffung
2225 2121 2263 2142 an
2282 2113 2336 2142 das
2358 2112 2553 2146 eidgenössische
2564 2111 2781 2147 Zivilgesetzbuch
2796 2111 2986 2147 fertiggestellt.

2087 2153 2192 2187 Ferner
2213 2153 2299 2183 werde
2319 2153 2361 2182 die
2380 2153 2473 2188 Frage
2494 2152 2614 2187 studiert,
2647 2154 2681 2183 ob
2712 2153 2780 2187 nicht
2810 2152 2852 2182 die
2872 2152 2988 2185 Bestim¬

2088 2202 2210 2228 mungen
2230 2196 2279 2224 deS
2301 2194 2553 2230 Zivilgesetzbuches
2586 2194 2654 2224 über
2684 2192 2913 2225 Vormundschaft
2933 2193 2989 2222 und

2089 2235 2221 2270 elterliche
2242 2235 2355 2265 Gewalt
2384 2237 2434 2265 als
2466 2236 2632 2265 kantonales
2652 2234 2733 2268 Recht
2754 2234 2837 2268 sofort
2858 2233 2887 2263 in
2909 2233 2990 2266 Kraft

2088 2277 2175 2311 gesetzt
2195 2277 2301 2306 werden
2323 2276 2425 2309 sollten.
2465 2276 2526 2306 Der
2555 2276 2737 2311 Einführung
2767 2275 2842 2305 einer
2871 2274 2990 2307 BenifS-

2088 2317 2310 2351 vormundschaft
2342 2317 2429 2351 stehen
2463 2317 2547 2352 große
2579 2316 2818 2351 Schwierigkeiten
2852 2320 2990 2350 entgegen,

2087 2359 2123 2388 da
2144 2358 2177 2389 sie
2198 2358 2257 2388 eine
2289 2358 2468 2392 vollständige
2500 2357 2736 2393 Reorganisation
2765 2358 2812 2387 der
2832 2356 2991 2387 Vormund-

2089 2399 2324 2432 schastsbchörden
2358 2399 2493 2434 bedingen
2527 2399 2628 2429 würde.
2669 2398 2743 2428 Aber
2772 2398 2813 2428 die
2834 2396 2992 2432 Regierung

2089 2440 2158 2470 wird
2179 2441 2244 2472 auch
2266 2440 2332 2470 diese
2352 2439 2444 2475 Frage
2465 2440 2573 2472 prüfen.
2607 2438 2692 2470 Ohne
2711 2438 2877 2472 Opposition
2900 2438 2991 2467 wurde

2086 2481 2133 2509 der
2146 2481 2243 2513 Anzug
2257 2480 2353 2513 Jezler
2365 2480 2496 2513 erheblich
2515 2479 2635 2511 erklärt;
2655 2477 2988 2514 Abänderungsanträge,

2085 2519 2126 2548 die
2146 2520 2199 2550 Dr.
2220 2519 2245 2553 I
2258 2527 2272 2548 o
2284 2527 2299 2548 o
2310 2523 2327 2548 S
2349 2519 2438 2552 stellte,
2460 2520 2574 2548 wurden
2594 2519 2750 2553 abgelehnt.

2141 2560 2274 2594 Nachdem
2294 2561 2341 2590 der
2360 2559 2419 2589 Rat
2439 2560 2482 2589 die
2503 2567 2551 2589 am
2570 2562 2615 2590 25.
2629 2558 2752 2589 Oktober
2773 2558 2987 2594 stattgefnndene

2085 2600 2340 2630 StänderatSwabl
2361 2599 2493 2629 validiert
2521 2600 2606 2634 hatte,
2637 2600 2705 2635 ging
2733 2608 2762 2629 er
2780 2600 2848 2629 über
2868 2606 2916 2633 zur
2935 2598 2989 2628 Be-

2088 2639 2235 2674 bändlnng
2266 2640 2316 2669 de»
2349 2640 2568 2668 Beamten-
2599 2648 2619 2669 n
2629 2647 2649 2669 n
2659 2641 2676 2669 d
2706 2639 2991 2674 Besoldungs¬

2090 2679 2261 2713 gesetzes.
2298 2679 2361 2712 Für
2378 2679 2422 2708 die
2443 2678 2623 2713 großrätliche
2644 2679 2825 2714 Kommission
2856 2679 2991 2710 referierte

2090 2719 2144 2749 Dr.
2165 2719 2331 2754 Bieder,
2362 2719 2455 2748 indem
2485 2728 2513 2749 er
2537 2719 2681 2749 Eintreten
2711 2720 2761 2754 auf
2789 2721 2841 2750 den
2862 2719 2994 2751 Entwurf

2092 2760 2226 2792 empfahl.
2266 2759 2331 2789 Von
2350 2759 2404 2790 Dr.
2424 2760 2453 2789 A
2461 2767 2476 2789 e
2485 2767 2513 2789 m
2524 2767 2553 2789 m
2563 2768 2578 2789 e
2586 2768 2603 2789 r
2631 2761 2724 2790 wurde
2753 2761 2793 2790 im
2812 2760 2922 2790 Namen
2948 2761 2997 2790 der

2093 2799 2269 2833 freisinnigen
2288 2800 2422 2831 Fraktion
2443 2801 2492 2829 der
2510 2800 2619 2834 Antrag
2641 2801 2748 2835 gestellt,
2770 2801 2821 2833 auf
2840 2801 2890 2830 den
2911 2800 2993 2831 ersten

2091 2839 2157 2868 Teil
2185 2840 2234 2869 de«
2256 2839 2380 2874 Gesetzes,
2412 2840 2522 2873 welcher
2542 2840 2583 2869 die
2604 2840 2880 2873 Dienstverhältniffe
2900 2842 2992 2874 regelt,

2091 2879 2266 2914 einzutreten,
2294 2881 2413 2915 dagegen
2444 2880 2497 2910 den
2519 2880 2630 2914 zweiten
2652 2880 2726 2916 Teil,
2760 2882 2807 2910 der
2834 2880 2877 2911 die
2897 2880 2992 2910 Befol-

2089 2920 2198 2955 düngen
2220 2921 2276 2950 und
2290 2920 2382 2955 Löhne
2404 2921 2559 2955 behandelt,
2580 2930 2616 2951 an
2632 2921 2674 2951 die
2688 2921 2869 2953 Koinmission
2889 2921 2991 2955 zurück¬

2089 2960 2228 2996 zuweilen,
2258 2961 2293 2990 da
2323 2969 2352 2990 er
2380 2961 2450 2990 viele
2470 2961 2689 2997 Ungleichheiten
2711 2964 2767 2991 und
2788 2962 2989 2993 Unebenhcsten

2090 3002 2220 3031 enthalte.
2259 3001 2314 3031 Die
2334 3001 2515 3036 Kommission
2536 3002 2570 3032 sei
2591 3008 2645 3031 von
2675 3010 2749 3033 neun
2780 3002 2830 3035 auf
2858 3002 2988 3037 fünfzehn

2090 3040 2255 3074 Mitglieder
2268 3049 2300 3073 zu
2314 3042 2464 3071 erweitern.
2482 3042 2575 3076 Durch
2596 3043 2766 3077 nochmalige
2779 3043 2990 3074 Kommission»-

2094 3081 2231 3115 bcratung
2252 3081 2298 3111 soll
2322 3081 2365 3110 die
2385 3081 2476 3114 Sache
2497 3082 2566 3115 nicht
2587 3084 2658 3112 etwa
2678 3083 2847 3117 vcrlchlcppt,
2879 3083 2993 3112 sondern

2096 3120 2134 3150 im
2155 3121 2301 3156 Gegenteil
2329 3121 2372 3151 die
2392 3121 2583 3156 Behandlung
2612 3122 2652 3152 im
2682 3122 2806 3157 Plenum
2835 3123 2884 3152 de»
2905 3122 2994 3153 Rate?

2096 3161 2274 3197 beschleunigt
2302 3162 2360 3191 und
2389 3162 2554 3196 vereinfacht
2583 3163 2698 3193 werde».
2737 3162 2791 3197 Im
2812 3162 2922 3194 Namen
2951 3164 2998 3193 der

2097 3202 2403 3235 iozialdemokratilchen
2432 3202 2567 3235 Fraktion
2601 3203 2748 3239 beantragt
2781 3204 2912 3240 Angst,
2945 3204 2996 3234 den

2096 3242 2229 3275 Entwurf
2258 3243 2287 3273 i»
2317 3243 2381 3277 zwei
2402 3242 2502 3279 Gesetze
2532 3251 2565 3278 zu
2594 3245 2724 3280 zerlegen,
2754 3245 2830 3274 eines
2860 3245 2927 3274 über
2954 3245 2996 3274 die

2097 3283 2369 3317 Dienstverhältnisse
2407 3285 2466 3314 und
2507 3284 2582 3314 eine»
2620 3285 2689 3314 über
2726 3284 2767 3315 die
2803 3285 2995 3320 Besoldungen

2097 3326 2152 3358 und
2185 3324 2287 3359 Löhne.
2344 3324 2399 3354 Dr.
2432 3324 2569 3360 Schär,
2600 3325 2732 3359 Mitglied
2766 3325 2839 3356 einer
2871 3325 2997 3356 Minder¬

2096 3365 2151 3399 heit
2189 3366 2237 3395 der
2269 3365 2459 3400 Kommiision,
2499 3366 2612 3396 erklärte
2650 3366 2694 3398 sich
2728 3366 2780 3396 mit
2809 3366 2998 3402 Rückiveiinng

2096 3408 2145 3435 de«
2175 3406 2286 3439 zweiten
2316 3406 2399 3436 Teil»
2428 3414 2467 3437 an
2498 3407 2540 3436 die
2569 3406 2751 3440 Kommission
2784 3407 2998 3439 einverstanden.

2096 3447 2230 3481 Dagegen
2265 3447 2353 3481 sprach
2383 3447 2609 3482 RegierungSrat
2638 3447 2998 3482 Burckhardt-Schazniann

2097 3488 2135 3518 im
2156 3488 2266 3518 Namen
2286 3489 2332 3518 der
2352 3488 2510 3524 Regierung
2531 3489 2578 3522 für
2591 3489 2735 3519 Eintreten
2756 3489 2807 3522 auf
2826 3488 2901 3518 beide
2920 3489 2999 3519 Teile

2095 3530 2145 3558 des
2159 3529 2287 3564 Gesetzes,
2305 3529 2348 3559 die
2368 3529 2535 3564 gemeinsam
2556 3530 2703 3565 behandelt
2723 3531 2780 3560 und
2800 3529 2872 3565 nicht
2889 3529 2920 3559 in
2933 3530 2999 3565 zwei

2097 3569 2197 3605 Gesetze
2226 3572 2326 3605 zerlegt
2345 3571 2452 3600 werden
2473 3570 2576 3601 sollten.
2615 3570 2671 3600 Die
2690 3570 2861 3606 Fortsetzung
2881 3570 2928 3600 der
2946 3570 3000 3600 Be-

2097 3613 2201 3646 ratnng
2223 3612 2314 3641 wnrde
2334 3611 2384 3647 auf
2403 3612 2456 3641 den
2476 3611 2653 3647 Nachmittag
2673 3611 2835 3647 verschoben.

2418 3655 2490 3693 St.
2513 3658 2675 3693 («allen.

2169 3702 2238 3737 St.
2272 3701 2476 3742 Gallen,
2511 3704 2541 3738 5.
2573 3703 2656 3738 Nov.
2705 3703 2745 3745 A
2787 3703 2856 3738 Der
2883 3701 2998 3746 Regie¬

2097 3749 2260 3789 rungSrat
2286 3746 2501 3783 unterbreitet
2551 3748 2621 3783 dem
2662 3747 2797 3788 Großen
2824 3747 2891 3783 Rat
2931 3747 2999 3782 eine

2097 3792 2196 3832 Reihe
2222 3800 2284 3827 von
2311 3793 2490 3837 Anträgen,
2547 3792 2658 3834 welche
2698 3792 2905 3833 verschiedene
2930 3793 2996 3828 Ge¬

2098 3836 2209 3878 schäfte
2251 3837 2412 3877 betreffen.
2467 3837 2540 3873 Mit
2590 3840 2645 3873 der
2670 3837 2897 3883 Ausführung
2946 3838 3001 3872 der

2099 3881 2491 3926 StaatSstraßenprojekte
2540 3881 2888 3925 Oberriet-Appenzell
2931 3884 2997 3918 und

2099 3927 2493 3971 Mühlrütti-Fischingen
2520 3927 2583 3973 soll
2633 3927 2696 3963 mit
2739 3927 2898 3970 Rücksicht
2941 3928 3000 3970 auf

2099 3972 2148 4008 die
2185 3972 2385 4017 Finanzlage
2436 3972 2491 4008 bis
2541 3982 2614 4017 zum
2655 3972 2763 4015 Jahre
2791 3973 2882 4006 1914
2909 3982 3000 4017 zuge-

2100 4020 2216 4053 wartet
2243 4019 2379 4054 werden.
2420 4019 2474 4053 An
2501 4018 2550 4054 die
2575 4016 3001 4061 Eisenbahnlinie

2101 4063 2531 4105 Goßau-Herisau
2569 4063 2743 4107 beantragt
2792 4063 2847 4099 der
2885 4062 2999 4106 Regie-

2100 4112 2263 4152 rungsrat
2312 4109 2380 4144 eine
2420 4108 2638 4144 Subvention
2688 4116 2752 4143 von
2781 4108 2912 4148 75,000
2937 4109 2990 4150 Fr.

2100 4154 2169 4195 Auf
2205 4154 2265 4188 den
2307 4154 2465 4198 Entwurf
2514 4154 2602 4189 eines
2640 4153 2831 4189 revidierten
2862 4153 2999 4198 Gesetzes

2100 4198 2178 4233 über
2203 4198 2264 4234 den
2289 4197 2440 4241 Zinsfuß
2467 4198 2517 4232 bei
2541 4198 2900 4242 Hypothekarfchulden,
2933 4205 3000 4233 wo¬

2100 4243 2174 4284 nach
2201 4243 2263 4278 das
2288 4242 2437 4288 zulässige
2454 4243 2647 4286 Maximum
2673 4250 2736 4279 von
2763 4244 2831 4288 4*/a
2859 4243 2998 4285 Prozent

2101 4288 2159 4332 auf
2184 4289 2205 4321 5
2231 4289 2373 4332 Prozent
2408 4289 2521 4332 erhöht
2546 4288 2672 4324 werden
2698 4287 2767 4330 soll,
2824 4287 2998 4332 beantragt

2101 4333 2156 4369 der
2180 4334 2453 4379 Regierungsrat,
2504 4334 2623 4377 zurzeit
2665 4334 2748 4374 nicht
2783 4333 2991 4375 einzutreten.

2101 4379 2191 4421 Zum
2218 4380 2337 4422 Zwecke
2385 4379 2438 4414 der
2465 4379 2679 4423 Einführung
2717 4379 2772 4414 der
2796 4377 3000 4414 Alters-

2102 4424 2167 4459 und
2194 4423 2920 4467 Invaliditätsversicherung
2946 4423 2997 4458 be¬

2102 4472 2238 4513 antragt
2265 4469 2318 4505 der
2331 4469 2593 4514 RegierungSrat
2619 4469 2754 4510 mittelst
2780 4468 2868 4504 eines
2886 4468 3002 4511 Gesetz¬

2102 4514 2280 4557 entwurfes
2329 4514 2378 4549 die
2427 4514 2610 4559 Schaffung
2659 4514 2748 4549 eines
2799 4513 2995 4549 kantonalen

2102 4558 2465 4603 Bersicheruiigsfonds,
2522 4560 2592 4594 dem
2635 4569 2667 4594 u.
2699 4570 2728 4594 a.
2762 4560 2918 4598 300,000
2942 4559 2998 4601 Ir.

2102 4609 2166 4640 aus
2192 4604 2245 4640 der
2270 4604 2599 4649 Kantonsschulkasse.
2651 4605 2758 4647 ferner
2783 4604 2916 4643 20,000
2940 4604 2993 4645 Fr.

2102 4654 2166 4685 auS
2192 4649 2246 4685 der
2272 4649 2402 4694 Reserve
2452 4650 2508 4693 für
2533 4648 2740 4690 militärische
2766 4647 2999 4689 Unterkunfts-

2101 4696 2223 4733 ränme,
2256 4694 2290 4729 in
2317 4695 2454 4729 anderen
2475 4694 2617 4734 Gesetzen
2637 4693 2813 4729 bestimmte
2837 4691 2989 4734 Beträge,

2101 4738 2267 4781 besondere
2313 4739 2362 4772 bei
2412 4738 2468 4772 der
2500 4736 2751 4780 Budgetierung
2800 4734 2999 4778 beschlossene

2099 4783 2256 4826 Beiträge
2281 4782 2472 4826 zugewiesen
2514 4782 2638 4817 werden
2666 4781 2776 4824 sollen.
2825 4780 2996 4823 Bezüglich

2099 4827 2154 4863 der
2201 4836 2275 4862 vom
2302 4827 2436 4867 Großen
2463 4826 2531 4862 Rat
2557 4825 2778 4869 beschloffenen
2804 4825 2997 4861 Korrektion

2099 4872 2153 4907 der
2178 4873 2238 4907 St.
2265 4869 2692 4915 Jakobsstraße-Langgasse
2716 4870 2751 4906 in
2779 4872 2837 4907 St.
2861 4870 2999 4906 Gallen-

2099 4917 2240 4952 Tablatt
2282 4917 2344 4959 soll
2386 4918 2456 4952 dem
2483 4916 2745 4960 Negierungsrat
2783 4915 2829 4951 im
2855 4915 2999 4958 Hinblick

2098 4961 2157 5004 auf
2206 4961 2257 4996 die
2282 4962 2384 5004 hohen
2411 4959 2912 5005 Expropriationsforderungen
2950 4959 3000 4996 die

2099 5005 2353 5051 Ermächtigung
2377 5006 2484 5042 erteilt
2510 5007 2645 5047 werden,
2682 5004 2841 5041 eventuell
2867 5005 2926 5049 auf
2951 5006 3000 5041 die

2100 5052 2353 5095 Expropriation
2379 5062 2417 5096 zu
2442 5051 2627 5097 verzichten.
2676 5051 2747 5087 Der
2772 5050 2980 5096 Regierungs
2987 5068 3000 5080 -

2100 5100 2155 5133 rat
2179 5099 2352 5142 beantragt
2377 5097 2498 5138 endlich
2549 5096 2625 5137 auch
2674 5096 2725 5132 die
2748 5095 3001 5140 Genehmigung

2102 5143 2158 5179 des
2184 5143 2246 5179 mit
2272 5143 2325 5178 der
2343 5143 2518 5179 Gemeinde
2536 5141 2708 5185 Rorschach
2735 5141 2995 5186 abgeschlossenen

2101 5188 2358 5232 Kaufvertrages
2405 5188 2578 5228 betreffend
2628 5187 2678 5221 die
2704 5186 2736 5220 K
2750 5197 2768 5220 o
2782 5196 2799 5220 r
2814 5196 2834 5220 n
2849 5185 2868 5225 h
2883 5194 2901 5217 a
2918 5195 2937 5218 u
2952 5188 2970 5217 S
2984 5197 2999 5211 -

2101 5231 2430 5276 lieaenfchaft,
2455 5231 2558 5267 wobei
2576 5231 2629 5266 der
2643 5230 2745 5265 Erlös
2762 5236 2823 5262 von
2843 5227 2997 5264 100,000

2099 5277 2153 5318 Ir.
2190 5276 2245 5320 für
2271 5276 2320 5311 die
2345 5275 2572 5318 Erweiterung
2605 5276 2660 5308 der
2684 5269 2996 5315 Hafenverhältnisse

2097 5320 2133 5354 in
2159 5318 2329 5358 Rorschach
2356 5318 2536 5354 verwendet
2562 5317 2686 5351 werden
2716 5314 2784 5357 soll.

3342 1118 3639 1154 evraubttuden.

3102 1172 3250 1215 Chur,
3292 1173 3323 1208 5.
3351 1173 3433 1208 Nov.
3485 1173 3553 1207 Der
3579 1171 3733 1211 Große
3759 1172 3851 1207 Rat
3876 1172 3930 1212 hat

3030 1216 3120 1257 heute
3158 1217 3346 1262 beschlossen.
3385 1218 3432 1253 die
3470 1217 3656 1260 Förderung
3693 1217 3746 1252 der
3771 1217 3889 1252 Krankt
3912 1231 3916 1245 -

3033 1261 3129 1303 Pflege
3165 1262 3257 1305 durch
3295 1262 3393 1304 Gesetz
3418 1273 3455 1306 zu
3482 1261 3679 1304 verschieben,
3715 1261 3768 1297 bis
3794 1262 3842 1297 die
3866 1265 3914 1297 ei>

3033 1306 3211 1349 genöfstsche
3260 1307 3771 1351 Krankenvernchernngsvorlage
3833 1307 3928 1351 fertig

3034 1350 3149 1394 gestellt
3187 1350 3254 1385 und
3290 1351 3344 1385 bis
3380 1352 3428 1386 die
3463 1352 3657 1395 Finanzlage
3690 1352 3745 1386 des
3771 1353 3927 1388 Kantons

3034 1395 3197 1438 abgeklärt
3223 1394 3274 1437 sei.
3316 1395 3407 1439 Diese
3431 1396 3627 1439 Finanzlage
3651 1397 3687 1435 ist
3713 1397 3928 1442 gegenwärtig

3032 1443 3101 1484 gut.
3141 1439 3211 1483 doch
3249 1440 3373 1474 werden
3412 1446 3475 1474 von
3514 1440 3673 1480 mehreren
3699 1441 3811 1475 Seiten
3850 1452 3928 1478 neue

3032 1485 3131 1529 große
3154 1485 3425 1530 Anforderungen
3451 1495 3495 1520 an
3521 1485 3579 1520 den
3603 1485 3705 1520 Staat
3730 1485 3874 1528 erhoben.

3399 1538 3573 1575 Wallis.

3089 1592 3257 1629 Sitten,
3278 1595 3305 1624 5.
3327 1592 3398 1623 Nov.
3420 1594 3455 1627 ©
3476 1592 3613 1628 Zwischen
3632 1592 3682 1621 den
3699 1592 3865 1622 kantonalen
3880 1593 3936 1622 und

3034 1634 3141 1663 lokalen
3174 1634 3323 1667 Behörden
3356 1633 3497 1667 einerseits
3532 1636 3588 1663 und
3622 1633 3669 1663 de»
3704 1633 3934 1665 Bundesbahnen

3034 1674 3186 1704 anderseits
3207 1674 3239 1705 ist
3259 1674 3307 1706 seit
3327 1674 3425 1709 langer
3445 1674 3510 1708 Zeit
3529 1674 3571 1704 die
3591 1673 3679 1707 Frage
3700 1674 3748 1703 der
3767 1674 3934 1710 Aushebung

3034 1714 3083 1744 deS
3104 1714 3390 1749 NivcauübergangeS
3421 1714 3471 1745 St.
3487 1714 3666 1750 Margrethcn
3699 1714 3738 1744 bei
3759 1715 3806 1744 der
3825 1714 3935 1746 Rhonc-

3035 1756 3123 1786 brücke
3143 1756 3186 1786 bet
3205 1756 3305 1786 Sitten
3328 1756 3452 1789 pendent.
3494 1757 3545 1786 Um
3566 1764 3600 1789 zit
3620 1755 3693 1785 einer
3713 1754 3935 1791 Verständigung

3034 1805 3066 1831 zu
3087 1797 3233 1832 gelange»,
3253 1797 3322 1829 fand
3342 1797 3419 1830 heute
3439 1796 3484 1827 ein
3506 1796 3762 1830 Lokalaiigenkchclu
3784 1796 3855 1830 statt,
3876 1798 3934 1826 dem

3034 1837 3202 1868 BnndeSrat
3221 1837 3325 1871 Forrcr
3346 1837 3423 1868 sowie
3442 1837 3598 1872 Delegierte
3619 1837 3665 1866 de»
3680 1836 3935 1868 Eiienbahndcvar-

3034 1881 3163 1913 tementS,
3193 1879 3242 1908 deS
3263 1878 3596 1912 OberbauinspektoratcS
3626 1880 3680 1907 und
3701 1878 3747 1907 der
3766 1877 3933 1907 Krcisdirck-

3035 1919 3104 1954 tion,
3137 1920 3194 1949 und
3225 1919 3364 1949 Vertreter
3392 1920 3439 1949 der
3466 1919 3631 1949 kantonalen
3664 1918 3720 1948 und
3751 1918 3856 1948 lokalen
3877 1918 3933 1948 Be¬

3035 1960 3138 1995 hörden
3158 1960 3342 1997 beiwohnte».

3151 2026 3233 2068 Die
3265 2025 3477 2075 Anruhen
3509 2027 3555 2068 in
3587 2023 3817 2071 Marokko.

3106 2085 3225 2124 Köln,
3271 2088 3302 2123 5.
3346 2087 3428 2122 Nov.
3486 2088 3543 2120 -b-
3593 2085 3678 2129 Zum
3712 2084 3937 2126 Zwischenfall

3035 2138 3100 2166 von
3127 2131 3333 2169 Casablanca
3359 2132 3473 2166 meldet
3524 2132 3578 2165 der
3621 2129 3773 2165 Berliner
3815 2130 3936 2163 Korre¬

3038 2176 3194 2218 spondent
3219 2177 3274 2212 der
3303 2176 3512 2220 „Kölnischen
3532 2175 3694 2218 Zeitung"
3723 2174 3768 2209 im
3794 2173 3940 2214 Hinblick

3039 2221 3096 2262 auf
3138 2222 3196 2256 den
3223 2222 3427 2265 aufgeregten
3454 2222 3528 2256 Ton
3571 2221 3624 2255 der
3648 2219 3781 2263 Pariser
3807 2219 3933 2262 Presse:

3038 2266 3114 2302 Wir
3139 2266 3259 2302 wollen
3310 2267 3368 2311 auf
3393 2267 3636 2309 Aeußerungen,
3692 2264 3751 2299 wie
3805 2264 3847 2303 sie
3886 2265 3941 2300 der

3042 2312 3207 2354 „Figaro"
3236 2312 3359 2354 bringt,
3415 2311 3502 2353 nicht
3551 2311 3613 2346 mit
3638 2309 3765 2351 gleicher
3792 2308 3937 2350 Sprache

3040 2359 3227 2392 antworten
3276 2357 3343 2392 und
3394 2361 3461 2392 uns
3504 2355 3586 2393 nicht
3612 2354 3672 2390 mit
3699 2353 3752 2389 der
3778 2353 3939 2394 deutschen

3041 2402 3226 2442 Schandtat
3252 2401 3470 2446 beschäftigen,
3527 2401 3575 2436 die
3600 2399 3651 2434 der
3678 2399 3841 2439 „Matin"
3870 2401 3941 2434 ent¬

3039 2447 3115 2482 deckt
3143 2446 3246 2489 haben
3273 2446 3355 2487 will,
3404 2448 3458 2482 der
3484 2444 3842 2487 phantasievollerweise
3868 2444 3939 2483 In¬

3038 2491 3144 2530 trigen
3172 2491 3327 2534 schildert,
3376 2492 3426 2526 die
3451 2489 3664 2530 Deutschland
3691 2488 3856 2530 anläßlich
3883 2488 3942 2525 deS

3035 2535 3357 2579 ruffisch-englischen
3373 2535 3634 2580 Zwischenfalles
3660 2545 3703 2569 an
3722 2534 3775 2569 der
3790 2534 3942 2577 Dogger¬

3035 2580 3118 2616 bank
3143 2581 3308 2626 begangen
3335 2581 3436 2620 haben
3466 2580 3536 2620 soll.
3567 2578 3752 2622 Betreffend
3780 2578 3831 2613 die
3851 2576 3944 2613 Mel¬

3037 2626 3131 2668 dung
3180 2627 3237 2662 des
3262 2626 3394 2665 Pariser
3423 2626 3558 2667 „Echo",
3614 2624 3667 2659 der
3692 2623 3832 2663 deutsche
3857 2623 3946 2658 Bot¬

3040 2670 3169 2712 schafter
3194 2671 3230 2706 in
3255 2669 3531 2712 Konstantinopel
3568 2669 3657 2709 sende
3682 2668 3853 2709 chiffrierte
3877 2667 3946 2703 De¬

3042 2714 3163 2755 peschen
3202 2715 3259 2749 des
3285 2714 3440 2750 Sultans
3481 2725 3525 2749 an
3568 2714 3661 2755 Jzzet
3704 2712 3824 2755 Pascha
3875 2711 3945 2747 und

3043 2758 3171 2794 Munir
3195 2759 3316 2801 Pascha
3343 2759 3513 2802 empfange
3538 2756 3710 2799 ebensolche
3733 2758 3943 2797 Antworten,

3043 2803 3140 2844 lohne
3165 2808 3200 2839 es
3226 2804 3284 2845 sich
3312 2804 3413 2842 kaum,
3471 2803 3567 2847 solche
3592 2802 3700 2844 Dinge
3748 2812 3786 2844 zu
3827 2802 3945 2837 wider¬

3041 2847 3141 2890 legen.
3197 2848 3262 2883 Die
3288 2848 3451 2892 Meldung
3503 2848 3543 2887 sei
3592 2847 3749 2887 höchstens
3776 2846 3946 2889 deswegen

3040 2891 3237 2935 interessant,
3271 2892 3347 2927 weil
3371 2892 3413 2935 sie
3438 2892 3530 2935 zeige,
3562 2892 3625 2926 mit
3651 2890 3781 2932 welchen
3797 2890 3942 2926 Mitteln

3038 2936 3216 2980 gearbeitet
3267 2937 3377 2976 werde,
3434 2948 3491 2972 um
3519 2935 3734 2981 Deutschland
3784 2936 3834 2971 bei
3884 2936 3945 2971 den

3037 2982 3252 3023 Jung«ürken
3279 2992 3319 3025 zu
3346 2981 3580 3025 verdächtigen.

3109 3025 3251 3065 Parts,
3285 3028 3316 3062 5.
3349 3027 3434 3062 Nov.
3479 3027 3535 3070 8x>.
3579 3027 3632 3068 Zu
3656 3024 3727 3060 dem
3752 3024 3945 3067 Deserteur-

3039 3070 3266 3113 Zwischensall
3293 3071 3410 3106 erklärt
3450 3071 3506 3106 der
3537 3070 3698 3111 „Eclair",
3754 3070 3854 3109 ernste
3880 3070 3943 3104 Er¬

3043 3113 3173 3157 eignisse
3198 3115 3280 3156 seien
3306 3114 3450 3159 möglich,
3507 3126 3586 3150 man
3634 3114 3734 3149 könne
3775 3114 3850 3149 aber
3876 3122 3942 3149 von

3044 3159 3099 3193 der
3124 3159 3282 3200 Kluabeit
3307 3160 3363 3196 der
3387 3159 3612 3204 Regierungen
3638 3158 3704 3193 und
3730 3159 3821 3201 ihren
3847 3159 3948 3198 fried¬

3045 3202 3142 3247 lichen
3160 3204 3327 3249 Absichten
3354 3205 3422 3240 eine
3446 3204 3607 3248 glückliche
3624 3204 3752 3248 Lösung
3770 3207 3941 3240 erwarten.

3044 3249 3121 3284 Das
3150 3249 3251 3290 „Echo
3278 3250 3314 3285 de
3339 3250 3464 3290 Paris"
3494 3250 3619 3288 erklärt,
3668 3248 3717 3284 die
3759 3249 3949 3293 Regierung

3044 3293 3144 3336 müsse
3168 3295 3286 3338 wissen,
3337 3294 3402 3335 daß
3444 3294 3486 3337 sie
3512 3295 3573 3330 das
3600 3303 3696 3337 ganze
3721 3293 3810 3328 Land
3836 3293 3948 3337 hinter

3046 3337 3103 3381 sich
3129 3339 3196 3381 hat.
3253 3339 3330 3375 Die.
3343 3339 3523 3382 Franzosen
3574 3340 3694 3374 tönnen
3744 3337 3837 3382 sicher
3864 3337 3939 3378 sei«,

3046 3383 3110 3424 daß
3159 3384 3203 3428 sie
3251 3384 3321 3425 ihre
3368 3383 3531 3428 bisherige
3571 3383 3725 3425 Position
3766 3384 3948 3423 behaupten

3047 3429 3180 3467 können,
3238 3430 3306 3465 und
3332 3429 3395 3469 daß
3422 3429 3475 3464 der
3501 3427 3723 3472 Zwischenfall
3753 3428 3822 3463 eine
3847 3427 3947 3469 fried¬

3048 3473 3122 3514 liche
3146 3474 3276 3519 Lösung
3302 3474 3412 3519 finden
3439 3474 3533 3514 wird,
3590 3474 3668 3514 ohne
3710 3472 3771 3508 das
3797 3472 3943 3514 Ansehen

3048 3518 3161 3560 irgend
3212 3520 3300 3555 einer
3333 3519 3460 3555 Nation
3511 3530 3549 3560 zu
3600 3517 3767 3562 schädigen.
3823 3518 3950 3554 Andere

3047 3563 3186 3600 Blätter
3211 3566 3363 3604 erklären,
3419 3563 3637 3608 Deutschland
3674 3562 3775 3598 werde
3800 3562 3882 3606 nicht
3914 3573 3952 3605 zu

3048 3608 3150 3644 einem
3178 3609 3384 3646 Ultiinatum
3435 3610 3579 3654 greifen;
3629 3615 3719 3643 wenn
3763 3606 3950 3652 Frankreich

3047 3653 3274 3697 zurückweiche,
3332 3654 3365 3700 so
3391 3646 3444 3697 sei'
3475 3659 3510 3689 es
3537 3664 3592 3689 um
3636 3652 3698 3695 sein
3725 3652 3868 3695 Ansehen
3895 3664 3946 3695 ge¬

3048 3697 3178 3741 schehen.
3210 3699 3276 3735 Tie
3305 3698 3534 3741 „humanits"
3562 3697 3729 3741 beschwört
3754 3697 3819 3732 alle
3844 3700 3945 3740 gute«

3048 3743 3238 3787 Franzose»,
3288 3744 3337 3779 die
3363 3744 3489 3788 Lösung
3517 3743 3572 3778 deS
3597 3741 3858 3785 Zwischenfalles
3884 3742 3949 3778 mit

3048 3789 3144 3830 Ruhe
3167 3789 3377 3833 abzuwarten
3428 3789 3494 3823 und
3522 3787 3577 3832 sich
3604 3787 3685 3831 jeder
3712 3787 3946 3829 Zornesäuße-

3049 3843 3134 3876 rung
3166 3844 3205 3876 zu
3233 3834 3410 3874 entha'ten.
3464 3834 3534 3869 Der
3579 3831 3767 3873 „Gaulois"
3810 3830 3950 3875 beglück¬

3050 3878 3188 3922 wünscht
3215 3878 3336 3923 Pichon
3376 3889 3413 3922 zu
3439 3878 3510 3913 dem
3536 3876 3747 3917 Widerstand,
3803 3876 3862 3912 den
3912 3886 3946 3912 er

3049 3924 3108 3959 den
3135 3923 3295 3967 deutschen
3321 3924 3553 3968 Forderungen
3579 3922 3824 3966 entgegensetzte.
3872 3922 3951 3957 Das

3053 3970 3248 4009 „Journal"
3279 3970 3405 4008 erklärt,
3438 3966 3625 4012 Frankreich
3651 3967 3692 4011 sei
3717 3967 3821 4008 seines
3847 3969 3947 4011 guten

3050 4013 3181 4056 Rechtes
3208 4015 3312 4059 gewiß
3363 4014 3429 4050 und
3455 4013 3559 4049 werde
3583 4012 3641 4057 sich
3665 4011 3749 4054 nicht
3774 4013 3855 4056 dazu
3882 4014 3952 4048 ent-

3050 4058 3199 4103 schließen
3226 4060 3359 4099 können,
3392 4062 3489 4095 unter
3516 4060 3585 4094 dem
3613 4056 3827 4100 kaudinischen
3853 4055 3953 4098 Joche

3050 4104 3295 4148 durchzugehen.
3350 4105 3416 4140 Die
3445 4105 3644 4145 „Lanterne"
3672 4103 3799 4141 erklärt,
3856 4102 3951 4142 Fürst

3050 4149 3174 4185 Bülow
3204 4150 3283 4188 habe
3320 4149 3378 4194 sich
3405 4149 3516 4193 schwer
3543 4147 3706 4192 getäuscht,
3761 4144 3948 4189 Frankreich

3050 4194 3149 4229 könne
3173 4193 3258 4238 nicht
3284 4194 3347 4230 mit
3397 4195 3497 4238 seiner
3523 4194 3644 4230 Würde
3691 4183 3817 4235 spielen.
3877 4191 3945 4226 Der

3052 4240 3164 4281 „Petit
3191 4239 3364 4282 Parisien"
3393 4239 3519 4277 erklärt,
3567 4238 3616 4273 die
3640 4243 3701 4271 von
3729 4236 3786 4270 den
3813 4235 3948 4277 franzö¬

3049 4283 3159 4326 sischen
3186 4284 3402 4325 Diplomaten
3453 4282 3701 4327 eingeschlagene
3727 4280 3852 4321 Politik
3905 4279 3950 4323 sei

3049 4328 3236 4370 jedermann
3264 4328 3472 4372 sympathisch
3524 4329 3591 4363 und
3643 4325 3742 4361 werde
3766 4333 3832 4360 von
3858 4325 3947 4360 allen

3052 4374 3221 4410 Freunden
3264 4373 3473 4416 Frankreichs
3516 4371 3673 4417 gebilligt.
3728 4371 3793 4406 Die
3821 4370 3952 4412 „Petite

3050 4419 3284 4461 Rspublique"
3314 4419 3406 4459 führt
3432 4422 3517 4453 aus:
3543 4418 3618 4454 Wir
3644 4417 3761 4451 können
3790 4416 3854 4450 kein
3881 4415 3948 4449 Be¬

3051 4465 3174 4500 dauern
3201 4463 3395 4499 ausdrücken
3423 4464 3457 4499 in
3488 4463 3576 4498 einer
3600 4459 3855 4504 Angelegenheit,
3900 4464 3951 4493 wo

3052 4509 3113 4544 wir
3139 4510 3186 4544 im
3214 4509 3307 4550 Recht
3335 4509 3413 4552 sind,
3446 4508 3536 4551 selbst
3564 4514 3652 4541 wenn
3678 4509 3712 4539 es
3738 4504 3793 4545 sich
3821 4504 3940 4538 darum

3052 4554 3193 4595 handelt,
3249 4554 3356 4594 Herrn
3382 4562 3444 4587 von
3471 4552 3596 4587 Bülow
3633 4556 3694 4583 von
3722 4548 3824 4583 einem
3850 4545 3948 4588 Fehl¬

3052 4599 3128 4634 tritt
3155 4598 3361 4641 abzuhalten.
3403 4596 3467 4632 Die
3495 4595 3625 4636 „Petite
3650 4592 3882 4635 Rüpublique"
3912 4593 3950 4633 ist

3050 4642 3230 4685 überzeugt,
3287 4641 3350 4681 daß
3377 4640 3594 4683 Deutschland
3637 4638 3854 4683 ebensowenig
3895 4637 3951 4673 als

3049 4686 3234 4726 Frankreich
3286 4685 3343 4720 den
3393 4685 3507 4726 Fehler
3556 4685 3689 4729 begehen
3740 4683 3820 4720 will,
3889 4682 3950 4718 das

3048 4730 3305 4773 Schiedsgericht
3319 4729 3533 4775 abzulehnen.
3551 4731 3619 4766 Der
3635 4729 3788 4769 „Soleil"
3806 4727 3944 4772 schreibt,

3048 4775 3113 4819 jede
3139 4775 3420 4820 Entschuldigung
3470 4778 3557 4811 wäre
3599 4774 3665 4811 eine
3708 4772 3950 4816 Erniedrigung

3047 4822 3101 4856 der
3128 4820 3355 4866 französischen
3382 4821 3491 4863 Jahne
3535 4820 3601 4856 und
3644 4819 3693 4855 ein
3720 4817 3862 4862 Verzicht
3888 4816 3949 4859 auf

3048 4866 3099 4902 die
3124 4866 3237 4911 Rechte
3264 4866 3483 4909 Frankreichs.

3124 4942 3185 4991 Die
3216 4941 3392 4994 Ereignisse
3422 4943 3478 4989 nuf
3505 4942 3562 4983 der
3590 4932 3881 4988 zralliaichalbknsel.

3120 5003 3246 5045 Köln,
3273 5005 3305 5039 5.
3331 5003 3413 5038 Nov.
3439 5004 3495 5036 -b-
3519 5002 3572 5040 In
3604 4994 3835 5037 unierrichieten
3861 4992 3939 5028 Bel-

3051 5052 3165 5090 grader
3190 5048 3317 5090 Kreisen
3350 5047 3458 5091 glaubt
3499 5053 3571 5077 man
3612 5039 3682 5081 nach
3723 5042 3777 5073 der
3818 5038 3938 5080 „Köln.

3050 5094 3159 5138 Ztg.".
3184 5097 3248 5127 aus
3274 5097 3327 5126 der
3350 5089 3522 5129 Konferenz
3547 5086 3599 5119 der
3623 5083 3836 5125 Großmächte
3860 5083 3939 5117 über

3049 5138 3097 5172 die
3122 5136 3289 5178 Annexion
3314 5133 3480 5168 Bosniens
3522 5128 3586 5163 und
3625 5128 3678 5163 der
3713 5127 3939 5173 Herzegowina

3048 5181 3148 5215 werde
3173 5180 3283 5218 nichts,
3310 5175 3384 5209 weil
3406 5171 3619 5216 Deutschland
3649 5174 3711 5207 und
3738 5169 3936 5211 Oesterreich-

3048 5226 3178 5266 Ungarn
3205 5220 3285 5261 nicht
3307 5217 3504 5261 zustimmen.
3555 5218 3642 5253 Man
3666 5216 3781 5257 rechnet
3804 5212 3931 5253 darauf,

3044 5267 3195 5303 Rußland
3221 5262 3321 5297 werde
3347 5261 3394 5297 die
3418 5261 3648 5304 Anerkennung
3688 5261 3740 5293 der
3763 5256 3934 5300 Annexion

3041 5309 3191 5350 rundweg
3216 5305 3430 5349 verweigern;
3454 5306 3615 5348 England,
3642 5301 3830 5344 Frankreich,
3855 5301 3937 5338 viel-
