2714 3484
194 114 501 152 Dorausdezahlung.

147 176 482 210 JLdrli-b.-.«*
496 175 550 202 S».

147 206 432 240 «iereelläbrlick......
449 211 461 232 1
466 210 480 234 «
492 209 545 240 «tz.

2005 116 2352 157 EinrütkunqSgtbübr.

1942 177 1991 202 Di«
2004 179 2160 207 Peeie-Z«,!«
2177 180 2190 202 5
2199 177 2416 208 Zurcker-Kreuj«

1984 208 2070 239 Aries«
2090 210 2136 239 und
2153 210 2246 239 Äelder
2253 210 2356 242 "ftfi-nt
2361 218 2386 236 o.

191 575 368 624 Montag

786 627 892 661 (VrucK
915 629 965 655 und
987 626 1077 663 Verlag
1097 635 1149 656 von
1170 628 1284 661 Vrrll,
1308 628 1378 656 Füs
1388 625 1435 655 »li
1456 630 1506 655 und
1529 627 1773 665 Lompagnie.)

1793 579 1865 617 den
1892 577 1929 619 2.
1957 578 2209 623 September
2238 579 2371 620 1889.

147 738 221 770 Wiesr
239 738 351 777 Zeitung
381 741 505 778 erscheint
533 740 692 779 «öcl>en«licl>
721 738 795 768 drei
822 740 902 769 Mal:
930 741 1099 777 Montag,
1126 739 1311 777 Mittworh
1339 743 1390 768 und
1419 739 1574 778 Freitag.
1624 741 1687 770 Älle
1714 740 1843 778 Änjeigen
1868 744 1965 771 werde»
1993 743 2069 780 duher
2096 745 2191 781 schnell
2220 744 2255 774 int
2285 743 2424 782 publik»«

242 793 382 830 verbreitet,
405 796 446 825 für
467 795 622 834 diejenigen,
643 794 732 831 welche
753 794 782 822 in
803 792 859 830 zwei
880 791 1179 829 aukeinanderkolgendr»
1199 795 1335 823 Nummern
1356 793 1516 831 erscheinen,
1546 794 1607 823 wird
1629 798 1676 823 das
1698 793 1780 832 sweiie
1799 796 1863 824 Mal
1891 804 1941 824 nur
1962 794 1981 825 3
2002 796 2042 825 Kr.
2063 805 2106 831 per
2125 796 2196 826 Zeile
2217 799 2319 835 bezahl».
2369 820 2378 826 .

179 897 403 935 Tagsatzung.
442 900 701 935 Iweiunddreißigste
724 898 858 934 Sitzung,
879 900 928 927 30:
949 899 1022 933 Aug.
1053 898 1259 930 Kommissional-

144 941 233 970 bericht
253 940 314 971 über
333 943 372 972 die
386 944 644 981 Organisation
666 943 723 972 de«
739 941 1014 975 BundeSheere«.
1043 942 1099 971 Der
1113 943 1260 977 allgriiiein«

142 985 220 1018 Lheil
239 986 286 1016 de«
304 987 443 1020 Beritt«,
465 989 545 1022 dessen
566 987 699 1022 Verfasser
718 985 813 1018 Oberst
833 986 910 1019 Weiß
930 984 977 1018 ist,
997 985 1062 1014 wird
1082 986 1188 1017 verlesen
1207 985 1262 1014 und

142 1029 181 1059 die
201 1030 323 1067 Umfrage
350 1029 410 1061 über
434 1031 482 1061 da«
509 1031 644 1063 Eintreten
671 1030 789 1062 eröffnet.
829 1029 883 1059 Die
910 1029 1009 1062 meisten
1037 1029 1260 1063 Gesandtschaften

142 1074 256 1108 sprechen
276 1075 333 1109 sich,
341 1073 383 1107 für
404 1075 450 1105 da«
465 1077 621 1108 Eintreten,
643 1075 690 1103 mit
704 1073 853 1105 Vorbehalt
873 1072 914 1101 der
929 1072 1119 1108 Verhandlung
1140 1073 1181 1101 der
1198 1074 1260 1105 sech«

143 1118 273 1154 speziellen
286 1120 406 1155 Antrag«
427 1120 468 1148 der
482 1120 671 1153 Kommission,
690 1121 752 1148 au«.
787 1117 889 1148 Ander«
903 1116 1128 1151 Gesandischafren
1148 1117 1259 1150 sprechen

145 1170 226 1199 gegen
251 1162 289 1191 di«
309 1162 553 1200 Berücksichtigung
579 1163 622 1192 der
650 1162 781 1197 Anfrage.
822 1160 884 1194 Uri,
914 1161 1050 1196 Schwyz,
1081 1160 1263 1192 Unterwalden

145 1206 224 1242 haben
253 1207 298 1239 sich
323 1214 373 1236 von
401 1208 467 1241 jeher
494 1215 573 1244 gegen
601 1207 638 1235 die
662 1205 877 1241 Verschmelzung
903 1204 944 1233 der
971 1205 1057 1234 beiden
1084 1204 1261 1240 Kontingente

142 1250 359 1287 ausgesprochen;
380 1251 419 1280 die
438 1252 595 1284 Diskussion
616 1249 715 1279 werden
736 1249 767 1283 sie
789 1249 919 1281 refcriren.
948 1263 984 1270 —
1012 1248 1100 1281 Lessin
1121 1249 1176 1277 will
1198 1249 1260 1277 beim

140 1293 297 1329 Reglement
316 1301 367 1325 von
385 1298 459 1325 4817
481 1295 563 1329 stehen
582 1294 691 1322 bleiben.
719 1307 755 1314 —
781 1293 908 1328 Thurgau
930 1292 982 1321 und
1002 1292 1185 1327 hauptsächlich
1207 1292 1259 1322 St.

141 1338 241 1368 Gallen
262 1337 378 1368 sprachen
399 1338 445 1370 sich
465 1339 616 1372 entschieden
635 1344 715 1374 gegen
737 1335 785 1366 da«
806 1336 941 1367 Eintreten
961 1337 988 1365 in
1008 1336 1047 1365 di«
1063 1336 1181 1372 Anträge
1198 1338 1259 1366 au«.

142 1380 222 1413 Dies«
243 1379 360 1414 Anträge
380 1378 533 1415 übersteigen
553 1382 601 1411 da«
620 1380 738 1411 Mandat
758 1379 801 1408 der
814 1379 1165 1414 MilitLraufsicht«behörde.
1197 1379 1262 1409 Laut

142 1423 281 1459 Protokoll
301 1430 354 1452 war
375 1423 410 1454 im
423 1423 733 1459 Tagsatzung,beschlösse
752 1423 799 1453 de«
818 1424 923 1460 vorigen
937 1424 1037 1458 Jahre«
1056 1423 1121 1455 keine
1136 1424 1260 1457 Vermeh¬

142 1475 214 1503 rung
232 1467 275 1496 der
296 1467 503 1502 Spezialwaffen
523 1468 689 1502 vorgesehen;
719 1468 757 1496 di«
779 1465 1022 1500 Aufsichttbehörde
1042 1469 1108 1501 hatte
1135 1470 1195 1498 nach
1220 1466 1261 1495 der

142 1511 312 1547 Ausstellung
331 1511 376 1539 de«
396 1511 525 1545 Prinzip«
544 1511 589 1539 de«
608 1510 673 1546 3%
690 1510 733 1538 der
751 1509 937 1546 Bevölkerung
962 1508 1004 1544 für
1029 1510 1077 1539 da«
1097 1510 1262 1544 Bunde«h«er

142 1556 229 1586 nicht-
249 1556 343 1584 ander«
362 1562 393 1590 zu
407 1557 490 1589 thun,
511 1556 569 1587 al«,
589 1552 689 1589 gestützt
702 1554 749 1587 auf
762 1554 853 1589 obige«
868 1554 1047 1588 DerhLltniß,
1064 1554 1100 1582 di«
1116 1554 1262 1588 Leistung«-

143 1600 254 1628 tabellen
275 1607 307 1634 zu
327 1598 488 1633 rektifizirrn.
530 1597 583 1628 Sie
603 1600 647 1633 hat
666 1598 727 1626 aber
746 1598 798 1626 viel
816 1599 886 1629 mehr
906 1599 999 1632 gethan
1021 1596 1074 1627 und
1093 1597 1124 1629 ist
1143 1597 1191 1630 auf
1216 1597 1262 1625 da«

141 1643 299 1677 verworfene
320 1642 567 1678 Militärreglement
586 1647 636 1670 von
660 1642 731 1669 1835
752 1639 1003 1676 zurückgekommen:
1035 1641 1083 1668 da«
1110 1640 1178 1673 heißt
1203 1647 1261 1668 man

141 1688 197 1716 ein«
225 1687 378 1722 Verletzung
405 1686 448 1714 de«
476 1682 647 1720 letztjährigen
676 1684 1012 1719 TagsatzungSbeschluffe«.
1055 1683 1096 1714 E<
1124 1683 1190 1712 kann
1217 1684 1266 1717 sich

141 1730 218 1764 daher
238 1732 310 1764 heut«
329 1730 356 1758 in
377 1730 455 1762 jedem
477 1730 548 1764 Falle
568 1735 616 1757 nur
636 1735 680 1756 um
699 1728 753 1756 «ine
773 1728 994 1762 Dorberathung,
1024 1727 1201 1760 nimmermehr
1221 1735 1263 1755 um

139 1775 197 1802 «in«
218 1773 400 1809 Abstimmung
420 1773 543 1805 handeln.
582 1772 655 1802 Man
676 1777 735 1804 mag
755 1770 794 1798 die
815 1769 933 1806 Anträge
959 1769 1030 1803 selbst
1049 1770 1192 1803 betrachten
1216 1771 1264 1799 wie

140 1824 203 1847 man
219 1817 298 1849 will»
324 1816 350 1848 so
368 1817 434 1848 kann
454 1815 497 1846 die
513 1812 697 1849 Vermehrung
725 1814 767 1841 der
787 1813 1014 1848 Spezialwaffen,
1043 1814 1081 1841 di«
1108 1813 1263 1846 bekanntlich

141 1867 193 1889 nur
212 1859 260 1891 auf
280 1862 314 1887 12
334 1859 376 1887 bi«
397 1862 431 1890 13
452 1860 593 1891 Kantonen
615 1858 695 1894 haftet
703 1877 712 1891 ,
734 1857 826 1893 einzig
837 1858 878 1885 al«
898 1856 945 1887 da«
962 1857 1097 1892 Ergebniß
1117 1857 1185 1884 eine«
1206 1857 1262 1889 frri-

141 1904 258 1937 willigen
268 1903 546 1937 Entgegenkommen«,
560 1902 625 1931 nicht
634 1902 692 1931 aber
703 1901 744 1928 al«
755 1902 808 1929 «ine
817 1901 1018 1936 Unterwerfung
1028 1903 1100 1932 unter
1110 1900 1148 1928 die
1157 1900 1264 1930 Gewalt

142 1948 211 1976 einer
231 1945 377 1979 Majorität
403 1947 451 1974 vtn
473 1948 509 1973 12
530 1945 665 1975 Stimmen
692 1945 828 1979 angesehen
857 1944 968 1973 werden.
1009 1945 1084 1977 Dies«
1104 1945 1210 1978 Ansicht
1236 1944 1264 1977 ist

141 1992 234 2021 darum
255 1997 299 2018 um
318 1990 342 2020 so
363 1991 431 2021 mehr
451 1986 613 2024 begründet.
634 1990 676 2015 al«
694 1989 750 2019 jene
770 1988 917 2022 Majorität
936 1995 986 2018 von
1008 1988 1133 2018 Ständen
1149 1988 1264 2023 gebildet

142 2034 243 2063 werden
266 2031 374 2066 könnte,
396 2034 486 2063 welche
504 2032 542 2060 bei
563 2031 604 2059 der
619 2031 803 2066 Vermehrung
824 2033 866 2060 der
880 2032 1089 2067 Spezialwaffen
1111 2039 1159 2060 nur
1180 2032 1263 2067 wenig

143 2079 202 2108 oder
223 2084 270 2111 gar
290 2077 359 2107 nicht
378 2077 512 2111 betheiligk
533 2075 630 2103 wären.
673 2074 766 2109 Gegen
788 2074 847 2107 diese
868 2075 1034 2111 Konsequenz
1054 2076 1129 2110 aber,
1159 2075 1206 2106 daß
1227 2076 1264 2104 di«

144 2120 354 2157 Spezialwaffen
376 2127 463 2148 immer
484 2127 532 2147 nur
551 2126 600 2148 von
622 2118 740 2153 gewissen
761 2117 901 2152 Kantonen
922 2119 1035 2154 geliefert
1056 2120 1108 2148 und
1136 2119 1264 2152 denselben

144 2166 253 2196 dennoch
274 2172 323 2194 von
349 2163 442 2195 anher»
470 2163 539 2191 dabei
566 2160 762 2194 freibleibenden
784 2162 922 2190 Kantonen
949 2161 1118 2197 aufgrbürdet
1144 2161 1262 2195 würden,

145 2207 234 2241 müßte
252 2215 327 2242 man,
359 2209 399 2236 al«
420 2207 473 2235 dem
493 2206 607 2240 Prinzip
626 2204 667 2233 der
688 2205 834 2239 Gleichheit
861 2208 935 2233 unter
953 2204 1193 2240 Föderativstaaten
1221 2215 1263 2242 zu¬

145 2252 240 2285 wider,
269 2251 425 2284 protestiren.
467 2249 583 2281 Bedenkt
610 2256 669 2277 man
696 2247 809 2282 endlich,
838 2248 886 2282 daß
913 2248 951 2276 die
977 2248 1055 2280 ersten
1078 2251 1196 2285 Anträge
1223 2251 1264 2278 der

143 2292 503 2329 MilitäraufsichtSbehörde,
526 2293 572 2326 auf
591 2293 698 2322 welchen
719 2291 755 2319 die
777 2292 879 2327 jetzigen
898 2292 1204 2330 Kommiistoyalanlräg«
1224 2295 1262 2323 be¬

144 2342 245 2375 ruhen,
271 2339 318 2368 den
338 2339 469 2371 Ständen
487 2346 517 2373 zu
539 2338 593 2371 spat
614 2335 768 2370 mitgetheilt
789 2335 888 2364 worden
910 2336 983 2369 sind,
1009 2337 1035 2367 so
1061 2335 1145 2371 müßt«
1173 2347 1214 2368 um
1240 2339 1263 2371 so

143 2385 214 2419 mehr
233 2391 311 2418 gegen
332 2383 380 2412 da«
394 2383 532 2413 Eintreten
552 2380 679 2416 gestimmt
698 2378 816 2412 werden,
837 2380 877 2407 al«
895 2383 922 2408 e«
937 2377 1060 2411 durchaus
1075 2381 1142 2413 nicht
1155 2381 1261 2417 zulässig

145 2427 195 2458 ist,
222 2425 402 2461 Gegenständ«
423 2429 486 2458 ohne
507 2425 713 2461 Vorberathung
734 2422 810 2456 durch
831 2422 868 2451 dir
888 2423 1194 2458 Jnstruktio»«b«hörden
1221 2425 1263 2454 der

145 2469 269 2500 Kant»»«
290 2469 315 2495 in
336 2469 379 2496 dee
397 2469 560 2505 Toglatzung
585 2476 631 2504 zur
652 2468 789 2501 Sprach«,
818 2468 869 2496 wol
894 2474 941 2502 gar
965 2475 1011 2501 zur
1024 2468 1187 2504 Berathung
1212 2469 1263 2497 und

124 2515 130 2519 '
146 2510 330 2544 Abstimmung
351 2518 381 2544 zu
402 2512 521 2546 bringen.
546 2527 575 2534 —
597 2510 741 2545 Daselland
760 2511 847 2538 wollte
867 2514 917 2539 au«
937 2510 992 2539 dem
1007 2511 1119 2541 Grund«
1133 2513 1200 2545 »icht
1212 2513 1262 2541 ein-

145 2558 244 2586 treten,
266 2553 324 2581 weil
343 2552 381 2582 di«
404 2555 556 2588 Di«kussio»
577 2563 608 2591 zu
628 2556 722 2584 keinem
743 2554 877 2587 Resultat«
897 2552 984 2586 führen
1005 2552 1101 2588 könne«
1121 2556 1205 2585 indem
1226 2556 1263 2585 die

144 2598 248 2630 meisten
271 2596 496 2629 Gesandtschaften
511 2599 574 2626 dlo«
593 2606 624 2632 zu
646 2599 762 2631 rcftriren
785 2598 933 2632 ermächtigt
952 2597 1025 2630 seien.

184 2643 228 2672 E«
247 2640 334 2669 wnede
354 2642 541 2676 geantwortet:
563 2643 612 2669 mit
630 2642 673 2670 der
690 2642 906 2678 Verschmelzung
928 2642 967 2669 der
987 2640 1073 2669 beiden
1087 2640 1262 2676 Aontingente

144 2687 200 2717 und
226 2686 276 2714 mit
301 2684 342 2713 der
363 2683 527 2718 Aufstellung
552 2682 596 2710 de«
622 2684 752 2720 Prinzip«
780 2685 824 2713 de«
850 2683 916 2722 3%
941 2684 982 2718 füc
1008 2685 1048 2713 die
1073 2685 1260 2719 au«zuhebende

144 2729 317 2761 Mannschaft
338 2727 367 2760 ist
387 2727 446 2760 noch
468 2726 552 2757 nicht«
571 2726 719 2761 geschehen;
745 2730 865 2761 vielmehr
885 2729 994 2764 befindet
1014 2730 1059 2761 sich
1087 2728 1261 2764 gegenwärtig

146 2776 195 2804 da«
216 2780 299 2811 gqnze
313 2770 482 2804 Bundeeheer
496 2770 522 2797 in
537 2769 617 2797 einem
629 2768 753 2802 Zustand«
768 2772 811 2801 der
824 2774 1005 2808 Verwirrung
1015 2771 1070 2802 und
1086 2772 1261 2808 Unordnung;

150 2818 307 2855 Hauptfach«
325 2816 356 2849 ist
376 2819 406 2844 e«
423 2813 575 2850 geworden,
604 2811 649 2840 den
672 2813 799 2843 Ständen
819 2817 1038 2852 vorzuschreiben:,
1066 2819 1121 2845 wa<
1140 2824 1190 2845 von
1211 2824 1263 2846 nun

151 2869 184 2889 an
204 2863 254 2893 ihre
272 2867 368 2896 genau«
381 2858 497 2893 Leistung
520 2858 546 2885 in
561 2855 712 2887 Quantität
725 2857 779 2885 und
793 2858 926 2891 Qualität
940 2861 989 2893 sein
1004 2860 1080 2889 wird.
1112 2860 1264 2895 Betreffend

153 2904 192 2931 dir
215 2905 431 2940 Ueberschreilung
459 2902 504 2929 de»
532 2899 666 2929 Mandat«
690 2899 723 2928 ab
750 2899 829 2929 Seite
857 2902 898 2931 der
925 2903 1265 2938 Militäraüfsichtebehöede

153 2946 238 2975 wurde
257 2949 369 2983 gezeigt,
391 2947 437 2980 daß
458 2946 495 2975 die
508 2942 628 2977 Behörde
647 2943 714 2973 nicht
736 2950 786 2971 nur
806 2945 1050 2983 reglementSgemäß
1069 2948 1194 2984 allfällige
1207 2951 1263 2977 An¬

151 2989 226 3024 träge
246 2997 300 3024 zum
318 2992 412 3024 Besten
440 2990 483 3019 de«
502 2987 680 3021 Wehrwesrn«
705 2986 894 3023 vorzubringen
922 2990 1058 3027 berechtigt
1085 2992 1133 3025 fei,
1159 2991 1263 3025 sondern

152 3033 233 3067 quch,
258 3033 305 3067 daß
330 3036 361 3068 sie
381 3036 427 3069 sich
453 3041 519 3070 ganz
546 3031 678 3065 innerhalb
703 3030 750 3058 den
771 3030 924 3060 Schranken
953 3033 998 3062 de«
1024 3034 1189 3070 vorjährigen
1210 3036 1263 3065 Be¬

150 3076 268 3111 schlüsse«
287 3077 381 3114 bewegt
400 3079 479 3113 habe;
501 3078 565 3106 denn
585 3075 690 3106 derselbe
709 3074 805 3107 spreche
821 3081 871 3103 nur
890 3073 990 3110 davon,
1011 3077 1061 3113 daß
1082 3079 1122 3108 di«
1141 3080 1262 3114 Sprzial-

149 3120 245 3154 waffen
264 3119 309 3151 aus
327 3121 410 3150 keinen
430 3124 487 3157 Fall
507 3119 739 3154 vermindert,
765 3118 835 3151 nicht
859 3118 937 3153 aber,
961 3118 1013 3153 daß
1040 3121 1072 3154 sie
1098 3123 1178 3156 nicht,
1193 3129 1263 3151 ver¬

147 3166 259 3198 mehrt
278 3163 374 3192 werden
394 3165 501 3201 dürfen;
523 3166 646 3201 übrigen«
666 3164 765 3199 spring«
787 3165 814 3190 ««
834 3163 861 3190 in
882 3162 921 3191 di«
935 3163 1048 3199 Augen,
1069 3164 1118 3199 daß
1137 3167 1176 3195 di«
1192 3169 1264 3201 Spe-

144 3208 293 3249 zialwaffen
313 3208 349 3237 im
369 3209 519 3245 Vergleiche
539 3211 585 3240 mit
605 3208 661 3243 dem
680 3207 781 3244 jetzigen
795 3206 922 3241 Bestände
942 3205 983 3236 der
997 3207 1171 3246 Infanterie,
1192 3211 1265 3245 sowie

1299 897 1343 926 de«
1357 897 1556 933 Bunde«heere«
1570 898 1605 927 im
1619 899 1807 933 Allgemeinen,
1828 900 1905 932 außer
1923 900 1996 929 allem
2018 901 2138 935 richtigen
2154 900 2330 935 Verhäilniffe
2347 899 2423 933 steh^

1300 944 1355 971 Der
1370 941 1468 973 Grund
1488 942 1535 970 de«
1547 942 1677 977 Mangel«
1696 950 1729 972 an
1749 942 1898 976 definitiven
1911 943 2202 980 Instruktionengegen
2217 943 2264 973 da«
2280 944 2424 975 Einterte»

1299 986 1330 1017 sei
1348 993 1388 1014 am
1410 985 1549 1021 wenigsten
1571 985 1699 1023 zulässig,
1726 986 1811 1015 indem
1831 986 1921 1022 gerade
1942 987 1980 1015 di«
1999 986 2153 1022 Eröffnung
2174 988 2215 1016 der
2234 988 2371 1023 Ansichten
2392 988 2421 1017 in

1299 1030 1414 1064 heutiger
1434 1031 1591 1066 Berathung
1610 1028 1655 1062 für
1675 1029 1714 1058 die
1735 1032 1914 1068 Beleuchtnng
1936 1031 1979 1058 de«
2005 1031 2183 1068 vorliegenden
2210 1032 2345 1068 wichtigen
2364 1031 2421 1061 Ge»

1299 1073 1450 1108 genstande«
1463 1074 1516 1107 sehr
1528 1073 1685 1108 ersprießlich
1697 1074 1747 1106 sein
1763 1075 1848 1107 müsse.
1867 1087 1903 1095 --
1923 1068 2018 1107 Bern,
2034 1074 2109 1111 Zug,
2125 1076 2296 1111 Solothurn,
2312 1075 2423 1108 Schaff-

1299 1116 1407 1151 Hausen,
1429 1119 1558 1152 Aargau,
1579 1118 1672 1151 Genf,
1695 1118 1878 1154 Neuenburg,
1899 1118 2017 1151 Waadt,
2039 1117 2252 1154 Gkaubündten,
2267 1119 2427 1154 Appenzell/

1299 1161 1448 1197 Freiburg,
1469 1161 1594 1194 Glaru«,
1616 1161 1731 1196 Luzern,
1747 1160 1845 1196 Zürich
1865 1162 1918 1190 und
1926 1162 2087 1196 Baselstadt
2097 1183 2106 1196 ,
2127 1164 2179 1195 also
2200 1163 2235 1192 l4
2244 1160 2271 1200 '/
2267 1177 2281 1196 2
2300 1162 2422 1198 Stände,

1299 1205 1442 1239 beschlossen
1470 1206 1497 1234 in
1526 1203 1572 1239 hen
1602 1205 1771 1241 Gegenstand
1798 1207 1970 1241 «inzutrete»,
2001 1206 2054 1235 und
2083 1206 2122 1235 die
2151 1207 2279 1243 einzelnen
2305 1205 2426 1243 Anträge

1300 1249 1404 1280 wurden
1424 1249 1544 1279 verlesen.

1336 1292 1424 1325 Erster
1445 1294 1567 1328 Antrag:
1586 1293 1759 1329 Bildung
1783 1293 1842 1321 drr
1861 1294 1987 1322 Armee.
2030 1296 2057 1328 1)
2086 1294 2282 1328 Genietruppen
2309 1301 2341 1329 zu
2368 1297 2426 1325 700

1300 1335 1389 1365 Mann
1410 1335 1515 1372 (früher
1535 1339 1625 1370 335):
1656 1337 1723 1366 keine
1739 1337 1919 1373 Bemerkung.
1941 1351 1974 1358 —
1994 1340 2025 1370 2)
2046 1339 2194 1367 Artillerie:
2225 1341 2313 1374 5,76g
2332 1338 2427 1369 ManN

1300 1379 1398 1414 (früher
1418 1381 1517 1416 4,65»)
1538 1381 1589 1409 und
1609 1383 1699 1414 3,426
1718 1380 1901 1415 Trainpferde.
1938 1382 1991 1411 Die
2003 1382 2176 1415 Kommission
2196 1383 2296 1415 bracht«
2315 1385 2427 1416 mehrere

1300 1423 1457 1459 Vorschläge
1477 1424 1502 1452 in
1522 1424 1618 1460 Bezug
1639 1425 1687 1457 auf
1707 1432 1767 1453 neue
1788 1425 1938 1460 Leistungen
1958 1425 2015 1454 oder
2044 1425 2089 1458 auf
2107 1426 2355 1461 Verminderungen
2376 1424 2425 1458 für

1299 1468 1409 1503 einzelne
1437 1468 1569 1498 Kantone.
1611 1468 1655 1498 E«
1685 1469 1773 1498 wurde
1802 1468 1862 1498 über
1891 1469 1940 1497 alle
1968 1468 2031 1500 dies«
2061 1469 2220 1505 Vorschläge
2248 1469 2424 1506 abgestimmt.

1301 1512 1388 1539 Allein
1409 1516 1436 1538 e«
1457 1512 1531 1545 ergab
1553 1511 1598 1544 sich
1618 1512 1686 1541 keine
1705 1512 1855 1545 Mehrheit,
1877 1512 1957 1540 weder
1979 1519 2021 1539 um
2037 1513 2228 1547 Schaffhausen
2249 1517 2266 1546 ?
2282 1513 2427 1542 Artillerir-

1301 1554 1467 1590 kompagnien
1486 1555 1656 1587 abzunehmen
1678 1555 1731 1584 und
1750 1556 1781 1589 sie
1810 1556 1885 1587 durch
1905 1556 1923 1584 4
1945 1556 2260 1588 Sechspfünderkanonen
2290 1565 2347 1591 zum
2368 1557 2424 1586 Re-

1302 1598 1472 1634 servegeschütz
1491 1598 1582 1629 sammt
1603 1599 1648 1627 den
1670 1598 1857 1631 erforderlichen
1878 1599 1996 1633 Caisson«
2013 1599 2069 1628 und
2100 1600 2178 1634 durch
2197 1602 2230 1630 51
2251 1600 2430 1634 Trainpferde

1300 1642 1327 1671 in
1348 1641 1386 1670 die
1409 1641 1478 1671 Linie
1498 1649 1529 1676 zu
1551 1643 1666 1676 ersetzen,
1697 1643 1756 1675 noch
1785 1650 1828 1671 um
1850 1643 1946 1678 Luzern
1974 1651 2016 1672 um
2043 1644 2094 1672 eine
2117 1643 2428 1678 SechSpfünderbatteeic

1301 1685 1353 1713 und
1373 1687 1409 1713 5o
1430 1685 1617 1719 Trainpferde,
1646 1686 1790 1719 Baselland
1810 1694 1853 1715 um
1874 1687 1927 1716 eine
1946 1687 2111 1723 Kompagnie
2129 1696 2178 1724 zur
2198 1680 2354 1724 Bedienung
2373 1691 2426 1717 Von

1301 1725 1562 1764 Positionsgeschütz,
1590 1729 1609 1757 4
1629 1728 1941 1764 Sech«psünderkanonen
1962 1731 1988 1760 in
2010 1730 2049 1760 die
2069 1732 2179 1763 Reserve
2199 1732 2253 1761 und
2270 1734 2305 1761 61
2326 1731 2430 1763 Tkaius

1302 1772 1404 1806 pferde,
1427 1774 1536 1808 Aargau
1556 1779 1601 1801 um
1619 1774 1673 1801 rin«
1681 1774 1853 1808 Kompagnie
1867 1775 2017 1809 Artillerie,
2039 1774 2115 1809 Genf
2130 1783 2176 1804 um
2190 1776 2249 1804 .eine
2264 1776 2429 1811 Konrpagni«

1302 1823 1347 1850 zur
1367 1816 1524 1851 Bedienung
1552 1816 1596 1844 de«
1616 1816 1889 1853 Positionsgeschütz««
1917 1818 1970 1847 und
1991 1822 2007 1846 2
2030 1818 2344 1853 Sech«pfünderkanonen
2371 1819 2429 1849 Re¬

1302 1858 1471 1895 servegeschütz
1503 1868 1534 1895 zu
1563 1863 1721 1895 vermehren.
1767 1862 1859 1897 Gegen
1889 1862 1943 1891 die'
1955 1862 2062 1894 Ansicht
2090 1871 2140 1892 von
2169 1861 2267 1892 Waadt
2298 1863 2425 1896 stimmte»

1303 1901 1385 1940 11'/r
1405 1904 1512 1935 Stände
1530 1903 1625 1937 dafür,
1654 1905 1703 1937 daß
1724 1906 1761 1934 di«
1783 1906 1870 1935 Stelle
1898 1906 1943 1933 de«
1961 1906 2161 1941 Trainosfizier«
2187 1907 2347 1943 aufgehoben
2373 1906 2430 1939 sei»

1302 1948 1358 1979 solle
1379 1947 1431 1975 und
1453 1948 1537 1981 ebenso
1558 1949 1662 1977 wollten
1684 1952 1717 1977 ü
1731 1947 1759 1985 */
1755 1964 1767 1982 2
1782 1949 1891 1979 Stande
1909 1957 1989 1986 gegen
2010 1950 2049 1978 di«
2064 1950 2168 1984 Ansicht
2182 1951 2366 1985 Neuenburg«
2383 1950 2428 1979 die

1303 1991 1439 2025 Fourier«,
1461 1992 1731 2025 Trainwachmeister,
1746 1993 1962 2028 Trainkorporale
1977 1993 2030 2022 und
2044 1994 2199 2028 Trompeter
2212 1995 2322 2024 beritten
2337 1995 2424 2029 lassen.

1302 2035 1354 2067 Die
1374 2035 1467 2070 fernere
1487 2036 1643 2072 Berathung
1665 2036 1706 2065 der
1727 2037 1846 2073 Anträge
1866 2037 1952 2066 wurde
1969 2037 2142 2073 aufgehoben.

1339 2148 1473 2186 Zürich,
1499 2153 1548 2180 31.
1572 2153 1645 2187 Aug.
1688 2153 1745 2183 Der
1765 2152 1993 2188 Regierungsrath
2019 2154 2064 2185 hat
2091 2155 2150 2183 nach
2178 2154 2259 2186 einer,
2289 2152 2335 2181 wie
2362 2159 2422 2181 man

1302 2192 1376 2228 hört,
1404 2202 1473 2228 zwar
1493 2196 1544 2228 sehr
1563 2196 1644 2230 ernst,
1673 2196 1732 2225 aber
1752 2197 1813 2230 auch
1835 2197 1885 2229 sehr
1905 2196 1980 2232 ruhig
2007 2197 2155 2230 gehaltenen
2177 2198 2336 2232 Berathung
2362 2197 2423 2225 mit

1303 2238 1486 2271 Einmuth
1506 2238 1545 2267 di«
1565 2238 1750 2274 Einberufung
1779 2247 1827 2268 von
1848 2239 1974 2273 Truppen
2002 2240 2159 2272 beschlossen.
2200 2240 2263 2270 Da«
2283 2240 2424 2270 Bataillon

1302 2282 1355 2311 Nr.
1379 2282 1422 2308 IV.
1451 2281 1661 2318 soll'Sonntag«
1688 2282 1784 2312 den.t.
1807 2283 1889 2317 Sept.
1919 2280 2065 2317 einrücken,
2094 2282 2141 2311 da«
2162 2278 2303 2314 Bätaillön
2323 2284 2379 2314 Nr.
2401 2284 2424 2310 I.

1302 2325 1345 2359 hat
1364 2326 1409 2358 sich
1431 2326 1457 2354 in
1477 2322 1646 2358 Bereitschaft
1667 2334 1698 2361 zu
1720 2329 1816 2360 halten.
1858 2327 1911 2356 Die
1931 2326 2105 2360 Mannschaft
2132 2327 2199 2356 wird
2225 2326 2423 2361 kasernier'und

1301 2368 1347 2398 da«
1366 2368 1530 2398 Kommando
1550 2368 1627 2401 sowol
1648 2368 1710 2398 über
1730 2370 1791 2403 diese
1812 2370 1941 2404 Truppen
1961 2370 2001 2399 äl<
2023 2371 2063 2399 die
2077 2368 2267 2404 Militärschul«
2287 2370 2331 2403 ist,
2353 2369 2422 2400 nebst

1300 2410 1437 2447 gehörigen
1459 2412 1657 2447 Vollmachten,
1683 2413 1757 2449 Hrn.
1779 2414 1874 2450 Oberst
1895 2414 2015 2450 Hirzel
2035 2412 2196 2449 übertragen.
2236 2407 2353 2447 Zugleich
2379 2413 2420 2440 be¬

1300 2456 1380 2490 schloß
1400 2456 1441 2483 der
1463 2456 1691 2494 Regierung«rath
1711 2457 1749 2486 die
1769 2457 1911 2493 Erlassung
1933 2457 2062 2493 folgender
2081 2454 2305 2491 Kundmachung.,
2327 2456 2351 2488 so
2371 2456 2421 2485 wie

1302 2498 1340 2528 die
1367 2500 1594 2533 außerordentliche
1602 2498 1803 2536 Besamnilung
1830 2501 1873 2528 de«
1901 2501 1953 2530 Gr.
1976 2500 2089 2532 Räthe«.
2130 2499 2188 2529 Der
2213 2499 2276 2535 Tag
2303 2499 2345 2527 der
2364 2501 2420 2529 Be»

1302 2544 1464 2580 sommlung.
1495 2544 1517 2576 so
1545 2545 1592 2572 wie
1618 2544 1657 2573 die
1684 2544 1819 2575 demselben
1847 2539 2045 2578 vorzulegenden
2075 2542 2422 2579 Berathungsgegenständ«

1301 2587 1398 2614 werden
1419 2584 1564 2622 Dienstag«
1584 2586 1720 2621 bezeichnet
1743 2585 1853 2615 werden.

1353 2642 1426 2676 Der
1453 2642 1762 2678 Regirrung«rath
1789 2642 1843 2671 de«
1870 2642 2037 2673 Kanton«
2061 2641 2178 2678 Zürich
2204 2651 2246 2673 an
2273 2643 2365 2677 seine

1746 2685 1966 2722 Mitbürger.

1449 2728 1621 2766 Mitbürger!

1339 2773 1390 2801 Al«
1410 2772 1458 2802 da«
1477 2774 1630 2810 sogenannte
1644 2774 1875 2810 Zentral-Komite
1888 2773 2097 2808 petitionirender
2111 2773 2345 2810 Kirchgemeinden
2362 2782 2425 2804 neue

1303 2818 1488 2852 Bewegungen
1503 2817 1538 2846 im
1552 2818 1672 2847 Kantone
1686 2827 1716 2854 zu
1731 2818 1885 2850 veranlassen
1901 2817 1948 2850 sich
1967 2817 2071 2850 berufen
2091 2818 2217 2854 glaubt«,
2240 2819 2348 2852 erließen
2362 2820 2423 2848 Wir

1302 2864 1402 2889 uulerm
1431 2863 1476 2890 23.
1494 2862 1597 2897 August
1623 2862 1693 2890 einen
1713 2862 1840 2895 Beschluß
1851 2881 1859 2894 ,
1890 2862 1992 2893 welcher
2021 2861 2069 2891 den
2096 2862 2195 2897 Befehl
2226 2863 2349 2898 enthielt,
2383 2862 2423 2891 bei

1302 2893 1570 2939 Verantwortlichkeit
1596 2905 1662 2934 keine
1682 2904 2051 2941 Gemeindsversammlungen
2078 2906 2106 2935 in
2128 2906 2211 2941 Folg«
2230 2906 2349 2940 etwaiger
2368 2910 2421 2934 vo»

1301 2948 1380 2981 jenem
1400 2948 1571 2983 sogenannten
1585 2948 1783 2983 Zentral-oder
1803 2948 1899 2978 andern
1918 2948 2056 2983 ähnlichen
2072 2950 2192 2980 Komiti«
2205 2952 2421 2984 au«gegangenea

1303 2991 1431 3027 Aufträge
1450 2998 1481 3026 zu
1501 2993 1680 3022 veranstalten.
1720 2993 1824 3026 Diesem
1838 2993 1981 3027 Beschluss«
1996 2993 2102 3030 wurde,
2122 2995 2154 3026 sei
2168 2997 2194 3021 e«
2213 2992 2260 3020 mit
2278 2991 2337 3020 oder
2355 2992 2421 3025 ohne

1302 3035 1420 3069 Absicht,
1442 3042 1491 3064 von
1511 3037 1637 3071 mehreren
1658 3036 1754 3066 Seiten
1776 3037 1829 3067 eine
1848 3038 1926 3071 solche
1947 3039 2079 3074 Deutung
2099 3037 2240 3072 unterlegt,
2262 3034 2351 3067 wrlche
2362 3034 2420 3065 .de»

1301 3077 1406 3112 Bürger
1435 3079 1463 3107 in
1489 3079 1556 3107 einer
1573 3078 1631 3113 Zeit
1656 3080 1831 3114 unläugbarer
1851 3082 2006 3120 Aufregung
2035 3082 2081 3110 mit
2105 3078 2286 3114 Besorgnissen
2313 3077 2356 3111 für
2382 3078 2423 3108 die

1302 3122 1452 3157 Erhaltung
1472 3122 1549 3153 seiner
1563 3122 1701 3156 theuersten
1716 3124 1813 3156 Rechte
1828 3126 1936 3161 erfüllen
1951 3126 2003 3155 und
2016 3132 2047 3159 zu
2063 3123 2211 3158 Einfragen
2221 3122 2431 3158 Veranlassung,

1301 3165 1379 3202 geben
1400 3160 1498 3199 mußte.
1540 3166 1601 3195 Wir
1620 3169 1708 3200 halten
1728 3172 1754 3197 «<
1775 3169 1852 3203 daher
1872 3170 1974 3202 Unserer
1993 3168 2125 3202 Stellung
2145 3166 2319 3202 angemessen,
2347 3165 2430 3201 durch

1302 3209 1490 3246 gegenwärtige
1510 3209 1723 3250 Kundmachung
1751 3213 1797 3242 den
1824 3213 1943 3248 ohnedieß
1969 3210 2192 3247 unzweideutigen
2216 3210 2297 3242 Sinn
2323 3210 2429 3246 Unserer
