4110 5551
132 134 235 201 M
276 133 431 195 33»
472 130 705 206 Erstes
740 129 941 193 Blatt

630 232 704 281 (M
728 235 828 281 1153)

1604 128 1689 202 Der
1724 127 1897 201 Zürcher
1930 127 2107 204 Mutig
2144 130 2234 194 133.
2272 124 2506 201 Jahrgang.

2868 122 3199 200 Sonntag.
3232 126 3353 192 18.
3380 124 3637 203 Alngnst
3664 127 3875 196 1S13.

233 699 684 739 Abon«e«e»tbpretse.
735 704 872 733 :»«o»at»
899 703 1022 730 »Monat«
1043 705 1181 731 mtmti

154 743 251 773 8vrl«
269 745 397 774 winn_Mt_
397 743 525 775 8<tUnnLC
524 740 613 771 tgttoU
625 739 686 763 wird
705 752 715 764 .
744 736 784 766 fft.
797 736 859 761 &.M
929 735 1001 780 JO.-
1072 738 1108 788 |&
1116 748 1146 755 —

978 790 1008 836 2
1074 792 1154 844 L-

786 893 866 975 II
934 895 1010 974 J!
1078 896 1158 974 I?

1307 764 1455 900 mi
1527 765 2095 929 schwchmsches
2163 764 2715 927 Hmckdla».

3162 751 3603 793 JnsertionSpreifer

3011 791 3058 819 Vir
3073 792 3212 824 «Inspakttg«
3226 794 3386 823 «oloner,etke
3401 794 3455 819 »d«r
3469 795 3536 821 deren
3550 797 3629 821 Stau«
3644 797 3673 820 85
3688 796 3745 826 pp.,

3009 819 3051 847 (ftt
3066 820 3183 849 «nzeigen
3203 822 3430 850 aurlSndtschen
3450 823 3625 853 Ursprungs
3642 825 3673 848 4»
3686 824 3742 854 pp.,

3176 852 3314 882 Reklamen
3328 853 3372 882 gr.
3387 853 3441 878 t—
3454 857 3495 884 per
3508 855 3582 884 Zetle.

2957 904 3140 941 «((einige
3161 906 3499 945 Annoncen-Regie:
3535 910 3668 946 Rudolf
3686 910 3802 948 Masse

2956 944 3236 973 «nnoneen.«rpedi»°n
3251 947 3291 975 für
3304 948 3349 971 all«
3364 947 3482 978 schwel,er.
3496 954 3520 974 u.
3534 950 3646 973 aullind.
3661 950 3803 981 Leitungen.

137 1010 316 1042 «»daktion
331 1009 452 1045 (£elep$.
462 1012 513 1039 650
513 1012 525 1042 )
541 1009 597 1038 unk
612 1005 775 1038 »ruckerel
784 1005 906 1041 CCelepV
915 1006 993 1039 8783)
999 1011 1010 1036 r
1034 1004 1220 1040 ßalfenftraje
1237 1009 1278 1036 1L
1309 1006 1351 1035 <-
1382 1003 1643 1039 «bminiftrati-n
1659 1004 1780 1039 (Teleph.
1792 1006 1868 1037 «3«
1886 1004 1942 1034 und
1959 1004 2148 1038 «xtzediti-n
2163 1005 2281 1038 (Telepb.
2294 1006 2402 1038 10163)':
2428 1006 2612 1037 Goethestrabe
2629 1008 2662 1035 10
2663 1010 2669 1034 .
2701 1007 2742 1040 o
2772 1007 3117 1040 Jnseraten-Anuahme
3133 1008 3253 1041 (Teleph.
3265 1010 3341 1041 660);
3365 1009 3561 1044 Theaterstraße
3578 1014 3594 1040 8
3605 1013 3618 1045 /
3628 1013 3815 1047 Goethestrahe
3832 1017 3875 1043 10.

321 1122 389 1174 Zur
418 1120 861 1173 Familiknvätttiuiiiaiivk.

197 1197 260 1231 vr.
282 1198 329 1231 Ll.
351 1198 386 1230 8.
427 1194 499 1236 Hin
521 1195 589 1229 und
611 1194 669 1235 her
688 1193 773 1229 wird
795 1194 832 1228 in
854 1193 911 1228 der
934 1192 1042 1234 letzten

130 1237 211 1285 Veit
237 1240 409 1282 gestritten
434 1239 518 1275 Über
544 1240 599 1275 -ie
626 1239 818 1280 Tragweite
845 1239 904 1273 deS
932 1238 1043 1279 Para¬

134 1286 283 1326 graphen
304 1285 376 1325 126,
395 1284 506 1327 Ziffer
525 1285 556 1324 4,
574 1285 633 1319 des
653 1283 880 1325 zürcherischen
901 1282 1042 1324 Einfüh-

132 1332 377 1372 rungSgeseheS
415 1340 493 1371 zum
519 1329 801 1370 Schweizerischen
841 1327 1042 1370 Zivilgesetz,

129 1370 219 1416 buch,
266 1375 397 1416 welcher
421 1376 475 1410 die
499 1373 795 1416 Inventarisation
821 1374 881 1408 deS
903 1373 1041 1409 Vermö¬

134 1425 217 1461 gens
236 1420 518 1462 minderjähriger
536 1420 663 1456 Kinder
680 1419 727 1454 im
744 1419 837 1461 Falle
853 1419 912 1453 deS
928 1418 1041 1454 TodeS

135 1463 227 1501 eines
250 1464 469 1501 ElternteUeL
491 1464 631 1505 Vorsicht
653 1464 720 1499 und
741 1463 871 1503 welcher
890 1463 952 1503 auf
969 1464 1042 1498 dem

125 1507 233 1550 Woge
254 1512 312 1545 der
332 1509 524 1550 Initiative
541 1510 663 1544 wieder
685 1509 891 1549 aufgehoben
910 1508 1043 1543 werden

128 1553 202 1595 soll.
219 1556 340 1595 Hüben
358 1555 425 1589 und
441 1555 571 1589 drüben
589 1553 703 1594 scheint
721 1562 800 1589 man
818 1553 872 1594 sich
891 1553 972 1587 über
989 1552 1042 1587 die

127 1599 228 1639 idurch
253 1599 315 1634 den
341 1599 587 1640 Paragraphen
613 1597 684 1637 126,
708 1596 818 1638 Ziffer
843 1598 864 1630 4
887 1599 911 1631 1.
990 1607 1042 1637 ge-

129 1643 290 1685 schaffene
305 1645 395 1683 Lage
411 1643 496 1683 nicht
514 1643 563 1677 im
580 1642 692 1677 klaren
709 1651 750 1683 zu
767 1642 845 1683 sein,
861 1641 930 1676 und
951 1645 985 1675 eS
1004 1641 1042 1681 ist

129 1688 234 1726 daher
257 1687 441 1728 angezeigt,
486 1686 540 1721 die
565 1685 772 1726 bestehenden
795 1685 1041 1727 Mißverstand'

129 1720 215 1771 milje
231 1740 272 1772 zu
288 1730 477 1772 beseitigen.

196 1775 262 1811 Bei
279 1775 337 1810 der
355 1775 559 1816 Auslegung
577 1775 670 1809 eines
686 1776 830 1816 Gesetzes
847 1774 889 1815 ist
906 1773 989 1815 nicht
1004 1773 1043 1809 ln

133 1820 232 1859 erster
257 1819 355 1856 Linie
378 1819 584 1862 maßgebend
610 1818 664 1854 die
689 1818 812 1861 Absicht
837 1819 896 1854 des
924 1819 1041 1860 Gesetz-

128 1864 263 1906 geberS,
287 1864 427 1904 sondern
452 1864 626 1900 Wortlaut
650 1866 718 1899 und
742 1863 871 1906 Inhalt
893 1864 951 1899 der
976 1865 1041 1900 Ge-

131 1909 456 1950 schesbestimmung.
500 1910 609 1944 Wenn
627 1909 682 1944 die
702 1908 824 1950 Absicht
844 1909 904 1943 deS
923 1909 1041 1950 Gesetz-

130 1953 251 1995 geberS
278 1954 342 1989 mit
365 1954 438 1989 dem
465 1954 638 1989 Wortlaut
683 1955 742 1990 des
769 1954 910 1994 Gesetzes
959 1947 1042 1993 nicht

129 1998 407 2038 iibereinstimmt,
433 2000 468 2039 so
495 1997 601 2032 bleibt
628 1998 732 2039 nichts
759 1999 901 2033 anderes
931 1998 1041 2040 übrig,

132 2043 189 2077 als
213 2043 375 2078 entweder
395 2042 460 2079 das
482 2044 587 2084 Gesetz
608 2043 642 2083 so
664 2044 897 2083 anzuwenden,
918 2043 982 2078 wie
1005 2047 1040 2077 eS

130 2087 250 2126 lautet,
272 2088 349 2122 oder
371 2091 406 2122 eS
428 2097 468 2129 zu
489 2087 627 2122 ändern.
668 2087 776 2128 Durch
797 2088 850 2122 die
871 2088 908 2121 in
929 2088 1039 2129 Frage

128 2129 278 2171 stehende
304 2132 669 2173 Gesetzesbestimmung
717 2132 800 2167 wird
826 2141 911 2172 ganz
940 2133 1038 2173 allge-

132 2175 223 2210 mein
243 2177 298 2210 ein
319 2177 534 2218 „Inventar"
553 2176 820 2218 vorgeschrichen.
839 2178 916 2212 DaS
936 2177 1039 2218 Gesetz

131 2220 257 2255 erklärt
284 2221 367 2261 nicht
394 2222 522 2256 einmal
549 2221 772 2261 ausdrücklich,
799 2222 865 2261 daß
894 2221 949 2262 sich
973 2222 1037 2257 daS

130 2264 309 2304 Inventar
330 2265 515 2306 beschränke
539 2266 600 2306 auf
622 2267 684 2301 daS
708 2267 895 2307 Vermögen
918 2267 974 2301 der
1000 2276 1038 2308 zu

131 2310 444 2345 bevormundenden
465 2312 637 2351 Personen
655 2311 732 2346 oder
751 2312 807 2346 der
828 2311 1038 2352 Minderjäh¬

129 2353 239 2394 rigen,
264 2356 364 2389 deren
388 2356 747 2397 vermögensrechtliche
771 2356 959 2397 Interessen
986 2366 1036 2397 ge-

130 2400 242 2438 wahrt
263 2401 393 2434 werden
414 2402 528 2441 sollen.
559 2401 635 2436 DaS
658 2401 695 2442 ist
720 2410 763 2435 an
781 2399 838 2441 sich
860 2401 913 2435 ein
935 2402 1036 2437 Man-

132 2445 194 2485 gel,
219 2445 308 2479 denn
335 2445 406 2479 eine
432 2445 634 2487 Auslegung
661 2445 697 2479 in
723 2447 795 2481 dem
820 2446 946 2485 Sinne,
971 2447 1036 2486 daß

131 2497 198 2523 nur
222 2490 285 2523 daS
311 2489 499 2530 Vermögen
546 2491 603 2524 der
629 2490 928 2532 schutzbedürftigen
947 2491 1035 2534 Per-

129 2534 231 2574 sonen
257 2535 438 2575 fcstgestellt
462 2535 592 2569 werden
619 2535 704 2575 solle,
750 2536 789 2576 ist
836 2535 1035 2576 keineswegs

129 2577 444 2622 selbstverständlich.

192 2624 265 2660 Der
281 2624 454 2659 Wortlaut
470 2625 529 2659 des
547 2625 688 2664 Gesetzes
705 2625 818 2659 räumt
834 2625 897 2658 den
910 2625 1035 2666 Pehör-

127 2667 191 2702 den
214 2677 299 2708 ganz
321 2668 498 2708 allgemein
520 2669 582 2702 das
604 2668 699 2708 Recht
722 2669 785 2708 ein,
809 2669 863 2702 ein
886 2669 1036 2708 „Inven¬

129 2708 204 2745 tar"
226 2712 481 2751 aufzunehmen.
523 2713 630 2746 Unter
649 2712 757 2752 diesen
776 2713 978 2752 Umständen
999 2714 1037 2753 ist

129 2755 212 2795 nicht
232 2756 496 2796 ausgeschlossen,
513 2757 579 2796 daß
598 2758 671 2796 trotz
690 2758 776 2792 allen
794 2756 1035 2797 gegenteiligen

127 2797 403 2840 Versicherungen
423 2800 500 2840 nach
521 2802 588 2835 und
610 2801 683 2841 nach
702 2805 767 2836 au8
788 2801 904 2839 diesem
925 2802 1037 2842 Rechte

128 2841 181 2882 die
203 2843 380 2882 Pflicht
401 2844 458 2878 der
480 2844 632 2884 Behörde
656 2846 816 2885 gefolgert
838 2846 953 2883 werde,
989 2847 1036 2880 im

127 2886 223 2928 Falle
237 2888 298 2922 des
314 2888 427 2922 TodeS
443 2889 504 2922 des
523 2888 619 2923 einen
638 2889 855 2923 Elternteiles
871 2891 936 2923 das
953 2891 1035 2926 Ver-

127 2931 247 2972 mögen
271 2932 380 2966 beider
403 2933 524 2967 Eltern
547 2933 633 2967 beim
656 2933 926 2973 Vorhandensein
949 2935 1032 2970 min¬

127 2976 337 3017 derjähriger
358 2976 485 3012 Kinder
507 2986 548 3018 zu
569 2976 786 3012 inventieren.

191 3021 316 3061 Unsere
335 3022 629 3061 Steuerbehörden
650 3022 754 3061 haben
775 3023 811 3057 in
834 3023 936 3064 letzter
956 3021 1033 3065 Zeit

126 3064 180 3101 die
225 3067 471 3107 sonderbarsten
498 3067 873 3108 GesetzeSauslegungen
919 3073 1032 3109 vorge-

129 3119 297 3150 nommen,
344 3121 400 3146 um
446 3113 522 3146 dem
568 3112 692 3152 FiSkuS
739 3122 778 3153 zu
825 3113 1032 3153 vermehrten

125 3155 460 3195 Steuereinnahmen
483 3166 524 3197 zu
547 3156 725 3195 verhelfen.
767 3158 824 3192 Ob
846 3158 900 3192 die
923 3158 1034 3198 Macht

126 3200 185 3234 des
215 3201 514 3241 Bundesgerichtes
544 3201 590 3236 im
618 3202 852 3243 vorliegenden
876 3202 971 3244 Falle
1000 3203 1031 3243 so

125 3245 204 3279 wett
223 3244 344 3285 reichen
362 3245 487 3285 würde,
507 3246 578 3280 eine
598 3246 762 3286 angeblich
781 3246 864 3287 nicht
882 3246 1031 3288 beabsich-

124 3289 208 3329 tigte
233 3290 466 3330 Ausdehnung
511 3291 570 3325 deS
594 3290 1031 3333 JnventarifationsrechteS

124 3339 165 3375 Sit
182 3334 393 3374 verhindern,
411 3335 562 3375 erscheint
580 3335 648 3376 sehr
668 3336 811 3377 fraglich.
831 3338 919 3372 Man
937 3337 1032 3373 denke

124 3387 170 3413 an
187 3379 240 3413 die
257 3379 505 3420 beruhigenden
524 3380 766 3422 Erklärungen,
782 3383 896 3421 welche
913 3382 1032 3423 seiner-

121 3423 188 3464 -eit
205 3425 260 3458 bei
280 3424 499 3466 Einführung
517 3426 576 3460 der
593 3426 960 3468 Liegenschaftensteuer
979 3438 1031 3469 ge-

122 3469 226 3508 geben
241 3470 380 3503 wurden
396 3471 464 3505 und
479 3471 610 3511 wonach
624 3471 677 3505 die
691 3471 861 3512 Taxation
877 3472 934 3512 für
949 3472 1032 3513 diese

122 3511 254 3548 Steuer
279 3514 363 3553 nicht
387 3523 453 3549 nur
480 3516 594 3550 keinen
621 3516 763 3556 Einfluß
789 3518 850 3557 auf
872 3515 926 3552 die
950 3518 1031 3554 Der-

121 3559 369 3598 mögenSsteuer
388 3560 553 3600 auSüben,
571 3561 710 3601 sondern
727 3563 822 3602 sogar
841 3563 946 3603 streng
963 3563 1031 3598 dis¬

123 3600 192 3637 kret
215 3604 390 3643 behandelt
411 3606 545 3640 werden
569 3605 669 3646 sollte.
713 3606 819 3647 Heute
841 3607 921 3647 muß
944 3607 1032 3649 jeder

121 3650 183 3682 vor
224 3649 278 3683 die
319 3650 655 3691 Steuerkommisston
699 3652 854 3692 geladene
895 3653 1032 3688 Grund¬

122 3691 246 3732 besitzer
264 3693 315 3727 die
331 3695 583 3735 unangenehme
601 3696 797 3737 Erfahrung
814 3698 952 3738 machen,
970 3699 1034 3738 daß

121 3732 193 3774 ihm
208 3737 263 3770 die
278 3737 450 3777 Taxation
468 3740 575 3779 seines
594 3740 851 3782 Grundbesitzes,
868 3742 980 3782 welche
998 3753 1032 3778 er

121 3781 235 3818 wegen
261 3780 319 3817 des
344 3783 653 3824 verhältnismäßig
679 3785 839 3826 geringen
864 3787 1029 3828 Betrages

119 3819 178 3857 der
200 3824 568 3866 Liegenschaftensteuer
591 3829 774 3863 anerkannt
794 3830 895 3870 hatte,
917 3836 1036 3873 vorge¬

121 3863 236 3908 halten
262 3869 329 3903 und
354 3878 412 3909 zur
438 3872 638 3911 Grundlage
663 3873 720 3912 für
741 3873 795 3908 die
819 3874 1029 3917 Feststellung

121 3911 230 3956 seines
251 3913 461 3954 Vermögens
483 3916 624 3955 gemacht
644 3916 738 3951 wird.

188 3958 339 3998 Nehmen
363 3959 427 3994 wir
450 3960 531 3994 aber
554 3969 610 3999 an,
633 3960 836 4001 Paragraph
864 3963 934 4002 126,
959 3964 1031 4005 Zif¬

1085 1104 1134 1144 fer
1155 1104 1175 1136 4
1195 1103 1264 1143 sehe
1283 1102 1424 1144 wirklich
1444 1112 1510 1137 nur
1528 1103 1581 1138 die
1601 1101 1792 1142 Aufnahme
1813 1099 1905 1135 eines
1926 1099 1993 1141 In-

1081 1150 1223 1183 ventarS
1242 1149 1323 1183 über
1342 1149 1405 1183 das
1424 1148 1611 1188 Vermögen
1628 1148 1686 1181 der
1704 1145 1991 1186 minderjährigen

1083 1192 1211 1228 Kinder
1228 1198 1301 1228 vor.
1339 1193 1425 1233 Auch
1444 1193 1480 1226 in
1497 1192 1616 1230 diesem
1635 1191 1729 1232 Falle
1746 1191 1837 1226 wäre
1854 1191 1910 1225 der
1928 1184 1993 1225 Be¬

1082 1239 1185 1278 hörde
1205 1237 1290 1278 nicht
1309 1248 1376 1273 nur
1395 1239 1459 1272 daS
1480 1237 1578 1278 Recht
1599 1236 1755 1276 gewährt,
1778 1235 1918 1276 sondern
1941 1243 1993 1275 ge-

1082 1284 1203 1323 radezu
1224 1283 1278 1318 die
1297 1282 1419 1323 Pflicht
1438 1282 1616 1322 auferlegk,
1636 1282 1699 1315 das
1721 1280 1911 1321 Vermögen
1933 1279 1992 1313 des

1082 1328 1323 1363 überlebenden
1345 1327 1564 1363 Elternteiles
1583 1335 1622 1366 zu
1642 1323 1862 1359 inventieren.
1883 1323 1992 1360 Dabei

1083 1373 1164 1413 muß
1185 1372 1308 1413 freilich
1327 1372 1381 1407 die
1402 1370 1666 1412 Einschränkung
1688 1369 1831 1411 gemacht
1851 1369 1992 1408 werden,

1081 1417 1147 1458 baß
1168 1418 1243 1453 dies
1266 1427 1331 1452 nur
1354 1417 1488 1457 zutrifft
1512 1418 1549 1451 in
1570 1415 1768 1456 denjenigen
1790 1415 1919 1455 Fällen,
1942 1418 1992 1448 wo

1084 1463 1136 1497 die
1159 1462 1226 1502 Ehe
1250 1462 1323 1502 nach
1344 1462 1418 1497 dem
1442 1461 1472 1496 1.
1492 1460 1633 1503 Januar
1657 1460 1741 1494 1912
1764 1459 1992 1499 eingegangen

1080 1507 1198 1541 wurde
1222 1508 1301 1543 oder
1326 1513 1377 1541 wo
1401 1506 1455 1541 die
1484 1506 1668 1547 Ehegatten
1695 1504 1768 1544 ihre
1798 1503 1992 1544 gllterrecht-

1083 1551 1184 1592 lichen
1209 1552 1443 1593 Beziehungen
1492 1550 1587 1591 durch
1615 1550 1849 1590 ausdrückliche
1877 1548 1990 1584 Erklä¬

1083 1606 1171 1636 rung
1192 1597 1265 1632 dem
1284 1606 1390 1630 neuen
1411 1595 1523 1636 Rechte
1542 1595 1725 1635 unterstellt
1745 1594 1864 1634 haben.
1894 1592 1992 1635 Zieht

1084 1651 1163 1675 man
1193 1641 1228 1675 in
1259 1642 1462 1681 Erwägung,
1511 1644 1585 1675 was
1612 1649 1687 1682 zum
1715 1639 1905 1680 Vermögen
1934 1639 1991 1673 der

1083 1685 1378 1725 Minderjährigen
1393 1695 1434 1726 zu
1450 1685 1583 1725 rechnen
1599 1684 1647 1725 ist,
1663 1685 1694 1725 so
1711 1683 1751 1725 ist
1766 1685 1823 1719 der
1840 1678 1914 1719 Art.
1927 1683 1992 1717 214

1084 1730 1142 1764 deS
1168 1729 1470 1771 Zivilgesetzbuches
1497 1739 1536 1770 zu
1562 1729 1719 1770 beachten,
1766 1727 1898 1768 welcher
1926 1733 1990 1763 von

1084 1775 1157 1809 dem
1180 1775 1338 1814 während
1382 1775 1441 1809 der
1465 1775 1585 1809 Dauer
1607 1774 1665 1808 der
1691 1774 1761 1813 Ehe
1806 1773 1991 1814 gemachten

1085 1818 1260 1860 Vorschlag
1294 1819 1429 1859 handelt
1483 1819 1551 1853 und
1584 1818 1714 1858 welcher
1746 1819 1804 1854 der
1840 1819 1989 1858 Ehefrau

1084 1864 1181 1898 einen
1200 1864 1332 1900 Drittel
1350 1864 1454 1904 dieses
1472 1863 1683 1904 Vorschlages
1704 1863 1872 1904 zuspricht.
1902 1862 1989 1904 Zunt

1084 1908 1229 1949 Nachlaß
1259 1909 1316 1943 der
1346 1909 1493 1949 Ehefrau
1547 1908 1660 1949 gehört
1688 1908 1740 1943 bei
1792 1907 1989 1949 denjenigen

1083 1953 1187 1993 Ehen,
1209 1954 1331 1993 welche'
1345 1953 1380 1988 in
1405 1953 1679 1994 güterrechtlicher
1698 1953 1893 1994 Beziehung
1917 1954 1989 1988 dem

1083 2008 1191 2033 neuen
1220 1999 1333 2038 Rechte
1363 1998 1579 2039 unterstehen,
1609 1998 1682 2038 auch
1711 1998 1769 2032 der
1800 1998 1917 2034 Anteil
1945 2008 1989 2032 an

1083 2044 1155 2077 dem
1174 2043 1331 2083 während
1350 2044 1408 2078 der
1427 2044 1545 2078 Dauer
1563 2044 1620 2078 der
1642 2043 1708 2083 Ehe
1729 2043 1885 2083 erzielten
1905 2044 1987 2079 Vor-

1081 2087 1194 2128 schlag.
1236 2087 1353 2128 Dieser
1379 2088 1498 2123 Anteil
1523 2089 1599 2129 geht
1622 2088 1709 2123 beim
1736 2089 1884 2124 Ableben
1930 2088 1987 2122 der

1081 2132 1215 2167 Mutter
1241 2133 1301 2173 auf
1322 2133 1422 2167 deren
1447 2133 1574 2168 Kinder
1599 2134 1651 2169 als
1678 2134 1788 2168 Erben
1814 2134 1894 2168 über
1919 2133 1986 2168 und

1080 2175 1184 2212 bildet
1201 2177 1301 2218 daher
1320 2178 1415 2212 einen
1433 2178 1639 2218 Bestandteil
1656 2178 1747 2217 ihres
1767 2178 1986 2219 Vermögens.

1080 2222 1187 2256 Wenn
1213 2222 1265 2256 die
1291 2222 1746 2263 Vormundschaftsbehörden
1774 2223 1850 2263 nach
1877 2223 1985 2264 Para¬

1080 2267 1186 2306 graph
1210 2266 1271 2300 126
1291 2266 1401 2308 Ziffer
1422 2267 1442 2300 4
1464 2267 1517 2301 die
1538 2266 1658 2308 Pflicht
1679 2268 1795 2307 haben,
1817 2269 1880 2302 das
1903 2269 1984 2303 Der-

1080 2312 1197 2351 mögen
1216 2311 1271 2346 der
1287 2312 1413 2348 Kinder
1430 2312 1648 2352 festzustellen,
1664 2313 1696 2352 so
1715 2312 1840 2353 müssen
1858 2313 1909 2353 sie,
1927 2323 1984 2347 um

1079 2359 1114 2390 es
1133 2357 1195 2390 tun
1213 2365 1252 2397 zu
1270 2357 1407 2396 können,
1424 2357 1486 2391 den
1505 2357 1560 2391 der
1577 2358 1710 2392 Mutter
1728 2357 1982 2396 zukommenden

1078 2401 1197 2435 Anteil
1220 2410 1274 2436 am
1298 2402 1471 2442 Vorschlag
1498 2402 1677 2441 berechnen.
1714 2402 1787 2437 Wie
1812 2404 1875 2439 das
1898 2403 1982 2441 ohne

1076 2445 1372 2486 Inventarisation
1397 2447 1454 2480 des
1477 2447 1684 2487 Vermögens
1706 2447 1767 2481 des
1792 2447 1980 2482 überleben¬

1075 2490 1138 2524 den
1158 2490 1282 2525 VatcrS
1304 2491 1437 2531 möglich
1458 2490 1513 2531 fei,
1531 2492 1618 2526 wäre
1638 2492 1832 2531 interessant
1851 2501 1890 2533 zu
1909 2497 1980 2527 ver-

1078 2532 1228 2581 nehmest.
1275 2536 1322 2570 Es
1350 2536 1463 2576 müßte
1489 2536 1585 2576 sogar
1611 2536 1692 2576 nicht
1719 2546 1786 2572 nur
1813 2536 1864 2571 die
1891 2537 1982 2576 Höhe

1076 2580 1135 2616 des
1164 2580 1371 2622 Vermögens
1401 2581 1458 2616 des
1486 2581 1611 2616 Vaters
1641 2582 1687 2615 im
1715 2581 1895 2621 Zeitpunkt
1923 2582 1982 2616 deS

1077 2624 1190 2659 Todes
1212 2624 1272 2658 der
1297 2625 1445 2663 Ehefrau
1470 2625 1651 2665 festgestellt
1676 2626 1818 2664 werden,
1843 2626 1984 2665 sondern

1078 2670 1114 2700 es
1148 2667 1286 2706 müßten
1309 2669 1383 2708 auch
1406 2668 1625 2708 Erhebungen
1647 2670 1728 2703 über
1749 2669 1813 2703 den
1834 2670 1983 2710 Umfang

1077 2712 1182 2751 dieses
1206 2712 1415 2752 Vermögens
1439 2721 1498 2752 zur
1522 2712 1598 2753 Zeit
1640 2713 1699 2748 des
1726 2713 1984 2754 EheabschlusseS

1079 2756 1221 2795 gemacht
1238 2757 1376 2791 werden.

1139 2801 1250 2841 Durch
1279 2802 1340 2836 den
1369 2802 1571 2842 Paragraph
1602 2802 1671 2841 126,
1700 2801 1812 2843 Ziffer
1841 2803 1984 2842 4,.wird

1079 2845 1147 2885 also
1171 2845 1229 2879 der
1255 2846 1694 2887 VormundschaftSbehörde,
1741 2853 1839 2882 wenn
1867 2849 1906 2887 sie
1931 2848 1985 2888 sich

1077 2888 1169 2927 ihrer
1192 2890 1346 2930 Aufgabe
1369 2891 1595 2930 gewissenhaft
1617 2891 1804 2930 entledigen
1826 2892 1907 2930 will,
1932 2892 1985 2926 die

1074 2931 1196 2971 Pflicht
1216 2935 1390 2974 auferlegt,
1409 2935 1472 2968 das
1492 2934 1677 2975 Vermögen
1698 2936 1756 2969 des
1777 2936 1901 2971 Vaters
1922 2946 1981 2976 zur

1075 2977 1287 3018 Feststellung
1306 2979 1362 3012 des
1383 2978 1446 3012 den
1466 2979 1616 3014 Kindern
1636 2980 1889 3019 zukommenden
1911 2981 1979 3015 An¬

1074 3022 1155 3057 teils
1176 3031 1231 3057 am
1253 3023 1424 3064 Vorschlag
1446 3028 1510 3057 von
1532 3022 1664 3064 Beginn
1684 3024 1742 3058 der
1765 3024 1832 3063 Ehe
1855 3034 1898 3059 an
1919 3025 1980 3064 auf

1072 3066 1136 3103 das
1159 3066 1341 3107 Genaueste
1362 3077 1402 3108 zu
1445 3068 1665 3108 untersuchen.
1707 3069 1830 3108 Welche
1851 3070 1978 3110 Folgen

1072 3110 1156 3150 diese
1175 3111 1366 3152 Rechtslage
1385 3113 1490 3152 haben
1509 3114 1630 3152 würde,
1650 3113 1781 3154 braucht
1801 3113 1884 3155 nicht
1901 3114 1977 3149 wei¬

1072 3153 1123 3189 ter
1142 3157 1476 3198 auseinandergesetzt
1493 3167 1534 3198 zu
1551 3158 1692 3192 werden.

1136 3200 1261 3236 Soviel
1276 3202 1313 3242 ist
1334 3202 1431 3242 sicher,
1449 3202 1514 3243 daß
1532 3203 1587 3237 der
1605 3204 1678 3238 Art.
1695 3203 1769 3242 653,
1788 3204 1864 3245 Abs.
1881 3204 1902 3238 8
1919 3205 1977 3239 des

1072 3244 1384 3287 Zivilgesetzbuches,
1428 3247 1558 3288 welcher
1599 3248 1660 3282 den
1704 3248 1883 3284 Kantonen
1915 3249 1978 3284 das

1073 3290 1170 3329 Recht
1190 3291 1369 3331 einräumt,
1388 3292 1441 3327 die
1462 3293 1651 3333 Aufnahme
1671 3293 1764 3328 eines
1784 3294 1980 3336 Inventars

1075 3335 1150 3374 auch
1170 3336 1245 3375 „für
1261 3337 1394 3371 weitere
1411 3336 1524 3378 Fälle"
1544 3338 1814 3379 vorzuschreiben,
1832 3338 1929 3374 einen
1948 3340 1979 3380 so

1073 3378 1320 3420 weitgehenden
1341 3380 1494 3422 Eingriff
1513 3383 1569 3417 der
1588 3384 1762 3423 Behörden
1782 3384 1819 3419 in
1838 3384 1890 3419 die
1909 3390 1981 3425 per¬

1072 3424 1232 3465 sönlichen
1262 3426 1484 3467 Verhältnisse
1534 3428 1748 3468 volljähriger
1777 3430 1846 3464 und
1876 3429 1978 3470 hand¬

1073 3468 1311 3512 lungsfähiger
1331 3471 1501 3512 Personen
1523 3472 1604 3513 nicht
1626 3473 1829 3515 beabsichtigt
1850 3475 1919 3515 hat.

1259 3546 1308 3597 Au
1338 3546 1522 3600 PolnrarSs
1551 3547 1800 3601 Rnßlaudrtlsk.

1570 3615 1608 3650 <
1627 3613 1783 3650 Pari»,
1803 3616 1849 3645 16.
1872 3615 1948 3652 Aug.

1141 3653 1319 3695 Poincar«,
1370 3656 1429 3690 der
1461 3656 1683 3697 schlagfertige
1716 3657 1874 3698 Advokat,
1926 3659 1984 3693 der

1074 3699 1234 3735 brillante
1260 3701 1391 3736 Redner
1419 3702 1485 3736 und
1512 3702 1685 3742 Politiker,
1733 3703 1791 3738 der
1820 3703 1984 3745 geistvolle

1070 3743 1308 3784 Schriftsteller
1328 3746 1394 3781 und
1414 3746 1624 3783 Akademiker
1640 3765 1683 3772 —
1700 3757 1735 3782 er
1754 3748 1831 3789 darf
1850 3748 1902 3789 sich
1922 3749 1984 3784 mit

1073 3789 1181 3823 einem
1209 3790 1396 3831 Kokowzew
1424 3792 1648 3832 unterhalten,
1675 3793 1788 3833 welche
1813 3784 1983 3835 Begeben-

1068 3832 1154 3871 heit!
1178 3834 1233 3869 So
1257 3834 1369 3875 schrieb
1392 3836 1446 3870 ein
1468 3836 1649 3878 spöttischer
1669 3838 1903 3879 Feuilletonist
1923 3849 1982 3880 zur

1072 3877 1241 3917 russischen
1267 3879 1446 3915 Entrevue.
1495 3882 1583 3917 Man
1609 3883 1665 3922 hat
1692 3883 1770 3922 auch
1795 3884 1832 3919 in
1858 3884 1983 3925 Frank¬

1072 3921 1153 3961 reich
1175 3923 1238 3957 das
1261 3924 1460 3964 Augenmaß
1484 3926 1541 3965 für
1562 3926 1615 3961 die
1637 3927 1833 3969 tatsächliche
1856 3930 1982 3965 Bedeu¬

1071 3966 1157 4006 tung
1180 3966 1239 4002 des
1264 3968 1467 4009 Ereignisses
1492 3970 1577 4011 nicht
1597 3973 1701 4013 völlig
1724 3974 1879 4009 verloren
1915 3974 1983 4009 und

2033 1100 2085 1136 die
2107 1101 2421 1142 Uebertreibungen,
2444 1102 2495 1136 die
2516 1102 2613 1136 dabei
2637 1103 2699 1137 mit
2722 1102 2934 1142 unterliefen,

2035 1145 2101 1184 sind
2118 1146 2250 1186 zumeist
2266 1146 2348 1186 aufs
2366 1148 2474 1182 Konto
2494 1146 2656 1187 gallischer
2675 1147 2934 1187 Ueberschweng-

2035 1190 2154 1230 lichkeit
2178 1200 2218 1231 zu
2243 1191 2347 1230 setzen.
2394 1191 2586 1230 Anderseits
2612 1192 2692 1231 muß
2718 1192 2829 1232 gesagt
2854 1197 2934 1226 wer-

2034 1235 2105 1274 den,
2123 1235 2187 1275 daß
2206 1236 2260 1269 ein
2277 1234 2358 1271 Teil
2373 1236 2430 1270 der
2448 1235 2613 1275 deutschen
2629 1236 2743 1276 Presse
2759 1237 2817 1270 der
2836 1234 2934 1270 intel¬

2034 1280 2202 1314 lektuellen
2223 1280 2291 1314 und
2313 1280 2521 1320 moralischen
2543 1280 2718 1315 Autorität
2739 1281 2796 1315 deS
2818 1289 2934 1320 gegen¬

2031 1325 2194 1365 wärtigen
2213 1325 2439 1365 französischen
2455 1325 2822 1365 Ministerpräsidenten
2840 1325 2935 1359 kaum

2035 1378 2118 1410 ganz
2139 1369 2257 1410 gerecht
2276 1369 2371 1407 wird,
2391 1375 2487 1403 wenn
2505 1370 2548 1409 sie
2570 1369 2673 1409 seiner
2694 1368 2936 1408 Rußlandreise

2034 1414 2106 1448 eine
2135 1414 2270 1455 größere
2318 1413 2480 1454 politische
2508 1412 2700 1453 Tragweite
2752 1413 2936 1453 absprechen

2032 1458 2113 1493 will.
2153 1458 2321 1499 Poincarü
2342 1459 2381 1499 ist
2401 1458 2483 1498 nicht
2504 1459 2559 1493 der
2581 1459 2704 1497 Mann,
2726 1458 2783 1491 der
2804 1457 2858 1497 sich
2879 1467 2937 1498 zur

2033 1504 2152 1543 bloßen
2181 1503 2316 1543 Parade
2347 1504 2476 1544 hergibt
2508 1503 2576 1537 und
2611 1514 2644 1537 er
2676 1503 2734 1542 hat
2764 1503 2800 1537 in
2832 1501 2937 1542 seiner

2034 1548 2235 1589 glänzenden
2265 1549 2425 1584 Karriere
2454 1558 2494 1588 zu
2526 1548 2576 1588 oft
2609 1548 2774 1587 bewiesen,
2805 1548 2870 1586 daß
2902 1557 2936 1581 er

2033 1603 2133 1635 ganze
2148 1593 2264 1629 Arbeit
2280 1593 2393 1634 leistet,
2409 1599 2458 1628 wo
2475 1593 2596 1627 iinmer
2613 1602 2691 1628 man
2708 1592 2766 1632 ihn
2784 1592 2936 1632 hinstellt,

2034 1639 2076 1678 sei
2100 1643 2134 1673 cs
2155 1648 2209 1673 am
2230 1639 2396 1677 Barreau,
2420 1638 2462 1679 sei
2485 1642 2521 1672 cs
2544 1638 2606 1678 auf
2626 1639 2682 1672 der
2701 1637 2856 1673 Tribüne
2879 1638 2936 1672 des

2033 1684 2262 1724 Parlaments,
2292 1683 2346 1718 als
2375 1682 2656 1724 Finanzminister
2683 1683 2761 1718 oder
2790 1683 2844 1717 als
2873 1683 2935 1719 Di-

2033 1728 2168 1768 plomat.
2209 1726 2493 1764 Dilettantismus
2537 1728 2620 1768 liegt
2662 1728 2783 1767 seinem
2825 1727 2934 1768 Geiste

2034 1773 2118 1812 fern.
2159 1774 2273 1813 Daher
2292 1773 2356 1808 das
2380 1773 2625 1814 tiefwurzelnde
2648 1774 2848 1812 Vertrauen,
2870 1773 2933 1807 das

2031 1817 2220 1864 Frankreich
2242 1818 2310 1857 ihm
2334 1818 2607 1858 entgegenbringt
2628 1819 2695 1852 und
2716 1818 2779 1853 das
2801 1818 2931 1853 unwill¬

2033 1863 2147 1903 kürlich
2171 1864 2233 1904 auf
2257 1862 2308 1897 die
2335 1863 2565 1904 Beziehungen
2593 1872 2667 1903 zum
2695 1863 2850 1898 Ausland
2878 1872 2929 1904 zu-

2032 1907 2201 1943 rückwirkt.
2251 1908 2315 1944 Als
2343 1908 2564 1949 Interpreten
2615 1899 2819 1947 bestehender
2868 1899 2930 1944 Be¬

2031 1953 2182 1994 sorgnisse
2207 1953 2274 1987 und
2300 1951 2393 1993 leiser
2417 1951 2556 1993 Zweifel
2580 1953 2638 1992 hat
2662 1953 2720 1992 ihn
2746 1952 2813 1992 sein
2837 1952 2929 1987 Land

2030 2007 2068 2038 zu
2090 1999 2146 2033 der
2169 1998 2422 2038 „befreundeten
2445 1998 2511 2032 und
2535 1998 2757 2032 verbündeten
2779 1998 2928 2032 Nation"

2031 2043 2170 2083 gesandt,
2191 2042 2338 2081 nachdem
2358 2043 2407 2077 die
2428 2042 2622 2083 Einladung
2639 2048 2705 2077 von
2724 2042 2826 2082 dieser
2839 2042 2929 2083 selbst

2029 2092 2262 2129 ausgegangen
2286 2093 2367 2122 war.
2411 2088 2481 2123 Der
2506 2088 2674 2127 „Temps"
2698 2088 2755 2127 hat
2779 2088 2840 2122 das
2863 2093 2927 2122 von

2028 2132 2130 2168 Rrbot
2146 2133 2247 2173 zuerst
2263 2131 2536 2173 ausgesprochene
2553 2133 2649 2168 Wort
2667 2138 2751 2170 „von
2768 2132 2826 2167 der
2844 2132 2927 2172 nicht

2028 2177 2145 2212 immer
2166 2177 2336 2218 genügend
2355 2177 2589 2218 praktizierten
2610 2177 2763 2216 Allianz"
2785 2177 2821 2211 in
2842 2176 2926 2217 seine

2026 2221 2216 2258 Leitartikel
2233 2223 2488 2262 ausgenommen
2509 2222 2576 2256 und
2598 2223 2657 2262 auf
2675 2222 2727 2256 die
2747 2221 2926 2262 natürliche

2026 2266 2298 2308 Verschiedenheit
2348 2268 2406 2301 des
2457 2266 2925 2307 demokratisch-französischen

2025 2313 2092 2347 und
2127 2310 2538 2352 aristokratisch-russischen
2565 2312 2713 2346 Milieus
2751 2312 2925 2352 hingewie-

2023 2357 2086 2396 sen,
2109 2357 2171 2391 daS
2191 2357 2253 2391 den
2279 2357 2391 2397 Anlaß
2414 2366 2452 2397 zu
2474 2357 2549 2391 dem
2571 2356 2797 2398 Zwischenfall
2818 2357 2926 2392 LouiS

2024 2401 2097 2441 gab.

2086 2446 2155 2481 Vor
2172 2446 2268 2481 allem
2287 2446 2342 2481 der
2360 2446 2504 2486 Hinblick
2523 2447 2582 2486 auf
2599 2447 2661 2481 das
2680 2456 2760 2487 enge
2778 2446 2926 2487 Freund¬

2024 2490 2286 2531 schaftsbündnis
2306 2491 2451 2530 zwischen
2470 2491 2689 2531 Deutschland
2711 2492 2778 2525 und
2799 2492 2927 2530 Oester-

2024 2534 2103 2575 reich
2153 2535 2218 2575 ließ
2247 2535 2319 2569 eine
2371 2535 2514 2575 ähnliche
2543 2535 2729 2575 Intimität
2780 2536 2927 2577 zwischen

2023 2579 2213 2619 Frankreich
2235 2580 2302 2614 und
2327 2580 2485 2618 Rußland
2507 2580 2781 2620 wünschenswert
2805 2580 2929 2619 erschei¬

2025 2633 2100 2663 nen,
2118 2634 2176 2659 um
2194 2625 2225 2664 so
2244 2624 2346 2664 mehr,
2364 2625 2421 2658 als
2439 2624 2492 2658 die
2510 2625 2595 2667 nicht
2614 2635 2698 2666 ganz
2715 2626 2931 2666 zuverlässige

2025 2670 2173 2700 Entente
2194 2670 2342 2702 cordiale
2362 2668 2425 2703 mit
2446 2669 2603 2708 England
2627 2665 2682 2709 für
2704 2670 2767 2704 den
2788 2668 2933 2710 Mangel

2028 2711 2140 2746 keinen
2159 2711 2405 2750 hinreichenden
2428 2714 2532 2752 Ersatz
2553 2722 2593 2752 zu
2615 2714 2725 2747 bieten
2745 2714 2933 2754 vermochte.

2027 2755 2217 2797 Frankreich
2235 2757 2320 2795 weiß
2338 2757 2454 2797 längst,
2471 2758 2537 2796 daß
2554 2758 2715 2798 Rußland
2735 2758 2817 2797 nicht
2836 2759 2934 2799 Hand

2027 2809 2086 2839 zur
2104 2800 2419 2842 Wiedereroberung
2439 2808 2504 2836 von
2524 2803 2849 2843 Elsaß-Lothringen
2868 2804 2934 2839 bie¬

2028 2846 2083 2879 ten
2101 2845 2195 2879 wird.
2225 2846 2276 2881 Es
2298 2846 2365 2885 sind
2387 2847 2694 2887 außereuropäische
2716 2847 2860 2888 Fragen,
2880 2848 2934 2883 die

2026 2889 2120 2927 heute
2134 2888 2187 2923 die
2202 2890 2366 2929 Politiker
2383 2891 2605 2931 beschäftigen.
2621 2892 2690 2927 Sie
2709 2893 2786 2926 aber
2804 2893 2932 2927 können

2024 2932 2096 2967 eine
2121 2933 2362 2974 befriedigende
2386 2935 2518 2975 Lösung
2543 2945 2611 2969 nur
2637 2936 2698 2976 auf
2722 2937 2844 2971 Grund
2871 2937 2929 2972 des

2022 2976 2184 3018 Prinzips
2212 2978 2269 3012 des
2299 2979 2523 3019 europäischen
2551 2980 2833 3020 Gleichgewichtes
2864 2981 2926 3021 fin-

2023 3021 2094 3056 den.
2141 3023 2207 3057 Die
2234 3022 2351 3057 beiden
2381 3024 2683 3063 Bündnissysteme,
2710 3025 2763 3059 die
2793 3025 2846 3065 sich
2874 3026 2929 3060 die

2022 3066 2123 3107 Wage
2142 3067 2253 3106 halten
2273 3067 2382 3106 sollen,
2403 3069 2523 3108 bergen
2542 3069 2736 3109 heterogene
2757 3071 2928 3105 Elements

2022 3110 2058 3145 in
2082 3111 2148 3152 sich;
2169 3112 2232 3145 das
2254 3112 2454 3152 Verhältnis
2475 3118 2542 3147 von
2562 3113 2761 3154 Oesterreich
2784 3124 2824 3155 zu
2845 3115 2925 3155 Jta-

2022 3154 2091 3190 lien
2119 3155 2294 3195 innerhalb
2321 3157 2380 3192 des
2407 3158 2623 3193 Dreibundes
2652 3159 2760 3199 findet
2787 3159 2926 3200 beinahe

2021 3200 2089 3239 sein
2108 3201 2321 3241 Spiegelbild
2343 3202 2380 3236 in
2399 3203 2471 3237 dem
2492 3202 2675 3242 Rußlands
2697 3213 2737 3244 zu
2758 3205 2925 3244 England.

2021 3245 2110 3280 Man
2135 3246 2293 3286 brauchte,
2322 3256 2379 3282 um
2407 3247 2458 3288 sich
2486 3247 2592 3287 dessen
2618 3258 2659 3289 zu
2686 3250 2925 3289 vergewissern,

2023 3290 2122 3330 dieser
2145 3291 2238 3332 Tage
2262 3300 2328 3325 nur
2352 3292 2447 3326 einen
2471 3293 2557 3328 Blick
2603 3293 2640 3328 in
2685 3294 2737 3327 die
2773 3294 2926 3335 englische

2022 3335 2132 3376 Presse
2154 3345 2193 3376 zu
2217 3337 2290 3370 tun.
2335 3337 2526 3377 Frankreich
2552 3338 2648 3377 spielt
2693 3338 2819 3379 ähnlich
2863 3340 2927 3374 wie

2021 3380 2235 3421 Deutschland
2260 3380 2312 3415 die
2333 3383 2426 3417 Rolle
2449 3383 2507 3417 des
2531 3383 2706 3423 Mittlers;
2733 3393 2789 3418 um
2814 3384 2855 3423 sie
2878 3394 2926 3419 er¬

2023 3424 2173 3466 folgreich
2197 3426 2414 3466 durchführen
2438 3436 2479 3468 zu
2506 3427 2644 3467 können,
2669 3430 2753 3467 stellt
2777 3429 2832 3469 sich
2858 3429 2926 3470 ihm

2024 3469 2101 3505 aber
2124 3471 2174 3505 die
2198 3471 2477 3513 Konsolidierung
2503 3472 2610 3513 seines
2635 3474 2839 3513 Bündnisses
2864 3476 2928 3509 mit

2023 3515 2181 3555 Rußland
2198 3516 2254 3550 als
2273 3516 2325 3551 die
2342 3517 2513 3558 wichtigste
2530 3518 2685 3559 Aufgabe
2704 3519 2774 3558 dar,
2791 3520 2869 3554 weil
2889 3521 2929 3560 sis

2024 3559 2077 3595 die
2097 3561 2193 3600 Basis
2213 3561 2272 3596 des
2293 3562 2448 3601 Systems
2471 3562 2585 3597 bildet.
2629 3565 2717 3598 Man
2739 3564 2814 3605 darf
2835 3564 2929 3600 über¬

2025 3607 2121 3646 zeugt
2137 3605 2215 3646 sein,
2236 3606 2300 3646 daß
2321 3607 2488 3648 Poincarö
2508 3608 2576 3648 sein
2597 3613 2719 3650 ganzes
2738 3609 2927 3649 diplomati¬

2024 3650 2106 3691 sches
2133 3651 2285 3691 Können,
2334 3652 2384 3687 die
2412 3653 2531 3689 Gaben
2559 3652 2663 3694 seiner
2712 3654 2932 3695 persönlichen

2026 3696 2393 3738 Ueberzeugungskraft
2419 3698 2455 3732 in
2480 3698 2544 3733 den
2571 3699 2687 3740 Dienst
2735 3700 2839 3741 dieses
2867 3701 2930 3737 Ge¬

2023 3740 2168 3777 dankens
2189 3742 2310 3782 gestellt
2330 3743 2397 3783 hat.

2089 3796 2163 3830 DaS
2195 3795 2235 3836 ist
2265 3796 2317 3831 die
2350 3797 2563 3838 „persönliche
2595 3797 2787 3840 Fühlung",
2819 3799 2930 3840 welche

2026 3839 2078 3875 die
2097 3841 2278 3881 öffentliche
2298 3842 2467 3883 Meinung
2487 3848 2553 3877 von
2574 3843 2675 3884 dieser
2695 3844 2790 3885 Reise
2810 3850 2929 3879 erwar-

2026 3886 2072 3920 tet
2090 3886 2155 3920 und
2173 3885 2225 3921 die
2243 3886 2399 3927 vielleicht
2416 3888 2730 3929 bedeutungsvoller
2749 3889 2787 3928 ist
2805 3890 2860 3925 als
2879 3889 2931 3925 die

2028 3930 2174 3969 formelle
2201 3930 2375 3973 Einigung
2404 3933 2481 3968 über
2507 3933 2561 3967 die
2587 3934 2831 3974 Orientpolitik
2864 3935 2931 3971 und

2026 3973 2077 4009 die
2096 3975 2268 4016 chinesische
2286 3977 2436 4018 Anleihe,
2456 3979 2561 4013 denen
2580 3980 2763 4020 zweifellos
2780 3979 2834 4015 die
2853 3985 2932 4016 aus¬

2975 1103 3169 1143 gezeichnete
3219 1104 3466 1143 Sachkenntnis
3529 1105 3589 1138 des
3655 1105 3886 1145 französischen

2973 1149 3257 1187 Staatsmannes,
3279 1150 3336 1182 der
3358 1149 3419 1188 auf
3438 1149 3558 1189 diesem
3581 1149 3719 1184 Gebiete
3739 1150 3886 1190 Spezia¬

2976 1193 3028 1232 list
3052 1193 3099 1232 ist,
3147 1195 3266 1233 zugute
3293 1194 3375 1227 kam.
3420 1194 3486 1229 Sie
3511 1194 3596 1228 wird
3623 1194 3693 1232 ihre
3719 1195 3885 1235 Wirkung

2975 1237 3114 1276 äußern,
3135 1238 3248 1277 sobald
3269 1238 3324 1272 die
3347 1238 3710 1279 Jnterventionsfrage
3746 1240 3784 1274 in
3830 1238 3885 1274 die

2977 1281 3091 1315 innere
3110 1283 3187 1316 oder
3209 1283 3330 1322 äußere
3343 1283 3469 1322 Politik
3489 1285 3544 1318 der
3564 1284 3698 1323 Türkei,
3717 1285 3772 1319 die
3791 1286 3883 1320 Dar¬

2977 1326 3222 1367 danellenfrage
3243 1336 3302 1368 zur
3321 1327 3556 1369 Entscheidung
3578 1330 3736 1364 kommen.

3039 1371 3110 1405 Der
3133 1371 3229 1410 Reise
3251 1372 3436 1411 PoincaröS
3461 1373 3780 1415 friedensfeindliche
3804 1376 3883 1410 Mo¬

2978 1415 3044 1449 tive
3064 1424 3103 1455 zu
3123 1416 3371 1456 unterschieben,
3391 1417 3473 1452 wird
3495 1419 3601 1453 einem
3622 1419 3883 1459 unparteiischen

2978 1459 3159 1499 Zuschauer
3188 1461 3283 1495 kaum
3313 1461 3479 1501 einfallen.
3528 1461 3594 1497 Die
3644 1464 3884 1504 unerfreuliche

2978 1505 3148 1545 Preßhetze
3167 1505 3319 1545 diesseits
3341 1506 3406 1540 und
3424 1506 3559 1546 jenseits
3578 1508 3634 1541 der
3652 1508 3812 1549 Vogesen,
3829 1508 3885 1543 die

2979 1551 3019 1589 sie
3042 1549 3218 1589 einleitete,
3241 1557 3313 1585 war
3336 1551 3405 1590 ihm
3428 1553 3516 1591 wohl
3539 1553 3629 1591 selbst
3652 1563 3707 1587 am
3729 1553 3883 1593 peinlich-

2979 1596 3053 1634 sten.
3100 1595 3147 1629 Es
3172 1596 3212 1635 ist
3234 1595 3288 1629 ein
3310 1598 3409 1636 gutes
3431 1595 3575 1636 Zeichen,
3598 1603 3695 1631 wenn
3719 1598 3771 1632 die
3796 1598 3884 1636 „Hu-

2977 1640 3126 1674 manitö"
3144 1641 3215 1675 dem
3232 1641 3430 1680 derzeitigen
3446 1642 3567 1677 Lenker
3582 1642 3639 1676 der
3657 1643 3884 1683 französischen

2977 1684 3104 1725 Politik
3126 1686 3189 1720 das
3213 1685 3366 1727 Zeugnis
3392 1687 3549 1726 ausstellt,
3572 1687 3637 1726 daß
3663 1697 3697 1721 er
3720 1689 3798 1726 stets
3823 1688 3885 1722 den

2975 1730 3216 1771 Chauvinisten
3231 1731 3286 1766 die
3302 1730 3408 1766 Stirn
3427 1733 3563 1773 geboten
3581 1733 3648 1767 und
3668 1733 3703 1766 in
3720 1734 3778 1767 der
3796 1732 3884 1774 Füh¬

2976 1785 3064 1816 rung
3090 1776 3149 1811 der
3175 1776 3387 1816 Diplomatie
3412 1777 3473 1811 den
3503 1778 3584 1812 Mut
3611 1787 3685 1816 zum
3713 1780 3779 1811 bon
3807 1790 3884 1811 een,

2971 1821 3109 1860 besessen
3126 1821 3218 1860 habe.
3236 1822 3302 1856 Ein
3321 1822 3536 1863 freundliches
3553 1822 3881 1864 Zusammentreffen

2973 1872 3042 1900 war
3060 1870 3095 1899 es
3115 1866 3200 1906 auch,
3223 1867 3288 1906 daß
3301 1867 3421 1906 seinem
3434 1867 3560 1907 Schiffe
3578 1873 3643 1902 von
3662 1868 3770 1903 einem
3787 1869 3880 1903 deut¬

2973 1910 3055 1949 schen
3074 1911 3283 1952 Geschwader
3301 1912 3361 1952 auf
3378 1912 3435 1947 der
3452 1913 3544 1952 Höhe
3563 1919 3627 1947 von
3646 1913 3879 1954 Mecklenburg

2973 1956 3080 1994 Ehren
3108 1955 3260 1996 erwiesen
3285 1957 3432 1995 wurden,
3458 1958 3514 1997 für
3538 1958 3590 1992 die
3616 1958 3668 1998 sich
3693 1959 3745 1993 die
3771 1959 3879 1999 Fran¬

2971 2002 3061 2041 zosen
3084 2001 3155 2041 sehr
3177 2002 3394 2042 empfänglich
3416 2003 3553 2043 zeigten.
3595 2004 3673 2038 Das
3696 2003 3882 2039 Bleibende

2971 2056 3014 2080 an
3035 2046 3223 2085 Poincarös
3248 2047 3490 2087 Rußlandreise
3512 2048 3596 2082 wird
3621 2048 3805 2089 zweifellos
3828 2047 3881 2083 die

2968 2091 3176 2132 Herstellung
3198 2092 3288 2125 einer
3308 2093 3458 2126 klareren
3478 2092 3664 2127 Situation
3683 2093 3719 2128 in
3742 2095 3881 2133 Europa

2969 2136 3036 2176 sein
3055 2137 3123 2170 und
3140 2136 3244 2177 dafür
3264 2137 3348 2170 kann
3368 2137 3436 2176 ihm
3455 2137 3532 2177 auch
3552 2138 3607 2172 der
3626 2138 3763 2177 Gegner
3782 2137 3883 2173 Dank

2967 2181 3089 2220 wissen.
3875 2197 3882 2213 >

3031 2226 3144 2260 Kaum
3162 2226 3193 2266 je
3211 2232 3312 2267 zuvor
3327 2227 3368 2266 ist
3385 2227 3442 2262 der
3460 2228 3614 2263 Gedanke
3630 2229 3688 2262 des
3707 2230 3791 2263 oben
3810 2229 3880 2263 ent-

2967 2270 3127 2304 wickelten
3154 2271 3431 2312 Grundprinzips
3477 2273 3535 2307 der
3561 2273 3676 2307 beiden
3703 2273 3882 2309 Bündnis¬

2969 2317 3098 2355 systeme
3120 2321 3185 2351 von
3206 2318 3263 2351 der
3287 2316 3512 2357 europäischen
3533 2318 3646 2357 Presse
3669 2319 3700 2356 so
3724 2320 3785 2359 gut
3808 2324 3881 2353 ver¬

2969 2362 3101 2399 standen
3121 2362 3266 2396 worden.
3311 2362 3478 2401 Während
3501 2372 3580 2397 man
3603 2364 3644 2402 sie
3667 2363 3781 2403 bisher
3805 2369 3881 2398 vor¬

2966 2406 3114 2445 wiegend
3139 2407 3195 2441 als
3220 2407 3564 2446 Kriegsinstrumente
3589 2408 3792 2447 betrachtete,
3827 2409 3881 2443 be-

2970 2451 3068 2490 ginnt
3085 2461 3165 2485 man
3183 2451 3234 2486 die
3253 2452 3353 2490 ihnen
3371 2452 3656 2491 innewohnenden
3672 2453 3795 2493 Kräfte
3811 2453 3882 2488 und

2969 2496 3164 2539 Garantien,
3190 2496 3372 2536 friedlicher
3400 2497 3624 2537 Entwicklung
3652 2507 3691 2538 zu
3719 2499 3885 2533 erkennen

2969 2540 3036 2574 und
3053 2550 3092 2581 zu
3109 2540 3249 2581 schätzen.
3264 2542 3340 2576 Und
3357 2543 3389 2581 so
3404 2542 3466 2576 wie
3481 2543 3529 2577 im
3545 2543 3685 2583 Innern
3701 2543 3758 2578 der
3775 2544 3885 2579 Staa¬

2972 2587 3032 2627 ten,
3045 2585 3099 2625 die
3119 2585 3283 2624 Politiker
3304 2587 3610 2627 entgegengesetzter
3629 2587 3795 2626 Parteien
3816 2587 3885 2622 und

2971 2628 3248 2669 Parteigruppen
3266 2632 3327 2670 gut
3341 2631 3478 2671 Freund
3496 2632 3565 2670 sein
3580 2633 3650 2666 und
3667 2632 3722 2672 sich
3740 2633 3886 2673 gemein¬

2974 2675 3079 2712 samer
3106 2673 3298 2714 Interessen
3324 2676 3457 2715 bewußt
3483 2677 3614 2710 werden
3641 2677 3780 2717 können,
3808 2687 3887 2719 mag

2974 2718 3050 2757 auch
3066 2718 3228 2757 Rußland
3246 2720 3315 2757 sein
3331 2722 3430 2759 gutes
3449 2721 3717 2760 Einvernehmen
3734 2723 3799 2757 mit
3816 2723 3890 2758 dem

2975 2758 3140 2803 deutschen
3160 2764 3320 2803 Nachbar,
3341 2764 3478 2805 Italien
3499 2766 3585 2805 seine
3605 2768 3812 2807 Sympathie
3836 2768 3890 2807 für

2974 2808 3038 2842 das
3065 2808 3374 2847 stammverwandte
3398 2810 3591 2851 Frankreich
3617 2812 3763 2853 pflegen.
3803 2814 3889 2847 Des¬

2975 2858 3086 2892 wegen
3109 2853 3207 2894 gleich
3229 2855 3430 2893 Mißtrauen
3452 2865 3491 2896 zu
3513 2856 3625 2896 zeigen
3648 2857 3714 2891 und
3738 2863 3804 2892 von
3826 2867 3888 2891 un-

2971 2898 3212 2938 zuverlässigen
3235 2900 3528 2940 Bundesgenossen
3549 2910 3590 2940 zu
3611 2901 3765 2941 sprechen,
3789 2903 3888 2942 zeugt

2972 2941 3055 2981 nicht
3081 2948 3146 2975 von
3174 2943 3395 2983 Verständnis
3423 2945 3479 2984 für
3506 2946 3560 2979 die
3585 2945 3775 2986 politischen
3815 2946 3887 2982 und'

2968 2986 3247 3027 wirtschaftlichen
3272 2987 3475 3028 Realitäten,
3501 2990 3554 3024 die
3579 2990 3649 3024 kein
3675 2991 3885 3031 Pergament

2969 3035 3034 3065 aus
3054 3032 3113 3065 der
3135 3032 3224 3067 Welt
3245 3033 3383 3072 schaffen
3403 3034 3498 3068 kann.
3541 3035 3716 3076 Anläßlich
3738 3037 3796 3070 der
3818 3038 3883 3072 Be¬

2969 3076 3142 3116 sprechung
3172 3083 3237 3111 von
3267 3078 3451 3117 Churchills
3482 3080 3695 3119 Flottenrede
3736 3082 3795 3121 hat
3824 3083 3884 3116 der

2969 3121 3137 3160 „Temps"
3158 3121 3211 3156 die
3230 3128 3296 3156 von
3318 3122 3386 3161 ihm
3407 3124 3499 3164 selbst
3519 3125 3633 3164 bisher
3654 3125 3738 3166 nicht
3761 3127 3883 3161 immer

2967 3165 3123 3205 beachtete
3148 3166 3253 3206 These
3279 3168 3479 3208 aufgestellt:
3507 3170 3560 3203 die
3585 3170 3696 3210 Frage
3724 3172 3782 3206 der
3809 3172 3882 3207 Rü¬

2967 3211 3103 3251 stungen
3121 3211 3201 3251 darf
3219 3211 3302 3252 nicht
3323 3213 3359 3247 in
3379 3214 3642 3249 unmittelbaren
3658 3215 3882 3256 Zusammen¬

2967 3255 3054 3296 hang
3091 3255 3154 3290 mit
3176 3258 3235 3291 der
3256 3257 3540 3298 Bündnispolitik
3564 3260 3712 3300 gebracht
3737 3262 3882 3298 werden.

2967 3298 3095 3339 Erstere
3118 3301 3158 3341 ist
3182 3301 3253 3336 eine
3279 3302 3353 3336 rein
3398 3304 3571 3339 nationale
3597 3306 3879 3347 Angelegenheit;

2967 3346 3027 3384 erst
3048 3350 3146 3379 wenn
3166 3347 3219 3382 die
3239 3348 3392 3382 Staaten
3414 3349 3466 3388 sich
3489 3349 3572 3389 stark
3594 3350 3721 3390 fühlen,
3746 3352 3814 3392 sind
3840 3353 3880 3392 sie

2968 3390 3081 3430 bereit,
3102 3390 3156 3432 sich
3176 3393 3377 3433 gegenseitig
3397 3402 3437 3433 zu
3453 3395 3669 3434 versprechen,
3691 3395 3763 3435 ihre
3775 3397 3881 3437 Kraft

2968 3435 3052 3473 nicht
3068 3436 3107 3469 in
3126 3437 3188 3471 den
3206 3437 3323 3478 Dienst
3342 3438 3433 3473 einer
3452 3439 3704 3480 streitsüchtigen
3722 3443 3879 3477 Sonder¬

2967 3479 3085 3519 politik
3108 3491 3149 3521 zu
3172 3483 3291 3522 stellen.
3337 3484 3408 3518 Mit
3451 3485 3580 3519 andern
3604 3486 3757 3521 Worten:
3805 3493 3878 3522 ver¬

2970 3526 3095 3565 mehrte
3115 3527 3310 3568 Rüstungen
3333 3538 3372 3569 zu
3393 3530 3484 3564 Land
3507 3531 3584 3565 oder
3605 3540 3663 3571 zur
3684 3532 3755 3567 See
3777 3533 3878 3567 brau¬

2970 3572 3040 3610 chen
3056 3571 3139 3610 nicht
3155 3583 3199 3607 an
3215 3573 3269 3613 sich
3284 3574 3370 3613 schon
3388 3574 3440 3610 als
3456 3575 3510 3609 ein
3526 3576 3588 3611 Akt
3604 3577 3659 3610 der
3675 3576 3881 3619 Feindselig¬

2972 3616 3034 3651 keit
3055 3618 3232 3658 aufgefaßt
3253 3628 3293 3659 zu
3313 3619 3460 3660 werden;
3483 3621 3561 3661 auch
3583 3621 3623 3661 sie
3646 3622 3773 3657 können
3805 3623 3882 3658 dem

2972 3662 3198 3702 europäischen
3216 3664 3459 3706 Gleichgewicht
3478 3667 3545 3701 und
3562 3667 3670 3702 bannt
3689 3667 3761 3703 dem
3779 3669 3883 3705 Welt¬

2972 3707 3100 3748 frieden
3121 3708 3251 3744 dienen.
3308 3755 3543 3762 _

3209 3780 3637 3852 Kantone.

3238 3862 3450 3900 Appenzell
3477 3864 3614 3903 J.-Rh.

3028 3903 3321 3940 SäntiSbahn.
3348 3905 3460 3942 (Korr.)
3488 3906 3548 3937 Die
3574 3907 3883 3946 KantonSregierung

2973 3943 3024 3979 hat
3052 3952 3117 3974 nun
3144 3944 3217 3975 über
3244 3945 3300 3976 den
3327 3945 3558 3977 Winterbetrieb
3606 3949 3660 3985 auf
3687 3948 3739 3979 der
3767 3949 3883 3980 Strecke

2974 3983 3343 4022 Appcnzell-Wafferauen
3369 3987 3419 4017 der
3444 3988 3643 4024 SäntiSbahn
3667 3989 3811 4027 Beschluß
3834 3998 3884 4027 ge.

392 4065 764 4138 Ieuilketon.

405 4184 763 4235 Kunstchronid.

313 4246 379 4281 Im
398 4247 576 4284 Zürcher
594 4248 844 4286 Kunsthau».

178 4295 217 4324 T.
241 4296 285 4327 E»
308 4297 343 4332 tst
365 4298 431 4330 eine
454 4300 538 4335 stille,
559 4302 664 4337 ernste,
686 4302 905 4339 schwerblütige
926 4303 1030 4340 KuUst,

122 4333 168 4365 die
183 4335 211 4370 H
223 4345 242 4366 a
254 4345 272 4366 n
284 4340 301 4366 S
315 4337 431 4374 Brüh
443 4341 454 4369 l
466 4348 495 4369 m
507 4349 525 4370 a
537 4349 556 4370 n
568 4349 587 4370 n
599 4345 625 4371 S.
641 4341 721 4372 Man
736 4343 819 4380 spürt
835 4344 922 4373 einen
939 4350 1028 4380 unge.

119 4375 301 4412 wohnlichen
325 4376 482 4414 Menschen
505 4379 605 4415 hinter
627 4380 724 4419 diesen
746 4383 899 4416 Arbeiten,
941 4385 1028 4414 einen

121 4414 274 4452 Künstler,
298 4416 355 4447 den
379 4421 411 4448 es
435 4427 507 4455 zum
532 4419 666 4456 Großen,
690 4421 911 4459 Wesentlichen,
934 4423 1029 4454 Kern-

119 4454 225 4494 haften
252 4464 319 4493 zog;
366 4457 431 4488 dem
457 4459 535 4489 alle»
572 4459 765 4498 Spielerische
791 4463 854 4492 und
882 4461 1029 4500 Niedliche

118 4497 198 4528 alle»
223 4498 292 4533 nach
315 4497 381 4527 dem
404 4499 518 4535 großen
544 4499 707 4534 Publikum
729 4500 791 4532 und
816 4501 883 4532 dem
906 4502 1028 4540 billigen

117 4536 287 4573 Geschmack
311 4537 456 4576 Blinzeln
480 4539 532 4569 ein
557 4539 674 4571 Greuel
698 4545 771 4570 war.
815 4541 939 4578 Italien
966 4542 1027 4573 und

119 4575 218 4613 Pari»
232 4579 335 4615 hatten
351 4578 411 4614 ihm
426 4580 512 4610 weit«
527 4579 732 4616 Perspektiven
749 4581 805 4611 voll
822 4582 1027 4619 fruchtbarster

120 4616 326 4656 Anregungen
347 4619 487 4657 eröffnet.
510 4619 597 4655 Wohl
619 4620 674 4652 mit
696 4621 757 4658 sein
780 4621 918 4659 schönste»
939 4620 1029 4656 Glück

119 4660 186 4690 war
207 4662 241 4689 e»
260 4659 352 4695 dann,
371 4659 429 4698 daß
449 4668 482 4691 er
503 4661 535 4691 in
555 4661 717 4697 Stuttgart
735 4663 791 4696 mit
813 4662 910 4695 einctn
930 4663 1027 4702 Archi-

118 4696 215 4727 leiten
229 4700 344 4736 großen
358 4700 456 4736 Stils,
472 4701 529 4731 mit
544 4701 678 4737 Theodor
690 4701 817 4741 Fischer,
833 4705 864 4734 in
880 4712 952 4741 enge
969 4705 1027 4736 Be-

118 4736 261 4775 rührnng
283 4747 322 4776 zu
344 4741 441 4771 treten
463 4741 659 4781 Gelegenheit
683 4744 768 4782 fand:
791 4744 859 4781 hier
880 4746 976 4776 lernte
995 4754 1028 4776 er

120 4775 210 4805 einen
233 4777 358 4814 Meister
377 4780 434 4817 de»
457 4784 580 4821 großen,
604 4784 763 4822 einfachen,
784 4784 956 4823 rhythmisch
980 4786 1026 4817 be-

118 4813 396 4856 lebt«iSchaffen»
410 4822 539 4860 kennen;
555 4825 652 4858 einen,
666 4826 787 4858 derben
801 4826 927 4864 feinsten
940 4826 1028 4859 Sinn

114 4853 209 4892 Lefaß
229 4857 282 4894 für
299 4857 356 4888 den
374 4859 640 4901 Zusammenhang
657 4866 720 4898 und
756 4865 1027 4904 Zusammenklang

118 4895 171 4926 der
193 4896 319 4934 Künste;
342 4898 392 4930 der
413 4901 471 4932 mit
489 4904 589 4934 einem
610 4897 697 4936 Wort
719 4908 929 4938 monumental
948 4913 1027 4945 emp-

118 4935 194 4972 känd
215 4936 276 4967 und
294 4939 456 4974 gestaltete.
474 4942 537 4972 Die
553 4943 647 4979 Lehre
666 4946 720 4984 fiel
738 4948 795 4988 auf
811 4949 906 4985 guten
925 4947 1027 4979 Boden

116 4976 165 5006 vei
182 4976 393 5014 Brühlmann;
413 4980 460 5011 die
478 4981 744 5017 Wandmalereien
760 4988 813 5025 für
830 4988 878 5019 die
892 4987 1027 5025 Pfullin-

115 5022 171 5054 «er
187 5016 306 5053 Hallen,
323 5017 456 5057 Fischer»
473 5021 655 5060 Schöpfung,
670 5025 786 5062 brachte
802 5027 859 5058 den
876 5028 1027 5060 Ausweis.

117 5055 167 5096 In
183 5059 305 5096 unserm
319 5058 496 5097 Kunsthau»
513 5062 595 5099 sollte
608 5070 652 5097 er.
666 5067 774 5104 gereift
789 5067 824 5098 in
838 5068 948 5105 seinem
966 5072 1027 5108 for-

115 5099 222 5129 malen
244 5098 371 5130 Können
393 5101 458 5131 und
481 5102 515 5132 in
538 5102 649 5140 seinem
672 5106 811 5144 farbigen
833 5108 1026 5147 Empfinden,

114 5139 184 5170 eine
207 5141 327 5172 weitere
347 5139 446 5176 Probe
467 5142 553 5174 einer
572 5142 626 5174 der
646 5143 829 5182 Architektur
848 5148 956 5185 stilvoll
976 5150 1026 5187 sich

113 5181 342 5212 etnordnendan
352 5180 487 5214 Malerei
507 5183 619 5221 zeigen.
640 5183 702 5216 Die
722 5187 837 5224 großen
857 5188 1025 5227 weiblichen

114 5217 197 5255 Akt«,
218 5220 267 5253 die
289 5222 332 5253 im
352 5222 458 5261 Herbst
479 5223 554 5253 1909
575 5225 749 5262 entstanden
770 5226 843 5263 sind,
865 5228 924 5259 wie
942 5237 968 5267 z.
987 5230 1025 5261 B.

113 5258 173 5292 da»
195 5260 340 5300 Mädchen
361 5265 421 5296 mit
440 5264 580 5302 Aepfeln,
619 5264 667 5296 die
689 5267 868 5306 Schlafende
887 5269 950 5301 und
972 5270 1025 5302 der

114 5296 234 5338 sitzende
247 5302 304 5334 Akt
316 5303 371 5335 Nr.
384 5304 403 5334 8
420 5306 453 5337 in
469 5306 594 5344 unserer
606 5306 778 5343 Kollektion,
794 5309 834 5346 sie
849 5308 945 5347 stehen
968 5310 1025 5344 mit

112 5337 212 5379 dieser
230 5343 292 5381 ihm
313 5345 535 5385 übertragenen
555 5347 691 5386 Aufgabe
712 5350 763 5387 für
781 5348 888 5387 Zürich
907 5353 1024 5391 zusam-

113 5386 184 5413 men
202 5384 268 5416 und
286 5387 390 5419 wecken
410 5387 494 5421 keine
512 5390 658 5426 geringen
677 5391 875 5428 Hoffnungen
894 5392 947 5424 für
967 5393 1024 5425 da»

1072 4064 1168 4100 Werk,
1189 4064 1245 4097 da»
1264 4066 1348 4103 hatte
1367 4069 1515 4106 entstehen
1538 4071 1636 4109 sollen,
1655 4073 1729 4102 aber
1749 4073 1834 4110 durch
1856 4073 1903 4105 die
1923 4082 1981 4104 un-

1071 4104 1206 4139 heilbare
1232 4106 1392 4143 Krankheit
1419 4110 1479 4140 und
1506 4111 1561 4141 den
1587 4111 1649 4142 Tod
1675 4112 1892 4148 Drühlmann»
1918 4118 1982 4145 ver¬

1072 4144 1158 4174 eitelt
1178 4146 1296 4176 worden
1318 4147 1362 4183 ist.
1383 4148 1426 4179 E»
1448 4149 1510 4185 sind
1532 4150 1728 4188 durchgehend
1748 4155 1823 4191 groß
1843 4153 1982 4191 gesehene

1074 4182 1215 4219 Formen,
1236 4186 1297 4216 und
1320 4188 1395 4223 stark
1416 4189 1448 4218 in
1469 4189 1526 4220 da»
1547 4190 1661 4228 Gefühl
1683 4192 1736 4223 de»
1746 4192 1907 4230 Künstler»
1929 4194 1981 4232 für

1072 4221 1128 4253 den
1148 4224 1260 4259 klaren,
1278 4228 1464 4264 organischen
1484 4229 1749 4268 Zusammenhang
1766 4232 1821 4264 de»
1837 4233 1981 4270 Körper».

1072 4263 1210 4300 Zugleich
1227 4265 1294 4302 geht
1307 4274 1341 4296 er
1355 4267 1473 4298 überall
1488 4269 1602 4308 darauf
1614 4275 1683 4305 au»,
1703 4272 1822 4309 farbige
1834 4273 1927 4310 Reize
1946 4273 1980 4303 in

1074 4304 1135 4340 sein
1158 4303 1244 4335 Werk
1264 4305 1525 4344 hineinzutragen.
1547 4311 1623 4346 Hier
1644 4312 1736 4347 macht
1759 4312 1808 4348 sich
1831 4312 1882 4343 der
1904 4314 1978 4343 Ein-

1073 4344 1141 4380 fluß
1161 4348 1217 4373 von
1237 4345 1333 4380 Pari»
1352 4347 1479 4383 geltend.
1500 4349 1543 4380 E»
1564 4351 1640 4381 lebte
1660 4352 1692 4381 in
1711 4351 1911 4394 Brühlmang
1925 4354 1979 4385 ein

1073 4384 1244 4421 Bedürfnis
1265 4386 1334 4421 nach
1355 4387 1542 4425 malerischer
1564 4390 1788 4430 Bereicherung,
1811 4391 1880 4430 nach
1903 4392 1979 4425 Mit¬

1072 4425 1146 4457 teln.
1172 4423 1228 4455 den
1254 4425 1415 4462 Fleischten
1441 4427 1473 4457 in
1501 4430 1596 4466 seiner
1613 4431 1770 4470 Ligellart
1798 4433 1921 4471 fühlbar
1940 4442 1978 4471 zu

1073 4464 1189 4499 machen
1213 4464 1296 4502 durch
1338 4465 1387 4497 die
1409 4466 1499 4511 Wahl
1539 4469 1592 4502 der
1613 4472 1817 4507 umgebenden
1842 4474 1979 4511 farbigen

1072 4503 1272 4540 Akzidentien,
1293 4504 1381 4544 durch
1401 4507 1490 4539 eiilkn
1512 4510 1643 4547 Teppich,
1667 4511 1753 4548 durch
1775 4512 1878 4548 kühle»
1907 4515 1978 4545 wei-

1069 4544 1126 4580 ße»
1148 4544 1277 4580 Linne»,
1296 4546 1386 4583 durch
1409 4548 1541 4586 Früchte.
1565 4551 1734 4588 Besonder»
1754 4553 1829 4590 reich
1854 4555 1896 4584 im
1919 4554 1977 4584 Be-

1070 4583 1331 4621 Weguntztz-Motiv
1357 4587 1417 4618 und
1446 4589 1575 4627 glücklich
1601 4591 1700 4628 farbig
1725 4591 1823 4624 belebt
1848 4593 1885 4630 ist
1930 4594 1978 4624 die

1070 4624 1251 4662 Schlafende
1269 4627 1334 4663 (Nr.
1348 4628 1408 4663 14),
1421 4628 1469 4658 die
1487 4629 1526 4667 ich
1540 4639 1581 4660 an
1595 4632 1668 4668 erste
1702 4632 1800 4663 Stelle
1814 4635 1906 4665 unter
1920 4632 1978 4664 den

1071 4665 1247 4702 Aktfiguren
1270 4662 1329 4703 (die
1350 4668 1431 4704 meist
1451 4668 1516 4707 doch
1536 4671 1614 4708 schon
1636 4673 1664 4709 so
1685 4673 1882 4712 merkwürdig
1902 4674 1977 4705 über

1072 4705 1129 4736 da»
1156 4706 1409 4745 Studicnmaßige
1437 4708 1488 4739 der
1516 4710 1696 4743 Aktmalerei
1723 4712 1977 4750 hinausgehoben,

1070 4745 1334 4783 hinaufgestcigcrt
1360 4748 1433 4784 sind)
1461 4749 1561 4782 rücken
1586 4751 1697 4781 würde.
1724 4752 1883 4791 Malerisch
1910 4755 1977 4789 noch

1068 4786 1197 4822 weicher,
1215 4788 1346 4821 mürber,
1363 4797 1436 4819 man
1455 4789 1560 4827 möchte
1579 4791 1690 4829 freilich
1708 4794 1779 4832 auch
1799 4795 1903 4832 sagen:
1922 4803 1975 4826 um

1067 4827 1159 4857 einen
1169 4826 1256 4858 Grad
1270 4829 1524 4866 naturalistischer
1539 4831 1574 4868 ist
1586 4833 1633 4863 die
1643 4832 1792 4869 Aktstudie
1809 4835 1878 4870 (von
1888 4834 1974 4869 1907)

1069 4867 1121 4897 der
1145 4866 1313 4906 Sitzenden,
1353 4868 1403 4899 die
1428 4869 1513 4905 ihren
1538 4871 1616 4909 Kopf
1637 4874 1694 4910 auf
1719 4873 1768 4904 die
1790 4874 1976 4911 Stuhllehne

1070 4907 1164 4944 stützt;
1184 4907 1221 4944 sie
1239 4909 1325 4945 zeigt,
1341 4910 1398 4948 auf
1414 4910 1536 4947 welcher
1553 4911 1641 4948 Basis
1662 4913 1778 4949 soliden
1805 4913 1975 4946 Studium»

1068 4948 1121 4978 der
1145 4948 1242 4986 später
1264 4951 1337 4988 auf»
1358 4949 1542 4987 Einfachere,
1564 4951 1709 4989 Größere,
1733 4952 1975 4994 Flächenhaftere

1068 4989 1223 5025 gerichtete
1242 4990 1312 5021 Stil
1331 4989 1383 5020 de»
1402 4988 1561 5027 Künstler»
1581 4991 1630 5029 sich
1651 4993 1789 5031 aufbaut.
1808 4994 1890 5032 Nicht
1911 5000 1975 5027 ver-

1067 5037 1089 5100 8
1089 5030 1166 5066 essen
1190 5029 1230 5067 sei
1254 5030 1399 5068 übrigen»
1423 5030 1491 5068 noch
1516 5031 1562 5063 die
1585 5033 1628 5062 im
1653 5032 1780 5071 NLgligL
1804 5035 1852 5066 bei
1874 5035 1975 5067 einem

1089 5069 1187 5100 leinen
1209 5071 1344 5108 eisernen
1368 5070 1449 5109 Ofen
1494 5072 1554 5102 und
1595 5073 1678 5103 einer
1701 5073 1834 5112 Schüssel
1858 5075 1976 5113 sitzende

1069 5108 1156 5146 Frau
1175 5109 1241 5147 (Nr.
1256 5110 1322 5147 Lv);
1340 5110 1406 5147 hier
1423 5111 1485 5148 sind
1503 5113 1551 5143 die
1568 5112 1750 5147 Karnation.
1766 5114 1823 5147 da»
1841 5115 1974 5147 Linnen-

1069 5149 1164 5186 Hemd,
1186 5150 1243 5183 da»
1264 5159 1358 5190 ganze
1381 5151 1455 5189 hell«
1478 5151 1663 5192 kühlfarbige
1686 5153 1805 5187 Milieu
1825 5164 1867 5194 zu
1889 5157 1976 5189 einer

1070 5190 1176 5227 lichten
1198 5190 1365 5229 Harmonie
1390 5196 1448 5223 von
1471 5193 1622 5232 wahrhaft
1645 5193 1791 5227 delikater
1814 5196 1975 5235 Schönheit

1066 5232 1226 5268 gestimmt.

1124 5271 1226 5303 Neben
1240 5273 1296 5304 den
1312 5273 1543 5312 Einzelfiguren
1558 5275 1591 5306 in
1604 5276 1833 5317 lebensgroßem
1848 5278 1976 5316 Format

1067 5312 1172 5350 finden
1189 5313 1246 5344 wir
1263 5314 1344 5344 daim
1359 5314 1429 5346 eine
1444 5314 1561 5354 Anzahl
1578 5316 1723 5350 kleinerer
1739 5318 1976 5357 Komposition»,

1066 5352 1196 5390 studier,:
1217 5362 1293 5393 ganz
1311 5355 1354 5386 im
1370 5354 1475 5388 Sinne
1492 5361 1549 5390 von
1568 5357 1694 5390 MarLe»
1711 5359 1764 5390 ein
1779 5359 1976 5398 Gruppieren

1064 5394 1176 5425 nackter
1185 5393 1301 5428 Körper
1325 5397 1356 5428 in
1368 5395 1603 5433 derLandschast.
1613 5399 1686 5433 ohne
1697 5400 1778 5432 allen
1788 5401 1977 5433 bestimmten

2028 4074 2214 4111 Sachinhalt,
2233 4077 2305 4113 bloß
2325 4076 2372 4109 die
2393 4078 2518 4116 wohlige
2538 4079 2674 4118 Existenz
2694 4080 2779 4111 einer
2799 4084 2860 4111 au»
2880 4081 2932 4113 der

2026 4115 2234 4152 Alltäglichkeit
2256 4117 2316 4149 und
2337 4118 2421 4154 ihren
2440 4119 2654 4157 Bedürfnissen
2675 4122 2860 4162 losgelösten,
2880 4123 2931 4153 in»

2026 4154 2128 4192 Große
2143 4156 2313 4192 stilisierten
2328 4157 2517 4195 Menschheit,
2532 4160 2582 4190 ein
2598 4159 2845 4199 Zusammensein
2862 4164 2930 4198 nach

2025 4194 2135 4230 höhern
2155 4195 2301 4234 Gesehen,
2321 4200 2407 4229 eine»
2427 4199 2529 4233 Natur
2552 4199 2613 4232 Und
2636 4201 2791 4240 Menschen
2813 4203 2930 4233 verbin-

2026 4233 2137 4265 denden
2160 4235 2274 4267 innern
2296 4237 2476 4275 Rhythwu».
2502 4240 2546 4271 E»
2571 4243 2610 4278 sei
2635 4244 2711 4272 etwa
2733 4242 2929 4280 hingcwiesen

2022 4276 2081 4312 auf
2100 4274 2219 4315 Nr.JJ4.
2240 4276 2312 4309 oder
2332 4281 2387 4318 auf
2408 4279 2462 4310 Nr.
2483 4280 2530 4315 24,
2552 4286 2598 4311 wo
2618 4281 2666 4312 die
2687 4282 2760 4318 zwei
2781 4283 2853 4312 Akte
2873 4284 2929 4313 mit

2023 4313 2079 4349 den
2094 4316 2178 4347 roten
2193 4317 2387 4357 Stämmchen
2403 4321 2433 4351 in
2450 4320 2502 4351 der
2518 4322 2614 4358 satten
2629 4322 2741 4352 blauen
2757 4322 2928 4361 Landschaft

2025 4356 2123 4393 farbig
2141 4359 2300 4394 ungemein
2321 4360 2399 4398 schön
2416 4361 2713 4399 zusammengesehen
2732 4362 2803 4398 sind.

2080 4397 2140 4427 Ein
2156 4403 2233 4435 paar
2253 4398 2399 4434 Porträte
2416 4401 2476 4437 sind
2496 4401 2543 4430 da.
2563 4401 2632 4432 Da»
2651 4401 2857 4438 Individuelle
2876 4403 2927 4439 hat

2022 4434 2217 4471 Brühlmann
2233 4438 2314 4474 Wohl
2333 4441 2438 4471 immer
2457 4441 2589 4478 weniger
2608 4442 2786 4478 interessiert
2803 4443 2854 4472 al»
2871 4442 2927 4473 da»

2022 4474 2165 4513 Typische.
2186 4476 2353 4515 Abgesehen
2375 4485 2429 4511 von
2451 4481 2517 4511 dem
2539 4482 2638 4518 farbig
2660 4482 2777 4519 schönen
2799 4482 2926 4517 Porträt

2023 4514 2073 4547 der
2094 4511 2178 4552 Frau
2217 4518 2295 4555 seien
2315 4518 2363 4550 die
2382 4522 2452 4557 zwei
2493 4521 2680 4558 männlichen
2701 4522 2844 4557 Porträte
2885 4524 2926 4552 im

2022 4553 2245 4593 Oktogonraum
2266 4558 2516 4596 hervorgehoben;
2538 4561 2577 4596 sie
2597 4561 2658 4598 sind
2677 4565 2737 4592 au»
2757 4561 2807 4591 der
2828 4561 2925 4598 Farbe

2019 4594 2132 4631 heraus
2153 4597 2227 4633 kühn
2251 4599 2312 4628 und
2334 4600 2406 4636 stark
2427 4601 2601 4638 aufgcbaut.

2078 4636 2137 4666 Ein
2160 4642 2237 4674 paar
2261 4639 2329 4669 rein
2355 4641 2504 4677 malerisch
2530 4641 2619 4678 feine,
2644 4642 2737 4672 kleine
2772 4642 2924 4679 figürliche

2020 4674 2136 4712 Sachen
2159 4677 2237 4714 seien
2260 4680 2327 4716 noch
2351 4682 2498 4716 genannt:
2524 4680 2576 4710 der
2599 4682 2732 4717 liegende
2754 4682 2848 4712 kleine
2871 4682 2923 4713 Akt

2020 4714 2074 4745 Nr.
2093 4715 2143 4751 88;
2164 4716 2216 4749 der
2235 4719 2380 4755 weibliche
2401 4720 2453 4750 Akt
2472 4720 2530 4750 mit
2548 4720 2656 4751 blauer
2676 4721 2754 4757 Vase
2777 4721 2843 4757 (Nr.
2864 4722 2924 4758 68).

2019 4754 2071 4786 der
2086 4756 2230 4794 weibliche
2244 4758 2298 4789 Akt
2315 4760 2369 4790 mit
2384 4759 2473 4795 Hund
2492 4760 2558 4796 (Nr.
2575 4759 2634 4797 60),
2649 4766 2694 4791 wo
2711 4769 2782 4791 man
2799 4762 2924 4799 beinahe

2017 4803 2058 4825 an
2075 4795 2236 4834 modernste
2252 4798 2414 4836 geistreiche
2429 4800 2601 4836 Franzosen
2617 4801 2674 4831 wie
2690 4801 2836 4833 Bonnard
2854 4801 2923 4833 den¬

2018 4835 2070 4866 ken
2089 4837 2206 4874 möchte;
2223 4837 2275 4869 die
2291 4837 2389 4870 Dame
2410 4840 2451 4870 im
2471 4839 2665 4876 Pelzmantel
2685 4840 2752 4877 (Nr.
2769 4841 2830 4878 26).

2073 4876 2135 4907 Die
2158 4876 2333 4916 Landschaft
2358 4878 2410 4915 hat
2436 4880 2634 4916 Brühlmann
2681 4882 2751 4918 auch
2776 4883 2922 4921 gepflegt;

2014 4915 2087 4947 aber
2096 4916 2143 4947 die
2151 4916 2471 4955 LandschaftSmalcrei
2501 4920 2602 4957 spielte
2622 4921 2687 4958 doch
2696 4922 2775 4959 wohl
2787 4931 2848 4953 nur
2859 4925 2925 4955 eine

2019 4956 2177 4992 sekundäre
2195 4957 2281 4988 Rolle
2300 4959 2347 4990 bei
2368 4959 2437 4995 ihm.
2458 4960 2502 4991 Er
2520 4959 2573 4997 hat
2593 4961 2625 4992 in
2647 4962 2704 4993 den
2726 4963 2826 5000 letzten
2847 4963 2926 5000 Zeit,

2018 4996 2094 5033 wohl
2115 4997 2188 5034 nicht
2210 4997 2285 5034 ohne
2309 4998 2439 5038 Einfluß
2463 5005 2520 5031 von
2543 5005 2603 5032 van
2626 5002 2714 5040 Gogh
2754 5004 2817 5040 her,
2860 5006 2926 5036 eine

2016 5036 2135 5074 knappe,
2145 5038 2324 5076 wesenhafte
2333 5040 2583 5079 Ausdrucksform
2615 5043 2667 5081 für
2677 5043 2726 5075 die
2737 5045 2854 5083 farbige
2864 5045 2926 5076 Na-

2016 5078 2163 5115 turviston
2189 5080 2314 5117 gesucht.
2331 5079 2411 5111 Man
2428 5080 2500 5118 sieht
2517 5082 2575 5113 da»
2590 5084 2661 5120 auch
2689 5084 2738 5114 bei
2755 5083 2812 5116 den
2829 5084 2927 5124 Zeich.

2018 5124 2148 5156 nungen,
2170 5118 2218 5150 die
2239 5120 2308 5157 noch
2332 5121 2374 5152 im
2398 5121 2553 5159 Frühjahr
2577 5123 2650 5154 1910
2675 5124 2710 5156 in
2731 5125 2838 5157 Bätti»
2862 5129 2928 5159 ent-

2018 5158 2140 5194 standen
2154 5159 2227 5197 sind.
2243 5159 2354 5193 Damit
2371 5162 2424 5202 soll
2440 5162 2515 5195 aber
2529 5172 2556 5201 z.
2573 5163 2611 5195 B.
2627 5164 2684 5196 da»
2701 5165 2859 5205 Verdienst
2876 5168 2929 5200 der

2016 5199 2130 5238 großen
2155 5199 2425 5241 Filderlandschast
2453 5203 2524 5240 (von
2551 5203 2638 5242 1908)
2668 5206 2745 5244 nicht
2771 5208 2931 5247 geleugnet

2019 5239 2096 5276 sekn:
2117 5239 2155 5276 sie
2171 5240 2225 5278 hat
2241 5242 2311 5274 eine
2328 5244 2414 5282 freie,
2432 5245 2558 5283 sonnige
2575 5244 2685 5283 Weite,
2700 5246 2752 5279 die
2767 5248 2826 5281 da»
2843 5248 2932 5288 Auge

2016 5280 2076 5312 mit
2088 5280 2230 5319 Behagen
2241 5283 2358 5321 erfüllt.

2074 5321 2222 5361 Vielleicht
2241 5331 2295 5355 am
2314 5325 2452 5363 stärksten
2469 5327 2539 5359 tritt
2558 5327 2606 5361 die
2625 5330 2796 5369 malerische
2817 5331 2932 5371 Potenz

2018 5362 2053 5394 in
2073 5362 2272 5401 Brühlmann
2292 5365 2342 5398 bei
2364 5367 2467 5405 seinen
2488 5367 2650 5401 Stilleben
2671 5373 2790 5409 zutage.
2813 5372 2858 5403 Er
2879 5373 2933 5410 hat

2018 5401 2158 5437 TLzaune
2185 5405 2294 5440 tüchtig
2319 5406 2443 5440 studiert
2466 5409 2531 5441 und
2558 5412 2736 5445 verleugnet
2761 5413 2819 5444 da»
2845 5413 2931 5450 nicht.

2975 4083 3071 4113 Seine
3116 4084 3254 4122 kraftvoll
3295 4085 3443 4122 gesunden
3489 4086 3679 4122 Fruchtstückc
3725 4088 3787 4123 sind
3830 4088 3881 4117 ein

2975 4122 3158 4159 sprechender
3179 4125 3271 4162 Beleg
3291 4126 3391 4163 dafür.
3410 4126 3469 4157 Die
3490 4127 3715 4163 Blumenstücke,
3734 4135 3825 4162 gerne
3846 4127 3880 4157 in

2973 4164 3170 4202 Verbindung
3188 4166 3245 4197 mit
3258 4167 3357 4196 einem
3376 4166 3510 4203 farbigen
3528 4167 3614 4202 Tuch,
3632 4167 3794 4197 entwickeln
3811 4167 3879 4196 eine

2975 4205 3078 4241 saftige
3097 4204 3275 4242 Farbigkeit,
3291 4206 3352 4236 und
3368 4206 3475 4237 wieder
3491 4208 3569 4242 weist
3581 4209 3639 4243 auf
3654 4207 3699 4236 die
3715 4207 3808 4242 Lehre
3826 4206 3878 4237 de»

2973 4245 3085 4281 großen
3104 4245 3274 4282 Franzosen
3301 4245 3348 4275 die
3366 4246 3518 4283 kraftvolle
3534 4247 3591 4276 Art
3609 4247 3660 4276 de»
3678 4245 3877 4283 Zusammen-

2973 4285 3084 4321 fassen»
3112 4285 3164 4314 der
3193 4286 3460 4322 Farbenkomplexe
3487 4295 3526 4322 zu
3555 4286 3666 4322 starken
3694 4286 3876 4322 Intensität,

2971 4325 3015 4354 die
3037 4324 3174 4361 Rücksicht
3213 4327 3269 4362 auf
3306 4325 3354 4355 die
3395 4327 3561 4362 malerische
3603 4326 3876 4362 Gesamtwirkung.

2971 4365 3084 4400 Sachen
3105 4365 3162 4395 wie
3183 4365 3229 4395 die
3250 4366 3418 4395 Nummern
3439 4366 3485 4399 29,
3506 4366 3552 4400 37,
3571 4366 3617 4398 39.
3638 4366 3684 4399 82,
3704 4367 3751 4400 53,
3772 4366 3818 4399 54,
3839 4367 3876 4395 63

2970 4421 3007 4426 —
3048 4413 3101 4434 um
3126 4412 3187 4436 nur
3212 4405 3455 4442 beispielshalber
3480 4407 3577 4442 einige
3604 4406 3697 4443 dieser
3723 4407 3876 4437 Stilleben

2969 4445 3237 4483 herauszugreifen
3259 4461 3297 4467 —
3319 4446 3381 4482 sind
3403 4445 3579 4482 Leistungen
3603 4451 3658 4476 von
3681 4446 3769 4483 höchst
3792 4449 3876 4484 statt¬

2970 4486 3055 4518 licher
3082 4486 3268 4523 malerischer
3296 4486 3420 4519 Kultur,
3448 4487 3494 4517 die
3521 4487 3769 4523 Kunstliebhaber
3797 4488 3876 4523 wohl

2969 4526 3067 4561 reizen
3086 4525 3218 4563 dürften.
3255 4526 3379 4562 Schade,
3415 4526 3473 4564 daß
3492 4527 3537 4557 die
3555 4527 3659 4564 Preise
3679 4527 3722 4558 im
3762 4528 3875 4565 Durch,

2969 4566 3071 4602 schnitt
3091 4566 3119 4603 so
3140 4565 3203 4603 hoch
3221 4567 3332 4603 gestellt
3352 4565 3423 4602 sind.

3023 4606 3118 4638 Unter
3144 4606 3200 4636 den
3246 4607 3420 4644 figürlichen
3447 4607 3654 4645 Zeichnungen
3701 4609 3764 4645 sind
3812 4611 3876 4641 ent¬

2966 4646 3082 4682 zückend
3104 4647 3180 4683 rasch
3201 4646 3263 4677 und
3284 4647 3369 4683 sicher
3387 4647 3638 4685 hingeschriebene
3659 4648 3797 4681 Studien
3821 4657 3878 4681 von

2964 4687 3022 4722 echt
3042 4686 3259 4724 künstlerischer
3277 4688 3399 4724 Faktur.

3021 4726 3089 4756 De»
3114 4726 3275 4763 Künstler»
3299 4728 3421 4762 Gattin,
3466 4729 3552 4766 Frau
3577 4730 3690 4761 Nina
3715 4731 3878 4768 Brühl¬

2967 4775 3109 4800 mann.
3129 4768 3163 4804 ist
3185 4769 3241 4799 mit
3261 4769 3345 4800 einer
3367 4769 3483 4807 Anzahl
3504 4771 3587 4807 ihrer
3605 4773 3879 4809 ausgezeichneten,

2970 4807 3213 4844 charaktervollen
3247 4809 3482 4848 Schmucksachen
3516 4813 3678 4847 vertreten,
3728 4813 3787 4844 wie
3820 4814 3879 4844 wir

2968 4848 3057 4879 deren
3101 4849 3182 4886 schon
3205 4850 3311 4887 früher
3334 4851 3369 4880 in
3411 4853 3532 4890 unserm
3556 4852 3733 4890 Kunsthau»
3758 4854 3880 4891 gesehen

2965 4888 3071 4924 haben.
3090 4889 3198 4921 Ketten
3219 4891 3281 4921 und
3301 4891 3445 4929 Broschen
3464 4898 3522 4924 von
3543 4893 3707 4931 massivem,
3729 4896 3882 4933 schwerem

2968 4929 3088 4966 Gefüge
3111 4930 3175 4967 sind
3198 4931 3232 4962 in
3256 4932 3341 4963 einer
3364 4932 3490 4964 Vitrine
3510 4933 3565 4965 de»
3588 4934 3758 4973 getäferten
3783 4937 3884 4967 linken

2969 4970 3240 5007 Eingangsraums
3264 4981 3321 5010 zur
3343 4973 3538 5013 Ausstellung
3562 4976 3720 5013 vereinigt.
3743 4977 3804 5008 Die
3828 4978 3884 5008 Er-

2969 5011 3116 5049 zeugnifle
3152 5012 3205 5045 der
3239 5013 3417 5051 Künstlerin
3451 5015 3551 5053 haben
3566 5016 3622 5047 mit
3640 5017 3696 5047 den
3714 5018 3884 5049 Gemälden

2971 5052 3054 5089 ihre»
3075 5052 3193 5086 Gatten
3213 5053 3271 5086 den
3293 5055 3360 5092 Zug
3381 5063 3437 5094 zur
3458 5058 3586 5095 ernsten,
3607 5058 3762 5097 einfachen
3783 5059 3886 5097 Größe

2970 5094 3100 5130 gemein.
3308 5137 3542 5144 _

3220 5161 3393 5200 Kleine
3417 5163 3640 5205 Chronik.

3027 5224 3068 5233 —
3097 5209 3167 5242 Au»
3196 5211 3402 5243 Mailand
3432 5213 3510 5245 wird
3530 5217 3595 5245 uns
3614 5219 3684 5245 vom
3703 5216 3752 5245 12.
3772 5214 3888 5252 August

2971 5250 3179 5288 geschrieben:
3210 5252 3275 5284 Die
3294 5253 3387 5289 reiche
3405 5254 3559 5292 Tätigkeit
3579 5255 3633 5285 der
3653 5255 3741 5285 alten
3761 5255 3890 5290 Meister

2972 5290 3026 5322 der
3059 5291 3271 5330 italienischen
3290 5293 3428 5325 Malerei
3460 5295 3606 5331 erstreckte
3637 5295 3686 5331 sich
3717 5296 3797 5331 nicht
3826 5302 3888 5325 nur

2973 5332 3029 5370 auf
3049 5333 3099 5363 die
3118 5335 3235 5372 großen
3255 5335 3381 5369 Städte,
3401 5334 3435 5365 in
3455 5336 3552 5366 denen
3572 5336 3717 5373 vrächtige
3727 5336 3888 5371 Herrscher

2972 5374 3045 5404 oder
3073 5374 3242 5412 freigebige
3271 5375 3480 5412 Aristokraten
3507 5376 3557 5406 die
3586 5375 3751 5406 bildenden
3769 5375 3884 5409 Künste

2971 5414 3178 5449 beschirmten,
3197 5416 3268 5449 auch
3288 5416 3323 5446 in
3345 5416 3376 5452 so
3396 5417 3548 5447 manchem
3567 5416 3718 5449 Dörfchen
3727 5415 3886 5450 Italien»,
