3901 5551
183 206 399 254 Mittwoch.
421 204 493 248 11.
507 205 658 257 August
679 205 798 250 1937
847 213 965 256 Blatt
984 215 1011 257 3

1515 237 1585 278 Der
1614 240 1753 290 Zürcher
1780 244 1926 295 Zeitung
1947 246 2029 285 158.
2046 246 2230 299 Jahrgang

2972 258 3310 310 Mittagausgabe
3345 263 3401 301 M
3417 262 3539 305 1444

173 676 426 705 Abonnemente:

170 722 257 747 Zürich
268 729 303 744 am
317 724 422 748 Schallrr
437 727 491 747 oder
504 726 540 748 bei
553 727 661 755 Ablagen
725 728 764 755 Fr.
786 730 834 752 2.60

211 752 283 776 Durch
296 754 427 780 Auslräger
440 756 480 777 Int
495 757 561 782 Haus
578 759 679 784 gebracht
737 774 748 784 .
785 760 833 781 3.30

170 782 281 809 Schweiz
294 784 421 812 Deilellung
436 786 495 808 beim
509 787 609 810 Vostamt
739 806 749 815 .
784 790 832 811 3.30

209 812 326 840 LIelerung
341 817 407 836 unter
421 817 559 839 Streitband
737 835 747 844 .

170 843 292 865 «usland
303 846 368 867 unter
377 846 525 869 SIrelsdand!
535 849 546 868 t
556 848 569 868 3
578 850 615 873 Ap
624 850 708 873 .<par«o
735 865 747 874 .
785 851 833 871 6.50

209 874 275 895 unter
289 875 425 903 Streifband
533 881 544 898 1
554 878 566 898 5
575 880 706 904 «»..Part»
734 895 744 906 .
773 881 829 902 >0.—

208 916 287 943 Wfjug
302 919 332 939 im
346 919 510 945 paNamtlichen
519 922 687 943 Adaunement:
697 924 810 947 Auskunft
821 930 838 945 <r

751 687 760 706 I
770 687 858 708 Atonal
886 688 899 708 3
909 690 969 710 Alte.
1009 692 1022 711 «
1031 692 1091 714 Mte.
1128 694 1151 715 12
1160 696 1221 717 Mt«.

901 733 950 753 *80
1019 734 1079 757 12.50
1147 738 1201 759 25-

901 763 948 784 8.60
1018 765 1077 787 16.20
1144 768 1202 789 31—

899 793 943 813 »-
1018 795 1077 817 16.50
1144 798 1201 820 32—

889 822 948 844 11.50
1016 825 1078 848 22.50
1144 830 1201 850 «—

892 852 948 874 18—
1018 855 1078 878 31.50
1146 860 1200 880 68—

887 882 945 905 27-
1015 885 1073 908 50-
1142 890 1201 910 88-

861 926 903 947 den
917 927 1201 957 Aott-Zeltungslchaltern

1426 694 1531 752 und
1564 693 1947 774 schweizerisches
1978 699 2331 777 Handclsblatt

1590 787 1788 833 Täglich
1822 794 1848 823 :r
1882 794 2148 836 Ausgaben

1591 845 1745 874 Redaktion:
1763 849 1948 882 Falkenstraße
1968 853 2006 884 II.
2022 853 2116 887 Zürich
2136 858 2147 882 l

1419 886 1656 918 Administration:
1673 890 1874 924 Theoterstraße
1889 895 1912 926 3,
1929 895 2079 924 Drulkerei:
2093 899 2279 933 Goethcstraße
2291 903 2322 928 10

1417 928 1550 962 Telephon
1569 931 1702 963 27.100.
1718 935 1929 968 Hauptpostsach.
1947 938 2158 973 Postscheckkonto
2176 944 2240 971 VIII
2252 945 2319 973 645

2548 720 2721 749 Annoncen
2730 732 2738 749 :
2891 730 3022 756 Zriiknmaß
3037 732 3195 755 Aonparettl«.
3210 735 3223 756 8
3238 736 3338 769 Spalten
3358 750 3361 769 (

2544 765 2686 790 Zellenpreis
2700 769 2735 790 für
2750 770 2818 791 totale
2833 771 3118 800 Selchöftsempfehlungen
3253 777 3279 797 50
3292 779 3335 802 Ap.

2544 795 2684 820 Zetlenpreit
2699 798 2734 822 für
2747 800 2862 825 Anzeigen
2877 801 3053 828 Ichweizerilchen
3069 804 3200 832 Urfprung«
3251 808 3278 827 60
3304 823 3319 833 ,

2543 825 2684 850 Zellenpreis
2698 828 2735 851 für
2748 829 2863 855 Anzeigen
2879 833 3047 856 ausländitchcn
3068 836 3198 862 Ursprung«
3251 837 3276 857 75
3304 853 3316 861 .

2540 855 2746 882 Aetlame-Zeilen,
2759 859 2836 880 Breite
2851 861 2889 882 der
2904 863 3042 887 TerUpallen
3232 867 3277 887 2.50
3291 867 3330 893 Fr.

2578 885 2697 912 Abschluh-
2711 888 2758 908 und
2773 889 3056 917 Wiederholungsrabalte
3070 895 3123 918 nach
3137 895 3204 918 Tarif

2540 922 2854 957 Annoncen-Abteilung:
2871 934 3037 961 Tdealkrsin-s«
3046 937 3059 956 3
3068 938 3114 958 und
3121 938 3298 965 Dahnhofstraße
3307 941 3332 961 70

2575 963 2673 985 Adrelle:
2688 965 2787 988 Bofifach
2801 965 2958 990 Fraumünfter
2971 969 3056 994 Zürich.
3079 971 3193 996 Boslfcheek
3208 973 3265 994 Vlll
3283 974 3331 994 ,26«

242 1058 895 1125 Bevölkerungspolitische

230 1121 589 1186 Maßnahmen
611 1131 905 1190 Mussolinis

661 1216 683 1243 8
703 1215 798 1246 Rom.
819 1216 858 1243 im
877 1216 942 1251 Juli

212 1262 271 1295 Tie
291 1266 452 1311 Beschlüsse
472 1270 545 1301 über
567 1271 613 1302 die
632 1271 975 1311 Bcvölkcrnngspolitik,

154 1299 201 1330 die
232 1302 283 1333 der
305 1300 470 1346 fascistischc
503 1309 604 1348 Große
627 1311 687 1342 Nat
708 1310 741 1342 in
761 1311 855 1349 seiner
877 1313 974 1350 letzten

151 1338 274 1376 Zession
297 1344 397 1381 gcjnßt
418 1348 479 1383 hat,
504 1347 566 1383 sind
589 1356 648 1379 von
671 1350 727 1379 den
747 1349 887 1387 Juristen
912 1359 975 1381 vcr-

150 1377 281 1410 arbeitet
299 1384 434 1417 worden,
453 1385 484 1422 so
504 1386 564 1422 daß
584 1387 621 1424 sie
640 1387 672 1417 in
690 1386 785 1424 Form
804 1388 887 1418 einer
906 1395 974 1419 vor¬

149 1415 287 1453 läufigen
332 1421 645 1462 ..demographischen"
687 1424 900 1464 Gcseßgebnng
942 1427 973 1457 in

150 1452 242 1491 Kraft
267 1457 363 1496 gesetzt
387 1463 507 1493 werden
533 1463 671 1495 konnten.
706 1465 748 1495 Es
772 1466 896 1502 handelt
923 1466 972 1504 sich

151 1499 204 1522 nm
238 1495 303 1526 eine
335 1499 506 1538 organische
540 1501 632 1541 Folge
665 1508 725 1533 von
747 1503 902 1539 Dekreten,
927 1504 973 1534 die

149 1532 222 1569 nach
256 1537 321 1565 und
354 1539 425 1577 nach
449 1541 697 1578 vervollständigt
729 1543 847 1573 werden
871 1542 971 1579 sollen,

150 1572 213 1600 und
236 1576 296 1604 von
318 1576 412 1608 denen
432 1587 505 1609 man
525 1578 611 1617 hofft,
631 1581 690 1618 daß
710 1580 746 1624 sic
766 1581 971 1619 erfolgreicher

149 1608 200 1638 als
224 1609 271 1641 die
296 1613 448 1654 bisherige
473 1617 684 1656 Gesetzgebung
709 1618 741 1650 in
765 1619 887 1657 Italien
914 1622 970 1651 das

148 1646 344 1688 Bewußtsein
382 1654 434 1685 des
463 1656 573 1687 Volkes
613 1657 804 1694 beeinflussen
842 1660 970 1690 werden,

148 1692 207 1715 -t-ic
229 1688 408 1730 Erfahrung
428 1694 512 1725 eines
534 1695 722 1734 Jahrzehnts
743 1699 797 1734 hat
816 1697 863 1727 die
882 1706 971 1728 man-

147 1725 279 1764 gelhaftc
316 1730 520 1770 Wirksamkeit
558 1733 640 1771 jener
676 1735 888 1773 Maßnahmen
926 1745 969 1767 er¬

146 1762 265 1800 wiesen.
287 1767 334 1798 die
355 1774 410 1800 vor
434 1772 523 1803 allem
546 1774 601 1812 auf
622 1773 686 1804 eine
707 1773 895 1813 Steigerung
918 1776 969 1806 der

147 1801 417 1846 Eheschließungen
440 1810 596 1848 abzieltcn;
616 1813 698 1849 wohl
718 1812 787 1851 stieg
810 1813 841 1844 in
864 1813 969 1844 beden-

149 1840 268 1874 tcndem
285 1846 380 1884 Maße
398 1848 444 1880 die
461 1850 541 1888 Zahl
558 1851 608 1882 der
626 1851 718 1889 Ehen,
737 1852 814 1890 nicht
832 1853 904 1883 aber
921 1853 968 1884 die

145 1878 198 1909 der
223 1881 390 1917 Geburten.

204 1922 271 1954 Bor
297 1928 387 1959 allem
423 1931 541 1962 werden
566 1940 631 1964 nun
655 1932 701 1965 die
736 1933 869 1971 Ehen-
904 1935 967 1965 und

144 1961 581 2005 Gcburtcnprämien
655 1972 742 2011 durch
805 1972 968 2011 ebensolche

145 1999 370 2041 Darlehen
408 2009 665 2049 vervollständigt,
692 2014 754 2042 und
781 2017 861 2048 zwar
891 2013 967 2050 ohne

143 2037 309 2085 Ansehung
338 2045 388 2075 der
415 2047 734 2087 Bevölkerungsdichte
762 2050 794 2080 in
823 2050 902 2082 allen
929 2053 966 2081 98

143 2076 317 2118 Provinzen
342 2083 493 2121 Italiens.
529 2086 586 2118 Die
614 2088 784 2127 staatlichen
811 2089 965 2128 Darlehen

144 2115 194 2150 für
219 2119 377 2158 Ehepaare
400 2124 448 2156 bis
472 2135 539 2164 zum
562 2127 748 2159 vollendeten
771 2130 817 2159 26.
839 2127 965 2159 Lebcns-

143 2156 214 2192 whr
236 2160 357 2192 werden
382 2164 456 2194 1090
478 2165 527 2196 bis
547 2167 622 2196 3000
643 2165 709 2197 Lire
733 2166 885 2205 betragen.
907 2168 965 2199 Die

141 2194 352 2238 Rückzahlung
386 2202 511 2241 beginnt
544 2206 632 2243 zwölf
653 2206 783 2236 Monate
817 2206 889 2244 nach
914 2208 963 2237 der

142 2233 384 2278 Eheschließung.
409 2247 497 2274 wenn
524 2242 557 2274 in
584 2244 675 2282 dieser
702 2244 769 2281 Zeit
795 2244 857 2275 kein
883 2245 963 2277 Kind

142 2271 273 2308 geboren
293 2281 408 2315 wurde;
430 2281 476 2312 bei
497 2282 548 2312 der
568 2282 685 2315 Geburt
705 2284 756 2314 des
778 2283 870 2320 ersten
890 2284 963 2315 Kin-

141 2311 194 2341 des
222 2316 343 2348 werden
371 2320 405 2348 10
429 2320 558 2358 Prozent
586 2323 637 2352 des
664 2321 837 2359 Darlehens
863 2323 963 2361 gcstri-

140 2350 217 2385 chcn.
240 2355 304 2385 und
325 2356 376 2392 für
396 2357 443 2389 die
464 2359 718 2399 nächstfolgenden
740 2361 895 2393 Geburten
916 2364 962 2396 20.

139 2390 176 2418 30
202 2393 267 2422 und
292 2396 330 2423 40
355 2396 494 2435 Prozent.
529 2398 642 2436 Ferner
665 2400 727 2437 sind
753 2400 794 2431 im
819 2400 961 2438 Verhält-

139 2430 191 2457 nis
215 2437 269 2466 zur
294 2433 477 2474 Kinderzahl
502 2437 573 2476 auch
609 2438 855 2476 fiskalische
889 2439 961 2470 Er-

140 2465 470 2513 leichterungen
510 2477 696 2515 vorgesehen,
728 2478 790 2508 und
821 2484 900 2515 zwar
929 2477 961 2509 in

139 2512 223 2536 einer
242 2510 314 2548 noch
335 2520 370 2549 zu
389 2514 620 2551 bestimmenden
638 2515 808 2555 Abstufung
827 2516 877 2546 bis
894 2524 961 2555 zum

139 2543 278 2585 gesetzlich
307 2551 522 2590 vorgesehenen
550 2553 808 2593 Minimalbctrag
836 2555 886 2592 für
915 2555 961 2586 die

137 2582 241 2619 Haus-
267 2589 330 2618 und
356 2589 403 2620 die
428 2592 710 2631 Familicnsteuern.
746 2594 861 2631 Zudem
886 2600 959 2625 wer-

138 2622 194 2652 den
217 2623 265 2658 die
296 2627 580 2668 Schulgelder
613 2631 639 2668 je
671 2631 741 2670 nach
764 2633 814 2662 der
833 2632 959 2663 Kinder-

137 2661 206 2697 zahl
232 2663 316 2695 einer
341 2667 475 2705 Familie
498 2669 680 2709 vollständig
704 2671 775 2702 oder
799 2680 867 2709 zum
892 2671 960 2704 Teil

138 2700 265 2738 erlassen
284 2705 356 2735 oder
375 2708 536 2746 gestundet.

194 2743 366 2783 Besondere
412 2750 624 2794 Maßnahmen
672 2751 768 2790 gelten
816 2751 865 2788 für
912 2753 958 2784 die

136 2780 398 2818 Staatsbeamten
412 2791 475 2821 und
490 2791 539 2828 für
555 2791 601 2821 die
616 2790 754 2822 Arbeiter
771 2793 833 2822 und
848 2792 958 2823 Beam¬

137 2819 185 2851 ten
211 2821 263 2854 der
286 2825 509 2866 Gesellschaften
534 2829 722 2868 öffentlichen
744 2830 860 2867 Rechts.
893 2830 958 2869 Für

136 2857 182 2888 die
221 2861 372 2896 Beamten
411 2867 577 2906 staatlicher
616 2869 678 2899 und
716 2868 958 2908 halbstaatlicher

136 2897 258 2931 Acmter
276 2901 367 2939 sollen
385 2904 711 2945 Gehaltserhöhungen
731 2907 806 2945 nicht
824 2908 907 2945 mehr
925 2908 956 2939 in

135 2935 323 2977 festgesetzten
345 2942 579 2983 Zeitabständen
603 2945 745 2984 erfolgen,
768 2946 895 2985 sondern
917 2947 956 2985 je¬

135 2975 223 3006 weils
248 2979 295 3010 bei
318 2981 370 3011 der
392 2982 509 3015 Geburt
530 2983 613 3016 eines
634 2984 760 3021 Kindes;
785 2986 835 3016 der
858 2986 956 3024 Groß¬

140 3013 193 3044 teil
223 3016 276 3047 der
309 3021 585 3060 neuzubcsctzcnden
617 3023 843 3062 Arbeitsposten
875 3025 955 3055 wird

135 3051 184 3086 für
221 3055 422 3096 Verehelichte
457 3062 663 3099 Vorbehalten.
698 3062 763 3100 Für
798 3062 955 3100 Offiziers-

135 3090 245 3123 bräutc
271 3096 350 3128 wird
377 3098 423 3129 die
452 3099 554 3138 bisher
583 3100 807 3139 pflichtgemäße
835 3101 956 3140 Mitgift

135 3130 324 3173 abgeschafft;
347 3136 394 3167 die
417 3138 540 3177 billigen
563 3139 851 3178 Bolkswohnnngcn
877 3140 956 3175 (ca,e

132 3170 288 3209 popolari)
314 3176 433 3208 werden
457 3178 674 3216 vorzugsweise
697 3187 737 3211 an
762 3179 954 3218 kinderreiche

134 3208 292 3247 Ehepaare
330 3214 507 3253 abgegeben.
545 3217 607 3256 Auf
642 3218 707 3248 dem
743 3218 864 3250 Gebiete
902 3220 953 3249 des

133 3246 168 3277 M
181 3256 200 3277 u
215 3248 225 3278 t
239 3249 249 3280 t
262 3259 276 3280 e
288 3260 303 3281 r
316 3252 326 3289 s
338 3253 364 3290 ch
378 3262 395 3283 a
409 3252 421 3291 s
432 3255 442 3285 t
454 3257 470 3285 s
483 3255 493 3293 s
504 3255 531 3293 ch
544 3264 564 3286 u
577 3257 594 3293 tz
607 3264 621 3286 e
632 3259 648 3287 8
667 3257 730 3286 und
751 3258 801 3288 der
821 3257 953 3288 Mutter¬

133 3284 379 3329 schaftsfürsorge
399 3292 490 3330 sollen
512 3294 558 3325 die
578 3295 886 3333 Staatsangestellten
908 3296 954 3326 die

132 3324 261 3362 gleichen
280 3329 418 3362 Borteile
438 3332 581 3370 genießen
600 3334 657 3364 wie
677 3333 723 3364 die
742 3333 844 3369 bisher
864 3336 951 3372 recht¬

132 3362 184 3401 lich
205 3365 445 3406 bcsscrgestclltcn
464 3371 697 3403 Arbeiterinnen
715 3374 777 3404 und
793 3373 951 3404 Beamtin-

132 3408 189 3433 neu
209 3404 260 3435 der
282 3406 689 3449 Privatnnternehmungen.

188 3445 248 3478 Die
272 3456 347 3480 neue
369 3451 581 3492 Gesetzgebung
605 3454 637 3485 in
657 3452 779 3491 Italien
803 3453 951 3486 erweitert

131 3485 203 3522 auch
228 3486 276 3517 die
298 3489 499 3530 Zuwendung
525 3493 576 3522 der
599 3492 804 3530 sogenannten
830 3494 950 3532 „Fami-

131 3521 351 3572 licnziischüsse"
374 3529 514 3568 (Assegni
535 3530 702 3566 familiari),
724 3534 785 3563 und
804 3538 883 3569 zwar
901 3533 950 3569 für

130 3561 188 3592 alle
225 3564 464 3604 Arbeitsgebiete
503 3570 553 3599 der
592 3569 860 3608 Privatindustrie,
900 3572 950 3601 der

129 3599 389 3643 Landwirtschaft,
417 3608 469 3638 des
496 3608 632 3644 Handels
662 3610 723 3640 und
754 3610 805 3640 des
832 3610 949 3640 Kredit¬

128 3640 252 3676 wesens.
275 3643 322 3680 In
345 3645 400 3675 den
424 3641 710 3685 Arbeitsvcrträgen
734 3648 809 3679 aller
831 3648 949 3679 Arbeit-

129 3679 252 3714 nehmcr
280 3681 358 3714 wird
387 3683 451 3715 eine
480 3685 707 3725 diesbezügliche
736 3686 859 3724 Klausel
887 3687 948 3718 ein-

128 3716 292 3754 geschaltet.
342 3721 400 3753 Die
439 3724 521 3761 Höhe
565 3725 615 3756 der
655 3725 948 3763 Familienzuschüssc

128 3755 208 3787 wird
230 3760 302 3796 nach
326 3761 376 3791 der
399 3761 581 3800 Kinderzahl
605 3763 760 3802 abgestust,
784 3765 846 3795 und
869 3772 948 3808 zwar

129 3793 160 3824 in
196 3796 260 3828 drei
285 3799 480 3837 Kategorien:
513 3800 563 3838 für
585 3802 739 3840 Familien
772 3802 829 3834 mit
851 3811 948 3835 einem

128 3833 218 3867 Kind,
238 3835 288 3873 für
304 3837 457 3874 Familien
475 3839 530 3871 mit
546 3840 616 3877 zwei
634 3842 705 3872 oder
722 3841 784 3872 drei
802 3841 946 3876 Kindern,

128 3870 178 3907 für
197 3873 353 3911 Familien
372 3876 428 3908 mit
448 3878 512 3909 vier
530 3880 600 3910 oder
618 3880 700 3917 mehr
717 3880 861 3911 Kindern.
889 3880 946 3912 Die

128 3910 178 3941 der
208 3912 301 3951 ersten
328 3915 490 3955 Kategorie
517 3918 746 3957 angchörendcn
774 3918 946 3956 Industrie¬

128 3949 261 3982 arbeiter
288 3954 424 3988 erhalten
453 3955 538 3987 einen
565 3956 786 3995 wöchentlichen
812 3957 946 3996 Zuschuß

127 3992 187 4020 von
213 3991 280 4021 3.60
305 3992 381 4028 Lire,
407 3993 453 4025 die
478 3995 528 4025 der
553 3995 674 4033 zweiten
699 3995 860 4034 Kategorie
884 4001 944 4028 von

1016 1037 1082 1067 4.80
1100 1038 1167 1070 Lire
1189 1041 1239 1077 für
1259 1043 1340 1079 jedes
1358 1045 1450 1081 Kind,
1470 1046 1517 1077 die
1536 1048 1587 1079 der
1609 1050 1720 1082 dritten
1740 1053 1830 1084 Kate¬

1016 1076 1099 1111 gorie
1135 1084 1194 1110 von
1221 1082 1238 1110 6
1264 1082 1331 1113 Lire
1369 1083 1417 1121 für
1454 1085 1534 1121 jedes
1569 1088 1657 1119 Kind.
1692 1090 1756 1126 Für
1783 1093 1829 1122 die

1015 1115 1343 1158 landwirtschaftlichen
1394 1124 1621 1163 Arbeitnehmer
1672 1129 1732 1164 sind
1784 1131 1830 1161 die

1014 1152 1100 1189 Sätze
1125 1155 1285 1195 niedriger,
1312 1161 1439 1201 nämlich
1466 1163 1728 1204 beziehungsweise
1754 1172 1829 1204 2.40.

1014 1192 1080 1222 3.60
1102 1196 1164 1225 und
1188 1198 1253 1226 4.80
1274 1197 1341 1228 Lire
1360 1202 1544 1240 wöchentlich
1566 1204 1615 1239 für
1636 1205 1716 1242 jedes
1738 1208 1828 1239 Kind.

1013 1228 1078 1266 Für
1102 1232 1148 1262 die
1171 1234 1319 1267 Beamten
1346 1238 1396 1268 der
1423 1239 1626 1277 industriellen
1653 1247 1716 1276 und
1741 1248 1827 1277 land-

1012 1269 1265 1311 wirtschaftlichen
1309 1275 1594 1319 Unternehmungen
1637 1281 1733 1318 stellen
1778 1286 1827 1322 sich

1014 1308 1179 1348 einheitlich
1205 1312 1251 1342 die
1275 1313 1359 1348 Sätze
1384 1321 1439 1352 pro
1461 1317 1541 1348 Kind
1565 1321 1627 1350 und
1649 1321 1751 1356 Woche
1773 1325 1828 1360 ans

1013 1347 1087 1379 4.80.
1109 1350 1126 1377 6
1150 1351 1212 1379 und
1234 1352 1299 1381 7.20
1321 1352 1396 1384 Lire.
1429 1355 1514 1391 Diese
1536 1356 1828 1398 Familienzuschüsse

1011 1386 1130 1417 werden
1154 1392 1213 1418 von
1237 1391 1288 1419 der
1315 1391 1416 1429 .Kasse
1441 1394 1490 1429 für
1516 1395 1824 1437 Familirnziischnsse"

1011 1425 1190 1462 verabfolgt,
1237 1428 1282 1459 die
1327 1429 1480 1468 ibrerseits
1525 1439 1594 1465 vom
1641 1434 1825 1476 saseistischen

1011 1460 1283 1501 Nationalinstitnt
1308 1467 1357 1503 für
1383 1468 1488 1506 soziale
1512 1471 1659 1511 Fürsorge
1682 1475 1827 1515 abhängt,

1012 1507 1076 1531 ■tc»
1104 1504 1323 1540 prozentuellen
1347 1507 1549 1545 Hauptanteil
1577 1521 1616 1542 an
1644 1512 1738 1550 diesen
1765 1517 1826 1552 Zu-

1012 1537 1133 1576 schüssen
1151 1542 1257 1579 tragen
1274 1544 1321 1574 die
1337 1546 1538 1584 Arbeitgeber.
1554 1551 1679 1581 Beamte
1697 1554 1752 1584 mit
1767 1556 1824 1585 Ge-

1012 1575 1131 1612 haltern
1152 1585 1211 1611 von
1232 1583 1305 1613 über
1325 1586 1400 1614 2000
1417 1586 1484 1617 Lire
1503 1590 1663 1626 monatlich
1685 1591 1745 1626 sind
1764 1599 1823 1623 von

1010 1615 1105 1653 diesen
1124 1619 1408 1660 Bergünstigungen
1430 1626 1668 1665 ausgeschlossen.

1068 1673 1109 1703 Es
1127 1675 1250 1711 handelt
1269 1677 1319 1715 sich
1337 1678 1391 1715 erst
1410 1689 1461 1711 um
1480 1680 1566 1713 einen
1582 1683 1823 1723 versuchsweisen

1009 1709 1141 1750 Anfang,
1164 1713 1239 1752 nicht
1259 1725 1310 1746 um
1331 1716 1379 1747 ein
1401 1718 1513 1754 starres
1535 1720 1670 1757 Schema.
1699 1724 1756 1755 Die
1777 1726 1823 1755 bc-

1009 1750 1340 1791 Völker»ngSpolitischc
1356 1756 1566 1797 Gesetzgebung
1582 1761 1633 1795 hat
1652 1761 1729 1792 keine
1746 1764 1823 1795 Tra-

1009 1787 1155 1823 ditioneu,
1177 1792 1296 1829 obwohl
1319 1793 1354 1830 sic
1373 1796 1523 1832 durchaus
1544 1798 1619 1835 nicht
1641 1808 1697 1830 neu
1720 1801 1763 1838 ist.
1785 1803 1822 1832 da

1010 1825 1090 1862 schon
1118 1829 1275 1868 Augustus
1303 1833 1390 1870 durch
1419 1834 1572 1873 gesetzliche
1597 1837 1700 1868 Mittel
1726 1841 1824 1878 Achn-

1008 1863 1096 1902 liches
1111 1875 1145 1904 zu
1161 1869 1306 1907 erreichen
1323 1871 1424 1910 suchte.
1439 1873 1488 1904 Ta
1505 1874 1576 1906 aber
1590 1884 1649 1906 nur
1666 1877 1711 1907 die
1726 1879 1822 1908 leben-

1008 1902 1073 1941 dige
1092 1905 1336 1946 Ncberlieferung
1355 1910 1532 1955 Erfahrung
1549 1913 1638 1952 birgt,
1656 1917 1716 1947 und
1736 1918 1822 1952 heute

1007 1941 1053 1971 die
1091 1943 1177 1981 scstcn
1206 1946 1484 1987 Voraussetzungen
1522 1960 1553 1983 in
1580 1953 1630 1982 der
1657 1953 1821 1986 Tradition

1008 1978 1113 2017 fehlen,
1144 1983 1178 2020 ist
1206 1985 1257 2015 der
1286 1985 1465 2026 italienische
1494 1989 1591 2021 Staat
1620 1992 1673 2029 auf
1701 1993 1821 2031 Erperi-

1005 2020 1104 2050 mcnte
1148 2023 1342 2061 angewiesen.
1388 2026 1446 2058 Die
1492 2027 1671 2067 italienische
1717 2033 1821 2069 Gesetz-

1006 2058 1123 2097 gcbung
1146 2061 1198 2097 hat
1220 2062 1317 2101 einige
1339 2064 1549 2102 Maßnahme»
1572 2072 1632 2099 aus
1655 2071 1719 2102 dcm
1740 2072 1820 2102 Aus-

1007 2094 1079 2128 land
1099 2099 1243 2136 entlehnt,
1263 2102 1292 2138 so
1310 2110 1331 2139 z.
1343 2102 1380 2133 B.
1400 2103 1446 2134 die
1465 2105 1592 2143 deutsche
1611 2108 1752 2143 Methode
1770 2112 1820 2140 der

1006 2134 1326 2176 Ehestandsdarlehen,
1346 2140 1387 2172 im
1404 2142 1604 2182 wesentlichen
1622 2145 1656 2183 ist
1672 2146 1707 2183 sic
1725 2148 1820 2186 jedoch

1006 2173 1156 2212 durchaus
1176 2176 1313 2215 original
1332 2181 1396 2211 und
1416 2182 1482 2212 dem
1502 2183 1663 2222 ethnischen
1683 2185 1820 2217 Sonder-

1003 2211 1151 2246 charaktcr
1193 2216 1245 2247 des
1285 2217 1404 2249 Landes
1444 2222 1604 2260 augepaßt.
1653 2224 1730 2255 Was
1772 2225 1819 2256 die

1006 2250 1334 2293 .Familienzuschüssc"
1367 2258 1542 2296 aubelaugt.
1574 2261 1602 2295 so
1632 2261 1752 2299 dürften
1783 2264 1819 2301 sic

1004 2295 1063 2320 nur
1090 2291 1182 2323 denen
1211 2294 1260 2325 als
1286 2303 1319 2332 zu
1348 2296 1453 2335 gering
1480 2298 1619 2335 bemessen
1647 2300 1817 2339 erscheinen,

1004 2327 1049 2357 die
1075 2329 1152 2367 nicht
1178 2331 1288 2368 wisie».
1327 2333 1382 2364 mit
1417 2336 1502 2371 welch
1530 2337 1728 2375 bescheidenen
1754 2342 1818 2371 und

1002 2365 1108 2404 kargen
1135 2369 1261 2402 Mitteln
1297 2371 1343 2402 die
1380 2371 1559 2411 italienische
1582 2377 1817 2414 Durchschnitts-

1003 2403 1119 2440 familic
1139 2409 1320 2443 auskommt.
1341 2414 1403 2442 und
1425 2417 1492 2443 was
1514 2415 1589 2445 etwa
1613 2418 1665 2446 100
1686 2416 1753 2448 Lire
1775 2418 1817 2449 im

1007 2443 1120 2476 Monat
1151 2448 1234 2483 mehr
1267 2449 1316 2486 für
1347 2449 1411 2481 eine
1441 2451 1632 2492 kinderreiche
1665 2455 1816 2487 Arbeiter-

1003 2481 1119 2519 familic
1139 2485 1292 2518 bedeuten.

1057 2534 1115 2566 Die
1156 2540 1343 2577 unentwegte
1382 2540 1586 2582 Zielrichtung
1628 2544 1678 2574 der
1718 2554 1814 2578 neuen

999 2572 1209 2614 Gesetzgebung
1237 2578 1397 2615 zugunsten
1426 2581 1475 2610 der
1503 2582 1814 2623 Geburtencrhöhung

1000 2612 1062 2642 und
1099 2613 1144 2644 die
1181 2612 1373 2651 funktionelle
1408 2619 1624 2659 Abhängigkeit
1660 2623 1711 2653 der
1746 2624 1814 2656 Bci-

1000 2649 1309 2692 staudsmaßnnhmcn
1332 2656 1408 2693 nicht
1429 2663 1487 2689 von
1507 2659 1557 2689 der
1578 2660 1814 2701 Eheschließung,

999 2687 1125 2723 sondern
1151 2697 1210 2723 von
1234 2695 1289 2724 den
1313 2694 1467 2728 Geburten
1491 2697 1610 2734 dürften
1635 2699 1666 2730 in
1690 2699 1812 2738 Italien

999 2727 1088 2765 besser
1105 2730 1278 2771 anschlagcn
1296 2734 1346 2764 als
1363 2735 1704 2775 Zwangsmaßnahmen
1723 2749 1812 2779 gegen

998 2765 1043 2796 die
1067 2768 1344 2807 Unverheirateten,
1369 2775 1418 2805 als
1444 2775 1490 2806 die
1516 2775 1812 2816 familiensprcugen-

998 2805 1052 2836 den
1072 2803 1356 2848 Erbschaftssteuern
1376 2813 1446 2843 oder
1463 2814 1511 2845 ein
1529 2814 1705 2853 siskalischcr
1723 2819 1812 2856 Hoch-

997 2843 1081 2876 druck
1097 2847 1153 2885 auf
1170 2847 1330 2888 kinderlose
1347 2850 1512 2889 Ehepaare.

1061 2958 1163 3007 Der
1184 2960 1424 3013 Rückgang
1446 2963 1523 3005 der
1544 2965 1748 3008 Arbeits¬

1111 3014 1311 3066 losigkeit
1331 3018 1377 3059 in
1398 3019 1476 3060 der
1498 3021 1695 3072 Schweiz

1042 3086 1125 3119 Bern.
1143 3090 1180 3116 10.
1199 3089 1267 3124 Aug.
1287 3091 1391 3125 (Mitg.)
1410 3093 1460 3126 Im
1477 3094 1612 3128 Gegensatz
1632 3102 1663 3129 z»
1682 3096 1727 3124 der
1746 3098 1808 3131 letzt-

992 3122 1114 3158 jährigen
1148 3126 1329 3162 Entwicklung
1363 3131 1408 3157 des
1441 3131 1666 3160 Arl>eitsmarktes
1702 3133 1729 3162 in
1765 3136 1809 3162 der

992 3161 1109 3197 Schweiz
1129 3163 1159 3197 ist
1180 3164 1217 3192 im
1237 3167 1318 3200 Laufe
1337 3168 1383 3195 des
1404 3169 1520 3203 Monats
1540 3170 1630 3204 Juli
1652 3173 1717 3200 IS37
1737 3174 1807 3207 noch-

990 3201 1061 3227 mals
1081 3201 1140 3229 eine
1161 3203 1291 3237 leichte
1311 3205 1537 3241 Entlastung
1558 3209 1726 3242 eingetretcn.
1747 3211 1806 3238 Bon

991 3238 1062 3266 Ende
1084 3239 1155 3273 Juni
1174 3241 1222 3275 auf
1244 3242 1317 3270 Ende
1338 3243 1401 3276 Jnli
1425 3245 1489 3278 ging
1511 3246 1551 3274 die
1573 3247 1740 3281 Gesamtzahl
1762 3249 1806 3276 der

990 3275 1233 3311 Stellensuchcnden
1261 3283 1312 3307 von
1340 3283 1373 3307 50
1382 3283 1432 3309 8.30
1459 3283 1506 3315 auf
1534 3286 1565 3311 40
1576 3286 1623 3312 244
1652 3286 1713 3313 oder
1743 3288 1806 3313 1586

987 3315 1086 3346 zurück,
1105 3321 1227 3350 wogegen
1246 3318 1284 3345 im
1301 3318 1413 3353 gleiche»
1431 3321 1572 3354 Zeitraum
1591 3323 1636 3349 des
1655 3323 1805 3357 Borjahres

987 3351 1045 3379 eine
1068 3353 1207 3387 Zunahme
1231 3358 1276 3383 nm
1301 3358 1350 3383 382
1357 3359 1366 3383 l
1392 3365 1424 3392 zu
1448 3359 1611 3393 verzeichnen
1638 3366 1704 3388 war.
1730 3362 1804 3395 Diese

988 3390 1211 3426 entgegengesetzte
1251 3394 1404 3429 Bewegung
1442 3397 1489 3423 der
1528 3397 1803 3433 ArbeitSlosenzahlen

988 3429 1068 3462 hängt
1090 3429 1117 3456 in
1139 3431 1183 3457 der
1204 3431 1363 3466 Hauptsache
1382 3433 1531 3467 zusammen
1552 3435 1602 3463 mit
1621 3435 1695 3463 einer
1715 3438 1803 3464 unter¬

988 3465 1147 3500 schiedlichen
1177 3468 1358 3503 Entwicklung
1386 3473 1431 3499 der
1462 3472 1740 3508 BcschäftigungSlage
1767 3475 1803 3502 im

986 3504 1249 3538 Baugewerbe.
1274 3508 1409 3541 Mährend
1434 3509 1471 3537 im
1495 3510 1557 3543 Juli
1584 3513 1629 3538 des
1652 3512 1802 3546 BorjahrcS

987 3541 1086 3576 infolge
1109 3543 1259 3577 Abflauens
1283 3546 1329 3573 der
1353 3546 1533 3581 Bautätigkeit
1559 3548 1657 3577 bereits
1681 3549 1738 3577 eine
1761 3558 1801 3578 er¬

986 3579 1096 3613 hebliche
1119 3582 1222 3615 Anzahl
1247 3588 1299 3610 von
1324 3584 1535 3618 Arbeitskräften
1562 3586 1610 3620 frei
1636 3588 1735 3617 wurde,
1757 3589 1800 3620 hat

987 3617 1022 3644 im
1042 3618 1265 3652 Berichtömonat,
1283 3626 1333 3648 vor
1350 3623 1429 3650 allem
1449 3624 1527 3650 unter
1549 3625 1605 3651 dem
1624 3624 1736 3657 Einflusi
1757 3626 1801 3653 der

984 3655 1141 3688 verstärkten
1169 3657 1647 3694 ArbeitSI>cschafs»ngsmaß»ahmen,
1676 3662 1716 3690 die
1744 3668 1799 3690 ver¬

985 3693 1181 3729 hältnismäßig
1204 3697 1322 3731 günstige
1343 3697 1544 3733 Beschästignug
1565 3700 1723 3732 angehaltcn
1746 3702 1799 3728 und

984 3731 1025 3758 ein
1040 3732 1154 3763 weitere,
1170 3738 1247 3762 wenn
1266 3735 1327 3768 auch
1345 3735 1411 3770 nicht
1429 3736 1583 3764 bedeutende
1600 3738 1737 3770 Abnahme
1755 3740 1799 3765 der

984 3769 1050 3802 Zahl
1072 3771 1118 3797 der
1140 3770 1384 3805 Stelleusuchende»
1406 3781 1455 3807 zur
1475 3774 1556 3807 Folge
1576 3775 1676 3808 gehabt.
1698 3775 1798 3809 Außer-

983 3808 1039 3834 dem
1057 3813 1149 3835 waren
1171 3808 1208 3836 im
1227 3810 1442 3842 BerichtSmonat
1462 3812 1503 3838 die
1522 3812 1797 3847 Arl>eitSlose»zahlcn

983 3845 1027 3872 der
1049 3845 1273 3881 Berufsgrnppen
1298 3848 1406 3876 Metall-
1430 3850 1484 3877 und
1507 3850 1797 3884 Maschiuenindnslrie,

982 3882 1201 3918 Ilhrcnindustrie
1246 3885 1324 3919 sowie
1369 3886 1445 3920 Hotel
1492 3888 1546 3915 und
1592 3888 1796 3923 Gastwirtschaft

982 3921 1121 3955 weiterhin
1145 3922 1254 3956 deutlich
1281 3924 1432 3958 rückläufig.
1456 3925 1505 3958 Im
1530 3925 1717 3959 BeklcidungS-
1744 3927 1796 3954 und

982 3958 1269 3994 NeiniguugSgewerbe
1310 3961 1438 3996 hingegen
1479 3963 1524 3996 hat
1563 3963 1604 3990 die
1643 3963 1710 3997 Zahl
1752 3965 1796 3991 der

981 3997 1224 4032 Stellcnsuchenden
1249 3999 1426 4034 saifonmästig
1449 4007 1645 4034 zugenommen.

1917 1055 1969 1082 Tie
1999 1055 2144 1091 Besserung
2174 1059 2219 1086 der
2249 1060 2505 1097 Arbeitsmarktlage
2536 1067 2681 1099 gegenüber

1867 1092 1922 1119 dem
1945 1092 2066 1128 Borjahr
2089 1096 2133 1127 hat
2158 1097 2200 1130 sich
2224 1098 2260 1125 im
2283 1098 2362 1131 Lause
2385 1102 2430 1127 des
2451 1101 2680 1135 Berichtsmonats

1867 1131 1974 1164 deutlich
1996 1132 2129 1165 verstärkt.
2149 1134 2199 1162 Am
2222 1136 2341 1170 Stichtag
2362 1142 2413 1165 von
2437 1139 2508 1166 Ende
2530 1140 2592 1174 Juli
2617 1144 2679 1168 1037

1865 1170 1976 1195 wurden
2008 1169 2152 1204 insgesamt
2184 1174 2216 1199 20
2227 1175 2273 1201 704
2308 1175 2532 1208 Stellensuck^nde
2564 1180 2680 1213 weniger

1865 1206 1967 1239 gezählt
1994 1208 2039 1234 als
2070 1209 2107 1236 im
2134 1209 2245 1242 gleickien
2275 1211 2428 1245 Zeitpunkte
2455 1216 2502 1241 des
2529 1217 2680 1250 Borjahres

1867 1246 1910 1274 ,78
1920 1245 1991 1276 048),
2012 1248 2070 1272 was
2089 1246 2148 1274 eine
2168 1247 2356 1280 Abnahme
2377 1258 2393 1278 »
2404 1254 2430 1278 m
2451 1253 2492 1284 38
2514 1253 2679 1288 Prozent

1864 1282 1957 1315 ergibt.
1988 1282 2039 1310 Tie
2072 1284 2217 1320 Besserung
2245 1287 2358 1320 erstreckt
2393 1289 2437 1322 sich
2469 1290 2516 1323 ans
2551 1291 2679 1325 sämtliche

1865 1319 2097 1354 BerusSgrnppen.
2121 1322 2170 1355 Im
2193 1323 2372 1357 Baugewerbe
2397 1327 2458 1360 liegt
2481 1327 2522 1355 die
2544 1329 2611 1362 Zahl
2635 1331 2679 1357 der

1867 1356 2108 1390 Stellensuchenden
2140 1363 2185 1388 um
2216 1364 2247 1387 10
2257 1364 2304 1389 824
2337 1364 2399 1390 oder
2428 1367 2472 1391 um
2502 1367 2535 1400 36
2563 1368 2678 1401 Prozent

1865 1396 1942 1422 unter
1966 1396 2022 1422 dem
2044 1397 2258 1430 entsprechenden
2284 1400 2374 1428 Stand
2399 1403 2443 1428 des
2468 1402 2628 1436 Borjahres.
2650 1405 2678 1432 in

1864 1433 1908 1459 der
1934 1433 2041 1460 Metall-
2067 1436 2120 1461 und
2146 1436 2429 1472 Maschinenindnstrie
2454 1442 2499 1467 nm
2525 1443 2590 1469 5657
2617 1444 2678 1469 oder

1865 1472 1908 1497 nm
1926 1471 1959 1503 52
1977 1471 2102 1504 Prozent,
2120 1473 2148 1499 in
2168 1474 2212 1501 der
2230 1475 2449 1509 llhrenindustrie
2468 1479 2513 1505 um
2531 1480 2597 1506 3645
2617 1481 2679 1507 oder

1864 1510 1908 1535 um
1925 1509 1957 1541 50
1976 1509 2101 1543 Prozent,
2120 1510 2147 1537 in
2169 1512 2213 1538 der
2230 1512 2450 1548 Textilindustrie
2467 1518 2512 1543 um
2532 1519 2598 1544 2307
2617 1519 2678 1545 oder

1863 1548 1909 1573 um
1936 1547 1969 1579 53
1996 1547 2122 1581 Prozent,
2150 1548 2179 1575 in
2208 1550 2255 1576 der
2283 1551 2489 1585 Berussgrnppe
2517 1553 2593 1588 Holz-
2624 1557 2678 1582 und

1863 1583 2107 1619 Glasl>earbeitnng
2129 1589 2174 1614 um
2198 1589 2260 1614 1804
2285 1589 2347 1615 oder
2369 1592 2415 1617 um
2437 1591 2466 1623 41
2492 1591 2616 1624 Prozent,
2637 1593 2676 1620 bei

1862 1622 1909 1648 den
1930 1622 2123 1656 Handlangern
2146 1624 2200 1651 und
2220 1625 2392 1657 Taglvhnern
2415 1630 2461 1654 um
2479 1630 2528 1656 063
2550 1631 2610 1656 oder
2632 1638 2677 1657 um

1863 1660 1894 1685 20
1916 1660 2032 1692 Prozent
2055 1662 2109 1688 und
2131 1661 2159 1688 in
2183 1662 2230 1689 den
2253 1663 2476 1698 Berussgruppcu
2499 1666 2600 1698 Handel
2623 1670 2676 1695 und

1861 1697 2039 1731 Berivaltnng
2060 1701 2106 1725 um
2125 1701 2176 1726 058
2195 1701 2257 1727 oder
2278 1704 2325 1728 um
2347 1703 2378 1736 >8
2396 1703 2521 1736 Prozent.

1911 1735 1962 1762 Tie
1979 1735 2047 1768 Zahl
2069 1738 2115 1763 der
2135 1738 2397 1771 Ganzarbeitslosen.
2418 1741 2508 1772 welche
2527 1750 2571 1769 am
2591 1743 2675 1774 Stich-

1861 1772 1905 1805 tag
1942 1773 1981 1799 bei
2020 1777 2081 1801 vom
2120 1775 2201 1802 Bund
2240 1776 2481 1808 subventionierten
2521 1780 2676 1812 Notstands-

1860 1810 1979 1837 arbeiten
2013 1813 2066 1838 nnd
2100 1812 2127 1838 in
2160 1813 2364 1846 Arbeitslagern
2398 1815 2544 1850 beschäftigt
2576 1823 2676 1848 waren,

1862 1847 1943 1881 jedoch
1964 1848 1991 1875 in
2012 1849 2057 1876 der
2076 1849 2198 1882 Statistik
2218 1851 2309 1878 weiter
2327 1853 2371 1879 als
2391 1853 2614 1887 Stelleusnchende
2635 1863 2675 1889 ge¬

1859 1886 1929 1919 zählt
1956 1887 2070 1917 werden,
2098 1887 2184 1919 sofern
2210 1889 2242 1921 sie
2267 1889 2330 1921 auch
2356 1891 2483 1922 während
2511 1892 2556 1919 der
2582 1893 2675 1920 Dauer

1859 1924 1903 1950 der
1922 1924 2153 1956 NotstandSarl'eit
2173 1926 2217 1953 der
2236 1926 2524 1963 Arbeitsvermittlung
2543 1937 2590 1962 zur
2609 1931 2674 1958 Ver¬

1861 1959 1961 1995 fügung
1985 1961 2078 1995 stchen.
2101 1962 2178 1994 belief
2202 1964 2245 1997 sich
2268 1965 2339 1992 Ende
2362 1966 2408 1992 des
2431 1966 2674 2000 Berichtsmonatcs

1859 1999 1905 2031 auf
1924 2000 1993 2026 rund
2014 2001 2044 2026 10
2055 2001 2112 2028 700.
2132 2000 2219 2034 (Diese
2237 2001 2304 2035 Zahl
2324 2002 2354 2034 ist
2374 2003 2439 2036 nicht
2456 2011 2487 2037 zu
2507 2006 2674 2039 verwechseln

1858 2037 1908 2064 mit
1934 2038 1980 2064 der
2006 2037 2174 2071 Gesamtzahl
2201 2040 2246 2066 der
2274 2039 2315 2066 bei
2341 2040 2605 2073 Notstandsarbeiten
2633 2044 2672 2071 be¬

1858 2074 2006 2109 schäftigten
2037 2075 2238 2109 Arbeitskräfte,
2268 2077 2309 2105 die
2337 2079 2463 2110 erheblich
2493 2081 2588 2113 größer
2622 2081 2671 2115 ist.)

1859 2111 1959 2146 Ferner
1981 2112 2064 2143 haben
2084 2121 2129 2141 am
2149 2113 2268 2148 Stichtag
2290 2117 2358 2143 rund
2378 2118 2428 2143 500
2448 2117 2673 2150 Stellensnchendc

1857 2157 1891 2178 an
1926 2150 2029 2183 Kursen
2065 2152 2119 2179 und
2154 2152 2395 2187 Bcranstaltungcn
2431 2162 2479 2187 zur
2515 2155 2671 2189 lvruslichen

1857 2188 2016 2222 Forderung
2058 2189 2270 2223 teilgcnvmmen.
2314 2191 2391 2223 Ohne
2434 2193 2673 2228 Berücksichtigung

1857 2226 1938 2259 dieser
1955 2226 2044 2254 beiden
2064 2227 2223 2262 Kategorien
2241 2233 2292 2255 von
2310 2229 2521 2263 Arbeitskräften
2541 2232 2672 2266 reduziert

1859 2263 1901 2299 sich
1924 2264 1964 2291 die
1987 2264 2053 2298 Zahl
2075 2265 2121 2293 der
2144 2265 2387 2301 Stellensucheuden
2408 2268 2455 2302 aus
2479 2269 2548 2296 rund
2571 2271 2604 2296 38
2613 2272 2671 2298 000.

1922 2372 2013 2412 Der
2034 2372 2284 2424 Aufmarsch
2309 2374 2385 2415 der
2408 2375 2607 2425 Japaner

2105 2428 2151 2469 in
2172 2429 2422 2472 Rordckina

1913 2504 2034 2541 Peking.
2060 2508 2104 2535 11.
2127 2506 2204 2545 Aug.
2227 2507 2305 2544 (Tel.
2328 2508 2380 2538 der
2404 2508 2531 2541 ..United
2556 2511 2668 2547 Preß")

1855 2541 1917 2573 Der
1943 2542 2115 2580 Aufmarsch
2151 2544 2201 2574 der
2238 2544 2423 2582 japanische»
2451 2546 2595 2585 Truppen
2623 2549 2667 2578 bei

1855 2579 2134 2619 Tschangping
2167 2582 2298 2620 nördlich
2329 2588 2388 2614 von
2417 2584 2527 2623 Peking
2559 2586 2667 2617 uiinint

1856 2616 1962 2649 inuner
1988 2619 2112 2657 größere
2139 2621 2295 2656 Ausmaße
2322 2629 2371 2652 au.
2399 2623 2459 2659 Auf
2487 2624 2552 2654 dem
2578 2625 2666 2662 Wege

1856 2657 1925 2693 nach
1947 2656 2152 2694 Tschangping
2173 2658 2242 2695 fuhr
2261 2661 2312 2689 der
2331 2660 2485 2691 Vertreter
2506 2662 2555 2692 der
2577 2663 2667 2696 «Uni-

1854 2695 1899 2725 ted
1921 2694 2018 2732 Preß"
2043 2695 2175 2733 zwischen
2200 2697 2268 2734 zwei
2293 2698 2395 2736 Zügen
2419 2703 2478 2728 von
2503 2699 2528 2735 je
2551 2700 2666 2737 dreißig

1853 2732 1908 2763 mit
1933 2732 2094 2764 Munition
2123 2735 2283 2765 beladenen
2309 2735 2478 2772 Lastautos.
2505 2738 2546 2768 Er
2571 2740 2665 2775 zählte

1854 2773 1887 2800 24
1913 2770 2024 2803 Tanks.
2051 2774 2083 2801 17
2110 2772 2226 2809 schwere
2251 2773 2395 2811 Geschütze
2421 2775 2482 2804 und
2507 2775 2664 2812 Haubitzen

1853 2808 1903 2839 der
1924 2809 2075 2845 Japaner,
2099 2810 2196 2846 ferner
2220 2811 2375 2849 begegnete
2397 2821 2427 2842 er
2450 2812 2531 2843 einer
2553 2814 2664 2851 großen

1850 2846 1930 2884 Zahl
1950 2851 2010 2877 von
2033 2847 2179 2878 kleineren
2200 2849 2315 2885 Wagen
2339 2849 2395 2881 mit
2416 2849 2662 2889 Kleinfeuerwas-

1852 2884 1898 2919 sen
1919 2885 1980 2915 und
1999 2885 2169 2916 Munition.
2191 2886 2361 2923 Zahlreiche
2382 2887 2479 2924 leichte
2498 2888 2662 2926 japanische

1849 2921 2056 2960 Feldgeschütze
2086 2925 2146 2953 und
2176 2924 2660 2964 Mafchinengewehrabteilungen

1850 2966 1953 2991 waren
1982 2961 2127 2997 ebenfalls
2155 2963 2335 3000 unterwegs.
2373 2963 2430 2994 Ein
2459 2964 2566 3001 großer
2594 2965 2660 2996 Teil

1850 2999 1901 3029 der
1930 2998 2117 3036 japanischen
2150 3000 2454 3038 Garnisonstruppcn
2487 3001 2519 3032 in
2549 3003 2659 3040 Peking

1849 3036 1956 3074 befand
1982 3036 2030 3073 sich
2054 3037 2108 3067 mit
2131 3040 2168 3067 40
2192 3037 2293 3069 Tanks
2316 3039 2386 3077 auch
2410 3039 2462 3076 auf
2487 3040 2537 3070 der
2562 3040 2658 3079 Fahrt

1849 3075 1919 3113 nach
1948 3074 2161 3113 Tschangping.

1980 3145 2187 3181 Japanische
2208 3147 2526 3184 Bcschnldignngcn

2103 3193 2205 3220 gegen
2230 3186 2397 3221 Rußland

1896 3239 2023 3272 Tientsin.
2046 3241 2083 3268 10.
2104 3241 2170 3274 Aug.
2193 3241 2261 3274 (Tel.
2283 3242 2327 3268 der
2347 3242 2457 3273 „United
2477 3243 2577 3276 Preß")
2598 3245 2657 3272 Do»

1844 3277 1984 3311 offizieller
2006 3278 2167 3312 japanischer
2178 3279 2252 3307 Seite
2272 3280 2341 3307 wird
2360 3281 2433 3312 heute
2453 3288 2531 3314 gegen
2543 3282 2657 3314 Sowjct-

1845 3317 1962 3349 rußlaud
1984 3317 2053 3349 offen
2075 3317 2116 3344 die
2136 3317 2344 3351 Beschuldigung
2364 3320 2410 3346 der
2437 3318 2539 3347 aktiven
2568 3320 2658 3347 Ein¬

1843 3354 2026 3389 mischung
2045 3355 2071 3382 in
2092 3357 2140 3382 den
2160 3355 2463 3390 chinesisch-japanischen
2483 3357 2600 3390 Konflikt
2618 3365 2656 3385 er-

1843 3392 1934 3423 hoben.
1975 3393 2030 3420 Der
2054 3393 2183 3426 Sprecher
2207 3395 2251 3421 der
2275 3394 2437 3428 japanischen
2462 3395 2601 3426 Behörden
2628 3396 2656 3422 in

1842 3429 1961 3464 Tientsin
1984 3431 2102 3462 erklärte,
2126 3432 2154 3459 in
2177 3432 2305 3466 Tschahar
2327 3432 2393 3465 seien
2425 3433 2473 3466 200
2506 3433 2655 3468 sowjet-

1842 3468 2019 3502 russische
2066 3470 2261 3503 Offiziere
2309 3471 2490 3505 ciugetrosfcu,
2530 3479 2575 3500 um
2615 3473 2655 3500 die

1840 3506 1982 3541 chinesische
2004 3507 2296 3541 Kommnnistcuarmce
2317 3517 2394 3544 gegen
2417 3510 2457 3537 die
2477 3510 2601 3543 Japaner
2623 3518 2653 3543 zu

1842 3544 1945 3578 führen.
1979 3545 2019 3579 In
2039 3547 2083 3573 der
2101 3546 2211 3580 gleichen
2229 3547 2348 3581 Provinz
2366 3548 2397 3580 sei
2416 3547 2472 3575 eine
2489 3548 2568 3581 große
2585 3549 2652 3582 Zahl

1841 3582 2074 3618 konununistischcr
2095 3585 2212 3618 Agenten
2234 3585 2414 3619 eingctrosscn.

1844 3655 1953 3703 Der
1973 3656 2325 3715 Bürgerkrieg
2347 3658 2397 3706 in
2418 3659 2649 3716 Spanien

1896 3738 2033 3772 Madrid.
2056 3742 2065 3768 I
2078 3742 2098 3769 I.
2120 3740 2195 3776 Aug.
2217 3740 2293 3777 (Tel.
2315 3740 2365 3770 der
2387 3739 2512 3774 ..United
2535 3741 2646 3777 Preß")

1838 3775 1899 3806 Der
1923 3776 2139 3814 Kriegsbericht
2163 3778 2212 3807 der
2236 3777 2411 3813 Volksfront
2435 3778 2496 3814 gibt
2520 3786 2563 3814 zu.
2589 3772 2646 3814 daß

1837 3813 1884 3845 die
1917 3815 2226 3852 Volksfrvntlruppe»
2263 3815 2373 3853 gestern
2412 3817 2481 3852 nach
2518 3816 2646 3854 heftigen

1836 3852 2107 3891 nationalistischen
2136 3853 2292 3891 Augrifsc»
2325 3855 2380 3884 das
2409 3847 2486 3890 Dorf
2514 3847 2538 3891 F
2551 3863 2565 3884 r
2578 3854 2586 3884 i
2599 3863 2616 3884 a
2630 3857 2645 3885 8

1836 3889 1870 3920 de
1891 3890 2073 3928 Albarracin
2097 3892 2292 3928 geräumt
2315 3891 2418 3928 haben.
2441 3891 2498 3923 Die
2520 3891 2644 3930 Angrei¬

1837 3926 1879 3964 fer
1905 3929 2007 3963 hätten
2032 3929 2148 3967 schwere
2171 3929 2305 3965 Verluste
2330 3929 2457 3960 erlitte».
2483 3929 2548 3960 Ten
2572 3938 2643 3967 gan¬

1835 3972 1884 4000 zen
1905 3967 1972 4003 Tag
1991 3966 2065 3997 über
2084 3968 2186 4004 hätte»
2207 3975 2247 3998 an
2268 3967 2319 3997 der
2338 3966 2434 4005 Front
2455 3972 2515 3997 von
2534 3968 2643 3999 Tcrncl

1834 4003 1941 4042 heftige
1958 4004 2084 4044 Kämpfe
2102 4005 2209 4042 getobt.

2861 1092 3050 1130 Kaperung
3076 1095 3175 1125 eines
3200 1096 3394 1132 Dampfers

2768 1142 3004 1178 St-Jean-de-Luz.
3025 1149 3063 1174 10.
3082 1147 3150 1181 Aug.
3170 1148 3240 1180 (Tel.
3257 1150 3281 1175 d.
3301 1150 3412 1180 „United
3431 1151 3532 1185 Preß")

2718 1179 2768 1207 Tic
2790 1181 3008 1215 nationalistische
3030 1184 3157 1218 spanische
3179 1186 3266 1219 Presse
3288 1188 3391 1217 meldet,
3411 1189 3462 1221 daß
3484 1191 3533 1216 das

2719 1218 2937 1253 nationalistische
2975 1223 3166 1250 Kanonenboot
3206 1225 3308 1254 „Tato"
3347 1226 3446 1259 gestern
3485 1228 3533 1254 den

2717 1255 2931 1290 Frachtdampscr
2949 1259 3090 1292 .Jacinto"
3108 1262 3152 1287 der
3168 1261 3321 1295 Rcgicrung
3335 1268 3387 1290 von
3404 1264 3532 1292 Valencia

2717 1299 2765 1320 vor
2798 1295 2855 1322 dem
2888 1297 3102 1331 nordspanische»
3133 1299 3217 1331 Hafen
3251 1300 3334 1332 Gijon
3366 1302 3532 1336 aufgebracht

2718 1332 2789 1363 habe.
2816 1332 2958 1366 „Jacinto"
2984 1335 3054 1369 hatte
3079 1336 3214 1370 sechzig
3240 1337 3456 1372 Flugzeuge
3480 1345 3531 1367 aus

2717 1369 2845 1397 Valencia
2869 1379 2904 1398 au
2929 1372 3013 1403 Bord,
3037 1373 3078 1400 die
3101 1375 3163 1407 nach
3188 1374 3272 1408 Gijon
3298 1376 3389 1408 hätten
3414 1377 3531 1410 gebracht

2716 1407 2820 1434 werden
2843 1407 2931 1441 sollen.

2863 1467 3171 1505 Bombardierung
3190 1470 3386 1501 Valencias

2767 1517 2904 1549 Balencia,
2928 1521 2966 1547 11.
2985 1519 3052 1553 Aug.
3072 1521 3142 1552 (Tel.
3163 1522 3207 1548 der
3227 1522 3339 1552 „United
3359 1524 3459 1555 Preß")
3480 1525 3531 1552 Am

2716 1553 2932 1589 Dienstagabend
2947 1559 2993 1584 um
3008 1558 3024 1584 0
3040 1558 3094 1590 Uhr
3111 1560 3144 1585 40
3159 1559 3302 1592 erschienen
3319 1561 3383 1587 über
3400 1561 3529 1589 Balencia

2715 1592 2933 1627 natioualistische
2966 1595 3113 1629 Flugzeuge
3148 1599 3202 1623 nnd
3236 1598 3338 1629 warfen
3374 1599 3438 1625 über
3473 1600 3529 1627 dem

2715 1629 2896 1659 Stadtinnern
2921 1633 2975 1658 und
3000 1634 3063 1660 über
3089 1635 3137 1660 den
3162 1634 3320 1666 Vorstädten
3345 1636 3464 1663 Bomben
3488 1639 3529 1665 ab.

2715 1667 2766 1694 Bis
2792 1668 2867 1698 heute
2894 1669 2956 1702 früh
2985 1670 3014 1703 ist
3040 1671 3099 1698 eine
3124 1671 3247 1706 offizielle
3273 1673 3457 1707 Bekanntgabe
3485 1676 3529 1702 der

2714 1705 2835 1737 Verluste
2862 1708 2916 1734 und
2944 1709 2990 1734 des
3018 1709 3208 1741 Sachschadens
3238 1711 3298 1742 nock>
3327 1712 3394 1744 nicht
3422 1712 3528 1747 erfolgt.

2713 1743 2750 1770 Es
2767 1743 2828 1775 steht
2848 1744 2990 1778 immerhin
3013 1747 3065 1779 fest,
3084 1747 3134 1778 daß
3154 1748 3326 1781 verschiedene
3346 1750 3469 1777 Gebäude
3489 1758 3528 1784 ge>

2714 1780 2811 1813 trosfen
2839 1784 2946 1810 worden
2976 1784 3039 1815 sind,
3066 1787 3120 1811 und
3149 1792 3212 1812 man
3243 1786 3341 1819 rechnet
3371 1788 3451 1819 daher
3478 1789 3528 1816 mit

2713 1818 2785 1846 einer
2795 1819 2898 1853 Anzahl
2915 1826 2966 1848 von
2978 1822 3062 1850 Toten
3079 1824 3133 1850 und
3143 1823 3348 1852 Bcrwundetcn.
3365 1825 3415 1853 Ein
3432 1826 3528 1859 großer

2713 1853 2773 1884 Teil
2793 1857 2838 1884 der
2858 1859 2978 1886 Bomben
2998 1862 3090 1888 wurde
3111 1861 3175 1889 über
3196 1863 3253 1894 dcm
3272 1863 3527 1897 Hasengebiet

2711 1894 2888 1930 abgeworsen.

2729 1967 2837 2015 Der
2864 1973 2975 2018 XX.
2991 1971 3514 2035 Zionisten-Kongreß

2852 2050 3074 2087 Abstimmung
3096 2053 3188 2086 heute
3208 2054 3385 2089 vormittag

2765 2102 2804 2135 &
2832 2101 2873 2136 In
2890 2104 2935 2130 der
2952 2103 3079 2144 gestrigen
3097 2104 3283 2144 Abeudsihung
3299 2107 3344 2133 des
3363 2107 3525 2140 Kongresses,

2713 2134 2754 2161 die
2786 2137 2863 2164 unter
2894 2139 2950 2164 dem
2981 2139 3076 2172 Vorsitz
3108 2140 3153 2165 des
3186 2140 3373 2168 Amerikaners
3407 2142 3523 2174 Stephen

2713 2169 2746 2197 W
2758 2169 2764 2196 i
2778 2169 2785 2202 s
2796 2178 2808 2197 e
2832 2171 2880 2198 mit
2904 2171 3048 2205 reichlicher
3072 2173 3242 2208 Verspätung
3264 2182 3342 2208 gegen
3367 2178 3382 2202 0
3405 2176 3460 2206 Uhr
3485 2178 3524 2204 bc-

2711 2211 2791 2236 gann.
2809 2203 2873 2236 hielt
2890 2206 3005 2239 zunächst
3024 2209 3068 2234 der
3086 2209 3344 2240 Kvugrcßpräsident
3363 2211 3416 2236 und
3433 2210 3522 2238 Direk¬

2712 2240 2753 2265 tor
2780 2240 2825 2265 des
2848 2240 2988 2274 Jüdischen
3013 2241 3224 2275 Nationalsonds
3250 2243 3452 2283 Ilssischliu
3478 2247 3522 2272 als

2712 2272 2839 2304 Sprecher
2864 2276 2908 2301 der
2932 2275 3089 2309 Opposition
3111 2276 3170 2304 eine
3194 2278 3267 2310 mehr
3291 2278 3335 2305 als
3359 2278 3523 2313 einstündige

2712 2306 2854 2340 hebräische
2881 2309 3056 2342 Anklagerede
3086 2317 3164 2344 gegen
3192 2311 3232 2338 die
3260 2311 3360 2344 Politik
3387 2314 3432 2339 der
3460 2313 3521 2347 Exe-

2711 2340 2805 2370 cutive.
2822 2341 2862 2369 die
2880 2343 2926 2376 auf
2945 2343 3029 2376 diesen
3048 2345 3113 2377 Weg
3131 2346 3175 2372 der
3193 2345 3310 2384 Teilung
3328 2346 3432 2380 geführt
3449 2347 3522 2378 habe.

2710 2375 2762 2408 Aus
2777 2374 2870 2408 diesem
2884 2377 2962 2411 Wege
2976 2378 3066 2405 würde
3082 2380 3127 2405 der
3144 2378 3256 2412 Frieden
3272 2380 3321 2406 mit
3337 2382 3383 2407 den
3399 2382 3520 2408 Arabern

2711 2409 2753 2436 nie
2772 2409 2878 2450 erreicht
2897 2413 3010 2440 werden.
3038 2412 3088 2440 Tic
3109 2412 3136 2439 in
3154 2413 3270 2447 Aussicht
3291 2414 3400 2447 gestellte
3418 2415 3521 2454 Steige-

2710 2450 2781 2482 rung
2795 2445 2839 2470 der
2858 2444 2984 2484 jüdischen
3002 2446 3222 2480 Einwanderung
3239 2449 3323 2474 iverdc
3343 2449 3386 2481 sich
3403 2451 3447 2475 als
3465 2456 3521 2477 eine

2709 2476 2826 2510 Illusion
2845 2479 2978 2512 erweisen,
2996 2482 3049 2507 nnd
3068 2488 3131 2507 man
3149 2483 3240 2509 würde
3260 2481 3308 2508 mit
3327 2483 3384 2509 dem
3404 2483 3520 2511 Plandat

2708 2512 2783 2544 mehr
2799 2512 2957 2546 ansgegebcn
2976 2515 3067 2546 haben,
3084 2516 3129 2542 als
3150 2522 3213 2542 man
3231 2515 3381 2549 bestensalls
3400 2518 3520 2550 erhalten

2758 2580 2807 2607 Tr.
2829 2580 2861 2608 W
2872 2588 2884 2608 e
2896 2581 2903 2608 i
2914 2589 2927 2615 z
2937 2590 2962 2608 m
2972 2589 2988 2608 a
3001 2589 3016 2609 »
3028 2590 3044 2609 n
3068 2582 3219 2622 replizierte
3243 2584 3287 2616 für
3311 2583 3352 2612 die
3374 2584 3519 2617 Exekutive,

2707 2613 2758 2646 daß
2775 2613 2815 2641 die
2831 2617 2985 2643 veränderte
3001 2616 3143 2645 Situation
3162 2617 3198 2645 im
3216 2618 3380 2646 Mitlclmeer
3397 2620 3459 2652 auch
3475 2620 3518 2652 für

2706 2647 2845 2681 Palästina
2870 2649 2927 2677 eine
2949 2651 3102 2678 veränderte
3125 2651 3191 2685 Lage
3214 2652 3352 2685 gesckiassc»
3377 2654 3450 2691 habe,
3475 2655 3518 2680 der

2706 2689 2769 2709 man
2786 2682 2925 2717 Rechnung
2941 2685 3034 2718 tragen
3052 2685 3138 2717 müsse.
3156 2677 3418 2718 Selbstverständlich
3433 2689 3519 2715 werde

2706 2717 2754 2743 den
2775 2716 2866 2750 Inden
2889 2719 2970 2751 nichts
2992 2719 3123 2753 geschenkt,
3145 2721 3198 2747 und
3221 2720 3252 2753 sie
3273 2720 3379 2753 müßten
3404 2721 3448 2754 sich
3470 2723 3517 2749 de»

2707 2749 2779 2778 Sinn
2801 2750 2843 2782 für
2864 2751 2904 2779 die
2924 2753 3042 2780 Realität
3063 2753 3203 2787 aneigncu,
3225 2756 3269 2781 der
3292 2754 3370 2786 ihnen
3391 2755 3472 2782 leider
3493 2757 3517 2788 so

2707 2784 2762 2817 sehr
2778 2784 2851 2818 sehlc.
2876 2786 2931 2813 Der
2948 2786 3073 2820 Schlüssel
3090 2795 3120 2821 zu
3137 2787 3211 2815 einer
3228 2795 3294 2821 ganz
3311 2789 3408 2822 große»
3425 2790 3518 2817 Arlieit

2706 2819 2771 2851 liege
2803 2818 2830 2845 in
2859 2820 2932 2847 einer
2963 2820 3112 2854 friedlichen
3144 2821 3359 2856 Berständigung
3389 2823 3437 2850 mit
3469 2825 3516 2851 de»

2704 2853 2834 2880 Arabern.
2871 2854 2962 2887 Dieser
2989 2855 3101 2888 Friede»
3126 2856 3190 2883 aber
3220 2856 3307 2886 könne,
3336 2857 3386 2884 ivie
3413 2864 3442 2884 er
3470 2858 3514 2890 seit

2703 2886 2808 2919 Jahren
2824 2886 2918 2915 imnier
2933 2888 3029 2916 wieder
3043 2890 3141 2916 erklärt
3157 2890 3229 2921 habe,
3246 2897 3298 2916 n»r
3313 2891 3359 2923 auf
3376 2891 3420 2917 der
3435 2891 3513 2930 Basis

2702 2923 2746 2947 der
2780 2921 2992 2956 Gegenseitigkeit
3024 2923 3132 2954 erreicht
3166 2925 3278 2951 werden.
3319 2925 3373 2955 „Es
3408 2924 3437 2963 ist
3468 2926 3511 2952 ein

2703 2954 2821 2986 schivcrcr
2839 2955 2928 2989 Weg",
2949 2957 2973 2988 so
2995 2956 3074 2990 schloß
3096 2956 3252 2991 Wcizmann
3275 2957 3311 2984 im
3331 2958 3448 2990 Hinblick
3465 2960 3512 2992 auf

2703 2988 2742 3015 die
2770 2993 2821 3016 von
2853 2989 2908 3022 ihm
2937 2990 3101 3024 empfohlene
3131 2998 3146 3029 g
3158 2998 3171 3018 r
3182 2999 3198 3018 u
3210 2993 3243 3018 nd
3253 2991 3263 3023 s
3273 2992 3289 3018 ä
3299 2992 3315 3025 tz
3327 2992 3334 3018 l
3347 2992 3354 3018 i
3366 2992 3391 3024 ch
3400 3000 3413 3019 c
3443 2993 3465 3026 Z
3476 3000 3492 3020 u
3503 3007 3511 3015 -

2701 3021 2718 3055 st
2730 3021 2737 3048 i
2749 3030 2774 3049 m
2786 3029 2866 3050 i»»n
2878 3031 2893 3057 g
2931 3031 2962 3058 zu
3000 3026 3058 3052 dem
3096 3024 3304 3059 TcilnngSplan,
3343 3027 3421 3056 „aber
3459 3026 3510 3054 wir

2699 3063 2724 3083 m
2735 3057 2751 3083 ü
2763 3056 2771 3087 s
2783 3056 2791 3089 s
2800 3063 2813 3083 e
2824 3064 2840 3083 n
2865 3057 2909 3090 ihn
2934 3058 3037 3091 gehen."

2749 3092 2815 3125 Nach
2844 3093 2917 3120 einer
2952 3095 3076 3128 längeren
3101 3094 3195 3128 Panse,
3226 3095 3352 3127 während
3384 3097 3429 3122 der
3454 3095 3511 3124 eine

2698 3126 2808 3159 Sitzung
2827 3127 2871 3154 des
2890 3127 3060 3161 Präsidiunis
3077 3128 3201 3161 stattsand
3221 3136 3269 3162 zur
3290 3130 3428 3163 Beratung
3448 3131 3511 3158 über

2697 3161 2738 3187 die
2762 3161 2899 3193 Prozedur
2924 3164 2970 3189 der
2995 3163 3188 3197 Abstimmung.
3216 3165 3307 3190 ivurdc
3334 3164 3375 3191 die
3400 3164 3511 3199 Sitzung

2696 3201 2773 3228 gegen
2795 3196 2859 3223 II'/»
2875 3196 2929 3228 Uhr
2944 3201 2995 3223 von
3013 3196 3211 3230 Vizepräsident
3228 3198 3277 3225 Tr.
3295 3198 3509 3226 Goldman»

2697 3229 2792 3256 »'jeder
2816 3230 2936 3264 eröffnet,
2958 3231 3003 3257 der
3030 3231 3161 3261 mitteilte,
3185 3232 3235 3263 daß
3259 3231 3300 3258 die
3324 3232 3509 3267 Abstimmung

2696 3262 2994 3297 PtitlwochvorinittagS
3020 3264 3065 3293 0)4
3094 3266 3147 3297 Uhr
3173 3271 3376 3298 vorgcnommcn
3404 3268 3508 3294 werden

2696 3297 2773 3325 wird.
2793 3298 2829 3325 Es
2847 3299 2892 3331 soll
2910 3298 2968 3326 eine
2989 3299 3160 3332 »amentlichc
3178 3300 3364 3335 Abstimmung
3384 3302 3448 3327 Über
3470 3301 3509 3329 die

2695 3331 2784 3358 beide»
2808 3331 2860 3365 jetzt
2883 3334 2942 3366 »och
2964 3334 3151 3367 vorliegende»
3175 3334 3364 3368 Resolutionen
3387 3336 3433 3362 der
3454 3336 3507 3363 An¬

2695 3367 2793 3399 hänger
2811 3369 2863 3394 und
2882 3368 2926 3394 der
2946 3368 3051 3400 Gegner
3070 3370 3115 3395 des
3133 3368 3363 3401 Teilungsplaues
3381 3369 3507 3403 erfolgen.

2693 3400 2743 3428 Die
2770 3400 2998 3433 Resolution
3021 3404 3065 3429 der
3091 3403 3506 3436 „Regierungspartei"

2695 3435 2758 3466 stellt
2786 3434 2813 3461 in
2839 3435 2886 3462 de»
2910 3436 2993 3466 erste»
3020 3437 3085 3470 sechs
3111 3437 3305 3470 Paragraphen
3333 3437 3373 3464 die
3398 3438 3507 3466 Grund¬

2694 3461 2751 3502 sätze
2775 3470 2819 3496 der
2842 3470 3016 3503 zionistischen
3041 3471 3141 3504 Politik
3165 3470 3217 3505 fest,
3240 3471 3280 3498 die
3302 3473 3363 3504 auch
3387 3477 3439 3499 von
3463 3474 3507 3500 der

2691 3502 2847 3543 Opposition
2869 3512 3061 3538 nngeuvnnnku
3084 3506 3188 3532 werden
3211 3505 3331 3536 könnten,
3353 3506 3505 3541 ermächtigt

2690 3538 2753 3564 aber
2770 3545 2797 3564 in
2815 3538 2975 3572 Paragraph
2993 3539 3073 3573 sieben
3091 3539 3146 3569 „die
3163 3539 3307 3572 Exekutive,
3321 3540 3349 3567 in
3368 3541 3505 3573 Verhand¬

2692 3572 2788 3605 lungen
2818 3571 2989 3605 einzutretcn,
3019 3580 3064 3601 »in
3095 3573 3136 3600 die
3166 3581 3282 3608 genaucn
3312 3574 3505 3609 Bedingungen

2690 3607 2734 3633 der
2758 3605 2892 3640 britischen
2918 3606 3070 3641 !>!egicrung
3095 3608 3138 3640 für
3162 3608 3202 3635 die
3224 3608 3435 3642 vorgeschlagcne
3457 3610 3505 3637 Er-

2690 3639 2809 3673 richtung
2837 3641 2882 3667 dcS
2905 3641 3095 3674 JudeustaateS
3122 3641 3312 3676 festzustelleu."
3342 3643 3504 3676 Paragraph

2688 3675 2741 3707 acht
2767 3674 2851 3707 besagt
2875 3677 2919 3702 als
2945 3676 3099 3710 Konzession
3123 3684 3158 3703 an
3188 3677 3228 3703 die
3250 3677 3364 3710 Gegner,
3388 3677 3439 3708 daß
3464 3678 3504 3706 die

2688 3708 2823 3735 Erekntive
2841 3710 2941 3739 „Nieder
2960 3710 3003 3743 sich
3021 3710 3092 3742 selbst
3107 3710 3168 3744 noch
3186 3711 3226 3738 die
3243 3710 3399 3744 zionistische
3418 3711 3503 3745 Orga¬

2688 3742 2803 3774 nisation
2825 3742 2852 3770 in
2872 3743 2955 3776 diesen
2975 3745 3202 3779 Verhandlungen
3223 3745 3334 3772 bindcu"
3356 3746 3425 3778 darf,
3447 3746 3503 3777 son¬

2688 3778 2751 3803 dern
2772 3777 2933 3810 verpflichtet
2956 3777 2994 3810 ist,
3016 3779 3095 3812 „falls
3114 3779 3157 3811 sich
3180 3779 3222 3806 ein
3243 3780 3410 3813 endgültiger
3430 3781 3502 3814 Plan

2687 3810 2731 3839 für
2748 3810 2789 3837 die
2811 3811 2970 3845 Errichtung
2989 3813 3062 3840 eines
3082 3813 3271 3846 Judenstaatcs
3289 3815 3400 3848 ergebe»
3422 3814 3502 3847 sollte,

2686 3844 2769 3877 diesen
2796 3845 2867 3877 Plan
2894 3845 2978 3873 einem
3005 3847 3203 3880 ueugewählten
3228 3848 3352 3881 Kongreß
3378 3856 3426 3881 zur
3452 3849 3501 3877 Be¬

2686 3879 2785 3912 ratung
2809 3882 2861 3907 und
2887 3880 3074 3914 Entscheidung
3097 3882 3279 3920 vorzulegcn."

2733 3911 2788 3939 Der
2813 3912 2937 3946 Entwurf
2960 3914 3004 3941 der
3037 3912 3272 3947 Opposition
3307 3914 3337 3949 ist
3361 3916 3418 3943 eine
3442 3917 3499 3943 län¬

2683 3952 2741 3976 gere
2764 3945 2936 3973 Dcllaration
2971 3946 2998 3973 in
3030 3947 3088 3974 vier
3111 3948 3316 3981 Paragraphen,
3340 3949 3380 3976 die
3402 3950 3500 3984 daraus

2682 3978 2886 4010 hiuauskounut.
2911 3980 2962 4013 daß
2985 3980 3026 4008 die
3050 3980 3187 4014 britischen
3212 3981 3369 4015 Vorschläge
3392 3983 3498 4016 bezeich¬

2681 4013 2722 4039 net
2743 4013 2847 4040 werden
2870 4015 2929 4044 „als
2952 4013 3009 4042 eine
3031 4014 3185 4048 Verletzung
3206 4019 3257 4042 von
3281 4015 3497 4050 Zusicherungen,

367 4117 706 4186 Feuilleton

293 4240 411 4276 Mord
428 4242 466 4276 in
484 4241 780 4284 Mesopotamien

262 4303 370 4331 Roman
387 4305 440 4333 von
467 4305 615 4339 Agatha
643 4304 807 4340 Ehristie

362 4365 495 4398 Copyright
517 4367 548 4398 by
568 4367 610 4392 Dr.
633 4368 735 4398 Praeger
756 4367 917 4391 Presscdicmt

175 4421 246 4454 Herr
265 4422 356 4450 Reiter
372 4423 491 4452 beendete
509 4424 562 4458 sein
578 4424 834 4459 Photographieren,
853 4422 943 4456 reichte

124 4457 172 4486 den
191 4460 316 4495 Apparat
333 4463 388 4489 und
407 4463 448 4491 die
465 4464 574 4498 Platten
594 4464 690 4498 seinem
707 4463 766 4496 Boh
783 4463 837 4490 und
855 4461 941 4496 befahl

125 4496 188 4531 ihm,
211 4499 243 4533 sic
268 4500 313 4528 ins
335 4501 411 4534 HauS
434 4510 466 4536 zu
489 4503 590 4536 tragen.

174 4542 273 4576 Pvirvt
295 4544 373 4577 stellte
392 4545 479 4580 einigc
501 4546 606 4581 Fragen
629 4545 693 4573 über
713 4545 868 4579 Belichtung
888 4545 941 4573 nnd

124 4579 211 4613 Filme
230 4583 285 4610 und
302 4583 460 4618 dergleichen
479 4592 515 4612 an
535 4584 591 4618 ihn,
608 4585 649 4612 die
665 4592 695 4612 er
715 4583 884 4617 liereitwillig
902 4584 941 4611 be-

121 4620 290 4650 antwortete.
316 4623 353 4650 Er
369 4622 448 4656 schien
466 4624 510 4658 sich
526 4631 560 4657 zu
575 4624 674 4658 freuen,
691 4623 742 4657 daß
756 4630 819 4651 man
835 4623 879 4657 sich
897 4623 941 4657 für

122 4657 190 4691 seine
217 4659 311 4688 Arbeit
340 4660 520 4696 interessierte.

174 4702 211 4730 Er
236 4704 324 4731 wollte
349 4704 392 4738 sich
418 4706 511 4739 gerade
537 4704 736 4740 eulschuldigcu,
761 4705 810 4738 daß
835 4711 862 4732 er
888 4707 939 4733 uns

122 4741 251 4774 verlassen
278 4742 366 4776 müsie,
391 4745 435 4771 als
460 4744 557 4778 Poirot
581 4744 648 4778 seine
673 4743 845 4772 vorbereitete
873 4743 940 4772 Rede

122 4779 228 4813 lvslicß.
268 4781 320 4809 Die
349 4782 419 4810 Rede
446 4783 536 4816 mußte
563 4790 594 4811 er
624 4783 751 4816 jedeSmal
781 4782 824 4810 ei»
852 4782 940 4815 wenig

121 4819 234 4850 ändern,
257 4827 302 4848 um
327 4820 359 4854 sie
382 4822 427 4849 der
452 4821 628 4855 betreffeudeu
652 4821 752 4855 Person
773 4820 939 4855 auzupassen,

121 4864 156 4884 an
182 4857 223 4886 die
249 4859 281 4893 sic
305 4859 424 4892 gerichtet
449 4865 516 4888 tvar.
550 4860 620 4888 Aber
646 4860 680 4894 ich
705 4862 791 4888 iverdc
818 4860 849 4894 sic
873 4859 938 4894 nicht

122 4894 250 4929 jedeSmal
279 4897 507 4931 niedcrschrcibcn.
544 4899 592 4927 Bei
624 4899 812 4934 vernünftige»
844 4898 938 4926 Leuten

121 4935 171 4962 wie
192 4935 326 4970 Fräulein
347 4936 470 4970 Johnson
494 4937 558 4971 ging
577 4945 607 4965 er
629 4939 722 4972 gerade
743 4938 790 4972 ans
813 4939 861 4964 das
880 4937 937 4971 Ziel

121 4974 172 5004 los,
197 4974 325 5009 ivährend
353 4982 380 5002 er
406 4975 445 5003 bei
470 4977 573 5004 andern
597 4977 647 5010 erst
672 4976 719 5011 auf
747 4977 794 5004 de»
822 4976 936 5009 Strauch

121 5011 235 5047 schlagen
255 5013 353 5047 mußte,
373 5013 436 5042 aber
456 5021 515 5048 zum
535 5014 634 5050 Schluß
654 5015 709 5043 kam
729 5017 756 5042 eS
777 5014 872 5043 immer
890 5014 937 5048 auf

122 5051 238 5086 dasselbe
264 5052 370 5085 heraus.

172 5095 237 5128 „Ja,
253 5095 290 5129 ja.
307 5095 341 5128 ich
360 5096 480 5130 verstehe,
497 5098 555 5123 was
571 5096 622 5124 Sie
638 5095 767 5128 meinen,"
783 5096 853 5130 sagte
867 5096 937 5129 Herr

121 5131 221 5161 Reiter.
255 5133 365 5168 „Jedoch
388 5133 422 5169 ich
446 5134 513 5168 weiß
537 5134 564 5162 in
587 5136 633 5162 der
655 5135 707 5162 Tat
729 5134 805 5169 nicht,
827 5134 876 5161 wie
902 5134 935 5165 Ich

119 5172 211 5206 Ihnen
237 5172 322 5206 helfen
349 5172 424 5201 kann.
456 5173 504 5207 Ich
527 5172 573 5201 bin
598 5173 626 5201 in
652 5173 733 5207 dieser
754 5173 854 5208 Saison
876 5179 935 5206 zum

121 5212 261 5245 erstenmal
280 5211 337 5245 hier
355 5212 409 5239 und
426 5211 490 5245 habe
509 5211 575 5246 nicht
593 5212 645 5240 viel
665 5211 713 5239 mit
735 5213 808 5247 Frau
827 5211 935 5240 Leiduer

122 5250 281 5284 gesprochen.
309 5250 356 5284 Ich
379 5250 500 5283 bedanre,
521 5251 584 5279 aber
605 5251 639 5282 ich
661 5251 727 5279 kann
748 5251 838 5284 Ihnen
860 5249 935 5278 wirk¬

122 5289 168 5324 lich
191 5289 275 5325 nichts
297 5288 397 5324 sagen."

1033 4089 1069 4116 ES
1096 4090 1140 4123 lag
1163 4090 1246 4118 etwa?
1269 4090 1370 4123 Steifes
1396 4092 1450 4118 nnd
1475 4091 1675 4125 Fremdartiges
1700 4091 1727 4120 in
1752 4094 1796 4120 der

981 4127 1042 4159 Art,
1065 4128 1116 4156 wie
1138 4136 1169 4156 er
1192 4128 1289 4163 sprach,
1313 4129 1417 4162 obwohl
1443 4138 1471 4157 er
1497 4137 1545 4164 gar
1570 4130 1658 4157 keine»
1683 4132 1795 4158 auslän¬

981 4166 1078 4200 dische»
1107 4167 1201 4202 Akzent
1228 4169 1306 4202 hatte,
1340 4167 1423 4203 außer
1450 4169 1580 4203 natürlich
1615 4170 1663 4196 den
1697 4169 1794 4197 ameri¬

981 4205 1119 4240 kanische».

1033 4245 1098 4275 „Sic
1125 4245 1223 4273 können
1251 4246 1305 4273 mir
1333 4246 1489 4279 wenigstens
1516 4245 1601 4279 sagen,
1628 4245 1659 4273 ob
1686 4246 1735 4274 Sie
1764 4247 1794 4280 sie

982 4283 1094 4315 mochten
1112 4285 1173 4311 oder
1192 4284 1292 4318 nicht?"
1310 4284 1379 4318 sagte
1396 4284 1493 4319 Poirot
1511 4284 1559 4312 mit
1576 4285 1661 4311 einem
1680 4284 1793 4319 Lächeln.

1029 4322 1099 4355 Herr
1117 4323 1208 4350 Reiter
1228 4324 1319 4350 wurde
1337 4330 1402 4356 ganz
1423 4324 1463 4350 rot
1483 4323 1537 4349 und
1556 4323 1709 4356 stammelte:

1032 4361 1098 4391 „Sic
1119 4367 1177 4389 »'ar
1196 4361 1255 4390 eine
1277 4361 1454 4394 bezaubernde
1473 4362 1546 4395 Frau
1565 4374 1597 4379 —
1618 4361 1732 4395 wirklich
1753 4362 1792 4389 be¬

979 4400 1120 4432 zaubernd.
1156 4401 1213 4428 Und
1240 4400 1395 4434 intelligent.
1431 4399 1480 4428 Sic
1507 4400 1577 4433 hatte
1603 4400 1677 4427 einen
1705 4400 1792 4428 klaren

980 4438 1109 4472 Verstand
1132 4451 1164 4457 —
1189 4439 1239 4471 ja."

1029 4478 1122 4507 „Bien!
1152 4477 1201 4504 Sic
1225 4477 1335 4505 konnten
1363 4476 1394 4510 sie
1421 4477 1468 4511 gut
1495 4476 1587 4505 leiden.
1617 4477 1675 4504 Nnd
1702 4477 1734 4513 sie
1760 4490 1791 4495 —

979 4515 1073 4548 mochte
1094 4516 1176 4544 Sic?"

1028 4554 1097 4587 Herr
1115 4554 1206 4582 Reiter
1223 4555 1314 4582 tvnrdc
1331 4554 1391 4588 noch
1410 4555 1490 4582 röter.

1030 4592 1095 4625 „Oh,
1118 4593 1152 4627 ich
1172 4605 1203 4610 —
1224 4593 1257 4626 ich
1277 4593 1344 4626 weiß
1364 4593 1439 4627 nicht,
1458 4593 1490 4620 ob
1511 4593 1542 4627 sic
1559 4593 1622 4628 mich
1644 4594 1790 4627 Überhaupt

977 4631 1107 4665 beachtete,
1137 4632 1194 4659 lind
1217 4632 1252 4664 ich
1274 4632 1344 4665 hatte
1365 4632 1419 4659 ciu-
1438 4633 1500 4659 oder
1520 4632 1642 4665 zweimal
1662 4633 1733 4667 Pech.
1744 4633 1790 4667 Ich

977 4671 1047 4704 hatte
1073 4670 1168 4699 Immer
1192 4671 1263 4704 Pech,
1287 4675 1364 4698 wenn
1391 4671 1424 4705 ich
1451 4671 1534 4698 etwas
1561 4672 1605 4705 für
1631 4672 1663 4706 sic
1686 4679 1717 4705 zu
1743 4672 1789 4700 tun

976 4708 1111 4743 versuchte.
1142 4709 1188 4743 Ich
1214 4709 1317 4744 fürchte,
1338 4709 1372 4743 ich
1396 4714 1454 4738 war
1478 4709 1520 4743 ihr
1544 4710 1593 4738 mit
1615 4710 1716 4738 meiner
1738 4711 1788 4738 Nn-

977 4748 1172 4783 gcschicklichkeit
1203 4748 1287 4783 lästig.
1327 4748 1363 4775 ES
1391 4754 1449 4776 war
1478 4755 1544 4783 ganz
1570 4748 1790 4784 unabsichtlich...

976 4788 1023 4822 Ich
1042 4788 1113 4820 hätte
1130 4789 1197 4815 alles
1216 4789 1292 4822 getan
1309 4800 1341 4804 —
1359 4788 1407 4805 —"

1026 4826 1122 4861 Poirot
1143 4827 1213 4859 hatte
1234 4826 1344 4854 Mitleid
1366 4826 1415 4853 mit
1437 4825 1532 4860 seinem
1555 4826 1721 4859 Gestammel.

1027 4865 1119 4898 „Ganz
1139 4865 1203 4897 recht
1225 4878 1251 4882 -
1274 4871 1340 4898 ganz
1362 4865 1434 4898 recht.
1463 4864 1551 4897 Gehen
1568 4865 1620 4892 wir
1640 4864 1686 4898 auf
1706 4866 1788 4893 etwa?

975 4904 1086 4931 anderes
1107 4903 1178 4931 über.
1204 4903 1257 4937 Lag
1273 4903 1329 4931 eine
1346 4902 1441 4936 heitere
1459 4902 1633 4938 Atmosphäre
1652 4904 1715 4931 über
1732 4905 1787 4931 dem

975 4942 1085 4976 HauS?"

1026 4981 1108 5012 „Wie.
1124 4980 1221 5008 bitte?"

1026 5020 1140 5049 „Waren
1160 5019 1212 5047 Tie
1233 5019 1284 5047 alle
1305 5020 1434 5054 vergnügt
1456 5019 1651 5049 miteinander?
1681 5019 1785 5054 Lachte»

975 5058 1028 5085 und
1048 5057 1171 5091 scherzten
1193 5058 1276 5086 Sie?"

1026 5096 1109 5126 „Nein
1135 5109 1167 5115 —
1195 5096 1266 5128 nein,
1291 5097 1339 5124 daS
1366 5098 1460 5131 gerade
1487 5097 1562 5131 nicht.
1595 5098 1631 5126 ES
1659 5102 1718 5125 war
1744 5097 1784 5125 ein

973 5134 1060 5168 wenig
1080 5134 1158 5169 steif."

1023 5173 1059 5201 Er
1076 5174 1186 5208 zögerte,
1204 5173 1313 5208 kämpfte
1330 5173 1380 5203 mit
1397 5174 1440 5209 sich
1457 5174 1528 5209 selbst
1545 5176 1598 5204 und
1617 5176 1685 5209 sagte
1702 5175 1783 5204 dann:

1024 5212 1136 5246 „Wissen
1154 5212 1212 5243 ^ie,
1232 5214 1266 5246 ich
1282 5212 1327 5240 bin
1348 5212 1401 5241 kein
1421 5217 1496 5247 guter
1513 5214 1711 5248 Gcscllschastcr.
1737 5214 1783 5248 Ich

972 5250 1018 5278 bin
1040 5251 1197 5286 nngcschickt.
1229 5252 1276 5286 Ich
1298 5251 1344 5279 bin
1369 5251 1519 5287 schüchtern.
1551 5254 1600 5282 Dr.
1622 5252 1731 5281 Leiduer
1754 5252 1783 5284 ist

972 5289 1067 5318 immer
1087 5290 1143 5325 sehr
1164 5290 1209 5324 gut
1230 5298 1262 5325 zu
1280 5290 1334 5319 mir
1356 5291 1477 5326 gewesen.
1508 5291 1578 5320 Aber
1598 5304 1630 5310 —
1651 5294 1678 5319 eS
1700 5291 1730 5332 ist
1751 5298 1782 5326 zu

1833 4093 1925 4122 dumm
1947 4107 1979 4112 —
2002 4094 2036 4129 ich
2058 4096 2124 4122 kann
2146 4094 2229 4123 meine
2251 4095 2461 4129 Schüchternheit
2484 4095 2550 4130 nicht
2570 4096 2644 4124 über¬

1831 4133 1947 4162 winden.
1978 4134 2026 4168 Ich
2047 4135 2104 4169 sage
2125 4133 2220 4163 Immer
2240 4135 2288 4161 daS
2310 4134 2466 4168 Unrichtige.
2496 4134 2544 4169 Ich
2564 4135 2644 4168 werfe

1831 4173 2009 4207 Wasierkrügc
2030 4181 2082 4201 um.
2103 4173 2150 4207 Ich
2170 4174 2232 4206 habe
2248 4173 2335 4207 Pech."

1883 4212 1920 4239 Er
1940 4212 1982 4246 sah
2004 4212 2117 4246 wirklich
2137 4215 2188 4239 aus
2208 4212 2258 4239 wie
2275 4211 2317 4239 ei»
2341 4211 2444 4245 großes,
2465 4212 2642 4246 ungeschicktes

1832 4249 1911 4278 Kind.

1882 4290 1958 4320 „DaS
1983 4289 2030 4316 tun
2053 4289 2105 4316 wir
2129 4290 2187 4319 alle,
2210 4294 2286 4316 wenn
2308 4288 2360 4316 wir
2384 4288 2449 4322 jung
2471 4289 2552 4322 sind",
2573 4289 2641 4322 sagte

1829 4326 1926 4360 Poirot
1944 4328 2066 4361 lächelnd.
2092 4328 2165 4359 „DaS
2183 4326 2383 4362 Gleichgewicht,
2396 4328 2444 4354 daS
2459 4328 2549 4356 savoir
2564 4329 2640 4359 faire,

1830 4365 1871 4393 die
1891 4367 2006 4394 kommen
2025 4366 2133 4401 später."

1880 4405 1962 4433 Dann
1999 4405 2094 4439 ginge»
2130 4404 2183 4432 wir
2208 4404 2257 4433 mit
2283 4404 2366 4432 einem
2403 4404 2494 4437 kurzen
2521 4404 2639 4438 Abschied

1829 4443 1930 4471 weiter.

1879 4481 1976 4516 Poirot
2000 4481 2078 4516 sagte:
2115 4482 2197 4513 „DaS,
2221 4492 2263 4510 ma
2287 4481 2363 4513 saur,
2389 4481 2419 4515 ist
2444 4480 2572 4508 entweder
2594 4480 2637 4507 ein

1827 4519 1933 4555 äußerst
1953 4520 2107 4554 einfältiger
2128 4520 2221 4555 junger
2240 4520 2328 4548 Mann
2350 4521 2410 4548 oder
2430 4519 2473 4546 ein
2496 4527 2561 4553 ganz
2581 4520 2637 4552 her¬

1828 4560 2007 4593 vorragender
2029 4558 2235 4593 Schauspieler."

1877 4598 1925 4632 Ich
1952 4598 2000 4632 gab
2026 4598 2093 4625 keine
2120 4597 2253 4625 Antwort.
2286 4596 2355 4630 Mich
2379 4597 2449 4630 hatte
2471 4595 2567 4624 wieder
2592 4597 2637 4624 der

1825 4636 2010 4670 phantastische
2029 4637 2146 4665 Gedanke
2162 4636 2257 4670 ersaßt,
2275 4635 2326 4668 daß
2342 4636 2415 4663 einer
2432 4639 2484 4661 von
2499 4634 2537 4662 all
2555 4635 2635 4662 denen

1826 4675 1868 4703 ei»
1892 4675 2062 4709 gefährlicher
2086 4677 2138 4703 »nd
2160 4675 2326 4707 kaltblütiger
2348 4674 2460 4702 Mörder
2481 4678 2547 4701 war.
2577 4674 2635 4701 DaS

1826 4713 1905 4748 schien
1926 4722 1961 4742 an
1982 4714 2075 4749 diesem
2099 4714 2211 4749 schönen,
2233 4713 2358 4748 sonnigen
2381 4713 2495 4745 Morgen
2518 4712 2563 4746 fast
2588 4720 2635 4740 un¬

1826 4753 1944 4787 möglich.

1904 4814 1999 4848 Herr
2031 4814 2216 4845 Mercado,
2251 4812 2403 4846 Richard
2436 4812 2553 4845 Earey

1876 4867 1942 4899 „Sic
1961 4866 2079 4895 arbeite»
2099 4875 2134 4894 an
2153 4867 2214 4900 zwei
2237 4866 2426 4899 verschiedenen
2448 4864 2559 4895 Stellen,
2581 4865 2634 4900 sehe

1825 4904 1883 4939 ich,"
1904 4906 1971 4940 sagte
1990 4906 2086 4940 Poirot
2108 4906 2188 4940 stehen
2209 4904 2335 4933 bleibend.

1872 4945 1942 4978 Herr
1964 4944 2055 4972 Reiter
2077 4945 2148 4979 hatte
2167 4951 2203 4972 an
2225 4944 2311 4971 einem
2330 4942 2552 4976 außenliegenden
2572 4942 2633 4970 Teil

1821 4983 1866 5010 der
1887 4983 2203 5018 Haupt-AuSgrabungcu
2228 4981 2452 5016 photographiert.
2481 4981 2520 5014 In
2545 4982 2631 5015 gerin¬

1822 5028 1867 5054 ger
1890 5022 2059 5056 Entfernung
2081 5027 2132 5050 von
2157 5024 2209 5050 nnS
2232 5022 2286 5049 kam
2309 5021 2362 5048 nnd
2382 5021 2444 5055 ging
2464 5020 2522 5047 eine
2543 5020 2631 5054 zweite

1822 5059 1916 5093 Partie
1935 5060 2057 5088 Arbeiter
2078 5061 2127 5088 mit
2146 5060 2258 5088 Körben.

1873 5099 1948 5130 „DaS
1967 5106 2069 5127 nennen
2090 5100 2122 5134 sic
2142 5100 2189 5126 den
2210 5098 2287 5131 tiefen
2308 5097 2437 5132 Schnitt",
2457 5096 2567 5125 erklärte
2588 5097 2631 5131 ich.

1822 5137 1887 5168 „Sie
1911 5138 1999 5172 sinden
2026 5139 2085 5166 dort
2109 5137 2174 5170 nicht
2196 5137 2257 5168 viel,
2280 5136 2362 5170 nichts
2382 5137 2426 5164 als
2449 5135 2630 5169 zerbrochenes

1819 5176 1991 5211 Töpserzeug,
2007 5176 2089 5211 jedoch
2105 5177 2154 5205 Dr.
2171 5175 2280 5204 Leiduer
2296 5175 2349 5209 sagt
2365 5175 2467 5205 Immer.
2481 5176 2509 5200 eS
2527 5174 2556 5209 ist
2574 5174 2631 5209 sehr

1821 5213 1981 5250 interessant,
1995 5215 2050 5249 also
2067 5215 2135 5243 wird
2153 5217 2180 5241 es
2196 5213 2402 5248 wahrscheinlich
2422 5213 2446 5247 so
2466 5212 2528 5247 sein.

1872 5255 1975 5288 „Gehen
1998 5254 2050 5282 wir
2073 5253 2145 5288 hin."

1869 5294 1930 5322 Wir
1941 5294 2036 5328 gingen
2048 5292 2175 5328 langsam,
2196 5293 2265 5321 denn
2273 5291 2315 5320 die
2326 5291 2419 5321 Sonne
2438 5290 2551 5320 brannte
2562 5291 2629 5328 heiß.

2731 4099 2800 4132 Herr
2819 4099 2945 4128 Mercado
2964 4100 3034 4133 hatte
3050 4101 3111 4128 dort
3130 4100 3171 4128 die
3189 4101 3308 4134 Leitung.
3337 4102 3398 4131 Wir
3420 4102 3497 4136 sahen

2681 4137 2727 4170 ihn
2747 4138 2829 4165 unten
2848 4139 2897 4166 mit
2916 4140 2974 4166 dcm
2993 4139 3177 4170 Vorarbeiter,
3199 4140 3284 4167 einem
3302 4141 3377 4168 alten
3398 4142 3497 4173 Mann,

2680 4177 2724 4203 der
2750 4176 2800 4203 wie
2825 4177 2884 4204 eine
2909 4177 3071 4212 Schildkröte
3098 4178 3196 4211 aussah
3225 4180 3279 4205 und
3308 4179 3373 4207 über
3401 4180 3496 4211 seinem

2680 4215 2774 4248 lange»
2800 4215 2946 4249 gestreifte»
2971 4216 3236 4250 Baumwollgewand
3258 4216 3336 4245 einen
3360 4219 3497 4246 lleberrock

2679 4256 2730 4280 ans
2748 4254 2840 4280 Tweed
2865 4255 2935 4288 trug.

2728 4292 2765 4319 Es
2788 4297 2847 4319 ivar
2868 4292 2913 4320 ein
2935 4293 3022 4327 wenig
3043 4292 3185 4327 schwierig,
3207 4301 3240 4328 zu
3262 4294 3343 4326 ihnen
3367 4296 3496 4328 hinunter

2678 4336 2709 4363 zu
2731 4331 2866 4364 gelangen,
2888 4332 2920 4358 da
2940 4338 2994 4359 nur
3015 4332 3057 4359 ein
3077 4332 3200 4366 schmaler
3221 4333 3290 4366 Pfad
3310 4335 3373 4361 oder
3394 4334 3494 4368 Trepp¬

2677 4368 2733 4401 chen
2755 4368 2933 4403 hinabführte,
2950 4370 2997 4403 aus
3018 4372 3074 4398 dem
3093 4371 3134 4398 die
3152 4371 3357 4400 korbbcladcnc»
3375 4373 3494 4401 Männer

2676 4407 2723 4440 auf
2748 4408 2801 4434 und
2825 4409 2859 4435 ab
2885 4408 2980 4442 gingen
3010 4411 3063 4436 nnd
3087 4409 3154 4443 nicht
3181 4411 3267 4437 daran
3294 4411 3407 4445 dachten.
3431 4414 3494 4439 auS-

2676 4444 2827 4478 zuwcichen.

2726 4484 2860 4515 Während
2882 4485 2917 4519 ich
2938 4485 3034 4519 Poirot
3053 4486 3142 4520 folgte,
3161 4486 3230 4521 sagte
3247 4494 3276 4514 er
3298 4488 3411 4522 plötzlich
3429 4489 3492 4517 über

2676 4521 2715 4549 die
2735 4522 2878 4554 Schultern
2898 4530 2930 4557 zu
2949 4524 3014 4552 mir:

2726 4560 2783 4594 „Ist
2816 4561 2885 4594 Herr
2917 4562 3046 4591 Mercado
3079 4563 3275 4598 Rechtshänder
3308 4564 3370 4592 oder
3403 4564 3491 4593 Links-

2675 4597 2808 4633 händcr?"

2723 4638 2773 4668 Na,
2790 4643 2867 4666 wen»
2886 4640 2936 4667 daS
2951 4639 3019 4675 nicht
3036 4641 3094 4668 eine
3110 4641 3301 4675 merkwürdige
3318 4641 3403 4676 Frage
3421 4642 3491 4669 war!

2723 4676 2770 4709 Ich
2793 4676 2926 4712 überlegte
2950 4677 3028 4707 einen
3054 4680 3219 4713 Augenblick,
3244 4681 3325 4707 dann:

2725 4715 2959 4749 „Rechtshänder,"
2981 4717 3049 4752 sagte
3069 4718 3105 4751 ich
3122 4718 3289 4752 entschieden.

2723 4753 2819 4787 Poirot
2836 4754 2888 4788 ließ
2904 4756 2948 4790 sich
2966 4756 3033 4791 nicht
3048 4757 3138 4790 herab,
3153 4757 3197 4791 sich
3213 4757 3297 4791 näher
3311 4763 3344 4790 zu
3358 4757 3488 4786 erllären:

2671 4798 2700 4819 er
2723 4792 2787 4825 ging
2807 4792 2906 4828 einfach
2926 4794 3020 4823 weiter
3041 4797 3096 4823 und
3116 4796 3151 4829 ich
3174 4796 3261 4830 folgte.

2721 4831 2790 4863 Herr
2809 4831 2938 4860 Mercado
2959 4833 3037 4866 schien
3060 4834 3168 4867 erfreut,
3188 4837 3240 4861 unS
3258 4840 3291 4868 zu
3310 4833 3390 4866 sehen.
3417 4833 3485 4861 Sei»

2672 4868 2773 4903 langes,
2798 4872 3021 4905 melancholisches
3044 4873 3141 4907 Gesicht
3163 4873 3268 4905 erhellte
3292 4872 3343 4906 sich.

2721 4908 2790 4940 Herr
2810 4908 2909 4943 Poirot
2927 4911 3052 4944 heuchelte
3072 4911 3114 4939 ein
3133 4910 3262 4944 Intercsie
3282 4910 3326 4943 für
3347 4910 3485 4943 Archäolo¬

2669 4946 2718 4979 gie.
2743 4948 2793 4973 das
2818 4955 2848 4975 er
2872 4949 2947 4983 sicher
2971 4950 3039 4984 nicht
3066 4949 3157 4984 fühlte,
3182 4949 3229 4983 aus
3254 4949 3303 4975 daS
3327 4948 3391 4975 aber
3414 4948 3484 4981 Herr

2669 4984 2797 5013 Mercado
2821 4985 2903 5020 sofort
2926 4987 3043 5022 einging.

2721 5024 2757 5052 Er
2778 5025 2899 5057 erklärte,
2918 5027 2968 5060 daß
2989 5026 3019 5061 sic
3040 5026 3136 5054 bereit«
3158 5025 3233 5059 durch
3252 5023 3330 5058 zwölf
3350 5024 3481 5058 Schichten

2669 5062 2718 5089 mit
2742 5062 2897 5096 bewohnte»
2920 5065 3040 5098 Häusern
3064 5064 3258 5098 eingedrungen
3282 5067 3381 5090 waren.
3405 5062 3482 5093 „Wir

2669 5100 2725 5134 sind
2754 5108 2812 5130 nun
2841 5104 2972 5138 bestimmt
3002 5103 3040 5131 im
3066 5102 3166 5129 vierten
3192 5099 3374 5135 Jahrtausend
3403 5108 3481 5135 angc-

2669 5139 2768 5174 langt,"
2789 5140 2857 5175 sagte
2879 5150 2906 5169 er
2927 5141 2976 5170 mit
2994 5141 3188 5175 Begeisterung.

2720 5179 2757 5207 Er
2774 5179 2854 5213 zeigte
2872 5183 2924 5208 unS
2944 5181 3015 5207 dann
3034 5177 3153 5212 Streise»
3171 5183 3222 5205 von
3239 5175 3313 5210 Asche
3333 5177 3395 5209 (lvic
3412 5178 3480 5212 seine

2667 5215 2744 5250 Hand
2770 5217 2884 5251 zitterte!
2908 5218 2948 5246 Ob
2970 5224 2998 5244 er
3023 5216 3092 5248 wohl
3115 5223 3150 5243 an
3174 5215 3299 5243 Malaria
3324 5216 3398 5248 litt?)
3424 5218 3478 5245 und

2667 5256 2779 5283 erklärte
2802 5259 2863 5289 un«.
2885 5256 2934 5284 wie
2955 5255 2994 5283 die
3014 5254 3169 5288 Töpfereien
3193 5254 3220 5282 in
3243 5255 3291 5281 den
3312 5254 3478 5283 Merkmalen

2666 5295 2821 5330 wechselten,
2855 5297 2907 5324 und
2943 5295 3028 5329 sprach
3063 5298 3114 5321 von
3148 5293 3319 5328 Grabstätten
3419 5294 3477 5322 eine
