1954 2362
1505 0 1558 23 -Z.7
1580 0 1600 21 'i

163 245 275 317 N°.
341 247 435 327 83;

63 427 533 545 Zürcher

155 627 206 678 S
219 637 244 675 a
258 637 301 675 m
317 629 348 684 st
364 639 389 677 a
403 638 431 685 g

1726 153 1729 182 .
1751 153 1790 182 M

1375 271 1407 319 1
1463 265 1511 337 7
1561 259 1601 333 8
1653 271 1721 337 9.

1327 431 1797 549 Zeitung

1329 625 1406 675 den
1430 627 1490 681 17.
1518 627 1763 678 Weinmon.

297 846 650 885 Frankreich.

101 894 192 927 Paris
205 906 213 926 -
247 899 316 922 vom
339 896 401 925 8ten
411 894 539 924 wernttr.
575 894 666 927 Letzten
683 893 848 926 Donnerstag
862 892 914 926 gab'

63 927 113 956 das
132 929 215 961 Korps
239 927 280 956 der
305 925 448 961 königlichen
464 927 609 961 Leibgarden
637 927 683 956 den
708 927 827 961 Offiziers
851 934 907 957 vom

64 962 218 994 Wegimente
239 968 286 991 von
296 963 420 997 Flandern
439 968 465 993 zu
475 963 610 995 Versailles
622 961 660 990 rin
674 961 847 994 Mittagessen,
860 969 908 991 wo¬

63 1001 98 1026 zu
118 996 175 1028 auch
200 1002 277 1028 gegen
301 1005 336 1029 40
353 996 470 1031 Offiziere
489 1003 537 1026 von
553 998 596 1025 der
613 996 788 1028 Vürgermiliz
805 996 914 1028 geladen'

64 1030 179 1058 wurden.
215 1030 272 1061 Der
286 1029 367 1065 König
387 1031 493 1060 erlaubte
501 1048 509 1062 ,
529 1030 576 1064 dass
587 1030 646 1061 diese
662 1031 707 1064 Fet
709 1030 724 1056 5
736 1029 760 1058 in
778 1031 832 1058 dem
843 1031 911 1063 grost

64 1064 111 1095 ten
136 1063 326 1098 Schauspielsale
348 1067 392 1094 des
414 1064 547 1098 Schlosses'
561 1066 675 1098 gehalten
694 1065 791 1093 werden
815 1064 905 1095 durfte.

64 1098 135 1133 Ihre
157 1098 309 1131 Majestäten
334 1100 467 1134 erschienen
486 1099 556 1133 beym
574 1098 698 1131 Dessert,
734 1099 784 1127 und
805 1100 919 1127 wurden'

65 1139 118 1161 von
137 1132 182 1160 den
201 1132 295 1166 Gästen
313 1134 361 1162 mit
378 1136 401 1168 so
418 1134 640 1167 ausgezeichnetem
647 1133 778 1164 Beweisen
794 1139 841 1162 von
858 1133 908 1162 Lie¬

65 1167 98 1196 he
116 1167 165 1194 und
181 1167 347 1201 Ergebenheit
367 1169 514 1201 empfangen
529 1187 536 1201 ,
555 1167 602 1199 daß
615 1166 655 1195 die
671 1165 798 1200 Königinn
815 1166 910 1200 sichdtt

66 1202 202 1234 Lh.ranem
212 1201 274 1233 nicht
296 1201 427 1237 enthalten'
441 1202 537 1230 konnte.
573 1201 638 1230 Die-
647 1202 801 1230 Grenadiere
809 1202 863 1229 und
872 1209 911 1235 ge¬

65 1236 170 1265 meinen
191 1235 337 1269 Soldaten,
367 1235 453 1270 welche
473 1242 523 1265 von
539 1235 610 1269 ihren
629 1233 764 1268 Offizieren
784 1236 912 1270 herbeyge-

64 1269 152 1302 Een
173 1268 276 1296 wurden
297 1287 305 1302 ,
337 1269 392 1297 und
408 1269 456 1297 mit
479 1270 555 1303 ihnen
572 1270 784 1303 gemeinschaftlich
803 1270 841 1298 die
858 1272 912 1299 Ge¬

64 1302 211 1335 sundheiten
231 1302 297 1336 Ihre
323 1300 477 1336 Majestäten
503 1304 623 1335 tranken,
655 1304 756 1331 wurden
785 1303 911 1336 durch'die

65 1339 226 1371 Gegenwart
248 1336 381 1369 Derselben
399 1336 498 1371 aufferst
512 1337 616 1371 lebhaft.'
651 1336 702 1365 Sie
731 1337 848 1370 bestiegen
871 1337 910 1365 die

65 1372 197 1405 Orchester
216 1372 267 1399 und
286 1371 338 1400 das"
359 1371 572 1405 Amphitheater,
581 1384 586 1391 -
608 1373 652 1399 Um
670 1372 726 1399 dem
745 1370 839 1404 Könige
867 1370 911 1400 nä-

65 1409 115 1441 hör
135 1412 164 1437 zu
184 1406 257 1439 seyn,
282 1412 325 1434 um
353 1406 402 1438 sein
420 1406 491 1434 Kleid
511 1405 635 1436 berühren
655 1423 687 1439 ,.
699 1406 750 1433 und
767 1406 830 1437 feine
846 1406 912 1439 Fvß-

66 1441 167 1478 stapfen
197 1438 275 1472 küssen
306 1445 335 1470 zu
359 1438 461 1468 können.
508 1440 634 1469 Nachdem
658 1439 699 1477 sich
725 1440 792 1473 Jhke
825 1440 912 1474 Maje¬

67 1475 152 1512 stäten
170 1475 280 1509 entfernt
306 1475 405 1509 hatten,
415 1487 420 1492 -
436 1476 458 1507 so
476 1474 536 1504 eilte
559 1474 597 1503 die
614 1479 687 1506 ganze
716 1471 869 1507 Gesellschaft
887 1475 914 1502 in

66 1513 119 1541 den
134 1509 307 1542 Marmorsal,
327 1510 423 1541 welcher
440 1513 511 1538 unter
534 1511 589 1538 dem
610 1509 794 1542 Depürtement
808 1510 850 1538 des
864 1506 915 1539 Kö¬

65 1543 134 1576 rrigs
157 1542 194 1573 ist.
233 1543 316 1576 Durch
345 1542 527 1577 unaufhörliche
547 1544 767 1578 Freudengeschrey
789 1544 840 1575 rief
855 1551 914 1573 man

69 1573 125 1606 Ae.
147 1572 270 1607 Majestät
292 1592 300 1606 ,
332 1579 377 1609 auf
392 1578 438 1605 den
457 1579 554 1608 Balkon
572 1586 601 1609 zu
620 1578 775 1611 erscheinen.-
798 1578 920 1611 Sogleich

69 1606 188 1640 eetönten
214 1608 386 1640 verschiedene-
403 1611 485 1640 Lieder
506 1631 513 1644 ,
544 1613 583 1642 die
603 1612 644 1645 sich
666 1613 711 1644 auf
728 1612 764 1640 die
785 1613 915 1645 Umstande

69 1646 187 1676 bezogen.
225 1644 301 1671 Unter
326 1645 419 1671 andern
444 1646 526 1677 spielte
553 1648 590 1676 die
607 1646 741 1681 Feldmusik
761 1652 817 1676 vom
837 1648 915 1679 Regr-

69 1681 159 1710 mente
174 1676 297 1711 Flandern
319 1678 356 1706 die
374 1678 455 1709 Arie:
481 1680 502 1706 {g
517 1682 628 1708 Richard
641 1684 647 1708 !
667 1692 681 1708 o
700 1690 759 1709 man
779 1682 842 1709 Roi!
862 1682 914 1708 l’U-

69 1715 164 1743 jiivers
187 1713 360 1739 t’abondonne
371 1712 414 1741 !!!
427 1714 459 1743 iC.
506 1714 592 1743 Musik
611 1716 661 1743 und
679 1716 756 1749 Wein
773 1723 781 1749 ,
809 1716 859 1744 und
878 1715 927 1744 die'

70 1749 230 1780 Gegenwart
256 1746 352 1776 Seiner
377 1746 501 1780 Majestät
525 1750 652 1777 erweckten
677 1749 702 1776 in
721 1751 766 1778 den
788 1751 914 1781 Soldüttn
925 1756 929 1764 '

69 1788 137 1818 ganz
156 1780 395 1815 ausserordentlichen
414 1781 618 1816 Enchusiasmus.
656 1783 707 1811 Sie
720 1784 808 1819 stiegen
831 1785 870 1816 sich
886 1785 921 1813 ei-'

70 1815 171 1847 nander
190 1815 237 1845 auf
253 1815 291 1844 die
309 1816 422 1848 Rücken?
444 1819 603 1847 klammerte»
627 1816 669 1850 sich
692 1824 723 1846 an
742 1820 778 1847 die
798 1820 914 1851 Säulen,

69 1850 129 1881 und
148 1847 288 1879 klimperten
300 1850 324 1880 so
343 1850 381 1880 bis
393 1858 449 1883 zum
468 1852 564 1883 Balkon
583 1853 625 1880 des
638 1850 735 1884 Königs
755 1853 850 1886 hinauf,
869 1854 921 1881 den'

69 1885 110 1919 sie
128 1882 156 1911 in
174 1881 264 1911 seinem
283 1885 463 1916 Appartement
482 1893 627 1920 «wrangen.
671 1887 731 1916 Das
755 1888 819 1916 laute
840 1888 915 1921 Freu¬

70 1916 233 1950 dengeschrey
253 1918 406 1952 verdoppelte
426 1920 468 1955 sich
489 1922 587 1957 hierauf
611 1923 683 1950 unter
701 1921 803 1954 denen',
812 1933 818 1938 -
831 1922 869 1950 die
888 1922 914 1950 in

71 1956 133 1983 dem
157 1950 223 1985 Hofe
240 1951 357 1986 standen;
375 1955 435 1983 altes
454 1956 590 1992 versicherte
611 1973 617 1989 ,
644 1957 690 1985 den
711 1953 791 1988 König
810 1956 914 1989 vttthei-

70 1987 169 2020 digen,
196 1984 247 2013 und
266 1985 308 2015 für
325 1985 368 2016 ibn
387 1989 480 2023 sterben
506 1996 543 2024 zm
554 1992 650 2021 wollen.
692 1990 742 2019 Ein
760 1988 894 2023 Dragoner
907 2010 914 2023 ,

57 2030 61 2054 -
71 2020 178 2056 welcher
196 2020 242 2048 den
253 2020 349 2053 Balkon
361 2021 548 2056 hinauftlettern
561 2024 657 2060 wollte,
676 2024 716 2057 siel
734 2027 850 2057 Herunter
865 2026 915 2055 uvd

70 2053 237 2090 Verwundete
256 2053 305 2088 sich.
342 2056 377 2086 Er
393 2062 433 2090 zog
454 2058 551 2095 sogleich
568 2061 651 2095 seinen
669 2060 751 2090 Säbel
768 2060 816 2089 und
837 2061 930 2089 wollte-

71 2091 122 2131 sich
140 2089 208 2122 selbst
223 2086 315 2119 tidten.
353 2090 368 2122 „
378 2090 414 2119 Er
427 2092 468 2123 sey
476 2111 485 2126 ,
505 2095 569 2127 sagte
584 2101 611 2124 er
621 2102 628 2127 ,
649 2102 703 2127 rum
720 2095 860 2128 Vttrather
874 2095 919 2128 sei--

71 2125 154 2165 ^,neS
171 2124 269 2158 KonsgS
286 2125 429 2160 geworden;
463 2134 486 2156 er
505 2128 565 2161 habe
580 2128 622 2163 sich
639 2130 692 2162 ihm
716 2131 796 2162 nahen
815 2131 916 2165 wollen,

71 2167 151 2200 „wn
167 2158 210 2197 sich
226 2161 256 2197 I»
276 2160 366 2197 strafen
377 2168 385 2197 ,
405 2161 456 2191 und
472 2161 523 2199 ihm
534 2163 583 2199 sein
602 2163 679 2194 Leben
692 2166 917 2202 äustuopftrnrc.^

951 858 1036 886 Wenu
1062 862 1125 886 man
1149 854 1193 890 sich
1219 862 1267 884 von
1292 855 1379 888 diesem
1404 857 1473 892 Feste
1493 857 1545 885 und
1563 857 1618 886 dem
1637 858 1791 892 berauschten

952 889 1147 923 Enthusiasmus
1169 891 1213 919 des
1227 890 1357 920 Militairs
1374 890 1417 923 für
1436 893 1482 920 den
1500 890 1581 925 König
1600 891 1672 921 einen
1687 892 1804 928 Begriff,

951 927 1050 958 machen
1071 927 1148 956 kann,
1170 926 1192 958 so
1219 925 1281 954 wird
1298 932 1357 954 mau
1373 925 1524 959 begreifen,
1551 926 1596 955 wte
1616 927 1670 959 sehr
1687 934 1749 956 man
1764 927 1793 956 in

951 961 1032 995 Paris
1044 959 1103 989 über
1124 960 1160 989 die
1180 960 1314 994 Geschichte
1333 958 1409 993 dieses
1421 961 1508 993 Tages
1525 959 1656 994 glossierte,
1681 962 1733 989 und
1744 962 1792 990 wie

952 994 1106 1028 mißtrauisch
1133 1000 1191 1023 mau
1216 1001 1293 1028 gegen
1320 994 1359 1024 die
1387 994 1465 1026 Miliz
1483 994 1511 1023 in
1519 1004 1524 1009 -
1534 994 1671 1029 Versailles
1692 995 1791 1025 werden
1804 1014 1809 1019 •

951 1028 1049 1060 mußte.
1441 1055 1449 1059 .

986 1064 1072 1095 Schon
1089 1063 1132 1096 seit
1152 1068 1216 1094 zwey
1234 1061 1322 1094 Tagen
1340 1061 1461 1091 bemerke
1478 1069 1538 1091 man
1556 1063 1583 1092 in
1600 1063 1643 1093 der
1657 1063 1740 1093 Stille
1750 1063 1791 1093 ein

951 1098 1063 1128 Murreü
1078 1116 1085 1130 ,
1103 1098 1148 1125 das
1167 1096 1259 1125 immer
1278 1096 1436 1129 allgemeiner
1448 1097 1553 1130 wurde,
1574 1098 1626 1126 und
1641 1101 1703 1126 mau
1719 1100 1792 1127 konn¬

951 1135 976 1161 te
995 1140 1036 1161 am
1054 1132 1189 1165 Sonntage
1207 1131 1277 1163 schon
1291 1130 1496 1164 wahrnchmeu,
1521 1130 1571 1166 daß
1594 1132 1637 1160 der
1660 1132 1791 1164 Ausbruch

954 1167 1021 1195 einer
1041 1165 1188 1199 Empörung
1210 1165 1274 1197 nicht
1298 1165 1367 1195 mehr
1395 1166 1504 1198 entfernt
1525 1167 1580 1199 seyn
1603 1164 1688 1195 könne.
1732 1167 1793 1196 DaS

955 1201 1094 1235 schlimmste
1106 1207 1176 1233 war,
1194 1199 1242 1234 daß
1262 1199 1308 1228 das
1324 1197 1530 1233 Mißvergnügen
1550 1200 1592 1233 sich
1607 1200 1793 1234 bey'Gelegen¬

954 1235 1005 1265 heit
1031 1235 1075 1263 deS
1100 1235 1227 1266 Mangels
1253 1235 1286 1262 aU
1309 1230 1469 1267 Mch^arrch
1490 1237 1565 1262 unter
1580 1236 1628 1263 den
1646 1234 1795 1271 niedrigste«
1805 1248 1809 1266 ^

954 1268 1119 1301 Volksklassen
1133 1268 1286 1298 verbreitete.
1322 1268 1492 1300 Esmangelte
1508 1272 1571 1300 zwar
1585 1268 1649 1301 nicht
1660 1275 1695 1297 au
1705 1268 1791 1303 Brod;
1808 1295 1815 1303 ,

953 1305 1011 1333 aber
1034 1310 1093 1331 man
1119 1302 1205 1335 mußte
1227 1303 1351 1334 mehrere'
1359 1298 1490 1339 Htrmderr
1513 1303 1568 1332 vor'
1577 1304 1626 1331 den
1648 1301 1793 1333 Brsdläden

954 1340 1064 1368 warten,
1095 1339 1140 1365 um
1158 1335 1258 1367 dasselbe
1274 1343 1303 1367 zu
1322 1334 1471 1367 vekstnimeck
1514 1337 1568 1366 Die
1587 1334 1689 1367 Weiber
1708 1343 1793 1367 waren
1803 1333 1832 1360 "-

953 1379 995 1400 am
1013 1371 1142 1404 Montage
1158 1370 1248 1403 müde,
1277 1376 1305 1401 zu
1323 1369 1431 1403 warten;
1462 1368 1621 1403 sierotttten
1639 1369 1681 1404 sich
1700 1369 1782 1404 zusain
1782 1371 1822 1403 -.7

953 1412 1010 1434 men
1024 1405 1073 1434 und
1092 1404 1210 1433 kämmest'
1229 1409 1271 1433 vor
1293 1400 1341 1432 das
1357 1403 1513 1437 Stadthaus.
1549 1404 1601 1434 Sie
1612 1405 1723 1438 drangen
1739 1405 1817 1440 HM',

955 1440 995 1468 ein
1010 1457 1017 1472 ,
1036 1440 1085 1467 und
1103 1440 1212 1471 nahmen
1229 1439 1275 1467 alle
1289 1436 1411 1472 Waffen,
1430 1440 1468 1468 die
1482 1438 1515 1472 sie
1532 1440 1605 1469 darin
1616 1438 1722 1473 fanden.
1755 1440 1793 1469 Es

957 1479 1049 1502 waren-
1057 1480 1103 1502 nur
1118 1472 1206 1507 Picken
1218 1473 1270 1501 und
1281 1471 1465 1505 unbrauchbare
1480 1474 1589 1508 Flinten.
1622 1473 1719 1508 Zhrem
1726 1469 1796 1505 Bey,
1805 1469 1821 1483 *

956 1508 1026 1542 spiele
1040 1508 1133 1542 folgten
1143 1507 1198 1536 bald
1219 1506 1455 1542 Mannspersonen,
1473 1509 1559 1539 welche
1579 1508 1617 1538 die
1636 1507 1797 1541 Casseplün,

957 1543 1051 1572 betten.
1091 1541 1144 1572 Sie
1168 1542 1260 1576 fanden
1279 1542 1431 1576 rootausend
1454 1543 1551 1572 Livres.
1586 1544 1703 1578 Hundert
1718 1541 1797 1575 gaben
1811 1558 1820 1577 ^

958 1577 989 1611 sie
1007 1578 1033 1606 in
1053 1578 1147 1607 Billets
1171 1577 1260 1606 wieder
1281 1572 1386 1611 zstnick,
1416 1578 1442 1609 sp
1457 1578 1502 1606 wie
1520 1577 1577 1609 auch
1596 1578 1677 1613 einige
1705 1576 1793 1607 Säcke.
1811 1581 1818 1609 ;

957 1612 1135 1642 Mittlerweile
1152 1611 1260 1644 schlugen
1281 1608 1320 1640 die
1337 1610 1485 1640 Tambours
1491 1611 1604 1645 Mebell;
1622 1611 1663 1640 die
1675 1610 1818 1643 Ltuarrie,^

957 1652 983 1673 re
1005 1647 1098 1674 trätten
1115 1645 1151 1678 in^
1167 1644 1283 1683 Waffen;
1313 1645 1365 1673 uud
1384 1650 1444 1674 man
1463 1646 1568 1680 reinigte
1585 1648 1632 1676 das
1651 1644 1794 1678 Stadchaus

958 1685 1003 1709 von
1024 1681 1079 1707 dein
1099 1678 1178 1713 Ppbel
1189 1691 1196 1710 ■,
1216 1678 1278 1710 ohüe
1299 1679 1402 1711 Wwalt
1422 1680 1542 1712 brauchen
1565 1686 1592 1712 zu
1610 1677 1709 1712 dürfen.
1739 1678 1784 1712 Zn
1784 1679 1819 1707 -1

957 1713 1035 1746 dessen
1054 1716 1146 1743 tratten
1155 1713 1200 1742 Die
1218 1712 1373 1744 Weiböleute
1395 1716 1557 1745 zusammen,
1583 1716 1631 1743 und
1654 1712 1796 1742 verabrede¬

956 1754 998 1779 te»
1018 1747 1060 1780 sich
1070 1766 1078 1779 ,
1097 1749 1162 1777 dem
1172 1746 1282 1778 BeÄer
1292 1755 1352 1777 von
1368 1748 1521 1783 pcdsaikles
1537 1750 1606 1780 Brod
1624 1747 1794 1779 abzufordern.

959 1782 1074 1817 Sogleich
1098 1781 1207 1814 machten
1227 1781 1270 1816 sich
1287 1781 1350 1812 über
1362 1785 1432 1812 2006
1452 1784 1557 1817 aüfhen
1575 1782 1653 1815 Weg,
1678 1782 1730 1812 und
1751 1780 1796 1811 uö,

958 1819 1053 1850 thigten
1071 1816 1126 1846 mit'
1135 1818 1237 1852 Gewalt
1255 1818 1302 1846 alle
1312 1817 1430 1849 Weiber,
1448 1818 1486 1845 die
1496 1816 1571 1848 ihnen
1589 1817 1684 1849 aufder
1694 1816 1798 1849 Straffe

958 1853 1120 1886 begegnete»,
1154 1852 1203 1881 mit
1219 1852 1295 1885 ihnen
1319 1853 1365 1880 den
1379 1853 1479 1883 Marsch
1494 1853 1550 1884 nach
1568 1851 1708 1884 Versailles
1725 1857 1797 1882 amu,

959 1890 1058 1917 tretttn.
1096 1886 1149 1915 Die
1167 1886 1268 1925 rnMen
1280 1886 1364 1916 wären
1377 1887 1423 1915 mit
1436 1887 1537 1920 Picken,
1556 1883 1659 1915 Säbeln
1669 1885 1798 1920 und'Flin-

959 1924 999 1950 ten
1017 1920 1149 1952 bewafndt,
1171 1922 1242 1953 und,
1260 1921 1341 1950 damit
1355 1919 1539 1951 ihre^^atur
1550 1916 1721 1954 vollständi'ger
1732 1921 1797 1951 wür-

960 1956 989 1984 de
999 1973 1007 1988 ,
1023 1955 1105 1991 liessey
1125 1955 1155 1987 sie
1174 1966 1190 1983 2
1204 1957 1264 1985 oder
1283 1963 1297 1989 3
1305 1954 1390 1985 Mine
1408 1954 1530 1984 Kanonen
1550 1956 1740 1990 vorausjiehen,
1760 1956 1798 1987 die

961 1990 991 2024 sie
1004 1991 1041 2020 im
1064 1991 1216 2024 Stadthaus
1241 1991 1336 2021 fallden.
1374 1990 1442 2019 Alles
1455 1988 1598 2022 dieses"war
1612 1997 1661 2021 nur
1672 1991 1726 2020 eine
1738 1992 1798 2023 Far¬

961 2033 1004 2056 ce,
1022 2025 1073 2053 ustd
1094 2032 1152 2053 man
1171 2026 1245 2060 lachte
1263 2024 1320 2053 über
1334 2023 1410 2056 diesen
1423 2022 1632 2060 Weiberfeldzug.
1668 2026 1734 2055 Aber
1743 2025 1798 2056 bald

961 2061 1079 2094 erfolgten
1097 2058 1171 2090 weit'
1176 2058 1331 2094 ernsthaftere
1347 2059 1478 2090 Austritte.
1514 2061 1606 2094 Gegen'
1614 2060 1712 2096 Mittag
1721 2060 1799 2092 mach-
1822 2085 1832 2096 .

959 2098 1003 2126 test
1012 2095 1060 2124 die
1072 2095 1187 2125 Arbeiter
1200 2096 1249 2124 mrs
1263 2093 1302 2121 der
1323 2093 1371 2122 Sl.
1388 2092 1597 2126 ANtonsvotstadt
1613 2093 1797 2129 Bewegungen.

962 2130 1016 2162 Sie
1039 2131 1123 2164 hätten
1151 2130 1189 2159 die
1210 2128 1358 2158 Volontairs
1374 2128 1417 2157 drr
1431 2129 1536 2162 Bastille
1555 2136 1588 2158 an
1611 2130 1676 2164 ihrer
1694 2130 1800 2165 Spitze,

962 2167 1013 2197 und
1023 2164 1178 2201 marschitten
1196 2160 1317 2198 ungefähr
1328 2172 1397 2191 2000
1414 2164 1504 2194 Mann
1515 2165 1577 2199 stark
1591 2167 1664 2195 unter
1677 2165 1723 2196 den
1738 2165 1801 2202 Fah,

1919 1299 1954 1362 I
